4074 6164
451 150 557 207 579

452 274 565 331 illis
580 274 770 331 Gestis
786 274 1011 348 aliquid
1026 272 1113 329 vel
1138 276 1340 343 postea
1354 270 1540 329 fuisse
1567 278 1938 345 corruptum.
1956 276 2103 329 Cum

452 366 610 421 enim
625 365 823 421 adhuc
840 361 1180 417 viventibus
1199 361 1282 416 eis
1294 361 1396 432 qui
1414 363 2103 435 subscripserunt,inno-

454 453 891 510 tuerinteadem
916 453 1086 507 Gesta
1112 450 1578 517 omnibuslocis,
1605 452 1661 506 in
1685 451 1903 525 quibus
1927 468 2103 525 Opor-

453 548 531 598 tet
560 547 622 596 ut
651 541 1052 606 innotescant;
1073 540 1159 596 sic
1177 541 1354 596 etiam
1368 541 1447 597 ad
1470 547 1737 613 posteros
1750 542 2106 597 conﬁrmata

450 631 667 686 veritas
682 628 1051 701 perdurabit.
1072 628 1254 685 Nolite
1274 645 1414 701 ergo
1430 646 1557 685 esse
1571 630 1784 699 ingrati
1802 636 1978 686 tantm
1998 631 2103 685 mi-

449 716 779 774 sericordia:
794 719 1052 790 Dei,quas
1067 734 1170 789 per
1183 719 1361 773 istam
1376 718 1742 789 diligentiam
1757 719 1919 773 vobis
1935 719 2103 774 mini-

450 811 633 863 strata
644 813 751 863 est.
771 808 937 863 Nulla
950 807 1385 877 excusatiojam
1402 808 1710 873 remansit;
1730 808 1981 862 nimium
1997 808 2104 863 du-

450 912 534 961 ra,
569 896 824 952 nimium
859 895 1156 952 diabolica
1203 903 1340 951 sunt
1382 897 1696 952 hominum
1738 897 1921 953 corda
1967 913 2102 969 quae

449 986 647 1042 adhuc
681 992 855 1041 tanta;
883 984 1342 1041 manifestationi
1380 985 1641 1041 veritatis
1673 986 1992 1041 obsistunt.

522 1080 574 1131 3.
601 1078 746 1131 Ecce
760 1074 1027 1146 episcopi
1048 1074 1227 1146 partis
1255 1078 1657 1146 vestras,quos
1684 1091 1895 1131 omnes
1910 1075 2106 1145 elege-

451 1162 1717 1235 runt,utproomnibusloquerentur,conati
1737 1168 2103 1235 sunt,quan—

454 1258 578 1310 tum
592 1257 930 1325 potuerunt,
948 1256 1009 1308 ut
1027 1254 1275 1307 omnino
1306 1253 1437 1323 ipsa
1450 1268 1639 1308 causa
1660 1269 1781 1308 non
1804 1257 2100 1324 ageretur,

450 1348 690 1415 propter
710 1345 1108 1414 quamtantus
1134 1357 1422 1396 numerus
1449 1341 1867 1414 episcoporum
1892 1343 2105 1397 utrius-

449 1447 568 1503 que
590 1433 771 1503 partis
804 1432 877 1486 de
903 1430 1400 1496 universaAfrica,
1435 1431 1575 1487 etde
1610 1438 1727 1486 tam
1759 1430 2103 1502 longinquis

448 1521 591 1577 locis
604 1520 1023 1589 Carthaginem
1040 1525 1299 1576 venerat.
1314 1522 1373 1576 Et
1387 1537 1521 1575 cum
1537 1520 1733 1575 omnis
1752 1520 1954 1575 anima
1974 1536 2103 1574 sus-

450 1626 636 1682 pensa
657 1615 1024 1681 exspectaret
1062 1609 1118 1663 in
1152 1615 1315 1664 tanta
1354 1609 1699 1664 collectione
1728 1608 1874 1681 quid
1903 1624 2103 1677 agere-

451 1698 649 1765 tur,illi
667 1698 1590 1755 vehementerinstabantutnihil
1605 1704 1892 1769 ageretur.
1912 1699 2103 1763 Quare

450 1790 583 1854 hoc,
602 1787 714 1843 nisi
726 1789 869 1861 quia
885 1803 1133 1843 causam
1146 1802 1318 1842 suam
1333 1787 1555 1843 malam
1573 1787 1860 1852 sciebant,
1876 1792 1931 1842 et
1945 1786 2100 1841 facil-

449 1877 588 1934 lime
603 1894 663 1933 se
686 1893 858 1948 posse
880 1877 1055 1941 vinci,
1076 1876 1123 1930 si
1146 1882 1436 1946 ageretur,
1470 1876 1748 1931 dubitare
1780 1892 1899 1931 non
1944 1882 2103 1946 pote-

449 1968 746 2038 rant?lpse
760 1982 901 2035 ergo
913 1968 1149 2021 animus
1164 1981 1516 2037 eorum,quo
1532 1965 1817 2020 timebant
1831 1980 1902 2019 ne
1919 1980 2103 2020 causa

448 2061 740 2126 ageretur,
754 2055 879 2125 jam
898 2055 1081 2110 victos
1104 2071 1206 2109 eos
1220 2070 1348 2109 esse
1363 2055 1757 2109 monstrabat.
1777 2054 1830 2109 Si
1846 2053 2003 2108 enim
2029 2068 2101 2107 ex

449 2149 792 2217 torquerent
814 2143 978 2215 quod
996 2143 1294 2209 volebant,
1323 2150 1382 2199 ut
1402 2144 1527 2214 jam
1558 2143 1796 2198 collatio
1819 2142 1948 2213 ipsa
1981 2157 2100 2196 non

449 2232 620 2298 ﬁerit,
639 2248 750 2288 nec
763 2232 1270 2304 disputationibus
1285 2234 1499 2287 nostris
1522 2231 1737 2287 veritas
1755 2237 2096 2303 appareret:

449 2322 762 2378 redeuntes
776 2321 1349 2393 aCarthagine,quid
1366 2321 1529 2375 vobis
1542 2324 1710 2375 erant
1724 2318 2103 2391 responsuri?

449 2410 594 2484 quid
626 2410 1125 2466 demonstraturi?
1148 2412 1354 2475 Credo,
1389 2409 1675 2480 prolaturi
1708 2415 1875 2465 erant
1907 2411 2097 2473 Gesta,

450 2505 506 2555 et
534 2499 750 2555 dicturi
765 2498 931 2554 vobis
960 2515 971 2553 :
1003 2497 1508 2552 Nosinstabamus
1537 2503 1796 2551 utcausa
1812 2512 1932 2551 non
1961 2513 2102 2567 age-

449 2595 628 2655 retur,
656 2588 736 2643 illi
763 2587 1065 2643 instabant
1091 2592 1151 2642 ut
1183 2591 1476 2655 ageretur.
1510 2587 1630 2641 Vos
1658 2587 1981 2657 expectatis
2016 2586 2098 2640 vi-

450 2677 589 2732 dere
616 2676 1073 2748 quidegerimus
1107 2691 1273 2731 :ecce
1298 2675 1472 2745 legite
1497 2675 1598 2730 ubi
1617 2691 1716 2729 eos
1748 2675 2016 2739 vicimus,
2039 2680 2101 2730 ut

450 2766 597 2825 nihil
612 2782 949 2835 ageremus.
973 2768 1132 2821 Forte
1149 2772 1204 2820 et
1224 2782 1328 2820 vos
1344 2764 1801 2835 responderetis,
1819 2765 1864 2818 si
1881 2780 1981 2819 cor
1998 2764 2101 2820 ha-

449 2856 666 2911 beretis
698 2872 712 2910 :
748 2855 897 2912 Nihil
924 2871 1067 2925 ergo
1095 2855 1304 2919 acturi,
1339 2854 1547 2926 utquid
1589 2854 1758 2909 istis?
1784 2846 1868 2908 vel
1903 2853 2101 2925 potius

450 2944 553 3016 qui
584 2944 729 3001 nihil
758 2944 982 3014 egistis,
1008 2943 1215 3016 utquid
1244 2942 1477 2999 redistis
1504 2942 1534 2995 ‘2

520 3033 843 3105 4.Denique
859 3038 1236 3105 posteaquam
1253 3046 1365 3087 non
1382 3035 1695 3104 potuerunt
1708 3030 2101 3101 eﬂ‘icerequod

450 3124 652 3181 conati
672 3122 901 3186 sunt,id
928 3126 1093 3177 estut
1120 3136 1304 3176 causa
1334 3136 1454 3177 non
1468 3126 1768 3190 ageretur;
1801 3120 1933 3190 ipsa
1947 3119 2101 3175 actio

451 3212 889 3269 demonstravit
914 3210 1059 3282 quid
1093 3210 1417 3277 timuerint,
1449 3209 1694 3281 quando
1719 3209 1775 3262 in
1816 3208 2101 3264 omnibus

452 3302 586 3358 victi
615 3306 776 3359 sunt.
801 3299 1409 3363 Confessisunteuim,
1435 3305 1639 3354 contra
1665 3297 1986 3352 Ecclesiam
2008 3313 2103 3352 ca-

453 3391 755 3455 tholicam,
787 3406 922 3463 qua:
942 3395 1062 3443 toto
1085 3393 1374 3444 terrarum
1392 3387 1535 3442 orbe
1560 3386 1932 3452 diffunditur,
1958 3385 2102 3441 nihil

454 3497 517 3535 se
544 3479 765 3535 habere
791 3478 956 3551 quod
989 3477 1252 3532 dicerent
1283 3494 1296 3543 ;
1325 3477 1468 3547 quia
1505 3475 1721 3530 divinis
1756 3482 2098 3529 sanctarum

455 3568 895 3639 Scripturarum
922 3565 1270 3623 testimoniis
1292 3564 1561 3635 oppressi
1581 3569 1736 3629 sunt,
1752 3563 1972 3635 quibus
1997 3565 2101 3617 Ec-

451 3655 630 3713 clesia
644 3656 985 3728 designatur
1001 3654 1291 3725 incipiens
1307 3651 1717 3709 abJerusalem
1732 3653 1982 3707 crevisse
1998 3667 2103 3722 per

451 3746 586 3801 loca
614 3745 671 3800 in
704 3744 922 3816 quibus
949 3742 1209 3815 Apostoli
1239 3741 1732 3814 praedicaverunt,
1764 3745 1820 3795 et
1849 3739 2099 3795 nomina

450 3833 802 3891 eorumdem
816 3832 1153 3890 locorumin
1184 3832 1305 3886 suis
1320 3830 1589 3901 Epistolis
1603 3830 1821 3885 etActis
1844 3830 2100 3884 conscri-

449 3928 715 3997 pserunt,
750 3923 953 3979 etinde
966 3921 1221 3978 diffundi
1236 3936 1341 3992 per
1353 3925 1597 3975 caeteras
1629 3924 1852 3987 gentes.
1880 3918 2098 3973 Contra

446 4016 624 4073 istam
651 4013 979 4073 Ecclesiam
1012 4027 1074 4067 se
1101 4026 1220 4065 non
1244 4009 1463 4064 habere
1494 4024 1743 4063 causam
1788 4006 2100 4062 manifesta

448 4121 593 4162 voce
616 4101 866 4178 professi
896 4106 1052 4165 sunt,
1082 4098 1185 4154 ubi
1213 4103 1300 4152 est
1320 4096 1841 4152 evidentissimain
1859 4095 2098 4151 nomine

450 4196 548 4252 Dei
563 4201 766 4252 nostra
777 4191 1197 4249 victoria.Cum
1210 4188 1367 4243 enim
1382 4186 1738 4241 conﬁrmant
1753 4185 2097 4248 Ecclesiam,

447 4286 541 4340 cui
555 4300 661 4340 nos
673 4278 1305 4348 communicare,ipsos
1320 4279 1517 4331 autem
1534 4290 1653 4329 non
1666 4273 2098 4330 communicare

450 4374 829 4431 manifestum
846 4376 953 4436 est,
982 4368 1125 4425 olim
1140 4381 1202 4421 se
1215 4366 1400 4420 victos
1415 4379 1545 4420 esse
1569 4367 1859 4420 testantur
1883 4378 1897 4428 ;
1920 4369 1975 4418 et
2004 4378 2099 4419 vo-

447 4462 558 4529 bis,
578 4464 621 4520 si
644 4461 907 4535 sapiatis,
924 4456 1293 4531 apertissime
1314 4453 1579 4509 indicant
1604 4452 1748 4525 quid
1781 4452 2095 4518 dimittere,

448 4561 504 4613 et
533 4554 676 4627 quid
701 4557 896 4608 tenere
919 4546 1204 4610 debeatis,
1240 4559 1362 4600 non
1396 4560 1466 4597 ea
1490 4541 1747 4598 falsitate
1778 4557 1899 4613 qua
1924 4540 2097 4597 vobis

445 4659 569 4701 non
600 4646 834 4698 cessant
855 4638 1053 4695 adhuc
1082 4650 1270 4707 usque
1303 4631 1675 4696 mentiri,sed
1707 4630 1808 4687 illa
1856 4631 2097 4687 veritate

443 4749 630 4808 quam
668 4730 800 4785 victi
829 4727 1016 4784 coacti
1049 4731 1186 4780 sunt
1217 4721 1507 4779 conﬁteri.

512 4827 562 4878 5.
592 4818 871 4891 Quisquis
898 4832 1037 4886 ergo
1065 4814 1142 4870 ab
1173 4813 1289 4867 hac
1311 4810 1607 4867 catholica
1638 4809 1901 4865 Ecclesia
1927 4808 2101 4864 fuerit

444 4916 825 4985 separatus,q
836 4910 1013 4962 uantu
1024 4899 1611 4959 mlibetlaudabiliter
1623 4914 1683 4953 se
1700 4898 1893 4952 vivere
1906 4898 2098 4953 existi-

446 5007 585 5071 met,
614 5002 728 5056 hoc
758 4998 886 5054 solo
908 4994 1125 5050 scelere
1147 4991 1309 5063 quod
1326 5006 1362 5045 a
1385 4987 1597 5046 Christi
1621 4988 1841 5042 unitate
1873 4987 2099 5057 disjun-

445 5098 576 5149 ctus
598 5096 703 5156 est,
738 5104 858 5145 non
872 5084 1114 5142 habebit
1132 5081 1309 5136 vitam
1330 5078 1561 5145 ;sedira
1587 5075 1901 5132 Deimanet
1921 5093 2099 5147 super

449 5196 607 5237 eum.
634 5176 911 5250 Quisquis
943 5180 1141 5231 autem
1163 5172 1221 5225 in
1253 5169 1366 5225 hac
1394 5167 1653 5222 Ecclesia
1684 5166 1835 5220 bene
1868 5165 2096 5228 vixerit,

445 5268 589 5324 nihil
602 5270 652 5323 ei
668 5255 1689 5339 prmjudicantalienapeccata;quia
1706 5253 2101 5324 unusquisque

450 5356 509 5412 in
536 5372 606 5412 ea
625 5356 938 5425 praprium
970 5347 1414 5421 onusporlabit,
1448 5344 1595 5399 sicut
1621 5342 1940 5413 Apostolus
1957 5341 2097 5397 dicit

449 5445 674 5518 (Galat.
693 5461 771 5512 v1,
790 5449 819 5500 5
835 5441 1301 5513 ).thuicumque
1314 5438 1369 5493 in
1386 5452 1455 5490 ea
1470 5447 1682 5503 corpus
1698 5431 2099 5486 Chrt‘stiman-

449 5534 751 5592 ducavem’t
780 5531 1046 5599 indigne,
1057 5528 1354 5599 judicium
1387 5524 1499 5581 sibi
1526 5521 1850 5579 manduca!
1875 5527 1926 5576 et
1951 5520 2097 5575 bibit

448 5626 494 5699 (Ι
529 5625 667 5681 Cor.
688 5635 764 5685 ιι,
795 5620 885 5684 ‘29)
916 5636 928 5670 :
960 5633 1103 5673 nam
1118 5618 1294 5671 etiam
1314 5616 1429 5670 hoc
1460 5614 1584 5687 ipse
1616 5609 1932 5685 Apostolus
1957 5608 2095 5666 scri-

1732 146 1788 203 S.
1828 146 2214 207 AUGUSTINI
2257 147 2572 206 EPISCOPl
3753 157 3849 213 580

2212 274 2346 346 psit.
2364 276 2513 331 Cum
2531 278 2730 331 autem
2746 274 2906 341 dicit,
2914 275 3220 346 judicium
3233 277 3349 332 sibi
3360 278 3708 346 manducat,
3723 286 3853 338 satis

2210 362 2487 430 ostendit,
2520 365 2666 435 quia
2699 380 2820 421 non
2865 364 3031 420 alteri
3063 365 3360 435 judicium
3395 367 3741 429 manducet.
3767 372 3857 425 sed

2211 452 2345 507 sibi.
2366 455 2479 508 Hoc
2494 469 2602 509 nos
2616 454 2871 523 egimus,
2897 460 2953 509 et
2977 454 3368 521 ostendimus,
3398 464 3454 510 et
3482 456 3858 528 obtinuimus,

2210 542 2355 612 quia
2368 543 2713 597 communio
2730 542 3029 598 malorum
3051 558 3172 598 non
3188 544 3455 599 maculat
3469 546 3726 617 aliquem
3742 563 3861 617 par-

2213 629 2552 701 ticipatione
2583 632 3127 700 Sacramentorum,
3150 633 3253 687 sed
3269 632 3861 692 consensionefacto-

2210 734 2365 773 rum.
2388 722 2535 775 Nam
2555 720 2599 773 si
2617 720 2677 775 in
2708 719 2877 776 factis
2907 721 3078 777 malis
3096 736 3217 776 non
3238 722 3319 775 eis
3342 721 3611 794 quisque
3630 739 3864 779 consen-

2212 808 2343 872 tiat;
2369 814 2564 880 portat
2589 808 2783 864 malus
2796 825 3045 865 causam
3065 825 3240 864 suam
3253 817 3309 865 et
3326 826 3661 882 personam
3677 829 3861 880 suam,

2212 911 2320 951 nec
2352 897 2703 968 praejudicat
2759 897 2926 953 alteri
2975 913 3156 970 quem
3188 900 3247 954 in
3297 902 3703 956 consensione
3735 903 3863 958 mali

2211 987 2408 1057 operis
2436 988 2664 1041 socium
2690 1003 2811 1042 non
2834 988 3017 1044 habet
3042 988 3327 1043 criminis.

2282 1077 2333 1128 6.
2362 1076 2477 1130 Hoc
2491 1076 2672 1130 etiam
2689 1074 2800 1147 ipsi
2816 1091 2960 1130 voce
2979 1075 3362 1147 apertissima
3374 1078 3569 1133 coacti
3586 1082 3862 1135 suntcon-

2210 1161 2358 1218 ﬁteri
2375 1178 2392 1229 ;
2409 1178 2529 1219 non
2554 1168 2694 1219 tunc
2720 1166 2969 1235 quando
2989 1163 3102 1219 ista
3127 1164 3508 1232 dicebamus,
3545 1170 3651 1221 sed
3673 1174 3865 1238 postea

2209 1266 2347 1306 cum
2361 1251 2523 1307 aliud
2536 1255 2986 1321 ageretur.Nam
3004 1268 3143 1308 cum
3156 1258 3405 1309 ventum
3423 1254 3633 1310 fuisset
3649 1255 3724 1310 ad
3742 1271 3865 1311 cau-

2211 1356 2341 1396 sam
2358 1341 2535 1397 etiam
2549 1340 3050 1413 Greciliani,quam
3062 1358 3167 1398 nos
3181 1342 3259 1398 ab
3275 1343 3554 1399 Ecclesiae
3568 1345 3863 1399 causadis-

2211 1429 2658 1499 tinguebamus,
2676 1434 2738 1485 ut
2751 1431 2797 1485 si
2816 1430 2961 1486 forte
2980 1430 3178 1486 malus
3191 1438 3343 1487 esset
3361 1431 3424 1487 in
3436 1434 3863 1504 ventus,ipsum

2209 1518 2999 1588 anathematizaremus,non
3016 1525 3216 1575 tamen
3230 1521 3677 1592 propteripsum
3695 1521 3865 1576 Eccle-

2209 1607 2360 1664 siam
2393 1607 2600 1663 Christi
2634 1608 3130 1679 relinqueremus,
3160 1610 3253 1663 cui
3296 1625 3406 1680 per
3439 1609 3668 1665 malam
3703 1627 3859 1665 suam

2209 1712 2450 1753 causam
2468 1696 2857 1768 praejudicare
2880 1713 3001 1752 non
3020 1703 3224 1768 posset
3245 1713 3422 1753 :cum
3437 1714 3585 1769 ergo
3597 1699 3774 1755 etiam
3793 1699 3861 1755 ad

2209 1785 2403 1856 ipsam
2422 1785 2713 1842 Caeciliani
2728 1801 2979 1841 causam
3002 1791 3243 1841 ventum
3260 1786 3495 1855 fuisset,
3512 1794 3571 1842 et
3594 1787 3861 1856 legissent

2209 1874 2289 1930 illi
2320 1874 2638 1929 concilium
2666 1872 3130 1943 Carthaginense
3163 1875 3267 1946 (a),
3295 1875 3398 1930 ubi
3435 1876 3761 1931 recitabant
3784 1892 3859 1931 se-

2208 1962 2521 2034 ptuaginta
2546 1960 2678 2032 plus
2701 1962 2900 2017 minus
2923 1962 3348 2034 episcoporum
3379 1965 3707 2019 sententias
3733 1980 3857 2019 con.

2209 2057 2298 2107 tra
2340 2050 2721 2105 Caecilianum
2761 2050 3071 2106 absentem
3111 2051 3411 2123 prolatas;
3448 2053 3857 2123 respondimus

2210 2140 2313 2204 eis,
2338 2141 2418 2195 sic
2444 2155 2559 2195 non
2576 2139 2791 2195 obesse
2812 2139 2956 2195 illud
2979 2141 3407 2212 episcotiorum
3438 2142 3756 2197 concilium
3768 2140 3857 2196 ab-

2211 2229 2364 2284 senti
2378 2228 2708 2293 Caeciliano,
2723 2228 3242 2299 quemadmodum
3258 2245 3379 2285 non
3395 2228 3593 2285 obfuit
3610 2229 3852 2301 plurium

2209 2319 2631 2390 episcoporum
2682 2316 2862 2388 partis
2906 2318 3114 2373 Donati
3153 2318 3481 2373 concilium
3518 2319 3598 2390 (b)
3642 2318 3853 2374 absenti

2212 2407 2535 2471 Primiano,
2567 2406 2814 2477 quando
2845 2421 2983 2460 eum
3017 2407 3076 2461 in
3111 2406 3457 2463 Maximiani
3516 2423 3698 2462 causa
3736 2406 3851 2478 plus

2214 2497 2410 2550 minus
2427 2500 2665 2551 centum
2684 2494 2951 2565 episcopi
2977 2496 3442 2552 damnaverant.
3468 2499 3629 2552 Tunc
3656 2496 3751 2563 illi,
3766 2511 3853 2550 no-

2212 2583 3007 2649 minatacausaMaximiani,
3029 2584 3184 2639 unde
3200 2586 3389 2640 sciunt
3413 2603 3479 2641 se
3513 2587 3689 2641 etiam
3711 2600 3846 2656 quos

2209 2674 2663 2736 damnaverant,
2680 2673 2737 2726 in
2754 2672 2978 2728 honore
3002 2674 3230 2743 integro
3254 2674 3615 2745 suscepisse,
3639 2679 3692 2728 et
3713 2672 3848 2742 bap-

2212 2763 2345 2817 tism
2357 2778 2456 2817 um
2475 2763 2530 2816 in
2547 2761 2837 2831 sacrilego
2870 2762 3206 2817 Maximiani
3229 2764 3558 2819 schismate
3580 2763 3776 2817 datum
3795 2775 3846 2814 se

2209 2851 2618 2915 conﬁrmasse,
2634 2855 2688 2906 et
2715 2866 2836 2905 non
2855 2850 3213 2916 dextruisse;
3242 2851 3378 2907 etin
3401 2868 3515 2907 sua
3537 2852 3848 2921 Bagaitana

2211 2940 2503 2994 sententia
2518 2940 2610 3011 (ε),
2625 2955 2746 3010 qua
2761 2955 2861 2994 eos
2876 2938 3335 3005 damnaverunt,
3370 2940 3739 3012 quibusdam
3758 2935 3845 3008 qui

2210 3027 2269 3082 in
2316 3028 2445 3098 ipso
2488 3028 2810 3083 schismate
2852 3026 3107 3093 fuerunt,
3141 3028 3495 3085 dilationem
3528 3028 3776 3089 dedisse,
3799 3031 3845 3079 et

2209 3116 2430 3171 dixisse
2470 3116 2629 3189 quod
2679 3133 2781 3171 eos
2821 3132 2943 3172 non
2984 3116 3303 3189 polluerint
3336 3118 3611 3189 sacrilegi
3648 3112 3842 3169 surculi

2210 3206 2547 3260 Maximiani
2573 3205 2899 3276 plantaria:
2934 3206 3043 3261 ista
3077 3221 3218 3275 ergo
3255 3223 3443 3263 causa
3472 3210 3840 3280 posteaquam

2208 3309 2413 3348 eorum
2430 3310 2603 3348 aures
2630 3294 2941 3364 percussit,
2957 3299 3422 3365 expavescentes
3440 3303 3497 3351 et
3516 3288 3838 3366 perturbati,

2210 3387 2265 3437 et
2303 3382 2469 3437 obliti
2509 3383 2665 3437 unde
2698 3384 2971 3455 superius
3010 3389 3216 3438 contra
3246 3399 3358 3438 nos
3396 3381 3835 3441 contendebant,

2210 3470 2491 3527 continuo
2529 3471 2825 3539 dixerunt,
2856 3472 2979 3527 Nec
3009 3487 3191 3527 causa
3223 3487 3437 3537 causae,
3472 3488 3577 3527 nec
3606 3480 3837 3539 persona

2209 3576 2475 3630 personae
2488 3561 2845 3630 prajudicat
2872 3581 2891 3617 :
2918 3567 2973 3615 et
2990 3560 3495 3616 conﬁrmaverunt
3527 3559 3715 3615 verbis
3733 3555 3836 3610 suis

2209 3649 2370 3721 quod
2392 3665 2500 3703 nos
2514 3654 2689 3703 antea
2703 3649 2775 3703 de
2792 3648 3048 3704 Ecclesia
3075 3648 3447 3715 dicebamus,
3474 3649 3617 3721 quia
3638 3660 3747 3701 non
3760 3659 3836 3697 so.

2208 3736 2331 3792 lum
2366 3736 2677 3792 Catholicae
2705 3737 3138 3802 transmarinae,
3172 3744 3377 3793 contra
3416 3753 3605 3810 quam
3626 3751 3685 3790 se
3712 3748 3837 3788 con-

2209 3825 2346 3880 fessi
2375 3831 2517 3881 sunt
2544 3842 2662 3880 non
2682 3826 2902 3880 habere
2929 3826 3093 3897 quod
3124 3826 3409 3892 dicerent,
3442 3842 3645 3882 verum
3677 3823 3831 3877 etiam

2210 3914 2525 3971 Catholicae
2551 3913 2860 3976 Africanae,
2887 3930 3022 3985 quae
3053 3914 3131 3969 illi
3162 3916 3402 3970 unitatis
3432 3910 3833 3971 communione

2208 4004 2608 4074 conjungitur,
2661 4018 2846 4059 causa
2888 4008 2945 4059 et
2986 4019 3243 4074 persona
3298 4003 3606 4067 Casciliani,
3634 3996 3833 4073 qualis-

2207 4108 2466 4164 cumque
2499 4091 2717 4156 fuisset,
2758 4091 3143 4163 prtejudicare
3176 4109 3293 4148 nou
3336 4099 3565 4164 posset;
3598 4091 3641 4145 si
3678 4085 3831 4143 Maxi-

2206 4182 2444 4237 mianus
2458 4180 2557 4253 qui
2573 4197 2708 4235 cum
2723 4180 2948 4235 caeteris
2966 4181 3141 4236 sociis
3155 4181 3277 4236 suis
3304 4183 3662 4238 Primianum
3683 4176 3830 4231 dam-

2207 4272 2390 4339 navit,
2442 4272 2488 4325 si
2528 4271 2704 4325 etiaiu
2756 4269 3083 4325 Felicianus
3122 4271 3223 4342 qui
3262 4270 3441 4327 simul
3493 4268 3825 4326 Primianum

2208 4359 2536 4423 damnavit,
2553 4365 2609 4414 et
2624 4360 2897 4430 posteain
2913 4375 3095 4414 causa
3122 4359 3396 4415 Primiani
3418 4376 3454 4416 a
3472 4357 3669 4415 Donati
3683 4356 3825 4426 parte

2207 4448 2531 4503 damnatus
2568 4454 2674 4511 est,
2718 4463 2839 4502 non
2882 4448 3233 4518 prtejudicat
3279 4448 3430 4520 parti
3474 4443 3698 4511 Donati,
3743 4435 3824 4494 cui

2209 4537 2391 4592 modo
2437 4536 2776 4609 episcopus,
2822 4536 2974 4591 sicut
3002 4542 3181 4591 antea
3218 4537 3427 4603 fuerat,
3457 4538 3711 4605 receptus
3736 4525 3820 4582 ad-

2202 4625 2756 4696 jungitur;sietiam
2787 4625 2930 4697 ipsis
2962 4626 3137 4680 sociis
3168 4626 3290 4680 suis
3320 4625 3696 4681 Maximianus
3720 4627 3821 4672 non

2209 4714 2578 4787 prtejudicat,
2631 4714 2852 4786 quibus
2897 4715 2991 4768 isti
3032 4713 3381 4769 dilationem
3425 4712 3717 4770 dederunt,
3750 4700 3820 4757 di-

2207 4810 2405 4860 centes
2427 4820 2528 4859 eos
2558 4803 2634 4859 ab
2653 4804 2772 4869 illo,
2805 4819 2940 4858 cum
2959 4819 3079 4874 quo
3101 4803 3359 4872 fuerunt,
3383 4819 3504 4859 non
3530 4800 3698 4857 fuisse
3716 4790 3820 4865 pol-

2207 4893 2383 4957 lutos,
2416 4894 2557 4964 quia
2598 4908 2706 4949 nec
2742 4907 2919 4949 causa
2956 4908 3151 4949 causa:
3180 4892 3558 4962 prwjudicat,
3593 4901 3683 4944 nec
3704 4894 3819 4952 per-

2206 4999 2351 5039 sona
2381 4998 2662 5051 personae.

2278 5078 2329 5126 7.
2348 5072 2500 5136 Quid
2514 5070 2932 5142 ergoquaaritis
2948 5069 3247 5142 amplius?
3262 5070 3448 5127 Multis
3469 5066 3695 5142 quidem
3710 5070 3814 5113 ver-

2206 5160 2299 5215 bis
2324 5159 2642 5230 superﬂuis
2657 5162 2826 5215 Gesta
2839 5165 3237 5214 oneraverunt
3255 5179 3267 5225 ;
3291 5160 3500 5231 etquia
3515 5171 3618 5213 non
3637 5153 3811 5223 potue-

2206 5254 2344 5303 runt
2382 5248 2614 5303 efﬁcere
2661 5254 2720 5302 ut
2754 5264 2937 5304 causa
2964 5264 3085 5303 non
3116 5253 3414 5318 ageretur,
3445 5248 3555 5303 hoc
3583 5234 3811 5298 fecerunt

2267 5372 2340 5434 (a)
2367 5372 2463 5420 An.
2496 5372 2581 5420 311
2611 5370 2850 5420 habitum
2881 5385 2912 5421 a
2942 5371 3196 5421 factiosis.
3526 5433 3530 5434 ί

2368 5418 3146 5491 ἅὺδίπεῖιεέίίαήυώξεόίὸρέ;
3164 5418 3324 5497 ίόυᾸυε
3341 5433 3569 5496 Epistola
3587 5418 3807 5491 synodica

2204 5497 2257 5543 in
2290 5497 2469 5545 Enarr.
2500 5498 2551 5545 in
2582 5497 2716 5545 Psal.
2748 5499 2824 5545 36.

2264 5541 2469 5619 (alii;
2498 5541 2955 5623 sst'ﬁFcihﬁiiuata
2983 5574 2993 5618 ;
3027 5573 3147 5623 quae
3178 5558 3407 5609 habetur
3433 5561 3484 5608 iu
3513 5557 3597 5607 lib.
3621 5552 3645 5599 3
3672 5541 3798 5596 οοηίο

2205 5620 2450 5671 Crescon.
2482 5636 2526 5672 c.
2561 5620 2635 5670 53’.
