4074 6164
214 130 313 187 δε,
1468 121 1981 180 EPISTOLARUM
2021 124 2308 186 CLASSIS
2350 131 2417 188 n.

212 253 811 327 multumloquendo,
837 256 903 309 ut
922 250 1087 325 quod
1113 253 1318 307 actum
1338 254 1428 306 est
1453 248 1690 304 difﬁcile
1718 247 1870 317 lege-

208 342 930 401 retur.Seddebentvobis
944 342 1119 396 etiam
1136 338 1245 394 ista
1258 355 1465 395 eorum
1482 354 1674 410 pauca
1688 337 1872 392 verba

208 434 513 499 sufﬁcere,
558 449 631 489 ne
658 438 901 504 propter
940 429 1142 485 nescio
1187 444 1344 500 quae,
1378 428 1579 482 nescio
1609 442 1868 498 quorum

202 524 533 579 hominum
554 523 823 586 crimina,
853 520 1097 576 oderitis
1130 520 1414 572 unitatem
1442 516 1747 572 catholicas
1776 517 1872 569 Ec-

202 612 398 667 clesiae
416 628 429 677 ;
445 612 613 684 quia,
633 610 911 681 sicutipsi
931 608 1228 669 dixerunt,
1245 606 1598 675 relegerunt,
1615 602 1872 659 subscri-

205 708 485 773 pserunt,
508 701 631 755 Nec
656 713 838 755 causa
868 712 1062 753 causa?
1079 696 1461 765 prwjudicat,
1485 709 1591 749 nec
1614 708 1869 763 persona

199 805 501 860 persona.
529 792 677 845 Nam
693 788 818 842 etin
834 788 964 859 ipsa
981 802 1168 841 causa
1188 784 1505 852 Caeciliani,
1537 799 1721 855 quam
1741 782 1873 836 licet

203 880 279 935 ad
298 879 581 934 Ecclesiae
596 893 845 933 causam
861 891 980 931 non
1006 874 1426 946 pertinentem,
1445 878 1645 927 tamen
1672 870 1874 926 defen-

199 968 483 1023 dendam
506 968 905 1037 suscepimus,
929 964 1177 1019 utetiam
1202 960 1873 1017 ibicalumnieemanife-

201 1063 512 1114 starentur
537 1058 829 1128 ipsorum,
862 1052 1236 1125 apertissime
1262 1051 1394 1105 victi
1421 1056 1575 1116 sunt,
1610 1049 1873 1120 nihilque

202 1163 421 1204 eorum
435 1162 576 1219 quas
590 1148 650 1200 in
674 1144 1053 1201 Cmcilianuiu
1077 1139 1489 1204 intendebant,
1507 1138 1756 1210 probare
1772 1153 1874 1210 po-

204 1242 476 1293 tuerunt.
493 1238 741 1306 Insuper
753 1232 933 1289 etiam
956 1232 1029 1286 de
1043 1229 1396 1285 criminibus
1414 1226 1747 1284 traditionis
1766 1243 1874 1282 nos

202 1324 586 1397 episcopalia
598 1325 776 1379 Gesta
798 1321 880 1393 (a)
902 1320 1282 1394 protulimus,
1311 1317 1467 1372 unde
1493 1316 1873 1372 recitavimus

201 1414 453 1487 aliquos
467 1429 675 1469 eorum
692 1413 1117 1483 episcoporum
1131 1408 1231 1479 qui
1247 1407 1642 1462 sententiasin
1656 1406 1876 1461 absen-

204 1512 327 1560 tem
373 1503 655 1557 dixerant
690 1499 1089 1562 Caecilianum,
1132 1495 1647 1551 manifestissimae
1692 1494 1876 1551 fuisse

203 1595 335 1648 trad
348 1594 554 1647 itores.
574 1594 788 1646 Contra
806 1589 936 1660 ipsa
950 1590 1122 1644 Gesta
1147 1585 1246 1651 illi,
1265 1587 1409 1657 quia
1438 1601 1555 1639 non
1573 1585 1878 1639 habebant

198 1683 377 1755 quod
398 1681 685 1743 dicerent,
704 1678 860 1734 falsa
873 1694 1000 1733 esse
1022 1677 1301 1732 dixerunt
1330 1694 1341 1739 ;
1377 1673 1480 1728 sed
1504 1673 1665 1729 nullo
1694 1673 1876 1729 modo

201 1770 477 1842 probare
510 1774 853 1840 potuerunt.

272 1858 800 1930 8.1nsuperetiam
827 1854 1258 1919 confessisunt,
1278 1852 1365 1908 vel
1398 1855 1590 1925 potius
1618 1869 1725 1924 pro
1752 1868 1877 1907 ma-

203 1964 334 2018 gna
349 1948 543 2018 gloria
556 1946 805 2019 professi
820 1952 977 2010 sunt,
1000 1945 1379 2000 Caecilianum
1404 1943 1567 2015 apud
1586 1944 1877 1998 Constan-

202 2040 414 2094 tinum
444 2038 869 2108 imperatorem
901 2051 937 2089 a
962 2036 1083 2089 suis
1117 2032 1587 2105 praecessoribus
1631 2047 1878 2086 accusa-

206 2135 366 2181 tum.
386 2123 1239 2187 Etaddideruntmendacium,
1260 2122 1425 2194 quod
1443 2121 1523 2176 illi
1543 2119 1875 2175 accusanti-

204 2216 335 2271 bus
350 2215 524 2270 t’uerit
539 2216 616 2269 ab
630 2215 990 2284 imperatore
1007 2213 1504 2267 damnatus.Ecce
1521 2209 1725 2265 ethinc
1742 2208 1875 2263 victi

205 2311 379 2367 sunt,
400 2304 562 2359 unde
596 2302 768 2358 vobis
799 2301 991 2357 solent
1021 2299 1274 2356 nebulas
1306 2299 1522 2355 erroris
1543 2296 1872 2361 otfundere,

203 2396 585 2449 concitantes
601 2392 773 2447 nobis
787 2390 1092 2453 invidiam,
1109 2398 1163 2445 et
1177 2390 1237 2444 in
1258 2390 1464 2444 odium
1482 2393 1742 2442 vestrum
1764 2401 1871 2441 nos

206 2484 332 2538 add
342 2482 755 2553 ucentes,quia
770 2479 1038 2534 Ecclesiae
1052 2495 1293 2533 causam
1309 2477 1470 2549 apud
1488 2478 1873 2546 imperatores

206 2573 480 2642 agimus.
505 2574 648 2626 Ecce
666 2570 922 2639 majores
942 2584 1149 2623 eorum
1165 2567 1238 2622 de
1251 2582 1509 2639 quorum
1527 2564 1872 2620 nominibus

208 2662 573 2731 gloriantur,
610 2659 879 2714 Ecclesiae
903 2674 1150 2713 causam
1171 2662 1419 2725 egerunt
1439 2656 1601 2727 apud
1617 2654 1876 2725 Impera-

208 2758 441 2815 torem;
468 2748 761 2821 persecuti
786 2755 923 2801 sunt
941 2746 1287 2801 accusando
1307 2744 1685 2801 Caecilianum
1712 2741 1876 2813 apud

212 2842 673 2911 Imperatorem,
689 2838 1049 2891 damnatum
1062 2836 1365 2891 dixerunt.
1380 2833 1513 2889 Jam
1530 2849 1647 2888 non
1668 2847 1771 2886 vos
1786 2848 1878 2886 se-

212 2930 451 2985 ducant
484 2927 825 2984 vanissimis
841 2933 898 2981 et
923 2924 1406 2981 mendacissimis
1429 2924 1624 2977 verbis
1659 2921 1877 2976 :redite

216 3021 297 3075 ad
312 3034 418 3074 cor
432 3017 919 3082 vestrum,timete
936 3012 1536 3081 Dominum,cogitate
1552 3010 1875 3075 veritatem,

216 3107 539 3179 relinquite
552 3106 893 3162 falsitatem.
910 3103 1211 3175 Quidquid
1226 3102 1519 3171 enimjam
1536 3100 1693 3170 passi
1708 3099 1879 3153 fueri-

222 3200 295 3253 tis
313 3195 729 3268 imperialibus
750 3194 1002 3264 legibus,
1029 3192 1194 3264 quod
1221 3206 1341 3245 non
1368 3206 1476 3261 pro
1502 3189 1749 3258 justitia,
1774 3187 1879 3242 sed

219 3304 332 3360 pro
346 3286 662 3357 iniquitate
681 3283 977 3357 patimini,
995 3298 1114 3337 non
1132 3279 1393 3352 poteritis
1414 3280 1607 3333 dicere
1620 3279 1755 3332 ideo
1770 3292 1879 3332 nos

219 3375 648 3445 esseinjustos,
668 3375 810 3445 quia
828 3374 913 3427 sic
941 3372 1250 3426 vobiscum
1281 3372 1375 3438 agi
1409 3385 1527 3423 non
1557 3368 1783 3433 debuit,
1819 3372 1880 3420 ut

223 3471 555 3538 Imperator
579 3480 683 3518 vos
700 3464 778 3518 ab
808 3462 922 3517 ista
939 3460 1247 3531 iniquitate
1265 3464 1689 3529 compesceret.
1718 3455 1879 3528 Epis-

222 3557 357 3628 copi
372 3556 536 3610 enim
553 3553 726 3607 vestri
739 3551 991 3606 confessi
1008 3557 1146 3603 sunt
1160 3564 1421 3618 majores
1438 3564 1579 3601 suos
1592 3548 1674 3601 sic
1690 3548 1879 3616 egisse

221 3662 363 3701 cum
388 3642 724 3705 Camillano,
750 3640 1058 3711 quomodo
1081 3638 1392 3692 vobiscum
1415 3637 1510 3705 agi
1529 3652 1650 3690 non
1683 3635 1875 3689 vultis.

226 3738 288 3789 Et
308 3730 690 3802 tamenquod
720 3728 1098 3784 Cmcilianum
1125 3727 1288 3797 apud
1308 3726 1735 3796 Imperatorem
1755 3740 1882 3794 per-

224 3824 407 3878 secuti
426 3820 664 3884 fuerint,
687 3817 1027 3888 etiamipsis
1044 3816 1463 3871 confitentibus
1483 3822 1539 3869 et
1560 3812 1882 3884 protitenti-

222 3912 334 3968 bus
350 3909 501 3965 satis
524 3908 811 3964 constitit:
841 3905 1006 3978 quod
1030 3911 1230 3961 autem
1250 3904 1597 3959 Caecilianus
1614 3902 1782 3956 fuerit
1804 3900 1882 3956 ab

227 4006 591 4072 lmperatore
611 3999 956 4059 damnatus,
981 3993 1230 4049 omnino
1262 4009 1383 4047 non
1414 3992 1673 4047 constitit
1705 4006 1718 4057 ;
1762 3991 1883 4045 imo

225 4093 407 4147 etiam
422 4086 855 4149 constititeum,
878 4085 1301 4139 accusantibus
1322 4080 1884 4153 etpersequentibus

226 4177 564 4251 majoribus
581 4192 809 4239 eorum,
834 4183 890 4230 et
908 4173 1000 4228 bis
1017 4188 1267 4228 numero
1286 4172 1363 4242 (ὁ)
1380 4170 1545 4243 prius
1568 4172 1645 4226 ab
1659 4170 1885 4241 episco-

228 4272 342 4341 pis,
363 4274 424 4323 et
450 4267 529 4322 ab
554 4266 685 4337 ipso
718 4270 926 4335 postea
949 4263 1312 4333 lmperatore
1334 4262 1515 4315 fuisse
1539 4265 1879 4332 purgatum.

228 4362 347 4415 Hoc
364 4359 547 4412 etiam
584 4355 697 4425 ipsi
725 4354 1249 4417 conﬁrmaverunt,
1286 4351 1422 4405 talia
1446 4357 1675 4421 postea,
1707 4350 1884 4419 quasi

230 4465 338 4521 pro
352 4462 532 4502 causa
546 4462 673 4508 sua,
694 4442 1141 4515 proferendo,ut
1156 4443 1344 4509 magis
1359 4441 1738 4510 contraipsos
1753 4454 1884 4493 esse

228 4537 658 4601 invenirentur,
684 4539 740 4588 et
764 4547 870 4603 pro
902 4546 1085 4585 causa
1106 4528 1399 4585 Caeciliani
1430 4531 1609 4584 etiam
1630 4528 1727 4583 illa
1748 4543 1883 4599 quae

232 4626 629 4697 protulerunt,
658 4623 1059 4677 recitarentur.
1081 4621 1508 4690 Quoscumque
1539 4634 1680 4687 ergo
1708 4634 1883 4672 accu-

229 4731 363 4770 sere
377 4713 713 4779 voluerunt,
730 4709 906 4765 nullis
933 4709 1105 4764 certis
1122 4709 1496 4763 documentis
1516 4708 1770 4779 probare
1784 4722 1886 4777 po-

233 4811 502 4860 tuerunt:
526 4799 821 4873 quidquid
839 4804 1041 4853 autem
1058 4814 1165 4853 nos
1182 4806 1237 4852 et
1257 4814 1363 4868 pro
1394 4798 1664 4853 Ecclesiae
1678 4813 1881 4860 causa,

231 4900 287 4949 et
309 4909 420 4965 pro
443 4890 738 4947 Caeciliani
763 4905 946 4943 causa
967 4887 1255 4949 diximus,
1282 4893 1339 4941 et
1358 4886 1548 4941 verbis
1562 4887 1683 4939 suis
1708 4886 1886 4940 etlec-

234 4982 498 5039 tionibus
542 4997 577 5035 a
626 4996 686 5034 se
722 4976 964 5049 prolatis
996 4977 1174 5031 etiam
1214 4975 1326 5046 ipsi
1357 4976 1885 5030 conlirmaverunt.

303 5072 358 5125 9.
391 5072 539 5126 Nam
574 5066 944 5140 protulerunt
974 5065 1167 5137 primo
1189 5065 1457 5120 codicem
1482 5066 1695 5137 Optati,
1730 5066 1886 5119 unde

232 5161 413 5233 quasi
438 5156 1145 5231 probarentCascilianum
1167 5155 1245 5210 ab
1264 5155 1887 5225 Imperator-edamus.-

237 5258 398 5306 tum:
432 5250 535 5320 qui
569 5247 755 5303 codex
771 5262 907 5299 cum
927 5244 1274 5300 contraillos
1296 5244 1886 5314 legeretur,etmagis

234 5338 576 5397 ostenderet
589 5336 965 5391 Cincilianum
978 5333 1160 5389 fuisse
1177 5334 1593 5406 purgatum,ab
1606 5334 1887 5389 omnibus

235 5429 340 5485 risi
357 5433 516 5483 sunt.
552 5427 663 5482 Sed
679 5426 819 5497 quia
838 5425 963 5495 ipse
981 5426 1136 5479 risus
1161 5439 1279 5479 non
1297 5425 1485 5494 potuit
1505 5424 1582 5478 ab
1613 5429 1885 5494 excepto-

299 5556 371 5616 (a)
406 5551 659 5616 Cirtensis
689 5551 846 5599 Conc.
904 5561 1014 5616 an.
1043 5550 1134 5597 305
1164 5547 1329 5596 habiti
1380 5560 1391 5602 ;

237 5613 328 5667 lib.
364 5619 393 5665 3
424 5619 566 5664 cont.
589 5614 837 5663 Crescon.
874 5626 919 5661 c.
956 5613 1036 5662 27.

304 5680 375 5743 (b)
410 5678 645 5727 Primum
664 5677 718 5725 in
744 5675 982 5725 Romano
1004 5673 1255 5729 Concilio,
1284 5671 1463 5720 tumin
1482 5671 1793 5721 Arelatensi.

1447 5560 1566 5609 quae
1592 5550 1806 5595 exstant
1832 5546 1886 5593 in

3531 131 3641 189 582

1983 249 2148 307 ribus
2175 255 2386 327 excipi,
2421 255 2616 313 verbis
2648 255 2773 312 suis
2791 254 2955 327 apud
2970 259 3113 314 Acta
3145 256 3293 313 risos
3320 273 3383 313 se
3411 260 3637 315 essete-

1981 341 2112 396 stati
2127 349 2508 401 suut.lterum
2523 346 2975 401 recitaveruntet
2989 346 3634 416 protuleruntlibellum

1982 428 2324 501 imperatori
2342 436 2731 490 Constantino
2756 434 2927 489 asuis
2949 434 3279 504 majoribus
3296 436 3634 501 datum,ubi

1982 521 2175 590 questi
2198 529 2334 577 sunt
2355 525 2519 595 quod
2541 540 2644 579 eos
2662 528 3027 579 memoratus
3040 526 3365 595 imperator
3378 526 3638 595 graviter

1984 619 2464 681 persequeretur;
2489 629 2559 668 ac
2572 614 2653 667 sic
2667 614 2878 668 eodem
2893 612 3089 667 libello
3102 612 3450 669 manifestar
3460 620 3562 669 unt
3575 629 3636 670 se

1983 698 2145 767 apud
2162 701 2241 753 lm
2254 707 2588 771 peratorem
2607 717 2643 757 a
2664 702 2977 757 Caeciliano
2994 700 3175 756 fuisse
3190 702 3639 774 superatos,fal-

1984 802 2239 859 sumque
2253 804 2377 845 esse
2391 790 2554 862 quod
2569 790 3008 853 dixerant,eum
3020 791 3098 845 ab
3115 795 3463 861 lmperatore
3477 791 3636 847 dam-

1985 881 2214 931 natum.
2228 879 2415 934 Tertio
2430 879 3042 950 protuleruntlitteras
3061 880 3334 949 ejusdem
3351 882 3637 936 Constan-

1984 964 2091 1019 tini
2112 966 2190 1020 ad
2215 967 2502 1023 vicarium
2518 969 2796 1024 Verinum
2809 968 2999 1030 datas,
3018 968 3116 1024 ubi
3140 984 3241 1023 eos
3263 970 3518 1037 graviter
3540 970 3639 1024 de-

1987 1058 2256 1120 testatur,
2282 1062 2336 1111 et
2364 1064 2675 1128 propterea
2698 1057 2840 1113 dicit
2860 1060 2933 1113 de
2955 1058 3169 1113 exsilio
3194 1058 3637 1122 relaxandos,et

1985 1141 2167 1199 furori
2190 1160 2299 1200 suo
2320 1145 2727 1212 dimittendos,
2760 1148 2903 1218 quia
2927 1148 3054 1217 jam
3090 1150 3244 1202 Deus
3286 1153 3545 1218 cmperat
3576 1148 3637 1203 in

1987 1231 2117 1286 illos
2146 1234 2446 1289 vindicare
2472 1251 2570 1290 :ac
2596 1235 2677 1291 sic
2690 1238 2872 1292 etiam
2890 1236 3018 1290 istis
3034 1236 3634 1307 lmperatorislitteris

1985 1322 2489 1379 confirmaverunt
2529 1340 2589 1379 se
2608 1324 2825 1380 falsum
2853 1325 3267 1397 dixisse,quod
3288 1326 3635 1381 Cmcilianus

1986 1411 2063 1465 ab
2096 1412 2457 1484 Imperatore
2474 1412 2798 1470 damnatus
2817 1416 2889 1469 sit
2913 1433 2926 1480 ;
2954 1431 3086 1470 cum
3104 1417 3639 1487 potiuslmperator

1986 1500 2151 1570 ipsos
2176 1518 2212 1556 a
2238 1501 2547 1557 Caeciliano
2568 1503 2753 1557 victos
2777 1518 2906 1558 esse
2925 1505 3356 1574 monstraverit,
3389 1504 3637 1576 quando

1986 1605 2086 1644 eos
2112 1590 2485 1646 vehementer
2511 1600 2873 1657 exsecratus,
2891 1593 3024 1647 ideo
3047 1593 3220 1663 jussit
3244 1599 3305 1649 ut
3327 1593 3401 1647 de
3428 1593 3638 1650 exsilio

1986 1678 2439 1746 dimitterentur,
2466 1681 2901 1753 utDeojudice,
2927 1682 3287 1752 sicutetjam
3310 1687 3635 1754 cmperant,

1988 1770 2366 1840 punirentur.

2056 1861 2143 1914 10.
2180 1862 2387 1913 Postea
2421 1858 2619 1915 Felicis
2643 1859 3044 1929 Apiungensis
3071 1860 3431 1916 ordinatoris
3466 1861 3639 1916 Caeci-

1984 1945 2389 2002 liauicausam
2403 1949 2461 2002 in
2478 1948 2741 2003 medium
2763 1948 3341 2012 miserunt,dicentes
3354 1950 3637 2005 eumdem

1986 2035 2235 2091 Felicem
2254 2037 2431 2091 fuisse
2472 2038 3033 2109 traditorem,aquo
3077 2037 3425 2093 Caecilianus
3449 2038 3638 2094 fuerat

1983 2125 2294 2180 ordinatus
2328 2142 2341 2179 :
2373 2130 2427 2180 et
2453 2124 2721 2194 ejusdem
2754 2126 3513 2197 Constantiniimperatoris
3528 2144 3638 2199 pro

1984 2212 2297 2269 Caeciliano
2319 2218 2526 2269 contra
2547 2212 2774 2284 seipsos
2796 2214 3015 2269 litteras
3031 2214 3424 2285 protulerunt,
3444 2215 3543 2272 ubi
3559 2217 3635 2273 ad

1983 2303 2682 2374 proconsulemscripsit,
2708 2303 2861 2358 utad
2878 2304 3239 2359 Comitatum
3254 2320 3433 2360 suum
3451 2303 3637 2360 mitte-

1982 2392 2591 2461 returlngentiustte
2604 2397 2795 2447 autem
2813 2394 3110 2461 lngentius
3125 2393 3433 2449 confessus
3448 2393 3640 2451 fuerat

1983 2480 2045 2536 in
2077 2480 2413 2551 cognitione
2442 2480 3040 2552 zElianiproconsulis
3066 2480 3283 2537 falsum
3305 2484 3397 2537 se1
3424 2482 3639 2539 fecisse

1985 2571 2268 2625 adversus
2302 2571 2551 2626 Felicem
2569 2570 2867 2625 Cteciliani
2891 2570 3322 2626 ordinatorem.
3353 2572 3636 2628 Dicebant

1985 2676 2127 2729 ergo
2146 2660 2235 2714 isti
2264 2675 2381 2715 non
2413 2661 2538 2714 sine
2561 2676 2745 2715 causa
2762 2660 3012 2715 voluisse
3039 2661 3464 2732 imperatorem
3484 2661 3639 2717 utad

1986 2765 2048 2803 se
2090 2749 2757 2819 mittereturlngentius,
2784 2750 2894 2804 nisi
2931 2751 3075 2820 quia
3118 2750 3408 2806 Caeciliani
3440 2750 3640 2806 adhuc

1986 2855 2170 2894 causa
2193 2838 2519 2909 pendebat:
2540 2843 2596 2893 et
2617 2839 2993 2894 conabantur
3018 2839 3334 2895 immittere
3348 2840 3643 2911 suspicio-

1988 2943 2128 2982 nem
2153 2927 2746 2997 vanissimam,quod
2779 2932 3176 2998 posteaquam
3220 2929 3522 2998 lngentius
3562 2928 3641 2985 ad

1987 3016 2346 3071 Comitatum
2362 3015 2621 3071 directus
2636 3030 2695 3070 es
2706 3021 2742 3079 t,
2766 3022 2886 3070 tum
2904 3018 2985 3070 lm
2995 3022 3229 3085 perator
3242 3024 3447 3073 contra
3461 3016 3643 3073 Caeci-

1985 3105 2213 3161 lianum
2259 3105 2515 3177 potuerit
2549 3104 2846 3177 judicare,
2881 3108 2937 3159 et
2964 3104 3104 3159 illud
3132 3106 3425 3174 judicium
3461 3122 3640 3161 suum

1988 3195 2151 3267 quod
2168 3210 2277 3250 nos
2291 3194 2875 3259 recitaveramus,ubi
2892 3194 3040 3248 inter
3054 3200 3245 3264 partes
3256 3202 3637 3264 cognoverat,

1990 3284 2488 3355 Cmcilianumque
2501 3284 3174 3354 purgaverat,sententia
3190 3286 3509 3355 posteriore
3522 3300 3643 3339 res-

1989 3376 2246 3429 cindere.
2268 3373 2383 3430 Sed
2397 3373 2801 3428 dicebatureis
2819 3374 3004 3428 uthoc
3045 3375 3247 3445 potius
3277 3374 3643 3444 legerent;et

1989 3464 2134 3518 nihil
2159 3462 2408 3518 omnino
2433 3461 2832 3532 proferebant.
2854 3461 2971 3517 Illae
2996 3468 3195 3517 autem
3216 3462 3419 3517 litterae
3455 3464 3643 3533 Impe-

1989 3552 2199 3607 ratoris
2216 3551 2319 3623 (a),
2344 3551 2565 3622 quibus
2589 3551 2665 3605 ad
2690 3568 2752 3605 se
2770 3550 3108 3621 mittijussit
3127 3552 3644 3623 lngentium,quas

1989 3647 2196 3697 contra
2209 3644 2438 3711 seipsos
2454 3657 2560 3711 pro
2577 3641 2887 3696 Caeciliano
2907 3642 3318 3706 recitaverunt,
3335 3642 3448 3696 hoc
3462 3640 3643 3696 conti-

1992 3737 2151 3797 nent,
2171 3730 2335 3801 quod
2355 3730 2614 3785 Elianus
2659 3729 3054 3799 proconsulin
3098 3746 3285 3784 causa
3302 3730 3501 3784 Felicis
3541 3746 3644 3784 au-

1990 3820 2276 3874 dientiam
2295 3818 3507 3890 praebueritcompetentem,eumdemque
3540 3818 3645 3872 Fe-

1989 3908 2159 3963 licem
2176 3924 2211 3962 a
2227 3906 2474 3962 crimine
2492 3906 2824 3961 traditionis
2838 3906 3214 3962 innocentem
3233 3907 3413 3961 fuisse
3430 3905 3644 3962 consti-

1996 3999 2149 4052 terit:
2184 3997 2287 4051 sed
2321 3995 2651 4065 lugentium
2669 3995 2745 4049 ad
2761 3996 3115 4051 Comitatum
3137 4012 3313 4050 suum
3329 4001 3644 4067 propterea

1988 4085 2197 4157 jubere
2216 4085 2556 4149 transmitti,
2584 4090 2646 4139 ut
2662 4084 2774 4139 illis
2797 4085 3196 4156 quiibierant,
3214 4084 3643 4141 etdiurnisdie-

1993 4176 2261 4230 buseurn
2302 4173 2676 4244 interpellare
2706 4189 2828 4229 non
2850 4174 3224 4240 desinebant,
3270 4190 3560 4246 apparere
3586 4179 3645 4231 et

1993 4266 2253 4319 intimari
2286 4269 2507 4335 posset,
2535 4263 2825 4319 etfrustra
2872 4279 2976 4318 eos
3008 4264 3320 4319 Caeciliano
3349 4262 3643 4319 invidiam

1994 4368 2366 4425 comparare,
2393 4359 2449 4407 et
2478 4351 2769 4407 adversus
2817 4369 2955 4407 eum
3014 4353 3301 4408 violenter
3335 4352 3643 4421 insurgere

1994 4444 2273 4498 voluisse.

2068 4533 2125 4585 ll
2183 4531 2324 4595 Quis
2352 4545 2453 4584 eos
2479 4527 2744 4582 crederet
2766 4526 2880 4582 ista
2911 4532 3194 4583 contrase
3236 4526 3518 4583 recitasse
3539 4543 3646 4596 pro

1994 4619 2191 4684 nobis,
2213 4618 2324 4673 nisi
2346 4618 2443 4671 Dei
2465 4616 2892 4687 omnipotentis
2924 4620 3073 4671 nutu
3118 4616 3345 4671 factum
3374 4622 3551 4682 esset,
3587 4622 3650 4672 ut

1995 4724 2114 4763 non
2140 4707 2332 4762 solum
2364 4704 2542 4760 verba
2556 4720 2761 4760 eorum
2778 4703 2965 4759 Gestis
2984 4706 3451 4776 tenerentur,sed
3466 4706 3648 4762 etiam

1995 4813 2210 4852 manus
2224 4794 2722 4850 subscribentium
2740 4794 3075 4863 legerentur
3093 4794 3120 4848 ?
3148 4798 3289 4851 Nam
3308 4794 3646 4851 etordinem

1996 4885 2308 4941 consulum
2326 4889 2380 4939 et
2399 4883 2651 4948 dierum,
2666 4883 2767 4955 qui
2791 4884 2978 4939 Gestis
2993 4900 3309 4955 expressus
3330 4884 3489 4949 est,si
3512 4883 3648 4954 quis

1997 4992 2155 5031 nunc
2168 4974 2474 5042 diligenter
2486 4972 3039 5041 advertat,inveniet
3053 4976 3249 5045 primo
3268 4971 3649 5027 Caecilianum

1995 5062 2558 5137 episcopalijudicio
2573 5063 2752 5116 fuisse
2768 5063 3319 5133 purgatum.l)einde
3334 5076 3453 5116 non
3470 5060 3649 5116 multo

1996 5160 2129 5226 post
2169 5152 2370 5208 Felicis
2394 5152 2799 5222 Aptungensis
2823 5168 3009 5206 causa
3040 5151 3118 5205 ab
3142 5149 3371 5205 Ailiano
3399 5164 3648 5220 procon-

1997 5243 2125 5297 sule
2139 5242 2479 5297 examinata
2492 5241 2710 5305 est,ubi
2727 5257 2861 5294 eum
2878 5240 3137 5295 constitit
3152 5240 3528 5293 innocentem
3550 5254 3561 5293 :
3587 5239 3646 5293 in

1995 5349 2109 5404 qua
2130 5347 2311 5387 causa
2325 5331 2400 5386 ad
2432 5330 2791 5385 Comitatum
2812 5330 2960 5382 mitti
2977 5332 3184 5397 jussus
3206 5335 3296 5383 est
3324 5330 3645 5398 lngentius.

2000 5422 2246 5490 Etlonge
2263 5427 2471 5492 postea
2499 5420 2628 5490 ipse
2644 5420 2661 5472 l
2674 5423 2971 5489 inperator
3001 5433 3251 5472 causam
3278 5417 3428 5473 inter
3447 5423 3645 5489 partes

2056 5548 2070 5577 ¹
2096 5546 2217 5594 Mss.
2238 5545 2494 5608 plerique,
2520 5544 2703 5608 falsam
2722 5541 2901 5601 fecisse
2918 5558 2939 5600 ;
2968 5541 3175 5607 supple,
3203 5542 3499 5606 epistolam.
3522 5543 3652 5596 Vide

1997 5606 2431 5671 superius'epist.
2463 5608 2539 5661 88,
2572 5620 2625 5671 n.
2664 5606 2713 5671 4.

2058 5668 2135 5732 (a)
2166 5668 2391 5719 Exstant
2418 5669 2471 5717 in
2502 5669 2661 5731 epist.
2690 5668 2766 5725 88,
2804 5681 2862 5717 n.
2898 5668 2947 5718 4.
