4074 6164
111 190 217 247 585

105 315 263 371 siam
299 314 779 380 transmarinam,
810 329 996 385 quam
1022 317 1226 370 tamen
1251 313 1605 371 catholicam
1632 327 1763 368 esse

102 403 535 469 confessisunt,
564 419 628 459 se
649 418 898 460 causam
922 418 1041 460 non
1060 402 1302 460 habere.
1320 403 1463 459 Huic
1481 418 1589 458 nos
1603 418 1762 457 com-

101 493 490 549 municamus
505 500 567 548 ut
578 492 711 563 conj
723 492 858 561 ungi
875 508 1214 548 mereamur
1227 492 1513 548 membris
1528 491 1757 574 Christi,

99 588 151 638 et
182 581 610 653 compaginem
637 582 901 653 corporis
930 582 1059 653 ejus
1080 581 1442 638 ﬁdelissima
1456 580 1758 636 charitatis

99 670 543 742 amplectamur
585 669 822 725 affectu.
854 671 1149 735 Quoniam
1176 672 1234 726 in
1276 670 1553 726 Ecclesia
1579 670 1757 740 hujus

101 759 329 814 unitate
351 760 720 831 quicumque
734 759 889 815 male
910 759 1139 824 vixerit,
1158 759 1269 815 sibi
1273 760 1571 830 judicium
1588 775 1752 815 man-

97 850 281 904 ducat
310 864 366 903 et
389 848 551 915 bibit,
587 848 738 904 sicut
766 848 1089 919 Apostolus
1119 848 1260 904 dicit
1288 848 1332 920 (l
1369 850 1502 904 Cor.
1536 864 1617 914 χι,
1642 848 1751 919 29).

98 936 477 1007 Quicumque
516 941 717 991 autem
746 934 899 991 bene
948 934 1106 1002 vivit,
1152 952 1274 992 non
1322 937 1374 992 ei
1406 936 1757 1008 prajudicat

96 1022 296 1079 aliena
317 1040 529 1091 causa,
557 1028 613 1079 et
643 1023 836 1079 aliena
864 1039 1143 1096 persona.
1177 1024 1268 1081 Sic
1293 1025 1472 1081 etiam
1499 1023 1580 1079 illi
1614 1040 1752 1080 cum

92 1111 165 1167 de
195 1127 388 1168 causa
404 1112 1123 1183 Maximianiurgerentur,
1153 1128 1255 1169 ore
1272 1129 1380 1169 suo
1408 1113 1596 1169 coacti
1619 1118 1754 1170 sunt

90 1200 389 1265 conﬁteri,
422 1202 566 1273 quia
602 1216 709 1258 nec
736 1216 916 1257 causa
946 1217 1157 1266 causa,
1191 1218 1298 1259 nec
1334 1218 1591 1271 persona
1620 1219 1753 1271 per-

89 1290 640 1360 sonaprajudicat.
663 1288 902 1346 Solliciti
920 1291 1383 1347 tameninvicem
1409 1308 1617 1347 sumus
1643 1308 1752 1364 pro

88 1378 292 1443 nobis,
345 1385 633 1451 tanquam
678 1380 855 1434 unius
896 1380 1157 1450 corporis
1188 1380 1488 1451 membra;
1525 1384 1588 1436 ut
1624 1382 1754 1454 qui-

90 1483 362 1540 cumque
400 1468 727 1539 adjuvantc
761 1468 1035 1537 Domino,
1064 1468 1135 1524 ad
1172 1468 1451 1525 horreum
1483 1470 1750 1527 futurum

88 1558 487 1628 pertinemus,
516 1556 755 1613 interim
791 1558 851 1612 in
890 1573 1030 1614 area
1065 1557 1242 1613 simul
1278 1558 1515 1629 paleam
1548 1559 1751 1615 tolere-

88 1661 247 1714 mus,
285 1661 366 1700 ne
392 1652 634 1718 propter
658 1645 822 1701 illam
854 1645 1048 1701 futuro
1074 1647 1197 1715 igni
1225 1645 1606 1714 destinatam,
1640 1665 1749 1705 nos

88 1750 297 1791 aream
328 1734 694 1790 dominicam
721 1734 1088 1790 deseramus.

150 1827 203 1879 4.
239 1824 422 1893 Agite
452 1822 717 1888 ﬁdeliter,
749 1828 805 1879 et
832 1823 1096 1879 hilariter
1123 1824 1538 1882 Ecclesiastica
1551 1826 1752 1884 ofﬁcia

85 1928 217 1984 qua
247 1911 338 1969 ad
368 1928 473 1967 vos
488 1912 800 1984 pertinent,
815 1927 923 1984 pro
945 1912 1231 1981 gradibus
1245 1914 1473 1983 vestris,
1504 1920 1560 1970 et
1582 1916 1752 1972 mini-

85 2003 340 2057 sterium
364 2006 629 2057 vestrum
644 2000 947 2056 sinceriter
970 2001 1290 2072 adimplete
1319 2009 1559 2075 propter
1583 2004 1749 2061 illum

86 2089 300 2157 Deum,
332 2090 446 2145 sub
472 2105 594 2162 quo
616 2089 885 2145 conservi
908 2106 1141 2155 sumus,
1167 2095 1219 2145 et
1245 2091 1337 2145 cui
1362 2092 1652 2149 rationem
1675 2095 1749 2150 de

86 2180 315 2234 nostris
336 2178 571 2234 actibus
587 2178 923 2233 reddituros
942 2194 1052 2234 nos
1065 2194 1196 2235 esse
1210 2179 1565 2249 cogitamus.
1583 2183 1748 2239 Unde

86 2268 408 2324 abundare
437 2266 660 2323 debent
698 2267 758 2322 in
805 2267 979 2323 vobis
1034 2267 1457 2324 misericordia
1498 2270 1746 2337 viscera,

84 2358 223 2429 quia
251 2357 559 2429 judicium
603 2357 729 2413 sine
767 2356 1169 2413 misericordia
1215 2358 1323 2414 erit
1353 2357 1431 2412 illi
1473 2359 1577 2430 qui
1627 2375 1747 2416 non

86 2446 294 2503 iecerit
318 2445 796 2502 misericordiam
818 2445 1052 2517 (Jacobi
1074 2462 1134 2507 II.
1165 2450 1265 2513 t3).
1295 2447 1375 2501 Ac
1407 2462 1511 2513 per
1537 2448 1670 2513 hoc,
1695 2453 1750 2504 et

84 2551 189 2607 pro
216 2536 337 2591 illis
369 2540 537 2591 orate
569 2536 882 2590 nobiscum
912 2534 1019 2606 qui
1069 2534 1267 2591 adhuc
1296 2537 1744 2603 contristantur,

86 2631 141 2680 ut
168 2630 425 2681 sanetur
469 2624 727 2680 carnalis
759 2624 943 2680 animi
976 2623 1312 2689 inﬁrmitas,
1348 2640 1419 2681 ex
1462 2626 1747 2682 diuturna

88 2713 523 2770 consuetudine
563 2713 809 2769 collecta
845 2719 1025 2785 atque
1070 2718 1394 2770 contracta.
1428 2717 1572 2771 Nam
1606 2716 1744 2787 quis

86 2819 201 2859 non
228 2803 568 2872 intelligeat
595 2818 782 2874 quam
818 2802 1047 2858 bonum
1080 2804 1151 2858 sit
1180 2806 1238 2858 et
1259 2803 1599 2875 jucundum
1632 2804 1746 2860 fra-

86 2897 195 2948 tres
231 2890 585 2947 habitarein
609 2907 794 2946 unum
813 2891 995 2961 (Psal.
1012 2906 1226 2955 cxxxn,
1262 2891 1392 2959 t),si
1413 2907 1596 2948 sanas
1618 2892 1746 2948 fau-

84 2996 174 3036 ces
210 2983 333 3037 ista
379 2979 727 3054 jucunditas
760 2985 985 3050 tangat,
1038 2981 1198 3036 unde
1246 2986 1492 3053 respuat
1533 2982 1745 3037 amari-

88 3070 360 3126 tudinem
406 3069 722 3125 divisionis
758 3084 928 3125 mens
976 3085 1112 3140 qua
1138 3069 1324 3141 diligit
1364 3069 1744 3126 dulcedinem

85 3158 249 3216 chari
261 3164 353 3214 tas
367 3160 397 3214 ?
411 3161 620 3213 Potens
634 3162 717 3213 est
731 3162 930 3212 autem
943 3162 1000 3213 et
1015 3157 1349 3214 misericors
1377 3161 1547 3227 Deus,
1562 3174 1743 3231 quem

92 3264 197 3319 pro
230 3248 316 3303 illi
339 3263 605 3312 oramus,
635 3246 1087 3319 utquibuslibet
1114 3248 1534 3303 occasionibus
1565 3248 1740 3303 etiam

89 3337 258 3409 ipsos
284 3336 542 3393 attrahat
585 3336 665 3392 ad
706 3335 982 3392 salutem.
1014 3336 1301 3392 Dominus
1336 3353 1439 3393 vos
1490 3337 1546 3392 in
1597 3352 1744 3409 pace

90 3430 423 3483 conservet

545 3496 877 3554 EPISTOLA
916 3494 1118 3552 CXLIII
1148 3497 1168 3517 ’
1199 3500 1299 3569 (a).

92 3588 298 3643 Paucis
311 3585 597 3657 respondet
609 3586 678 3639 ad
694 3586 1047 3655 quastionem
1058 3601 1127 3640 ex
1136 3585 1343 3642 divinis
1353 3586 1535 3641 Libris
1551 3601 1746 3658 propo-

156 3681 330 3732 sitam
350 3693 385 3730 a
408 3676 745 3730 Marcellino.
781 3675 909 3728 Tum
934 3675 1171 3745 explicat
1198 3676 1378 3730 locum
1398 3680 1651 3730 taxalum
1678 3692 1747 3731 ea:

160 3766 321 3821 libris
351 3766 467 3821 suis
491 3764 555 3819 de
582 3764 778 3819 Libero
814 3763 1103 3832 Arbitrio;
1131 3763 1417 3819 declarans
1456 3766 1516 3819 in
1543 3766 1744 3835 primis

157 3859 434 3927 quantum
455 3854 568 3909 suis
596 3854 816 3925 scriptis
846 3853 1022 3908 tribui
1066 3853 1195 3908 velit
1222 3872 1241 3908 :
1275 3854 1567 3924 eademque
1591 3870 1747 3909 occa-

157 3947 312 4001 sione
326 3944 506 3999 varias
518 3943 583 3998 de
592 3945 907 3997 animarum
926 3943 1138 4012 origine
1148 3944 1470 4013 quastiones
1481 3944 1743 4015 perstrin-

156 4050 310 4105 gens.
330 4034 614 4089 Postremo
632 4032 713 4102 rej
720 4032 813 4085 icit
829 4030 1114 4100 cujusdam
1135 4030 1291 4100 (puta
1316 4032 1622 4100 Volusiani)
1642 4031 1740 4087 du-

156 4122 503 4186 bitationem,
531 4120 627 4192 qui
658 4118 773 4175 ideo
804 4134 914 4174 non
944 4118 1196 4173 credebat
1224 4120 1455 4174 Mariam
1471 4122 1743 4191 virginem

153 4212 449 4283 peperisse,
468 4208 607 4281 quod
648 4208 703 4262 id
727 4223 1013 4278 nunquam
1039 4207 1180 4262 alias
1199 4211 1407 4278 factum
1430 4212 1525 4264 sit.

92 4300 345 4356 Domino
372 4299 616 4363 eximio,
644 4301 698 4353 et
719 4296 929 4352 merito
954 4295 1744 4371 insigni,multumquecha-

156 4390 397 4445 rissimo
426 4387 549 4443 ﬁlio
580 4389 953 4450 MARCELLINO,
985 4387 1356 4455 Aunusrmus,
1390 4387 1451 4443 in
1488 4387 1743 4444 Domino

156 4478 437 4536 salutem.

158 4572 208 4623 1.
242 4564 571 4638 Epistolam
594 4569 979 4635 tuam,quam
1003 4578 1108 4634 per
1124 4569 1400 4620 sanctum
1424 4563 1665 4621 fratrem
1690 4570 1745 4621 et

87 4656 516 4728 coepiscopum
557 4667 761 4709 meum
796 4650 1166 4707 Bonifacium
1206 4652 1428 4724 accepi,
1471 4654 1740 4726 quasivi,

88 4761 218 4802 cum
248 4742 667 4809 rescriberem,
702 4756 807 4797 nec
839 4739 1055 4796 inveni.
1090 4740 1329 4797 Recolui
1362 4748 1562 4798 tamen
1598 4747 1649 4798 te
1684 4742 1743 4797 in

87 4850 156 4892 ea
178 4832 470 4908 quasisse
494 4830 804 4904 quomodo
834 4830 1170 4886 invenerint
1195 4832 1355 4900 magi
1388 4831 1733 4896 Pharaonis,

87 4938 380 4981 conversa
411 4922 471 4977 in
501 4920 859 4990 sanguinem
878 4922 995 4975 tota
1012 4934 1173 4991 aqua
1202 4920 1459 4991 lEgypti,
1495 4920 1652 4977 unde
1667 4922 1744 4975 si-

87 5014 223 5070 mile
236 5011 469 5085 aliquid
483 5010 913 5072 facerent.Qua
926 5006 1163 5063 duobus
1179 5007 1372 5063 modis
1386 5008 1743 5080 solviquas—

88 5104 163 5158 tio
196 5102 347 5158 solet
374 5118 388 5155 :
418 5100 542 5155 sive
573 5096 737 5169 quod
767 5096 999 5151 marina
1024 5111 1185 5167 aqua
1217 5098 1474 5169 potuerit
1501 5097 1697 5154 offerri
1727 5118 1739 5167 ;

88 5191 225 5257 sive,
244 5188 414 5263 quod
433 5191 523 5243 est
544 5184 906 5250 credibilius,
926 5183 1141 5256 quiain
1163 5200 1234 5242 ea
1250 5186 1513 5256 regione,
1546 5188 1605 5243 in
1627 5204 1746 5259 qua

86 5284 251 5337 erant
272 5277 379 5334 ﬁlii
408 5275 605 5341 Israel,
635 5275 759 5330 ista
792 5273 987 5345 plaga
1019 5289 1140 5330 non
1172 5274 1416 5331 ﬁebant.
1444 5279 1561 5332 Hoc
1582 5278 1742 5333 enim

85 5366 453 5441 quibusdam
468 5363 783 5436 Scriptura
797 5362 951 5418 illius
963 5362 1107 5418 locis
1122 5364 1495 5435 apertissime
1514 5381 1745 5437 expres-

139 5528 166 5561 ⁸
194 5525 497 5577 Emendata
512 5527 593 5573 est
618 5535 716 5586 Ope
739 5537 786 5570 a.
808 5520 895 5584 bg.
916 5521 987 5572 bl.
1015 5535 1067 5572 c.
1091 5536 1167 5572 cc.
1189 5521 1242 5570 if.
1264 5536 1436 5586 g.7gv.
1455 5523 1501 5586 j.
1542 5538 1593 5571 n.
1625 5538 1667 5572 r.
1693 5538 1736 5573 s.

82 5593 115 5640 t.
142 5591 213 5639 vd
247 5589 485 5638 duorum
517 5598 566 5636 a.
598 5586 627 5633 2
655 5585 741 5634 bn.
778 5586 807 5632 2
839 5598 918 5635 vc.
954 5587 981 5633 5
1008 5598 1057 5635 ν.
1088 5588 1141 5635 et
1167 5586 1284 5633 Am.
1319 5585 1563 5635 Bad.’h‘.r.
1599 5587 1731 5637 Lov.

138 5655 213 5717 (α)
244 5652 391 5701 Alias
417 5651 447 5700 7
480 5662 641 5713 :qua
683 5650 866 5697 autem
898 5648 990 5697 143
1024 5651 1153 5709 erat,
1185 5661 1330 5698 nunc
1371 5650 1477 5698 187.
1524 5649 1733 5712 Scripta

83 5728 170 5766 an.
192 5717 306 5772 412,

300 5794 539 5851 Pas-non.
576 5789 830 5847 XXXIII.

1362 182 1865 245 EPISTOLARUM
1894 182 2183 241 CLASSIS
2212 185 2307 239 ΙΙΙ.

3415 192 3520 246 586

1877 326 2013 365 sum
2033 309 2337 377 admonet,
2362 310 2539 367 etiam
2562 311 2662 367 ubi
2683 326 2804 367 non
2826 311 3051 370 dictum
3065 318 3170 381 est,
3191 315 3337 388 quid
3360 315 3528 373 intel-

1871 397 1973 470 ligi
1995 398 2233 455 debeat.

1940 492 1993 544 2.
2013 488 2130 543 Illa
2147 493 2348 544 autem
2364 488 2571 545 littera
2591 493 2727 556 tua,
2746 505 2900 562 quas
2917 491 3227 564 presbyter
3252 493 3527 550 Urbanus

1869 576 2084 643 attulit,
2111 576 2337 633 habent
2364 577 2756 650 quastionem
2785 579 2926 633 mihi
2966 581 3337 652 propositam
3368 597 3436 637 ex
3465 582 3527 637 li-

1867 664 1993 722 bris
2021 681 2141 721 non
2174 666 2415 735 divinis,
2448 667 2551 723 sed
2581 668 2749 733 meis,
2785 668 2947 739 quod
2970 668 3176 740 scripsi
3209 670 3282 725 de
3318 670 3523 726 Libero

1866 755 2210 811 Arbitrian
2231 755 2449 812 talibus
2464 761 2664 812 autem
2683 757 3109 827 quastionibus
3122 774 3243 813 non
3264 759 3521 815 multum

1862 842 2075 900 laboro
2109 860 2121 898 :
2153 846 2296 917 quia
2320 845 2427 901 esti
2446 844 2682 901 defendi
2710 846 3003 902 sententia
3027 862 3162 901 mea
3177 846 3406 919 liquida
3422 864 3516 904 ra-

1809 931 1815 937 ’
1864 930 2024 988 tione
2052 948 2171 988 non
2207 937 2416 1004 potest,
2448 949 2583 989 mea
2610 938 2724 1000 est;
2751 949 2871 989 non
2904 935 3031 1004 ejus
3050 935 3309 990 auctoris
3344 937 3515 1007 cujus

1862 1036 2107 1076 sensum
2135 1021 2478 1094 improbare
2497 1022 2584 1079 fas
2608 1037 2729 1078 non
2757 1028 2864 1092 est,
2897 1023 3076 1079 etiam
3106 1040 3265 1089 eum,
3296 1040 3365 1081 eo
3393 1040 3516 1081 non

1861 1109 2175 1175 intellecto,
2191 1111 2456 1167 hocinde
2470 1111 2718 1167 sentitur
2739 1112 3387 1184 quodimprobandum
3407 1120 3512 1170 est.

1863 1201 1983 1268 Ego
2014 1199 2264 1271 proinde
2296 1200 2482 1255 fateor
2516 1216 2609 1255 me
2640 1216 2712 1256 ex
2751 1217 2959 1256 eorum
2984 1216 3235 1257 numero
3268 1218 3394 1258 esse
3422 1220 3517 1259 co-

1861 1287 2014 1353 nari,
2047 1288 2149 1359 qui
2178 1288 2544 1359 proﬁciendo
2575 1289 2860 1356 scribunt,
2898 1294 2956 1345 et
2981 1290 3295 1347 scribendo
3329 1293 3514 1363 proﬁ-

1860 1377 2041 1432 ciunt.
2071 1378 2234 1433 Unde
2263 1378 2313 1434 si
2343 1378 2570 1450 aliquid
2589 1379 2679 1433 vel
2707 1379 3130 1446 ineautius,vel
3156 1380 3452 1436 indoctius
3480 1398 3515 1437 a

1861 1481 1958 1521 me
1984 1467 2245 1536 positum
2273 1467 2560 1538 est,quod
2576 1483 2695 1522 non
2711 1468 2903 1523 solum
2919 1469 2995 1523 ab
3022 1468 3151 1524 aliis
3183 1470 3286 1541 qui
3318 1470 3515 1526 videre

1858 1553 1918 1609 id
1950 1562 2221 1627 possunt,
2256 1555 2466 1611 merito
2498 1556 2987 1627 reprehendatur,
3029 1573 3238 1613 verum
3268 1558 3445 1614 etiam
3482 1575 3518 1615 a

1859 1643 2111 1714 meipso,
2139 1642 2286 1715 quia
2316 1648 2372 1699 et
2395 1659 2507 1713 ego
2534 1644 2747 1700 saltem
2776 1649 2985 1715 postea
3006 1645 3203 1700 videre
3238 1646 3447 1715 debeo,
3471 1649 3521 1702 si

1859 1732 2108 1804 proﬁcio
2130 1749 2142 1799 ;
2162 1748 2270 1788 nec
2298 1732 2642 1788 mirandum
2657 1740 2760 1799 est,
2788 1749 2897 1788 nec
2914 1733 3245 1789 dolendum
3270 1750 3282 1787 :
3300 1736 3401 1790 sed
3419 1752 3522 1806 po-

1860 1821 1978 1877 tius
1995 1821 2433 1891 ignoscendum
2449 1828 2625 1893 atque
2645 1822 3104 1892 gratulandum;
3127 1839 3247 1879 non
3271 1824 3417 1895 quia
3435 1841 3522 1880 er-

1856 1913 2055 1965 ratum
2082 1915 2188 1973 est,
2224 1909 2331 1965 sed
2360 1910 2502 1981 quia
2531 1910 2959 1981 improbatum.
3003 1914 3149 1966 Nam
3182 1912 3358 1967 nimis
3390 1928 3519 1984 per-

1856 2014 2023 2054 verse
2055 1998 2325 2070 seipsum
2352 1999 2628 2071 amatqui
2660 2003 2715 2054 et
2737 1998 2884 2054 alios
2902 1999 3517 2066 vulterrare,uterror

1857 2102 2001 2142 suus
2032 2086 2228 2143 lateat.
2264 2089 2500 2152 Quanto
2532 2087 2691 2142 enim
2726 2087 2933 2142 melius
2962 2092 3018 2143 et
3048 2088 3270 2150 utilius,
3307 2093 3367 2144 ut
3407 2088 3510 2146 ubi

1856 2175 1987 2248 ipse
2018 2174 2255 2243 erravit,
2284 2176 2381 2231 alii
2400 2191 2520 2231 non
2550 2181 2764 2240 errent,
2794 2191 3052 2248 quorum
3077 2176 3393 2233 admonitu
3419 2194 3513 2233 er-

1855 2279 1987 2319 rore
2018 2265 2243 2320 careat!
2272 2263 2434 2336 quod
2464 2264 2509 2319 si
2538 2263 2812 2327 noluerit,
2842 2264 3057 2320 saltem
3079 2265 3326 2321 comites
3357 2282 3514 2323 erro-

1855 2351 1936 2408 ris
1970 2368 2088 2408 non
2112 2352 2351 2409 habeat.
2370 2352 2425 2408 Si
2447 2352 2607 2407 enim
2635 2352 2778 2408 mihi
2810 2354 2965 2408 Deus
2992 2353 3152 2424 quod
3180 2354 3315 2408 volo
3334 2370 3515 2425 pras-

1856 2440 2051 2505 titerit,
2086 2445 2149 2496 ut
2174 2440 2444 2495 omnium
2479 2439 2770 2494 librorum
2807 2455 3081 2495 meorum
3111 2455 3511 2513 quacumque

1851 2528 1999 2584 mihi
2027 2529 2353 2584 rectissime
2381 2527 2723 2600 displicent,
2758 2543 2937 2599 opere
2956 2527 3159 2600 aliquo
3183 2529 3257 2583 ad
3289 2530 3403 2586 hoc
3426 2531 3513 2602 ip-

1853 2634 1990 2674 sum
2022 2619 2308 2687 instituto,
2342 2617 2621 2688 colligam
2667 2622 2766 2690 atq
2782 2633 2852 2672 ue
2894 2617 3341 2685 demonstrem;
3377 2625 3517 2677 tunc

1853 2702 2142 2759 videbunt
2158 2703 2433 2760 homines
2449 2718 2634 2774 quam
2655 2717 2775 2758 non
2802 2701 2913 2757 sim
2935 2707 3210 2774 acceptor
3242 2718 3515 2774 persona

1854 2807 2025 2847 mea.

1924 2884 1974 2937 3.
2002 2880 2119 2936 Vos
2146 2885 2346 2935 autem
2364 2880 2468 2952 qui
2488 2895 2582 2935 me
2600 2878 2857 2935 multum
2870 2878 3130 2950 diligitis,
3149 2880 3197 2934 si
3222 2880 3395 2935 talem
3420 2897 3513 2937 as-

1854 2969 2047 3025 seritis
2079 2968 2370 3024 adversus
2400 2984 2502 3024 eos
2532 2984 2789 3040 quorum
2813 2967 3057 3032 malitia,
3081 2967 3506 3040 velimperitia,

1852 3058 1942 3114 vel
1961 3056 2346 3129 intelligentia
2358 3056 2785 3128 reprehendar,
2804 3062 2866 3110 ut
2887 3072 2981 3111 me
2997 3071 3300 3128 nusquam
3326 3059 3510 3129 scrip-

1854 3150 2050 3203 torum
2063 3162 2333 3201 meorum
2349 3160 2576 3201 errasse
2590 3145 2823 3211 dicatis;
2842 3144 3056 3200 frustra
3068 3144 3507 3214 laboratis,non

1851 3236 2075 3292 bonam
2106 3250 2357 3291 causam
2391 3235 2761 3306 suscepistis,
2785 3234 3030 3291 facilein
3052 3250 3123 3291 ea
3142 3251 3234 3290 me
3258 3235 3389 3307 ipso
3410 3237 3503 3307 ju-

1850 3324 1980 3381 dice
2002 3324 2391 3397 superamini.
2419 3324 2715 3389 Quoniam
2740 3339 2861 3380 non
2886 3322 3031 3378 mihi
3058 3323 3273 3395 placet,
3310 3341 3448 3380 cum
3471 3340 3506 3380 a

1851 3412 2219 3469 charissimis
2265 3412 2412 3467 meis
2443 3411 2575 3469 talis
2621 3429 2751 3468 esse
2796 3413 3118 3476 existimor,
3154 3413 3350 3484 qualis
3385 3428 3505 3469 non

1853 3519 2009 3558 sum.
2035 3502 2301 3559 Profecto
2327 3501 2489 3557 enim
2513 3518 2635 3557 non
2665 3518 2780 3567 me,
2800 3502 2906 3556 sed
2932 3518 3040 3573 pro
3069 3518 3163 3557 me
3190 3502 3372 3557 alium
3394 3502 3506 3558 sub

1852 3607 1987 3647 meo
2018 3591 2259 3647 nomine
2288 3591 2565 3660 diligunt,
2598 3591 2788 3645 sinon
2822 3591 2980 3661 quod
3012 3607 3167 3656 sum,
3212 3591 3313 3645 sed
3345 3593 3509 3663 quod

1852 3697 1972 3737 non
1996 3696 2129 3735 sum
2160 3679 2437 3750 diligunt.
2465 3682 2611 3735 Nam
2648 3680 2707 3733 in
2733 3684 3028 3750 quantum
3061 3695 3153 3734 me
3190 3686 3505 3749 noverunt,

1850 3769 1944 3825 vel
1983 3770 2056 3824 de
2097 3784 2192 3824 me
2228 3784 2431 3823 verum
2472 3768 2741 3831 credunt,
2776 3783 2887 3839 ego
2928 3767 3006 3823 ab
3045 3768 3128 3821 eis
3156 3768 3407 3837 diligor:
3446 3768 3503 3822 in

1849 3864 2144 3930 quantum
2172 3863 2373 3912 autem
2399 3856 2539 3911 mihi
2565 3856 2835 3911 tribuunt
2861 3856 3024 3927 quod
3052 3856 3109 3910 in
3138 3872 3231 3911 me
3255 3871 3374 3910 non
3408 3872 3503 3911 co-

1851 3951 2168 4018 gnoscunt,
2202 3945 2383 4001 alium
2411 3945 2589 4001 talem
2621 3944 2861 4017 qualem
2889 3960 2985 4000 me
3018 3950 3250 4015 putant,
3272 3960 3379 4015 pro
3412 3960 3507 3999 me

1849 4036 2103 4105 diligunt
2130 4034 2435 4091 1.Romani
2454 4036 2748 4091 maximus
2767 4039 2974 4090 auctor
3006 4033 3232 4088 Tullius
3263 4033 3503 4104 eloquii,

1848 4126 2102 4185 Nullum
2126 4139 2389 4196 unquam
2416 4123 2676 4188 verbum,
2699 4124 2892 4195 inquit
2918 4123 2990 4178 de
3021 4122 3313 4195 quodam,
3347 4123 3507 4194 quod

1850 4229 2131 4271 revocare
2162 4212 2353 4277 vellet,
2376 4213 2585 4270 emisit.
2619 4214 2759 4278 Qua
2776 4212 3021 4284 quidem
3049 4212 3199 4277 laus,
3229 4213 3507 4284 quamvis

1850 4302 2313 4375 praclarissima
2327 4303 2614 4371 videatur,
2641 4307 2836 4357 tamen
2862 4301 3203 4357 credibilior
3220 4307 3306 4356 est
3328 4302 3401 4355 de
3426 4301 3508 4355 ni-

1852 4394 2038 4447 mium
2072 4392 2255 4457 fatuo,
2288 4407 2474 4463 quam
2498 4392 2571 4445 de
2592 4391 2857 4461 sapiente
2885 4391 3163 4461 perfecto.
3190 4393 3335 4445 Nam
3356 4393 3410 4443 et
3428 4388 3507 4443 illi

1850 4497 2004 4553 quos
2017 4480 2192 4549 vulgo
2219 4482 2523 4535 moriones
2547 4484 2782 4541 vocant,
2812 4483 3039 4549 quanto
3058 4477 3249 4546 magis
3268 4493 3302 4532 a
3330 4493 3507 4532 sensu

1851 4570 2160 4626 communi
2198 4569 2532 4634 dissonant,
2570 4567 2882 4637 magisque
2914 4564 3159 4620 absurdi
3202 4571 3257 4621 et
3289 4566 3503 4621 insulsi

1851 4662 2007 4721 sunt,
2034 4662 2198 4712 tanto
2217 4656 2408 4725 magis
2431 4654 2662 4709 nullum
2682 4653 2930 4708 verbum
2954 4654 3407 4725 emittuntquod
3428 4671 3507 4709 re-

1850 4761 2064 4803 vocare
2097 4744 2303 4811 velint;
2328 4744 2470 4816 quia
2491 4742 2629 4798 dicti
2658 4742 2816 4807 mali,
2842 4743 2933 4797 vel
2963 4743 3142 4808 stulti,
3162 4744 3252 4797 vel
3285 4744 3508 4799 incom-

1853 4835 2016 4891 modi
2033 4834 2341 4907 panitere,
2362 4832 2565 4903 utique
2588 4831 2972 4887 cordatorum
2987 4838 3096 4887 est.
3121 4833 3229 4887 Sed
3261 4834 3306 4886 si
3335 4833 3389 4885 in
3409 4832 3509 4885 bo-

1849 4940 1992 4981 nam
2023 4928 2253 4995 partem
2277 4921 2623 4991 accipiatur,
2647 4924 2708 4975 ut
2740 4919 3091 4990 quempiam
3122 4919 3294 4974 talem
3326 4920 3505 4973 fuisse

1850 5011 2189 5080 credamus,
2222 5009 2325 5081 qui
2359 5024 2496 5063 cum
2548 5008 2845 5079 sapienter
2897 5009 3101 5062 omnia
3140 5007 3497 5077 loqueretur,

1850 5098 2080 5155 nullum
2102 5114 2371 5169 unquam
2401 5095 2651 5151 verbum
2676 5095 2837 5166 quod
2862 5110 3140 5150 revocare
3164 5093 3351 5157 vellet,
3369 5093 3508 5147 emi-

1853 5189 1962 5260 sit;
1989 5189 2102 5244 hoc
2127 5188 2320 5259 potius
2343 5186 2417 5241 de
2430 5184 2779 5240 hominibus
2797 5184 2915 5251 Dei,
2936 5183 3041 5254 qui
3057 5182 3273 5252 Spiritu
3294 5191 3500 5236 sancto

1852 5279 1965 5334 acti
1996 5275 2177 5333 locuti
2210 5279 2367 5337 sunt,
2400 5288 2586 5345 quam
2616 5274 2689 5327 de
2721 5272 2818 5326 illo
2839 5287 3018 5341 quem
3044 5270 3125 5323 sic
3159 5270 3359 5325 Cicero
3384 5270 3507 5326 lauo

1849 5367 1973 5433 dat,
2008 5364 2403 5420 saluberrima
2427 5361 2643 5433 pietate
2657 5359 3018 5415 credendum
3041 5364 3145 5413 est.
3168 5359 3256 5412 Ab
3271 5358 3381 5413 hac
3395 5374 3506 5429 ego

1851 5454 2199 5511 excellentia
2228 5461 2347 5509 tam
2367 5452 2543 5521 longe
2570 5450 2809 5511 absum,
2832 5453 2891 5502 ut
2920 5448 2966 5501 si
2990 5446 3221 5501 nullum
3255 5448 3503 5504 verbum

1851 5544 2013 5616 quod
2046 5556 2328 5596 revocare
2375 5540 2584 5594 vellem
2623 5537 2943 5609 protulero,
2978 5536 3138 5591 fatuo
3179 5536 3288 5592 sim
3320 5553 3504 5609 quam

1913 5651 1927 5681 ¹
1962 5648 2087 5711 Mss.
2119 5648 2360 5711 plerique
2393 5660 2403 5694 :
2444 5644 2593 5708 Quod
2622 5644 2679 5691 in
2709 5658 2785 5691 me
2816 5657 2921 5691 non
2949 5646 3269 5705 cognoscunt,
3302 5657 3379 5692 me
3418 5646 3510 5691 mi-

1849 5711 1986 5761 nime
2010 5710 2263 5773 diligunt.

2832 5784 3217 5857 (Dix-Neuf.)
