4074 6158
531 190 635 245 587

533 312 783 387 sapienti
817 308 1082 365 similior.
1108 306 1259 361 Illius
1288 302 1512 375 quippe
1533 301 1753 372 scripta
1781 314 2020 355 summa
2050 300 2188 352 sunt

532 402 873 460 auctoritate
906 394 1283 467 dignissima,
1316 391 1419 463 qui
1456 387 1686 445 nullum
1737 387 2006 451 verbum,
2062 400 2182 441 non

531 492 691 564 quod
736 499 1017 543 revocare
1058 482 1253 547 vellet,
1286 479 1389 535 sed
1420 477 1584 551 quod
1615 493 1891 533 revocare
1922 474 2183 539 deberet,

533 577 747 635 emisit.
773 577 892 630 Hoc
913 574 1047 646 quis
1062 572 1195 645 quis
1209 569 1484 626 nondum
1502 575 1587 623 est
1612 572 1944 627 assecutus,
1974 580 2187 619 secun-

533 669 644 722 das
662 665 884 721 habeat
907 666 1104 734 partes
1118 657 1600 729 modestiaa,quia
1618 656 1845 727 primas
1860 670 1977 709 non
1998 653 2191 724 potuit

532 756 754 814 habere
778 751 1076 823 sapientiae
1110 749 1289 820 :quia
1314 763 1433 803 non
1464 746 1648 800 valuit
1681 743 1885 799 omnia
1916 758 2036 797 non
2068 758 2191 813 pre-

535 844 780 901 nitenda
810 841 1121 911 diligenter
1134 839 1371 901 dixisse,
1397 834 1683 907 pmniteat
1697 850 1832 905 quia
1846 831 2192 902 cognoverit

536 933 794 991 dicenda
818 946 937 986 non
966 929 1174 984 fuisse.

607 1027 660 1078 4.
678 1024 823 1077 Cum
839 1034 1001 1088 ergo,
1026 1033 1145 1072 non
1161 1017 1310 1071 sicut
1324 1012 1572 1086 quidam
1589 1010 1931 1067 charissimi
1952 1010 2065 1064 mei
2087 1024 2194 1079 pu-

536 1116 684 1175 tant,
700 1109 865 1165 nulla
878 1107 970 1161 vel
993 1120 1206 1177 pauca,
1226 1102 1332 1157 sed
1351 1101 1545 1173 potius
1561 1100 1734 1171 plura
1748 1099 1993 1154 fortasse
2007 1113 2192 1169 quam

538 1202 716 1257 etiam
743 1195 1019 1252 maledici
1043 1194 1366 1265 opinantur
1383 1190 1567 1245 verba
1588 1188 1861 1256 dixerim,
1884 1203 2020 1259 quae
2051 1186 2193 1241 mal-

536 1290 654 1346 lem
679 1301 982 1349 revocare,
998 1283 1044 1338 si
1060 1297 1299 1354 possem
1317 1296 1329 1334 :
1347 1294 1467 1334 non
1482 1278 1626 1333 mihi
1640 1277 1905 1333 Tulliana
1919 1276 2017 1331 illa
2036 1275 2195 1331 blan-

538 1378 696 1434 ditur
718 1374 1030 1436 sententia,
1047 1387 1167 1443 qua
1190 1370 1415 1425 dictum
1435 1366 1781 1429 est,Nu(tun
1798 1380 2051 1434 unquam
2073 1379 2196 1420 ver-

540 1468 670 1523 bum
688 1464 846 1536 quod
861 1474 1136 1518 revocare
1159 1456 1574 1520 vellet,emisit:
1607 1454 1711 1509 sed
1733 1454 1897 1521 angit
1914 1469 1997 1507 me
2018 1452 2196 1524 plane

541 1554 862 1612 Horatiana
886 1549 1204 1611 sententia,
1230 1546 1425 1603 Nescit
1453 1560 1569 1600 v0.1.-
1588 1545 1765 1599 missa
1796 1543 2027 1598 reverti.
2055 1543 2197 1596 Hinc

542 1652 631 1701 est
678 1641 841 1715 quod
878 1638 1519 1711 periculosissimarum
1561 1632 1959 1704 quaestionum
1989 1630 2192 1697 libros,

544 1734 617 1789 de
632 1730 840 1789 Genesi
856 1728 1093 1791 scilicet,
1110 1726 1250 1780 etde
1262 1723 1561 1785 'l‘rinitate,
1577 1722 1800 1776 diutius
1819 1726 1988 1775 teneo
2010 1735 2197 1792 quam

548 1822 721 1877 vultis
750 1823 807 1873 et
834 1817 991 1873 fertis
1020 1832 1033 1878 ;
1065 1818 1128 1869 ut
1162 1814 1209 1868 si
1241 1827 1359 1867 non
1392 1812 1690 1882 potuerint
1716 1809 1828 1863 nisi
1849 1808 2071 1864 habere
2097 1809 2199 1863 ali-

546 1927 668 1983 qua
710 1924 847 1979 quas
876 1905 1083 1961 merito
1109 1901 1637 1973 reprehendantur,
1673 1898 1883 1953 saltem
1916 1898 2201 1968 pauciora

546 2001 662 2056 sint
687 2012 873 2070 quam
898 2011 1024 2050 esse
1055 1996 1316 2063 possent,
1342 1990 1386 2044 si
1420 1987 1703 2060 praecipiti
1726 1986 2201 2042 festinationem-

548 2087 877 2145 consultius
902 2083 1236 2139 ederentur.
1261 2082 1374 2134 Vos
1404 2078 1586 2142 enim,
1614 2082 1674 2132 ut
1703 2080 1908 2131 vestrm
1938 2076 2203 2131 indicant

550 2178 751 2234 littera:
776 2179 942 2244 (nam
972 2173 1087 2228 hoc
1118 2170 1263 2225 mihi
1295 2170 1477 2223 etiam
1509 2170 1750 2221 sanctus
1780 2164 1960 2221 frater
1989 2171 2041 2220 et
2071 2181 2199 2221 coe-

548 2268 835 2340 piscopus
865 2278 1033 2318 meus
1051 2260 1283 2329 scripsit
1306 2256 1675 2327 Florentius),
1694 2255 1830 2310 ideo
1862 2262 1923 2309 ut
1951 2254 2204 2311 edantur

550 2356 787 2425 urgetis,
809 2368 930 2425 quo
958 2348 1191 2422 possint
1217 2364 1250 2401 a
1283 2363 1400 2415 me,
1429 2346 1573 2400 dum
1608 2344 1666 2398 in
1699 2344 1811 2399 hac
1837 2360 2013 2399 carne
2045 2345 2200 2410 vivo,

549 2442 809 2506 defendi,
826 2456 963 2495 cum
979 2437 1157 2492 velab
1174 2436 1427 2490 inimicis
1458 2432 1890 2497 mordentibus,
1920 2433 2007 2487 vel
2022 2434 2202 2489 etiam

551 2534 628 2589 ab
644 2532 849 2588 amicis
876 2543 1087 2599 parum
1110 2523 1596 2592 intelligentibus,
1613 2520 1863 2576 fortasse
1880 2521 1937 2575 in
1954 2522 2200 2593 quibus-

548 2623 689 2678 dam
719 2619 1005 2691 cmperint
1036 2613 1325 2670 accusari.
1347 2611 1518 2677 Quod
1544 2611 1743 2681 utique
1772 2614 2088 2680 propterea
2113 2611 2200 2666 di-

548 2711 702 2774 citis,
730 2708 872 2780 quia
906 2720 1023 2760 non
1040 2702 1259 2775 putatis
1284 2716 1413 2756 esse
1434 2700 1492 2755 in
1506 2700 1589 2754 eis
1606 2698 2029 2770 aliquid,quod
2057 2715 2198 2755 vera

549 2798 740 2871 possit
767 2795 994 2851 ratione
1016 2790 1242 2862 culpari
1273 2806 1284 2845 :
1319 2790 1582 2860 alioquin
1611 2803 1730 2843 non
1760 2802 1855 2841 me
1881 2788 1954 2842 ad
1988 2804 2195 2844 eorum

548 2887 892 2945 editionem,
935 2882 1039 2936 sed
1092 2881 1168 2935 ad
1221 2878 1653 2947 diligentiorem
1712 2876 2196 2933 emendationem

548 2978 741 3049 potius
776 2969 1184 3029 hortaremini.
1236 2971 1357 3037 Ego
1411 2971 1611 3022 autem
1638 2964 1870 3037 judices
1916 2981 2109 3032 veros,
2143 2973 2198 3022 et

544 3065 787 3121 veritate
811 3076 1054 3117 severos
1086 3058 1273 3128 magis
1298 3057 1551 3123 intueor,
1579 3055 1728 3109 inter
1746 3070 1901 3126 quos
1928 3059 1986 3109 et
2010 3055 2197 3127 meip-

546 3170 680 3209 sum
714 3151 983 3223 primitus
1014 3147 1370 3203 constituere
1401 3143 1570 3198 volo:
1603 3148 1663 3198 ut
1697 3143 1773 3197 ad
1806 3142 1938 3197 illos
1968 3159 2041 3198 ea
2071 3148 2197 3200 tan-

543 3247 669 3298 tum
686 3234 1180 3312 reprehendenda
1195 3233 1564 3305 perveniant,
1579 3246 1715 3301 quas
1730 3246 1763 3286 a
1781 3247 1895 3295 me,
1912 3231 2194 3304 quamvis

542 3330 751 3385 sedulo
778 3329 1197 3399 perscrutante,
1224 3321 1470 3376 minime
1501 3319 1685 3374 videri
1711 3324 2046 3391 potuerunt.

617 3423 665 3472 ὅ.
700 3418 837 3481 Quae
851 3429 989 3469 cum
1006 3412 1087 3467 ita
1100 3412 1233 3473 sint,
1249 3409 1363 3464 hoc
1376 3413 1575 3463 tamen
1590 3407 1753 3479 quod
1780 3409 1837 3461 in
1855 3409 2024 3464 tertio
2040 3408 2193 3465 libro

542 3507 616 3561 de
641 3506 848 3561 Libero
873 3500 1148 3565 Arbitrio,
1173 3515 1310 3553 cum
1332 3497 1405 3552 de
1425 3497 1757 3552 substantia
1773 3497 2041 3552 rationali
2058 3514 2193 3568 age—

544 3612 690 3659 rem,
720 3594 802 3648 sic
825 3608 967 3647 ame
996 3590 1251 3661 positum
1274 3594 1363 3643 est
1394 3592 1455 3641 ut
1477 3586 1759 3649 dicerem,
1785 3586 1846 3639 In
1879 3588 2192 3658 corporibus

543 3688 732 3740 autem
744 3681 1098 3751 inferioribus
1115 3680 1301 3732 animo
1314 3684 1428 3747 post
1454 3678 1733 3746 peccatum
1763 3674 2018 3729 ordinata
2050 3679 2191 3746 regit

541 3788 733 3844 corpus
762 3788 941 3834 suum,
970 3784 1076 3823 non
1094 3766 1245 3822 omni
1274 3764 1429 3820 modo
1449 3780 1547 3835 pro
1568 3762 1822 3829 arbitrio,
1845 3763 1935 3819 sed
1953 3764 2094 3819 sicut
2121 3765 2193 3820 le-

541 3880 629 3934 ges
663 3858 1266 3917 universitatissinunt:
1292 3854 1607 3923 diligenter
1635 3852 2191 3926 advertantquipu—

541 3956 669 4007 tant
696 3966 787 4004 me
802 3946 1020 4019 aliquid
1049 3946 1122 4000 de
1136 3944 1337 3999 anima
1350 3942 1621 3997 humana
1648 3941 1802 3997 velut
1827 3948 2053 3997 certum
2075 3948 2188 3999 sta-

543 4040 721 4095 tuisse
742 4043 920 4107 atque
938 4031 1334 4103 ﬁxisse,quod
1366 4030 1456 4085 vel
1482 4046 1552 4083 ex
1576 4030 1923 4101 parentibus
1942 4046 2044 4100 per
2057 4048 2191 4103 pro-

542 4126 821 4197 paginem
846 4123 1061 4187 veniat,
1076 4119 1167 4174 vel
1194 4122 1253 4174 in
1270 4119 1648 4174 actibusvitaa
1674 4119 1995 4189 superioris
2011 4126 2188 4193 atque

539 4214 790 4270 cmlestis
817 4210 1167 4284 peccaverit,
1194 4212 1256 4263 ut
1277 4206 1643 4279 corruptibili
1667 4223 1844 4263 carne
1865 4215 2190 4264 mereretur

537 4302 791 4368 includi;
822 4307 875 4357 et
900 4300 1138 4354 videant
1156 4297 1238 4352 sic
1265 4313 1299 4352 a
1329 4312 1423 4351 me
1450 4295 1632 4351 verba
1656 4294 1839 4350 fuisse
1873 4312 2183 4369 perpensa,

538 4401 599 4448 ut
631 4396 858 4448 retento
891 4406 961 4446 eo
992 4388 1156 4461 quod
1197 4392 1423 4442 certum
1465 4384 1683 4449 habeo,
1712 4391 1845 4456 post
1877 4393 2187 4457 peccatum

535 4482 712 4556 primi
743 4479 1005 4537 hominis
1037 4482 1207 4533 natos
1236 4491 1367 4532 esse
1395 4481 1573 4546 atque
1605 4474 1770 4529 nasci
1800 4480 2043 4531 caeteros
2083 4477 2188 4533 ho-

538 4573 725 4626 mines
759 4570 818 4623 in
850 4583 1028 4624 carne
1060 4566 1310 4638 peccati,
1346 4565 1439 4618 cui
1476 4564 1763 4619 sanandas
1794 4564 1950 4619 venit
1983 4564 2041 4620 in
2085 4568 2182 4621 Do-

538 4660 701 4714 mino
732 4656 1058 4712 similitudo
1087 4653 1858 4725 carnispeccati,itaomnia
1882 4661 2182 4720 sonarent,

535 4754 600 4802 ut
647 4746 791 4800 nulli
824 4745 1278 4817 praejudicarent
1324 4742 1590 4813 opinioni
1636 4747 1895 4812 quatuor
1923 4743 2180 4810 illarum,

533 4852 687 4909 quas
710 4839 913 4906 postea
944 4833 1355 4903 digessiatque
1386 4832 1642 4896 distinxi,
1667 4846 1788 4887 non
1816 4831 2183 4889 conﬁrmans

531 4926 818 4998 aliquam,
837 4924 936 4977 St‘d
963 4921 1193 4977 interim
1213 4919 1373 4991 quod
1389 4920 1644 4991 agebam
1673 4926 2040 4992 sequestrata
2057 4923 2181 4980 illa-

527 5032 661 5072 rum
686 5012 1059 5069 discussione
1089 5009 1517 5074 determinans,
1540 5013 1605 5063 ut
1633 5024 2031 5083 quaecumque
2062 5012 2180 5069 illa-

529 5122 659 5161 rum
699 5119 837 5158 vera
870 5105 1041 5164 esset,
1069 5103 1219 5155 Deus
1241 5099 1367 5153 sine
1390 5097 1576 5153 dubio
1602 5097 1962 5154 laudaretur.

598 5197 651 5248 6.
671 5193 803 5247 Sive
827 5190 985 5247 enim
1016 5206 1085 5244 ex
1110 5187 1206 5243 illa
1234 5202 1349 5242 una
1375 5202 1584 5241 omnes
1608 5187 1821 5243 animaa
1841 5204 2181 5261 propagen-

530 5290 641 5347 tur,
682 5284 799 5336 sive
849 5278 1195 5348 singillatim
1246 5278 1301 5331 in
1346 5275 1597 5343 singulis
1642 5276 1807 5341 ﬁant,
1843 5278 1964 5332 sive
2012 5292 2177 5337 extra

527 5376 732 5424 creatae
753 5370 1076 5430 mittantur,
1094 5367 1213 5421 sive
1229 5366 1285 5419 in
1303 5380 1552 5435 corpora
1572 5370 1782 5434 sponte
1798 5373 2171 5437 mergantur;

527 5458 730 5528 procul
757 5456 943 5511 dubio
960 5461 1227 5511 creatura
1244 5455 1352 5509 ista
1372 5452 1694 5523 rationalis,
1716 5454 1769 5507 itl
1794 5456 2175 5514 esthumanaa

528 5546 742 5599 animm
773 5552 1001 5609 natura,
1031 5544 1088 5597 in
1123 5543 1475 5613 corporibus
1508 5542 1904 5608 inferioribus,
1938 5546 2049 5601 hoc
2091 5552 2174 5603 est

527 5633 791 5697 terrenis,
808 5639 942 5704 post
960 5638 1265 5701 peccatum
1278 5632 1556 5687 ordinata
1569 5634 1713 5703 regit
1735 5649 1951 5705 corpus
1966 5652 2140 5691 suum
2156 5678 2173 5704 ,

1803 174 1863 232 S.
1903 169 2292 229 AUGUSTINI
2333 169 2373 225 E
2386 169 2662 229 PlSCOPI

3788 183 3875 241 588

2295 310 2413 351 non
2446 297 2616 353 omni
2633 298 2814 355 modo
2841 314 2950 370 pro
2964 298 3232 367 arbitrio,
3261 298 3492 354 interim
3512 301 3663 371 quod
3688 312 3886 365 constat

2292 391 2609 456 peccatum
2636 386 2811 458 primi
2854 386 3115 443 hominis
3148 388 3187 440 ¹.
3215 389 3343 442 Non
3374 387 3525 443 enim
3571 389 3771 448 dictum
3794 401 3884 459 est,

2298 476 2433 529 Post
2447 482 2751 545 peccatum
2770 493 2969 540 suum,
2985 481 3107 541 aut,
3128 477 3515 547 Posteaquam
3531 481 3785 549 peccavit;
3807 486 3888 539 sed

2294 562 2518 619 dictum
2554 571 2659 630 est,
2693 565 2821 621 Post
2846 570 3124 637 peccatum
3156 582 3172 620 :
3205 570 3266 620 ut
3296 565 3596 637 quodlibet
3622 575 3823 639 postea,
3852 574 3889 628 si

2295 652 2419 707 ﬁeri
2463 660 2679 722 posset,
2712 654 2988 710 discussa
3034 655 3180 710 ratio
3214 654 3554 721 declararet,
3586 656 3699 712 sive
3725 674 3895 729 pecca-

2297 747 2421 797 tum
2452 742 2584 813 ejus
2608 760 2623 809 ;
2651 743 2772 798 sive
2801 748 3111 815 peccatum
3144 743 3341 799 carnis
3372 746 3515 814 ejus,
3538 750 3681 800 recte
3708 748 3893 805 dictum

2295 831 2722 901 intelligeretur
2751 833 2917 905 quod
2942 834 3165 889 dictum
3199 839 3306 897 est,
3338 834 3463 887 Post
3477 839 3732 904 peccatum
3756 839 3804 891 in
3828 841 3895 893 in-

2294 921 2587 988 ferioribus
2605 923 2931 991 corporibus
2960 924 3219 978 ordinata
3245 924 3381 992 regit
3408 938 3592 993 corpus
3622 939 3785 991 suum,
3814 943 3897 983 non

2296 1010 2449 1064 omni
2463 1010 2619 1066 modo
2639 1027 2737 1080 pro
2763 1012 3019 1077 arbitrio,
3043 1011 3186 1083 quia
3209 1016 3265 1067 et
3294 1026 3431 1066 caro
3454 1013 3797 1083 concupiscit
3813 1017 3895 1071 ad-

2298 1114 2505 1154 versus
2538 1101 2813 1169 spiritum
2838 1101 3044 1170 (Galat.
3062 1117 3121 1169 v,
3149 1101 3261 1171 17),
3281 1100 3771 1169 etingemiscimus
3796 1118 3903 1172 gra-

2299 1185 2416 1242 vati
2435 1188 2504 1258 (ΙΙ
2525 1187 2648 1243 Cor.
2670 1205 2725 1253 v,
2742 1189 2816 1260 4),
2836 1193 2892 1245 et
2912 1204 3129 1260 corpus
3143 1189 3306 1261 quod
3321 1188 3902 1262 corrumpitur,aggra-

2298 1279 2399 1331 vat
2423 1276 2710 1333 amimam
2728 1276 2878 1349 (Sap.
2899 1294 2977 1342 ix,
2997 1278 3109 1349 i5):
3128 1278 3331 1350 etquis
3348 1278 3549 1333 omnia
3569 1286 3784 1334 enarret
3802 1296 3905 1335 car-

2299 1364 2452 1419 nalis
2492 1365 2858 1422 inﬁrmitatis
2908 1366 3337 1422 incommoda?
3386 1382 3519 1437 qua:
3571 1368 3758 1439 utique
3807 1384 3906 1424 non

2298 1458 2636 1520 erunt,cum
2649 1455 3031 1528 corruptibile
3044 1456 3159 1512 hoc
3174 1456 3275 1511 ind
3286 1456 3430 1511 uerit
3443 1454 3908 1527 incorruptionem

2297 1544 2343 1615 (ι
2376 1542 2497 1598 Cor.
2534 1559 2628 1613 xv,
2647 1544 2758 1615 53),
2777 1550 2837 1600 ut
2863 1544 3261 1601 absorbeatur
3288 1544 3536 1600 mortale
3565 1560 3601 1600 a
3625 1544 3752 1601 vita.
3776 1548 3909 1601 Tunc

2299 1632 2502 1703 itaque
2531 1633 3065 1706 spiritualecorpus
3092 1639 3255 1704 reget
3270 1634 3433 1690 omni
3461 1636 3636 1689 modo
3650 1650 3751 1706 pro
3782 1634 3912 1690 arbi-

2300 1718 2415 1773 trio
2432 1737 2445 1787 ;
2465 1735 2625 1774 nunc
2650 1736 2789 1776 vero
2812 1736 2932 1775 non
2953 1721 3119 1776 omni
3140 1721 3344 1785 modo,
3364 1720 3467 1775 sed
3494 1721 3638 1776 sicut
3654 1720 3799 1789 leges
3811 1722 3912 1776 uni-

2302 1808 2597 1863 versitatis
2610 1808 2945 1880 sinunt,per
2956 1825 3110 1881 quas
3122 1809 3513 1865 constitutum
3524 1813 3611 1865 est
3629 1814 3689 1864 ut
3699 1824 3914 1881 corpora

2304 1902 2434 1952 orta
2463 1896 2759 1963 occidant,
2793 1903 2847 1954 et
2870 1903 3043 1954 aucta
3060 1903 3398 1954 senescant.
3426 1900 3571 1953 Nam
3590 1897 3742 1954 illius
3766 1897 3912 1969 primi

2304 1984 2565 2041 hominis
2605 1986 2828 2052 anima,
2866 1993 3002 2043 ante
3042 1992 3355 2059 peccatum
3411 1986 3638 2043 etiamsi
3680 1986 3915 2042 nondum

2307 2073 2613 2145 spirituale
2642 2090 2882 2147 corpus,
2898 2075 3003 2132 sed
3033 2075 3314 2143 animale,
3340 2081 3543 2132 tamen
3573 2091 3678 2148 pro
3708 2074 3916 2131 arbitrio

2306 2163 2570 2233 regebat.
2605 2166 2737 2220 Post
2768 2171 3079 2236 peccatum
3109 2170 3327 2227 autem.
3365 2164 3427 2220 id
3449 2170 3539 2221 est
3566 2169 3916 2236 posteaquam

2308 2258 2622 2324 peccatum
2654 2255 2715 2309 in
2754 2254 2853 2309 illa
2886 2270 3064 2310 carne
3104 2256 3501 2310 commissum
3541 2258 3708 2317 esset,
3733 2269 3796 2309 ex
3821 2268 3918 2323 qua

2308 2340 2589 2413 deinceps
2603 2346 3037 2413 propagaretur
3048 2358 3189 2399 caro
3208 2344 3461 2414 peccati,
3479 2342 3679 2398 anima
3704 2340 3918 2396 rationa-

2306 2428 2379 2485 lis
2393 2430 2477 2485 sic
2498 2436 2587 2486 est
2610 2432 2668 2486 in
2681 2430 3056 2486 inferioribus
3070 2431 3422 2502 corporibus
3447 2430 3734 2494 ordinata,
3750 2433 3807 2484 ut
3824 2441 3920 2484 non

2308 2520 2474 2573 omni
2506 2519 2687 2575 modo
2718 2535 2825 2590 pro
2852 2519 3097 2575 arbitrio
3127 2524 3293 2591 regat
3321 2535 3546 2591 corpus
3574 2534 3759 2574 suum.
3786 2516 3919 2582 Quod

2308 2607 2357 2662 si
2380 2608 2647 2663 nondum
2662 2609 3050 2681 acquiescunt
3070 2609 3126 2664 in
3144 2609 3433 2680 parvulis,
3450 2608 3554 2681 qui
3580 2607 3735 2665 nulla
3759 2606 3923 2662 adhuc

2307 2702 2553 2768 peccata
2579 2699 2819 2769 propria
2844 2698 3294 2763 commiserunt,
3318 2697 3451 2768 jam
3477 2703 3672 2753 tamen
3694 2708 3922 2752 essecar-

2307 2800 2444 2840 nem
2474 2787 2720 2856 peccati,
2744 2786 2888 2858 quia
2919 2792 2973 2841 et
2996 2785 3135 2841 huic
3166 2786 3635 2853 sanandas,cum
3660 2784 3922 2857 baptizan-

2307 2878 2421 2943 tur,
2452 2875 2784 2930 necessaria
2814 2880 2905 2931 est
2936 2875 3252 2941 medicina,
3283 2874 3615 2931 similitudo
3645 2873 3740 2929 illa
3761 2872 3925 2928 carnis

2306 2964 2563 3034 peccati;
2583 2980 2691 3018 nec
2705 2963 2786 3019 sic
2802 2963 2926 3019 istis
2948 2964 3146 3019 verbis
3162 2964 3388 3020 nostris
3410 2964 3636 3021 habent
3653 2960 3799 3035 quod
3821 2974 3926 3014 suc-

2305 3059 2604 3108 censeant.
2641 3056 2881 3109 Constat
2909 3054 3154 3125 quippe,
3176 3052 3285 3109 nisi
3320 3052 3518 3122 fallor,
3542 3052 3797 3109 eamdem
3825 3064 3928 3103 car-

2304 3156 2464 3206 nem,
2488 3141 2718 3198 etiamsi
2746 3158 2867 3197 non
2901 3142 3060 3207 vitio,
3092 3142 3197 3198 sed
3228 3147 3451 3198 natura
3482 3140 3720 3197 inﬁrma
3746 3144 3840 3201 est,
3862 3141 3926 3190 ta-

2306 3245 2439 3284 men
2473 3236 2610 3302 post
2635 3236 2948 3302 peccatum
2976 3230 3231 3301 cmpisse
3256 3232 3429 3287 nasci
3463 3249 3475 3287 :
3501 3231 3642 3304 quia
3663 3242 3841 3300 neque
3863 3226 3925 3281 ita

2303 3322 2538 3373 creatus
2565 3325 2649 3375 est
2667 3319 2883 3385 Adam,
2909 3334 3104 3391 neque
3128 3318 3394 3391 aliquem
3426 3320 3636 3390 genuit
3657 3322 3785 3375 ante
3813 3329 3919 3387 pec-

2303 3413 2522 3464 catum.

2372 3501 2424 3551 7.
2456 3498 2731 3562 Quaerant
2744 3512 2885 3567 ergo
2898 3496 3013 3553 alia
3034 3512 3168 3569 quas
3187 3502 3344 3553 recte
3357 3495 3808 3570 reprehendant,
3827 3506 3922 3547 non

2302 3584 2495 3640 solum
2528 3587 2587 3640 in
2620 3585 2748 3640 aliis
2770 3584 3579 3651 festinantiuseditis,verum
3603 3580 3926 3641 etiaminhis

2300 3673 2445 3744 ipsis
2475 3673 2637 3728 libris
2653 3674 2801 3728 meis
2828 3674 2901 3729 de
2934 3673 3134 3729 Libero
3160 3675 3442 3731 Arbitrio.
3460 3678 3663 3747 Neque
3684 3672 3924 3728 enimeos

2299 3763 2647 3818 inventuros
2674 3778 2827 3833 nego
2857 3762 3017 3818 unde
3049 3762 3192 3818 mihi
3218 3763 3585 3820 beneﬁcium
3624 3762 3924 3821 conferant;

2300 3852 2587 3923 quoniam
2610 3852 2656 3905 si
2676 3851 2961 3924 illi,quod
2984 3853 3104 3924 jam
3126 3852 3186 3907 in
3210 3852 3547 3910 multorum
3578 3866 3786 3908 manus
3803 3848 3926 3903 exie-

2299 3944 2456 4005 runt,
2485 3940 2699 4010 corrigi
2728 3956 2849 3996 non
2881 3946 3155 4012 possunt,
3190 3956 3300 4012 ego
3331 3949 3495 3999 certe
3520 3941 3803 4015 quoniam
3819 3936 3926 3991 vivo

2299 4028 2516 4094 adhuc,
2547 4045 2819 4100 possum.
2850 4031 2977 4085 Haec
3008 4035 3209 4085 autem
3238 4030 3429 4088 verba
3453 4038 3574 4087 tam
3605 4036 3769 4086 caute
3793 4043 3825 4082 a
3851 4038 3927 4079 me

2298 4117 2514 4189 posita,
2553 4124 2613 4173 ut
2656 4118 2799 4173 nulli
2830 4118 2904 4173 de
2931 4119 3149 4174 animas
3180 4127 3392 4176 exortu
3423 4125 3690 4194 quatuor
3723 4116 3929 4174 illarum

2297 4205 2564 4277 opinioni
2591 4206 2882 4262 rationive
2900 4208 3378 4279 prsescriberem,
3409 4209 3472 4265 hi
3505 4214 3736 4265 tantum
3766 4217 3929 4276 repre-

2296 4294 2584 4361 hendant,
2621 4296 2722 4367 qui
2747 4296 3301 4368 reprehendendam
3326 4303 3551 4371 putant
3580 4295 3837 4353 eamdem
3860 4292 3931 4363 ip-

2297 4400 2416 4440 sam
2430 4385 2504 4441 de
2527 4402 2585 4441 re
2600 4391 2723 4441 tam
2752 4386 3011 4442 obscura
3030 4388 3469 4443 cunctationem
3496 4404 3725 4445 meam:
3755 4386 3932 4440 contra

2295 4488 2449 4545 quos
2491 4490 2587 4529 me
2626 4489 2746 4529 non
2790 4474 3069 4541 defendo,
3099 4475 3263 4548 quod
3299 4480 3461 4532 recte
3495 4475 3711 4533 faciam
3751 4477 3807 4529 in
3838 4471 3931 4526 hac

2294 4562 2622 4633 quiestione
2652 4562 2940 4632 cunctari;
2974 4578 3110 4619 cum
3140 4564 3392 4620 omnino
3436 4580 3562 4621 non
3596 4564 3854 4620 dubitem
3889 4561 3933 4612 et

2294 4649 2694 4707 immortalem
2717 4667 2849 4707 esse
2862 4654 3283 4719 animam,non
3302 4654 3384 4710 ita
3412 4660 3476 4710 ut
3496 4656 3671 4719 Deus,
3688 4651 3782 4724 qui
3795 4648 3933 4705 solus

2294 4738 2477 4795 habet
2514 4740 3022 4797 immortalitatem
3061 4741 3127 4812 (Ι.
3172 4744 3305 4807 Tim,
3348 4759 3429 4808 v1,
3468 4743 3581 4815 16),
3617 4742 3719 4799 sed
3776 4736 3933 4794 modo

2293 4828 2561 4899 quodam
2594 4831 2681 4885 sui
2710 4832 2973 4899 generis;
3002 4836 3058 4885 et
3087 4846 3220 4885 eam
3264 4846 3401 4887 esse
3444 4836 3803 4894 creaturam,
3830 4839 3931 4882 non

2294 4917 2691 4975 substantiam
2704 4918 3013 4985 Creatoris,
3028 4920 3140 4974 etsi
3154 4918 3303 4991 quid
3319 4919 3492 4976 aliud
3507 4920 3584 4977 de
3604 4926 3814 4976 natura
3825 4916 3935 4984 ejus

2291 5007 2686 5062 certissimum
2718 5012 2909 5063 teneo.
2942 5007 3057 5063 Sed
3078 5008 3221 5080 quia
3247 5007 3364 5065 hoc
3407 5026 3509 5065 me
3551 5009 3744 5065 facere
3795 5018 3933 5061 com-

2288 5094 2453 5166 pellit
2482 5096 2552 5150 de
2584 5097 2798 5152 animas
2838 5100 3045 5151 exortu
3068 5095 3595 5166 caliginosissimse
3617 5091 3936 5169 quaestionis

2285 5184 2641 5250 obscuritas,
2676 5200 2923 5241 manum
2964 5185 3163 5257 potius
3190 5186 3509 5257 porrigant
3540 5181 3857 5245 conﬁtenti,
3885 5184 3939 5233 et

2287 5272 2576 5345 quidquid
2603 5273 2743 5328 illud
2777 5279 2864 5329 est
2899 5290 3075 5330 nosse
3101 5274 3404 5346 cupienti;
3440 5282 3500 5331 et
3560 5274 3833 5336 doceant,
3894 5266 3935 5321 si

2348 5398 2361 5425 ¹
2388 5395 2511 5444 Mss.
2536 5396 2716 5446 Gallic.
2744 5400 3005 5459 quatuor:
3036 5396 3137 5445 Pro
3155 5396 3401 5453 arbitrio,
3422 5397 3636 5445 interim
3665 5394 3795 5459 quod
3810 5403 3932 5459 cons:

2286 5463 2358 5508 tat
2386 5464 2499 5523 post
2509 5450 2790 5523 peccatum:
2814 5463 2911 5508 etc.
2932 5458 3015 5508 Sic
3037 5460 3195 5508 etiam
3223 5450 3461 5523 quatuor
3483 5450 3929 5523 Vaticjnisiquod

2284 5534 2345 5568 ex
2384 5519 2463 5569 bis
2491 5519 2599 5570 duo
2629 5526 2813 5571 carent
2841 5534 2987 5581 voce,
3020 5519 3255 5571 interim:
3294 5522 3533 5581 Quidam
3565 5522 3697 5573 Cdd.
3731 5519 3929 5581 habent.

2283 5584 2417 5645 quod
2435 5589 2630 5632 constat
2648 5588 2862 5646 peccato,
2890 5579 2990 5633 etc.
3012 5584 3108 5633 Abi
3130 5598 3272 5639 vero.
3290 5579 3501 5634 cii-teris
3522 5584 3700 5635 verbis
3716 5579 3929 5632 omissis.

2281 5660 2387 5693 non
2407 5648 2550 5695 omni
2576 5648 2725 5695 modo
2750 5661 2847 5710 pro
2876 5647 3117 5697 arbitrio.
3147 5647 3266 5696 Non
3286 5647 3432 5697 cutim
3447 5647 3647 5699 dictum
3674 5652 3762 5704 est,
3782 5648 3875 5696 etc.
