4074 6158
90 84 339 119 "rd

215 184 322 241 589

205 310 484 379 possunt,
510 305 598 362 vel
629 303 971 370 ostendant,
1002 304 1049 360 si
1080 305 1224 377 quid
1250 305 1325 361 de
1354 306 1468 362 hac
1494 321 1555 362 re
1584 304 1679 360 vel
1703 308 1865 361 certa

202 396 437 452 ratione
457 394 815 460 didicerunt,
849 394 942 449 vel
978 394 1355 465 apertissimo
1386 394 1593 450 divino
1628 393 1865 466 eloquio

202 486 605 543 crediderunt.
638 485 693 541 Si
720 485 878 540 enim
904 484 1055 540 ratio
1077 489 1285 541 contra
1305 486 1639 541 divinarum
1675 483 1867 554 Scrip-

203 581 479 632 turarum
524 573 936 630 auctoritatem
967 572 1251 639 redditur,
1298 573 1627 646 quamlibet
1693 576 1869 627 acuta

205 664 303 732 sit,
338 663 483 718 fallit
514 661 1084 729 verisimilitudine;
1112 678 1253 718 nam
1282 678 1420 718 vera
1450 677 1578 717 esse
1609 677 1728 716 non
1763 677 1870 732 po-

204 751 589 811 test.Rursus
621 752 667 806 si
699 750 1202 807 manifestissima:
1217 749 1869 823 certaequerationivel-

206 851 271 899 ut
322 841 765 913 Scripturarum
808 845 1151 896 sanctarum
1192 840 1469 911 objicitur
1507 838 1870 904 auctoritas;

205 948 332 989 non
347 930 732 1001 intelligitqui
749 930 864 986 hoc
876 928 1037 995 facit,
1057 936 1111 984 et
1129 945 1250 985 non
1274 929 1714 1001 Scripturarum
1738 927 1874 983 illa-

204 1036 345 1077 rum
380 1035 647 1082 sensum,
680 1019 757 1074 ad
789 1034 969 1090 quem
1000 1030 1309 1089 penetrare
1337 1033 1455 1074 non
1495 1017 1710 1090 potuit,
1769 1014 1876 1070 sed

206 1125 393 1165 suum
424 1107 623 1180 potius
665 1107 868 1178 objicit
897 1107 1143 1172 veritati,
1176 1122 1286 1163 nec
1332 1106 1497 1179 quod
1539 1106 1598 1161 in
1626 1105 1732 1173 eis,
1770 1103 1877 1160 sed

208 1195 376 1271 quod
411 1196 470 1251 in
504 1195 704 1268 seipso
734 1194 893 1251 velut
925 1210 1035 1266 pro
1066 1196 1150 1250 eis
1182 1195 1423 1261 invenit,
1461 1194 1733 1266 opponit.

287 1289 341 1342 8.
376 1284 639 1357 Exempli
662 1284 853 1355 gratia
873 1283 1202 1353 :diligenter
1218 1282 1456 1339 attende
1472 1281 1636 1355 quod
1652 1281 1874 1337 dicam.

211 1374 513 1447 Scriptum
543 1378 631 1428 est
660 1388 846 1445 prope
860 1371 1191 1427 ﬁnemlibri
1215 1372 1317 1444 qui
1338 1376 1582 1427 vocatur
1602 1369 1881 1425 Ecclesia-

211 1467 360 1532 stes,
379 1478 516 1518 cum
547 1461 621 1516 de
650 1460 946 1518 solutione
961 1460 1390 1533 hominis,quae
1417 1460 1483 1515 ﬁt
1504 1475 1608 1529 per
1628 1463 1880 1514 mortem

210 1551 395 1609 istam
422 1567 544 1623 qua
564 1550 860 1606 dirimitur
885 1550 1089 1606 anima
1115 1566 1152 1605 a
1174 1565 1447 1621 corpore,
1474 1550 1775 1619 Scriptura
1802 1547 1884 1602 lo-

214 1647 538 1714 queretur:
567 1640 643 1695 Et
669 1645 1049 1696 convertatur
1074 1639 1270 1707 pulvis
1308 1638 1371 1694 in
1435 1644 1677 1701 terram,
1734 1637 1883 1692 sicut

214 1731 387 1801 fuit:
418 1735 472 1786 et
502 1730 745 1798 spiritus
780 1734 1124 1785 revertatur
1187 1728 1263 1783 ad
1320 1726 1504 1783 Deum
1568 1725 1666 1797 qui
1729 1724 1884 1781 dedit

217 1836 355 1877 eum
386 1818 606 1887 (Eccte.
640 1833 738 1884 xu,
780 1818 856 1889 7).
930 1818 1228 1874 Sententia
1286 1816 1465 1887 hujus
1522 1815 1885 1871 auctoritatis

218 1907 433 1981 procul
463 1907 648 1963 dubio
675 1912 832 1963 certa
861 1911 967 1971 est,
997 1922 1106 1961 nec
1133 1920 1506 1979 quemquam
1533 1903 1752 1975 decipit
1783 1902 1884 1959 fal-

222 2000 431 2054 sitate:
465 1998 571 2053 sed
605 1997 652 2051 si
682 1996 988 2069 quispiam
1019 1996 1272 2050 voluerit
1302 2010 1438 2050 eam
1478 1994 1561 2049 sic
1601 1993 1889 2065 interpre-

219 2088 356 2152 tari,
392 2092 454 2142 ut
484 2086 621 2142 inde
645 2086 988 2141 animarum
1024 2085 1440 2156 propaginem,
1481 2082 1649 2155 quod
1680 2098 1751 2137 ex
1790 2081 1889 2137 illa

220 2192 349 2232 una
382 2192 565 2247 quam
595 2175 747 2230 Deus
780 2176 973 2246 primo
1004 2174 1233 2229 homini
1269 2173 1452 2238 dedit,
1508 2187 1720 2227 omnes
1774 2186 1891 2225 cae-

222 2272 369 2322 terte
399 2265 663 2330 veniant,
691 2269 937 2320 conetur
959 2263 1298 2319 adstruere:
1327 2262 1557 2317 videtur
1582 2260 1662 2315 illi
1684 2258 1892 2315 suffra-

222 2355 354 2425 gari
380 2352 545 2426 quod
570 2352 649 2408 ibi
682 2353 757 2408 de
789 2367 965 2409 carne
997 2352 1222 2407 dictum
1251 2357 1338 2407 est
1366 2349 1629 2422 pulveris
1650 2349 1893 2404 nomine

225 2447 396 2515 (nam
423 2444 623 2515 utique
655 2441 854 2513 pulvis
886 2447 943 2497 et
975 2440 1218 2512 spiritus
1243 2439 1390 2495 nihil
1422 2438 1585 2495 aliud
1617 2438 1732 2493 hoc
1762 2438 1894 2493 loco

225 2548 417 2605 quam
450 2534 651 2587 anima
681 2536 733 2586 et
761 2546 898 2587 caro
925 2529 1307 2599 intelligitur),
1340 2535 1402 2584 ut
1428 2544 1499 2583 eo
1528 2527 1710 2583 modo
1739 2526 1892 2582 afﬁr-

230 2628 353 2679 met
376 2622 645 2677 animam
668 2621 878 2676 reverti
912 2620 989 2676 ad
1016 2620 1225 2683 Deum,
1259 2617 1427 2690 quod
1453 2618 1526 2673 sit
1547 2617 1621 2672 de
1652 2617 1895 2673 traduce

228 2712 389 2769 illius
411 2712 630 2767 animae
661 2726 846 2782 quam
880 2709 1075 2781 primo
1102 2707 1330 2764 homini
1364 2707 1527 2763 dedit
1560 2709 1734 2771 Deus,
1754 2722 1896 2778 que-

232 2800 633 2859 madmodum
666 2798 1028 2855 convertitur
1052 2813 1193 2853 caro
1232 2798 1292 2852 in
1334 2801 1572 2860 terram,
1624 2811 1760 2851 cum
1822 2795 1896 2849 sit

233 2892 416 2948 etiam
447 2890 579 2960 ipsa
609 2888 683 2943 de
710 2886 953 2943 traduce
982 2886 1138 2942 illius
1170 2885 1367 2941 carnis
1408 2901 1544 2957 quas
1584 2884 1642 2939 in
1702 2885 1897 2954 primo

233 2980 482 3037 homine
510 2978 585 3033 de
615 2981 771 3033 terra
790 2976 944 3033 facta
970 2983 1091 3031 est:
1126 2992 1195 3031 ac
1223 2975 1303 3030 sic
1336 2973 1661 3030 contendat
1685 2989 1757 3029 ex
1782 2972 1897 3027 hoc

233 3068 399 3141 quod
425 3067 501 3123 de
530 3081 709 3122 carne
740 3065 1118 3120 notissimum
1150 3068 1258 3129 est,
1283 3062 1499 3118 debere
1521 3077 1631 3117 nos
1660 3061 1900 3116 credere

234 3156 384 3213 illud
415 3155 578 3229 quod
608 3154 683 3210 de
718 3154 921 3210 anima
977 3152 1278 3208 occultum
1335 3157 1441 3206 est.
1506 3150 1587 3205 De
1652 3151 1900 3204 traduce

233 3246 460 3318 quippe
492 3244 683 3300 carnis
709 3258 830 3298 non
862 3242 1208 3311 ambigitur,
1239 3241 1342 3296 sed
1372 3241 1447 3295 de
1469 3240 1685 3295 animae
1714 3238 1902 3293 ambi-

233 3337 413 3405 gitur.
444 3334 772 3405 Utrumque
800 3336 999 3387 autem
1028 3330 1108 3385 ita
1138 3330 1402 3401 positum
1436 3333 1522 3383 est
1552 3328 1609 3383 in
1642 3328 1755 3383 hoc
1794 3331 1903 3382 tes-

234 3424 508 3488 timonio,
542 3422 697 3477 velut
728 3419 960 3492 singula
990 3418 1239 3491 singulis
1266 3417 1436 3490 parili
1489 3418 1715 3472 ratione
1765 3415 1895 3470 red-

234 3512 495 3568 dantur:
526 3526 664 3567 caro
692 3508 912 3564 scilicet
939 3512 1320 3564 convertatur
1352 3507 1410 3561 in
1442 3509 1685 3569 terram,
1753 3504 1906 3560 sicut

236 3601 383 3667 fuit;
414 3598 553 3655 inde
580 3598 738 3654 enim
770 3602 1010 3669 sumpta
1035 3599 1141 3661 est,
1173 3595 1421 3666 quando
1449 3594 1641 3650 factus
1672 3596 1759 3649 est
1789 3592 1907 3663 prio

238 3706 377 3746 mus
406 3689 625 3744 homo:
660 3692 715 3742 et
745 3685 986 3757 spiritus
1016 3688 1339 3740 revertatur
1400 3682 1479 3738 ad
1542 3686 1750 3746 Deum,
1805 3680 1905 3753 qui

238 3778 407 3836 dedit
435 3793 570 3833 eum
602 3774 848 3848 quando
880 3772 1204 3829 insuﬁlavit
1257 3772 1316 3826 in
1376 3771 1587 3827 faciem
1644 3769 1906 3825 hominis

240 3883 425 3941 quem
456 3866 727 3929 ﬁnxerat,
760 3862 971 3918 ﬂatum
1006 3862 1158 3928 vitae,
1193 3866 1250 3917 et
1280 3860 1468 3916 factus
1500 3865 1589 3915 est
1627 3859 1810 3914 homo
1850 3860 1908 3912 in

242 3957 511 4015 animam
539 3954 737 4009 vivam
766 3952 937 4023 (Gen.
966 3952 1105 4019 11,7),
1150 3955 1212 4005 ut
1252 3949 1532 4020 deinceps
1558 3964 1628 4003 ex
1662 3951 1911 4019 utraque

242 4061 308 4105 re
342 4043 647 4114 utriusque
678 4041 760 4096 rei
792 4055 1064 4113 propago
1099 4040 1460 4095 decurreret.

320 4134 371 4189 9.
399 4135 817 4187 Verumtamen
845 4130 892 4184 si
925 4129 1069 4185 illud
1104 4137 1190 4184 est
1220 4143 1454 4191 verum,
1482 4126 1641 4198 quod
1680 4126 1914 4182 animas

244 4238 373 4281 non
386 4237 457 4277 ex
473 4220 568 4276 illa
586 4234 709 4275 una
731 4223 1118 4291 propagatas,
1140 4217 1244 4272 sed
1263 4215 1403 4272 alibi
1417 4220 1649 4271 creatas
1664 4213 1913 4284 singulis

249 4310 526 4381 singulas
562 4310 716 4364 Deus
748 4309 871 4374 dat,
897 4308 1073 4363 etiam
1115 4306 1254 4361 huic
1284 4306 1606 4368 sententiae,
1644 4302 1919 4372 congruit

250 4399 420 4476 quod
436 4398 660 4454 dictum
676 4397 1055 4466 est,Spiritus
1070 4400 1410 4452 revertatur
1420 4394 1500 4450 ad
1512 4394 1693 4450 Deum
1708 4392 1810 4464 qui
1820 4392 1921 4448 de-

252 4491 343 4547 dit
361 4504 515 4545 eum.
534 4486 683 4544 Solae
705 4500 847 4555 ergo
877 4484 1118 4555 reliquae
1144 4484 1279 4539 dum
1305 4482 1617 4553 opiniones
1646 4482 1922 4537 videntur

254 4578 493 4637 excludi
512 4594 527 4645 ;
544 4576 687 4647 quia
699 4576 746 4629 si
766 4574 974 4630 tierent
992 4574 1050 4628 in
1067 4572 1317 4643 singulis
1334 4572 1685 4628 hominibus
1703 4571 1921 4627 animm

256 4666 691 4742 propriae,cum
724 4668 1018 4729 creantur,
1046 4678 1167 4717 non
1200 4666 1443 4733 putatur
1472 4660 1586 4715 dici
1618 4660 1922 4724 debuisse,

255 4756 524 4825 Spiritus
549 4756 889 4811 revertatur
914 4753 993 4807 ad
1018 4753 1197 4807 Deum
1227 4751 1332 4822 qui
1351 4750 1510 4806 dedit
1536 4764 1687 4815 eum,
1716 4749 1820 4804 sed
1849 4749 1926 4804 ad

260 4848 450 4901 Deum
467 4843 569 4914 qui
582 4842 717 4897 fecit
730 4856 865 4895 eum
879 4856 890 4894 :
908 4840 1082 4895 Dedit
1097 4839 1256 4893 enim
1274 4839 1447 4893 veluti
1464 4838 1543 4892 sic
1557 4835 1929 4908 sonat,quasi

254 4934 387 5006 jam
410 4937 573 4987 extra
603 4929 776 4987 fuerit
801 4928 964 5001 quod
982 4928 1106 4984 dari
1138 4933 1361 4999 posset.
1381 4926 1599 4982 Deinde
1623 4925 1783 4998 quod
1808 4924 1928 4980 dic-

261 5028 394 5079 tum
422 5025 527 5086 est,
547 5025 888 5076 revertatur
913 5018 994 5075 ad
1026 5019 1231 5081 Deum,
1266 5020 1479 5087 urgent
1498 5014 1682 5070 verbo
1713 5019 1769 5069 et
1798 5029 1927 5085 pre-

264 5114 466 5174 munt,
481 5109 746 5165 dicentes
771 5125 783 5163 :
804 5107 1122 5173 Quomodo
1144 5111 1482 5170 revertetur,
1499 5104 1599 5159 ubi
1618 5119 1931 5175 nunquam

265 5203 449 5257 antea
489 5196 712 5254 fuerit?
733 5198 932 5252 Potius
958 5194 1119 5251 enim
1162 5194 1278 5251 dici
1323 5193 1613 5249 debuisse
1638 5198 1930 5257 asserunt,

268 5292 338 5345 Et
362 5289 444 5359 (a)
461 5287 536 5344 ad
551 5287 735 5342 Deum
752 5285 841 5341 vel
862 5290 1086 5356 pergat,
1110 5283 1202 5339 vel
1224 5286 1408 5338 vadat
1420 5283 1497 5338 ad
1512 5283 1931 5353 Deum,quam,

268 5381 619 5435 Revertatur
647 5374 724 5431 ad
738 5374 948 5438 Deum,
962 5375 1010 5429 si
1038 5388 1352 5445 nunquam
1376 5371 1490 5427 illic
1503 5376 1679 5427 antea
1694 5372 1936 5443 spiritus

270 5468 388 5525 iste
428 5466 614 5522 fuisse
656 5463 993 5521 credendus
1033 5468 1141 5519 est.
1183 5464 1324 5518 ltem
1365 5460 1673 5534 quomodo
1721 5461 1937 5516 animae

341 5664 414 5729 (a)
448 5662 604 5714 Forte
629 5660 754 5725 leg.,
786 5665 887 5711 eat.

1476 177 1975 237 EPISTOLARUM
2014 181 2301 239 CLASSIS
2345 184 2440 239 ΙΙΙ.

3525 197 3632 251 590

1974 310 2189 377 sponte
2212 307 2499 365 labantur
2525 310 2583 365 in
2615 327 2847 385 corpus,
2869 328 3004 369 cum
3032 317 3320 388 scriptum
3352 319 3444 385 sit,
3475 321 3634 377 dedit

1973 406 2263 462 eum,non
2277 400 2396 452 tam
2427 398 2485 453 in
2507 406 2793 472 promptu
2821 406 2909 457 est
2930 403 3241 475 explicare.
3272 408 3352 462 Ac
3377 422 3482 479 per
3498 409 3633 477 hoc,

1976 487 2039 538 ut
2068 482 2210 547 dixi,
2242 484 2377 541 dum
2406 487 2529 542 ista:
2557 489 2875 559 opiniones
2904 492 3018 547 sub
3044 494 3239 549 verbis
3269 495 3449 566 hujus
3481 501 3638 554 testi-

1976 571 2162 625 monii
2184 571 2487 630 laborant:
2508 591 2646 641 una,
2664 594 2786 648 qua
2804 584 3091 649 putantur
3116 581 3362 654 singulis
3381 601 3637 658 quaeque

1977 660 2197 715 animae
2212 662 2268 715 in
2283 662 2532 731 singulis
2548 666 2671 719 suis
2685 668 3035 737 corporibus
3062 670 3220 735 ﬁeri;
3256 673 3390 740 alia,
3405 690 3525 746 qua
3539 691 3643 745 pu-

1979 754 2179 807 tantur
2192 750 2249 805 in
2265 766 2516 823 corpora
2530 760 2737 825 sponte
2752 755 3027 827 demergi.
3042 760 3280 815 Duabus
3295 768 3483 819 autem
3504 764 3639 830 illis,

1979 839 2101 893 sive
2128 839 2201 894 de
2225 841 2467 897 traduce
2498 842 2653 898 illius
2685 846 2857 900 unius
2878 847 3143 914 veniant,
3165 850 3285 905 sive
3316 857 3493 907 antea
3514 854 3643 923 jam

1981 932 2193 983 creatm
2224 934 2278 983 et
2304 932 2465 1001 apud
2497 933 2683 988 Deum
2710 936 3065 1001 constitutae,
3095 937 3346 1009 singulis
3380 943 3643 1013 corpori-

1984 1014 2099 1070 bus
2132 1016 2365 1084 dentur,
2390 1020 2515 1074 sine
2546 1020 2751 1077 labore
2780 1023 2961 1080 verba
2987 1024 3097 1080 ista
3128 1031 3498 1097 coaptantur.

2062 1106 2144 1160 t0.
2181 1108 2242 1161 Et
2264 1112 2462 1163 tamen
2497 1109 2543 1163 si
2562 1116 2885 1167 assertores
2917 1113 3044 1183 ejus
3064 1116 3369 1171 sententiae
3391 1133 3513 1189 qua
3527 1134 3648 1173 cre-

1986 1194 2437 1251 dunturanimae
2462 1197 2520 1253 in
2535 1198 2660 1253 suis
2689 1200 2937 1270 singulis
2955 1203 3306 1275 corporibus
3330 1205 3476 1271 fieri,
3492 1208 3648 1263 afﬁr-

1990 1288 2155 1339 ment
2174 1285 2397 1340 itaesse
2423 1286 2646 1343 dictum
2666 1288 2739 1344 de
2767 1290 3115 1363 spiritu,qui
3140 1309 3246 1364 pro
3272 1294 3650 1367 animaposi-

1991 1378 2085 1429 tus
2102 1378 2207 1439 est,
2223 1375 2377 1430 Deus
2398 1375 2556 1431 dedit
2570 1391 2721 1443 eum,
2737 1380 3253 1449 quemadmodum
3269 1389 3423 1438 recte
3450 1383 3653 1441 dititur

1992 1462 2231 1517 dedisse
2244 1463 2417 1519 nobis
2438 1464 2663 1529 oculos,
2678 1466 2767 1520 vel
2785 1484 2979 1534 aures,
2996 1468 3086 1523 vel
3102 1486 3339 1537 manus,
3355 1472 3442 1527 vel
3455 1475 3650 1546 quod-

1992 1551 2134 1607 libet
2154 1552 2487 1624 aliud,qum
2522 1554 2794 1611 membra
2822 1556 3022 1628 utique
3038 1574 3156 1612 non
3185 1561 3655 1631 extrajamfece-

1993 1645 2101 1707 rat,
2120 1640 2404 1696 etalicubi
2428 1641 2687 1712 reposita
2703 1642 2989 1707 habebat,
3003 1660 3140 1716 quas
3158 1663 3296 1702 cum
3310 1664 3463 1720 opus
3480 1656 3652 1716 esset,

1994 1728 2181 1794 daret,
2195 1728 2310 1785 hoc
2327 1736 2433 1795 est,
2448 1730 2693 1786 adderet
2710 1737 2763 1785 et
2782 1732 3133 1803 adjungeret
3154 1736 3287 1801 ;sed
3305 1737 3417 1792 illic
3439 1739 3657 1795 eafecit

1997 1817 2059 1873 in
2072 1819 2445 1889 corpore,cui
2459 1818 2692 1874 dedisse
2708 1820 2801 1875 illa
2816 1821 3055 1877 dicitur:
3073 1824 3212 1895 quid
3229 1825 3280 1879 ei
3296 1828 3659 1898 respondea-

1998 1911 2091 1963 tur
2105 1923 2221 1961 non
2242 1907 2442 1970 video;
2462 1908 2578 1962 nisi
2598 1907 2745 1964 forte
2765 1908 2882 1965 alia
2896 1910 2987 1965 vel
3004 1913 3341 1970 testimonia
3358 1916 3660 1986 proferan-

1999 1995 2211 2060 tur,vel
2224 2001 2383 2051 certa
2396 1997 2545 2051 ratio
2562 1997 2718 2052 unde
2732 1998 2843 2053 ista
2854 1999 3059 2069 opinio
3074 2000 3661 2077 refellaturJtemque

2000 2085 2080 2141 illi
2100 2085 2200 2158 qui
2217 2086 2672 2156 putantanimas
2695 2087 2752 2141 in
2774 2102 3021 2158 corpora
3048 2096 3262 2160 sponte
3279 2091 3563 2159 deﬂuere,
3580 2095 3663 2149 sic

2001 2176 2283 2245 accipunt
2300 2174 2713 2237 dictum,Deus
2736 2175 2899 2231 dedit
2927 2192 3075 2243 eum,
3094 2180 3405 2249 quomodo
3434 2181 3658 2240 dictum

2002 2268 2107 2326 est,
2126 2262 2396 2318 Tradidit
2421 2262 2557 2318 illos
2572 2264 2724 2319 Deus
2738 2264 2799 2319 in
2822 2266 3357 2335 concupiscentiam
3373 2272 3563 2327 cordis
3577 2287 3667 2327 eo-

2003 2369 2136 2408 rum
2153 2354 2391 2423 (Rom.i,
2408 2354 2520 2422 24).
2540 2353 2788 2408 Proinde
2813 2370 2995 2409 unum
3021 2356 3271 2412 verbum
3286 2358 3661 2432 relinquitur,

2006 2442 2171 2515 quod
2183 2442 2407 2497 dictum
2429 2446 2537 2506 est,
2554 2449 2896 2498 revertatur
2915 2444 2996 2499 ad
3011 2445 3221 2512 Deum,
3242 2462 3358 2519 quo
3373 2454 3547 2519 pacto
3570 2465 3663 2505 ac-

2001 2531 2115 2603 cipi
2131 2530 2317 2602 possit
2337 2529 2568 2596 reverti,
2586 2529 2689 2586 ubi
2706 2535 2841 2587 ante
2866 2532 3139 2597 nonfuit,
3159 2535 3205 2589 si
3224 2535 3443 2593 animae
3468 2538 3525 2592 in
3543 2539 3667 2593 suis

2001 2635 2258 2693 quaeque
2271 2618 2625 2689 corporibus
2642 2618 2938 2693 ﬁunt;quo
2954 2621 3083 2678 solo
3096 2624 3279 2680 verbo
3296 2626 3661 2682 unaillarum

2001 2714 2261 2782 quatuor
2291 2712 2646 2777 angustatur
2672 2709 2895 2780 opinio.
2916 2710 3028 2765 Sed
3054 2726 3247 2783 neque
3281 2719 3521 2785 propter
3550 2716 3662 2770 hoc

2005 2814 2191 2853 unum
2208 2798 2453 2852 verbum
2472 2801 2689 2851 temere
2704 2797 2981 2853 existimo
2996 2798 3156 2855 illam
3175 2803 3521 2858 sententiam
3536 2820 3664 2860 esse

2003 2886 2400 2949 refutandam,
2418 2901 2491 2940 ne
2518 2885 2663 2941 forte
2689 2887 3339 2961 possitostendialiquo
3355 2893 3663 2961 generelo-

2006 2974 2281 3039 cutionis,
2298 2990 2419 3046 quo
2436 2979 2643 3030 sancta
2660 2975 2959 3047 Scriptura
2983 2977 3066 3033 uti
3094 2977 3260 3043 solet,
3280 2979 3394 3035 hoc
3424 2996 3666 3052 quoque

2007 3068 2162 3120 recte
2192 3064 2309 3119 dici
2336 3064 2620 3134 potuisse,
2648 3068 2709 3119 ut
2735 3065 2947 3119 reverti
2974 3065 3336 3134 intelligatur
3370 3068 3446 3123 ad
3482 3071 3665 3124 Deum

2008 3154 2242 3225 spiritus
2264 3157 2516 3217 creatus,
2536 3160 2821 3224 tanquam
2841 3154 2916 3208 ad
2931 3160 3237 3210 auctorem
3254 3172 3287 3211 a
3300 3172 3420 3228 quo
3436 3162 3668 3213 creatus

2008 3248 2248 3311 est,non
2277 3248 2566 3314 tanquam
2596 3242 2671 3297 ad
2695 3258 2834 3297 eum
2853 3244 3017 3314 apud
3038 3260 3219 3316 quem
3238 3246 3514 3317 primitus
3528 3246 3658 3304 fuit.

2088 3333 2318 3385 “llaec
2332 3330 2465 3385 ideo
2480 3330 2707 3401 scripsi,
2720 3335 2776 3385 ut
2790 3331 3064 3402 quisquis
3077 3331 3312 3388 illarum
3328 3340 3583 3405 quatuor
3596 3335 3670 3390 de

2012 3419 2218 3476 anima
2248 3420 2673 3473 sententiarum
2703 3418 2967 3490 aliquam
2988 3421 3240 3476 voluerit
3260 3422 3565 3479 adstruere
3590 3428 3672 3479 at-

2012 3524 2129 3581 que
2142 3507 2626 3572 defendere,talia
2641 3508 2923 3579 proferat,
2942 3509 3027 3564 vel
3042 3510 3115 3563 de
3132 3511 3445 3583 Scripturis
3462 3512 3518 3567 in
3536 3530 3674 3568 auc-

2013 3599 2305 3654 toritatem
2330 3596 2796 3652 ecclesiasticam
2828 3598 3102 3668 receptis,
3129 3615 3265 3670 quae
3294 3616 3413 3655 non
3442 3602 3676 3671 possint

2014 3685 2178 3740 aliter
2192 3685 2378 3757 accipi
2397 3704 2409 3753 ;
2426 3685 2594 3739 sicuti
2610 3691 2719 3750 est,
2735 3686 2895 3756 quod
2915 3689 3065 3741 Deus
3079 3687 3385 3743 hominem
3402 3688 3562 3745 fecit:
3584 3706 3675 3745 ve-

2015 3774 2307 3829 rationem
2330 3780 2448 3828 tam
2465 3779 2709 3838 certam,
2729 3780 2789 3829 ut
2812 3774 3199 3831 contradictio
3223 3782 3324 3831 aut
3340 3778 3499 3832 nulla
3514 3779 3673 3832 exis—

2017 3862 2489 3928 tat,autinsaniaa
2505 3860 2716 3917 similis
2734 3863 2971 3933 meritoj
2985 3864 3268 3935 udicetur;
3280 3865 3436 3920 velut
3451 3866 3499 3919 si
3512 3866 3676 3936 quis-

2017 3968 2199 4024 quam
2216 3950 2393 4019 dicat,
2406 3966 2511 4005 nec
2524 3950 2823 4006 veritatem
2838 3966 3336 4021 cognoscere,nec
3350 3953 3467 4009 falli
3482 3971 3652 4025 quem
3670 3987 3677 3994 -

2018 4056 2201 4114 quam
2218 4056 2395 4111 posse
2410 4040 2520 4094 nisi
2547 4040 2865 4095 viventem.
2886 4043 3082 4113 Neque
3111 4042 3268 4097 enim
3286 4048 3349 4096 ut
3366 4043 3678 4099 videamus

2019 4145 2205 4202 quam
2228 4129 2338 4184 hoc
2356 4129 2425 4184 sit
2450 4144 2678 4194 verum,
2700 4129 3137 4200 Scripturarum
3154 4131 3469 4188 auctoritas
3482 4148 3678 4188 neces-

2023 4218 2183 4274 saria
2196 4223 2377 4283 est,ac
2391 4233 2511 4273 non
2527 4233 2736 4273 sensus
2750 4219 2875 4290 ipse
2889 4220 3227 4274 communis
3240 4220 3319 4276 ita
3332 4236 3537 4276 verum
3553 4237 3680 4277 esse

2022 4309 2341 4381 perspicua
2354 4307 2578 4362 ratione
2592 4306 3011 4379 proclamat,ut
3026 4309 3298 4381 quisquis
3314 4311 3683 4365 contradixe-

2026 4395 2615 4461 rit,dementissimus
2641 4395 2955 4450 habeatur.
2976 4399 3091 4451 Hoc
3114 4397 3158 4450 si
3184 4399 3241 4451 in
3266 4397 3682 4453 istaobscuris-

2028 4487 2184 4541 sima
2205 4486 2534 4557 quaestione
2561 4500 2695 4554 qua:
2717 4484 2790 4537 de
2814 4485 3016 4538 anima
3039 4490 3148 4551 est,
3166 4491 3444 4557 praestare
3466 4486 3681 4558 aliquis

2029 4573 2343 4647 potest,adj
2357 4577 2488 4627 uvet
2502 4572 2855 4643 imperitiam
2874 4574 3261 4645 meam:quod
3278 4574 3321 4627 si
3339 4590 3455 4629 non
3474 4582 3683 4646 potest,

2030 4679 2149 4719 non
2169 4661 2818 4734 culpetcunctationem
2837 4677 3054 4715 meam.

2109 4756 2188 4806 t2.
2210 4754 2285 4806 De
2306 4749 2631 4818 virginitate
2653 4756 2852 4804 autem
2868 4757 3086 4805 sanctae
3102 4751 3308 4816 Mariae,
3327 4752 3374 4806 si
3391 4753 3502 4808 hoc
3525 4755 3688 4826 quod

2035 4840 2239 4911 scripsi
2272 4854 2390 4893 non
2425 4838 2742 4910 persuadet
2773 4839 2896 4893 fieri
2922 4841 3204 4911 potuisse,
3239 4842 3515 4911 neganda
3556 4849 3691 4896 sunt

2036 4930 2242 4986 omnia
2281 4943 2416 5000 quas
2456 4926 2805 4982 mirabiliter
2836 4928 2893 4982 in
2936 4930 3284 4999 corporibus
3327 4931 3688 4985 acciderunt.

2039 5018 2211 5085 Quod
2239 5018 2283 5072 si
2304 5022 2617 5088 propterea
2638 5032 2757 5071 non
2788 5016 3067 5083 creditur,
3098 5019 3240 5089 quia
3265 5018 3447 5073 semel
3469 5018 3693 5074 factum

2040 5112 2361 5178 est,quaere
2379 5105 2456 5161 ab
2479 5105 2673 5160 amico
2696 5122 2875 5177 quem
2900 5106 3011 5160 hoc
3037 5106 3233 5161 adhuc
3260 5112 3473 5169 movet,
3499 5112 3692 5161 utrum

2040 5197 2185 5253 nihil
2203 5194 2542 5251 inveniatur
2560 5195 2616 5248 in
2645 5193 2847 5249 litteris
2868 5194 3427 5265 sazcularibusquod
3444 5200 3501 5249 et
3515 5196 3698 5250 semel

2041 5286 2260 5342 factum
2278 5286 2368 5349 sit,
2384 5290 2439 5339 et
2463 5288 2662 5338 tamen
2677 5284 2967 5337 creditum
2995 5298 3113 5338 nou
3129 5282 3404 5337 fabulosa
3419 5285 3701 5340 vanitatel

2044 5374 2327 5440 sed,sicut
2347 5372 2707 5439 existimant,
2728 5372 3008 5427 historica
3032 5371 3146 5425 ﬁde
3166 5389 3178 5438 ;
3201 5387 3421 5442 qumre,
3448 5373 3699 5430 obsecro

2047 5469 2119 5518 te.
2139 5464 2193 5519 Si
2212 5464 2369 5516 enim
2384 5460 2496 5517 tale
2522 5460 2746 5531 aliquid
2764 5461 2823 5514 in
2846 5459 3174 5515 illislitteris
3189 5461 3701 5532 invenirinegave,

2046 5552 2142 5615 rit,
2166 5550 2586 5606 admonendus
2608 5554 2726 5617 est;
2754 5548 2801 5604 si
2828 5554 3031 5604 autem
3058 5548 3256 5604 fassus
3282 5549 3474 5617 fuerit,
3510 5552 3707 5609 soluta

2049 5638 2304 5715 quaastio
2324 5643 2430 5695 est.
