4136 6172
274 200 398 261 *693

1534 190 2037 253 EPISTOLARUM
2082 194 2370 254 CLASSIS
2410 200 2505 257 III.

3601 216 3708 272 594

269 321 437 386 Bai-is
463 344 498 384 a
532 325 954 385 nobiszetideo
968 340 1088 381 non
1112 323 1378 380 dubitavi
1397 328 1449 379 te
1475 319 1810 378 contristari
1829 335 1940 392 po-
2062 323 2422 380 mandatum
2438 327 2594 383 enim
2618 329 2856 399 gravius
2874 330 3184 403 delinquit,
3214 335 3316 407 qui
3332 352 3438 407 per
3457 340 3704 396 manda-

265 422 480 483 tuisse,
500 418 547 473 si
570 432 673 472 eos
692 415 947 471 vidisses
971 414 1097 469 sine
1119 414 1321 469 litteris
1346 413 1511 479 meis,
1532 428 1685 485 quos
1705 428 1738 467 a
1761 410 1933 466 nobis

260 507 583 580 profectos,
626 510 681 561 et
718 510 884 560 tanta
919 502 1097 559 nobis
1138 502 1538 559 familiaritate
1578 502 1932 573 conjunctos

259 582 546 665 ignorare
564 610 684 651 non
706 609 914 665 posses
933 612 945 661 ;
962 592 1139 648 simul
1152 593 1329 647 etiam
1346 592 1491 664 quia
1504 590 1930 661 rescriptorum

258 685 501 740 debitor
514 685 616 740 fui.
636 684 781 739 Nam
798 699 869 738 ex
892 698 1012 754 quo
1037 680 1598 753 sumpsiepistolam
1613 686 1801 748 tuam,
1817 679 1929 733 nisi

257 789 426 829 nunc
442 774 705 845 primum
719 771 1092 843 rescripsisse
1110 786 1201 825 me
1216 770 1444 825 nescio:
1464 771 1639 825 tantis
1655 769 1808 823 enim
1830 784 1927 822 cu-

254 863 343 919 ris
364 861 630 918 obstricti
651 866 707 917 et
726 860 963 916 distenti
980 876 1211 925 sumus,
1231 865 1292 914 ut
1313 860 1491 915 etiam
1506 858 1620 913 hoc
1637 857 1922 911 nesciam.

332 956 386 1006 2.
405 951 581 1007 Vobis
602 955 801 1006 autem
832 948 1349 1021 quemadmodum
1366 947 1505 1002 sitet
1522 950 1719 1001 utrum
1753 946 1922 1001 vobis

253 1040 527 1112 aliquam
539 1040 1128 1111 requiem,quantum
1144 1039 1199 1092 in
1216 1038 1329 1092 hac
1344 1043 1499 1092 terra
1510 1040 1719 1106 potest,
1732 1035 1924 1091 Domi-

251 1144 374 1185 nus
395 1127 926 1201 praastiterit,valde
940 1143 1109 1183 nosse
1124 1126 1419 1198 cupimus:
1434 1142 1472 1198 q
1483 1124 1727 1180 uoniam
1740 1124 1787 1178 si
1800 1124 1920 1194 glo-

249 1218 522 1275 riﬁcatur
537 1234 723 1273 unum
748 1216 1110 1281 membrum,
1127 1214 1507 1285 congaudent
1520 1214 1722 1270 omnia
1736 1230 1918 1268 mem-

249 1308 365 1363 bra
380 1308 423 1379 (Ι
453 1308 590 1364 Cor.
604 1324 704 1373 xu,
722 1307 811 1377 26)
830 1323 844 1372 ;
860 1312 1041 1377 atque
1065 1305 1144 1361 ita
1163 1305 1519 1377 plerumque
1534 1304 1918 1373 contingit,ut

248 1397 403 1452 dum
424 1396 657 1468 aliquos
696 1395 905 1450 fratres
926 1394 1232 1450 nostrosin
1250 1392 1803 1465 quantulacumque
1817 1407 1913 1446 re-

246 1486 393 1556 quie
407 1485 780 1548 constitutos,
794 1484 853 1539 in
878 1482 1088 1538 mediis
1109 1483 1324 1537 nostris
1344 1480 1739 1537 anxietatibus
1758 1480 1910 1549 cogi-

245 1578 597 1637 tamus,non
612 1588 797 1645 parva
811 1588 880 1627 ex
894 1578 1061 1643 parte
1074 1586 1428 1635 recreemur,
1438 1578 1718 1642 tanquam
1734 1575 1789 1625 et
1802 1586 1912 1625 nos

243 1662 309 1718 in
332 1662 480 1735 ipsis
498 1663 754 1735 quietius
775 1660 1271 1733 tranquilliusque
1303 1660 1596 1715 vivamus.
1625 1659 1908 1723 Quamvis

241 1753 424 1807 etiam
446 1768 584 1807 cum
610 1749 893 1806 molestiae
914 1750 974 1805 in
995 1750 1174 1820 hujus
1191 1750 1322 1805 vitae
1350 1748 1663 1820 fragilitate
1680 1747 1906 1803 crebre-

240 1846 439 1906 scunt,
455 1847 741 1897 aaternam
756 1839 1021 1912 requiem
1041 1855 1149 1894 nos
1162 1839 1503 1894 desiderare
1517 1836 1900 1909 compellunt.

238 1928 499 1986 Mundus
521 1930 744 2001 quippe
766 1928 874 1984 iste
906 1926 1294 1999 periculosior
1318 1932 1406 1982 est
1433 1925 1690 1981 blandus
1714 1942 1899 1997 quam

238 2017 611 2083 molestus,et
628 2017 809 2087 magis
824 2017 1123 2072 cavendus
1137 2032 1264 2070 cum
1280 2015 1513 2071 seillicit
1530 2014 1899 2087 diligi,quam

235 2121 377 2161 cum
410 2106 697 2162 admonet
722 2104 997 2177 cogitque
1019 2105 1502 2160 contemni.Nam
1526 2121 1663 2158 cum
1691 2103 1897 2159 omnia

232 2196 447 2266 quain
464 2194 560 2250 illo
574 2200 729 2259 sunt,
750 2193 1237 2265 concupiscentia
1250 2193 1595 2257 sintcarnis,
1612 2198 1895 2249 etconcu-

234 2284 529 2356 piscentia
553 2284 885 2347 oculorum,
901 2288 957 2338 et
977 2282 1222 2338 ambitio
1247 2282 1446 2338 saeculi
1463 2282 1853 2353 (lJoan.u,16)
1877 2298 1890 2347 ;

232 2389 396 2444 saepe
419 2373 596 2429 etiam
622 2372 691 2427 iis
708 2372 812 2444 qui
837 2372 1050 2426 talibus
1079 2371 1430 2443 spiritualia,
1448 2370 1791 2435 invisibilia,
1808 2388 1892 2426 a3-

228 2466 401 2517 terna
417 2459 958 2532 prmponuntdserit
969 2476 1030 2516 se
1044 2465 1287 2515 terrente
1302 2459 1603 2514 suavitatis
1616 2457 1884 2525 affectus,

227 2556 287 2605 et
327 2549 821 2606 delectationibus
876 2550 997 2603 suis
1044 2553 1249 2603 nostra
1299 2548 1614 2603 comitatur
1667 2545 1886 2602 ofﬁcia.

236 2640 477 2705 Quanto
490 2639 639 2693 enim
652 2637 1070 2693 suntcharitati
1084 2636 1281 2692 futura
1296 2635 1560 2701 meliora,
1577 2641 1739 2691 tanto
1756 2644 1893 2696 sunt

235 2726 571 2783 inﬁrmitati
584 2726 937 2783 violentiora
956 2726 1291 2797 praesentia.
1316 2728 1376 2780 Et
1393 2726 1622 2780 utinam
1642 2726 1682 2780 ii
1704 2726 1804 2797 qui
1822 2743 1891 2783 ea

230 2816 437 2871 videre
451 2822 506 2871 et
526 2831 761 2886 gemere
786 2820 1099 2878 noverunt,
1117 2815 1350 2869 vincere
1364 2820 1419 2869 et
1435 2815 1685 2869 evadere
1707 2831 1884 2870 mere-

230 2912 413 2961 antur
429 2906 441 2960 !
456 2905 620 2978 quod
636 2904 760 2960 sine
777 2906 875 2958 Dei
904 2905 1092 2973 gratia
1110 2904 1273 2958 nullo
1285 2904 1468 2958 modo
1482 2905 1761 2959 voluntas
1776 2906 1883 2959 im-

225 2994 353 3067 plet
373 2994 671 3062 humana;
701 3009 835 3065 quae
860 3008 965 3047 nec
989 2992 1174 3047 libera
1195 2992 1569 3055 dicendaest,
1592 2994 1885 3063 quamdiu

224 3088 317 3139 est
331 3082 698 3138 vincentibus
712 3087 767 3137 et
783 3081 1170 3137 vincientibus
1182 3081 1605 3152 cupiditatibus
1622 3080 1878 3136 subdita.

220 3173 268 3227 A
288 3187 412 3244 quo
426 3171 584 3226 enim
611 3171 745 3242 quis
758 3170 1027 3225 devictus
1046 3176 1155 3234 est,
1170 3169 1309 3224 huic
1322 3176 1591 3224 etservus
1604 3170 1879 3225 addictus

218 3260 391 3329 est(ll
409 3261 565 3316 Petr.
584 3278 640 3326 ιι,
667 3260 777 3330 t9):
800 3258 948 3324 et,Si
968 3274 1066 3315 vos
1082 3259 1272 3314 Filius
1287 3258 1647 3323 liberaverit,
1663 3260 1880 3330 aitipse

219 3351 321 3404 Dei
357 3348 550 3412 Filius,
586 3355 728 3404 tunc
756 3364 890 3405 vere
922 3348 1094 3403 liberi
1112 3348 1271 3403 erilis
1296 3348 1495 3418 (Joan.
1522 3364 1641 3412 vui,
1675 3349 1786 3420 36).

289 3436 343 3492 3.
364 3438 685 3509 Lexitaque
698 3436 972 3492 docendo
986 3444 1040 3491 et
1048 3436 1319 3508 jubendo
1332 3436 1496 3508 quod
1521 3438 1645 3491 sine
1686 3440 1877 3507 gratia

215 3527 456 3597 impleri
480 3543 599 3583 non
623 3531 831 3598 potest,
863 3526 1093 3582 homini
1119 3526 1491 3581 demonstrat
1513 3544 1685 3583 suam
1717 3528 1875 3583 inﬁr-

216 3618 510 3682 mitatem,
528 3622 589 3671 ut
613 3616 1255 3688 quieratdemonstrata
1272 3616 1586 3672 inﬁrmitas
1608 3617 1870 3674 Salvato.

214 3722 361 3772 rem,
381 3721 417 3760 a
440 3721 564 3776 quo
584 3710 793 3760 sanata
807 3704 1083 3760 voluntas
1106 3706 1464 3777 possitquod
1497 3705 1738 3762 inﬁrma
1750 3724 1872 3764 non

216 3799 443 3867 posset.
478 3797 590 3850 Lex
608 3795 785 3864 igitur
810 3793 1055 3849 adducit
1083 3795 1156 3850 ad
1178 3793 1379 3858 ﬁdem,
1405 3794 1556 3848 ﬁdes
1589 3794 1871 3866 impetrat

212 3883 497 3955 Spiritum
514 3883 1131 3952 largiorem,di£fundit
1145 3882 1395 3954 Spiritus
1409 3883 1866 3951 cbaritatem,im-

210 3973 329 4043 plet
369 3972 629 4028 charitas
662 3972 878 4042 legem.
915 3972 1054 4028 Ideo
1095 3972 1185 4027 lex
1217 3974 1585 4044 paedagogus
1626 3980 1868 4031 vocatur

208 4060 427 4131 (Galat.
460 4061 796 4128 m,24),sub
809 4062 982 4131 cujus
1008 4061 1415 4116 minacissima
1440 4063 1748 4119 severitate
1763 4065 1867 4136 qui

207 4150 576 4205 invocaverit
602 4166 820 4206 nomen
847 4151 1077 4205 Domini
1101 4150 1300 4205 salvus
1326 4151 1433 4205 erit
1467 4150 1627 4221 (Joel.
1662 4169 1720 4217 ιι,
1740 4156 1856 4221 32).

209 4239 529 4304 Quomodo
549 4246 749 4294 autem
767 4239 1137 4295 invocabunt
1166 4241 1224 4294 in
1247 4256 1429 4311 quem
1463 4256 1582 4296 non
1598 4242 1862 4298 credide-

206 4333 348 4384 runt
362 4328 533 4389 (Rom.
550 4345 605 4394 x,
630 4328 711 4399 t4)
724 4328 754 4380 ‘I
767 4328 1019 4384 Proinde
1034 4345 1106 4383 ne
1124 4329 1317 4384 littera
1345 4330 1469 4384 sine
1484 4330 1691 4401 spiritu
1708 4332 1863 4387 occi-

205 4415 332 4481 dat,
351 4416 599 4486 Spiritus
612 4416 1004 4478 viviﬁcaus(ll
1021 4418 1143 4473 Cor.
1161 4418 1301 4487 ui,6)
1318 4420 1693 4474 credentibus
1708 4422 1859 4476 etin-

204 4504 568 4561 vocantibus
599 4505 770 4561 datur
799 4524 815 4575 ;
846 4505 1102 4562 charitas
1126 4521 1263 4561 vero
1296 4509 1393 4562 Dei
1419 4508 1770 4564 diffunditur
1798 4510 1857 4567 in

203 4592 491 4650 cordibus
506 4594 719 4649 nostris
737 4610 841 4665 per
860 4594 1145 4665 Spiritum
1162 4602 1436 4651 sanctum
1465 4598 1565 4667 qui
1580 4600 1755 4653 datus
1769 4605 1859 4656 est

200 4682 381 4738 nobis
417 4683 589 4743 (Rom.
613 4698 667 4745 ν,
695 4683 770 4753 5),
796 4681 1152 4753 utﬁatquod
1175 4684 1335 4739 idem
1360 4685 1667 4755 apostolus
1693 4686 1852 4753 dicit,

200 4770 496 4826 Plenitudo
509 4772 641 4842 legis
658 4771 1376 4841 charitastld.xui,10).lta
1390 4774 1547 4829 bona
1561 4775 1751 4830 estlex
1774 4776 1853 4832 illi

199 4860 308 4932 qui
323 4875 394 4915 ea
409 4859 669 4929 legitime
696 4862 933 4933 utitur(I
948 4862 1077 4916 Tim.
1096 4876 1136 4926 1,
1154 4866 1235 4927 8):
1258 4862 1437 4916 utitur
1462 4869 1654 4917 autem
1673 4864 1854 4934 legiti-

200 4964 299 5004 me
311 4949 413 5021 qui
428 4949 761 5018 intelligens
782 4966 969 5021 quare
984 4950 1057 5005 sit
1072 4952 1231 5015 data,
1247 4966 1353 5022 per
1367 4952 1498 5022 ejus
1526 4953 1854 5010 commina-

200 5036 422 5093 tionein
441 5036 797 5107 confugitad
811 5038 1061 5108 gratiam
1090 5039 1458 5095 liberantem.
1490 5041 1633 5096 Huic
1648 5044 1850 5111 gratia;

194 5125 702 5198 quajustiﬁcatur
728 5128 973 5197 impius,
998 5128 1275 5200 quisquis
1301 5128 1573 5201 ingratus
1596 5130 1848 5188 velutad

193 5214 390 5283 legem
411 5214 781 5285 implendam
815 5216 885 5270 de
900 5215 1022 5270 suis
1046 5216 1265 5271 viribus
1286 5216 1435 5283 ﬁdit,
1452 5218 1735 5287 ignorans
1752 5222 1847 5276 Dei

184 5302 561 5375 justitiam,et
577 5320 749 5358 suam
764 5303 967 5359 volens
982 5307 1373 5377 constituere,j
1386 5308 1596 5363 ustitiae
1614 5310 1710 5363 Dei
1728 5326 1847 5366 non

189 5396 279 5447 est
293 5390 570 5445 subditus
585 5393 755 5459 (Rom.
772 5409 826 5457 ιι,
847 5393 901 5463 3)
922 5409 933 5446 :
953 5410 1022 5448 ac
1034 5410 1140 5465 per
1154 5394 1267 5450 hoc
1280 5394 1345 5450 ﬁt
1366 5396 1414 5450 ei
1430 5396 1523 5451 lex
1538 5413 1656 5452 non
1670 5398 1849 5454 abso-

190 5480 431 5535 lutionis
446 5480 944 5550 adjutorium.sed
962 5483 1254 5538 vinculum
1269 5485 1688 5541 criminis.Non
1702 5488 1847 5559 quia

187 5570 283 5625 lex
301 5570 530 5625 malum
549 5574 661 5638 est,
676 5571 779 5627 sed
798 5571 1250 5643 quiapeccalum,
1270 5574 1420 5629 sicut
1434 5574 1720 5645 scriptum
1735 5583 1842 5643 est,

186 5676 286 5731 per
318 5659 521 5713 bonum
548 5658 763 5715 talibus
778 5665 1035 5733 aperatur
1060 5666 1289 5717 mortem
1319 5662 1430 5734 (Id.
1464 5679 1562 5727 vn,
1604 5668 1701 5729 l3).
1738 5665 1845 5721 Per

2045 415 2168 466 tum
2201 413 2310 467 scit
2339 430 2521 486 quam
2556 418 2780 473 malum
2814 421 2884 475 sit
2914 421 3075 492 quod
3110 423 3393 481 admittit.

2111 502 2427 558 4.1naniter
2439 510 2637 561 autem
2656 513 2821 577 putat
2835 509 3113 565 victorem
3132 528 3193 565 se
3208 530 3336 567 esse
3353 518 3577 583 peccati
3592 519 3699 589 qui

2041 604 2231 661 poenas
2249 592 2454 647 timore
2469 610 2588 649 non
2606 604 2829 666 peccat;
2846 598 2989 669 quia
3003 600 3107 653 etsi
3124 615 3242 654 non
3262 602 3541 672 impletur
3554 606 3699 661 foris

2038 680 2342 749 negotium
2366 682 2535 737 malae
2568 684 2932 754 cupiditatis,
2961 686 3094 755 ipsa
3114 694 3312 744 tamen
3344 692 3503 747 mala
3528 696 3695 765 cupi-

2035 766 2357 824 ditasintus
2376 777 2465 825 est
2487 772 2689 827 hostis.
2711 775 2772 827 Et
2788 774 2921 844 quis
2939 790 3143 831 coram
3168 778 3286 832 Dea
3302 780 3589 835 innocens
3609 782 3693 837 in-

2038 857 2286 922 venitur,
2303 859 2402 930 qui
2419 860 2675 916 vultﬁeri
2689 863 2852 933 quod
2869 869 3112 929 vetatur,
3130 864 3180 918 si
3197 866 3513 923 subtrahas
3525 871 3689 941 quod

2036 946 2309 1001 timetur?
2356 954 2433 1003 Ac
2462 950 2689 1020 perhoc
2733 952 2793 1005 in
2819 952 2951 1023 ipsa
2968 952 3269 1009 voluntate
3292 971 3426 1010 reus
3444 964 3549 1021 est,
3584 960 3686 1030 qui

2034 1035 2153 1089 vult
2185 1035 2377 1091 facere
2403 1038 2567 1110 quod
2592 1055 2711 1094 non
2743 1040 2877 1096 licet
2900 1041 3047 1107 ﬁeri,
3082 1042 3185 1097 sed
3218 1044 3352 1099 ideo
3381 1060 3501 1100 non
3522 1046 3686 1115 facit,

2029 1126 2172 1194 quia
2194 1125 2440 1195 impune
2468 1143 2586 1181 non
2622 1134 2814 1199 potest
2838 1129 3143 1186 ﬁeri.Nam
3169 1135 3536 1202 quantumin
3554 1136 3685 1205 ipso

2030 1220 2136 1277 est,
2164 1214 2364 1269 mallet
2383 1231 2500 1270 non
2531 1217 2958 1287 essejustitiam
2983 1226 3231 1289 peccata
3259 1222 3677 1290 prohibentem

2028 1307 2207 1372 atque
2232 1303 2597 1372 punientem.
2622 1308 2683 1359 Et
2711 1307 2911 1378 utique
2926 1307 2972 1361 si
2997 1308 3195 1363 mallet
3225 1325 3344 1364 non
3373 1312 3680 1382 essejusti-

2029 1389 2191 1456 tiam,
2207 1392 2342 1463 quis
2358 1392 2890 1465 dubitaveritquod
2905 1412 3059 1461 eam,
3078 1398 3121 1451 si
3140 1403 3364 1468 posset,
3382 1399 3676 1456 auferret?

2023 1482 2103 1533 Ac
2118 1495 2222 1549 per
2239 1480 2354 1535 hoc
2376 1481 2896 1553 quomodojustus
2922 1490 3026 1550 est,
3045 1484 3289 1555 justitim
3324 1488 3453 1541 talis
3479 1489 3675 1544 inimi-

2023 1581 2147 1636 cus,
2167 1572 2395 1636 uteam,
2414 1570 2458 1623 si
2476 1576 2735 1640 potestas
2749 1571 2941 1637 detur,
2960 1573 3401 1644 prmcipientem
3420 1577 3671 1645 auferat,

2020 1672 2093 1712 ne
2111 1659 2578 1713 comminantem
2594 1659 2677 1713 vel
2696 1661 3065 1731 judicantem
3083 1662 3229 1718 ferat
3250 1665 3277 1717 i’
3290 1664 3571 1720 Inimicus
3585 1682 3675 1722 er-

2018 1761 2093 1815 go
2102 1746 2342 1817 justitiae
2366 1749 2577 1821 est,qui
2600 1765 2790 1820 paenae
2806 1751 3011 1806 timore
3035 1767 3155 1806 non
3182 1760 3414 1823 peccat:
3441 1756 3671 1812 amicus

2014 1842 2214 1890 autem
2229 1837 2354 1900 erit,
2372 1837 2417 1891 si
2434 1838 2562 1905 ejus
2587 1854 2791 1893 amore
2806 1855 2923 1894 non
2940 1848 3168 1910 peccet;
3200 1847 3337 1897 tunc
3351 1844 3511 1898 enim
3534 1861 3669 1900 vere

2014 1924 2246 1979 timebit
2260 1941 2525 1996 peccare.
2541 1930 2687 1982 Nam
2707 1928 2808 1999 qui
2824 1929 3129 1997 gehennas
3145 1932 3370 1994 metuit,
3396 1948 3516 1986 non
3531 1950 3666 2004 pec-

2010 2030 2146 2069 care
2170 2016 2396 2082 metuit,
2425 2016 2529 2070 sed
2545 2017 2772 2071 ardere.
2803 2016 2898 2072 Ille
2930 2026 3130 2073 autem
3156 2036 3406 2091 peccare
3434 2023 3659 2089 metuit,

2008 2105 2110 2174 qui
2128 2112 2435 2173 peccatum
2452 2104 2672 2175 ipsum,
2694 2105 3163 2175 sicutgehennas
3188 2108 3330 2164 odit.
3349 2110 3477 2181 Ipse
3494 2112 3659 2167 estti-

2008 2206 2139 2246 mor
2160 2192 2390 2247 Domini
2418 2200 2640 2258 castus,
2669 2210 3029 2264 permanens
3052 2196 3108 2249 iu
3137 2197 3422 2252 steculum
3447 2200 3649 2255 saeculi

2000 2280 2175 2349 (Psal.
2188 2297 2352 2346 xvui,
2369 2282 2480 2350 10).
2497 2283 2645 2336 Nam
2660 2282 2753 2337 ille
2767 2283 2941 2338 timor
2954 2290 3535 2354 pmnae,tormentum
3548 2288 3649 2344 ha-

2001 2368 2320 2435 bet,etnon
2334 2370 2491 2425 estin
2508 2372 2812 2436 charitate,
2836 2388 3096 2444 eumque
3120 2374 3378 2444 perfecta
3391 2375 3650 2431 charitas

1999 2457 2160 2513 foras
2192 2458 2368 2513 mittit
2400 2458 2445 2525 (Ι
2475 2459 2638 2513 Joan.
2670 2476 2746 2525 IV,
2778 2461 2889 2531 18).

2074 2551 2124 2601 5.
2141 2548 2392 2602 Tantum
2408 2562 2585 2617 porro
2602 2548 2857 2619 quisque
2871 2554 3182 2620 peccatum
3196 2551 3338 2616 odit,
3355 2558 3648 2622 quantum

1997 2635 2290 2706 justitiam
2305 2635 2491 2706 diligit
2513 2653 2526 2700 ;
2548 2636 2711 2708 quod
2735 2652 2853 2692 non
2884 2639 3240 2708 poteritlege
3258 2644 3517 2695 torrente
3546 2656 3651 2713 per

1998 2724 2275 2789 litteram,
2305 2724 2411 2779 sed
2446 2724 2662 2795 Spiritu
2682 2731 2931 2781 sanante
2960 2742 3062 2797 per
3090 2729 3363 2797 gratiam.
3394 2730 3555 2784 Tunc
3587 2731 3651 2786 fit

1997 2814 2161 2887 quod
2176 2814 2487 2885 Apostolus
2501 2814 2784 2869 admonet
2809 2831 2821 2869 :
2839 2817 3145 2871 Humanum
3159 2817 3298 2883 dico,
3326 2824 3551 2889 propter
3564 2821 3649 2874 in-

1996 2905 2311 2973 ﬁrmitatem
2324 2918 2453 2956 cam
2463 2904 2506 2956 is
2520 2909 2711 2957 vestrae
2723 2922 2742 2958 :
2754 2905 2893 2957 sicut
2907 2905 3053 2959 enim
3066 2906 3390 2960 exhibuistis
3403 2909 3645 2962 membra

1993 2996 2169 3048 vestra
2184 2992 2446 3047 deservire
2458 2992 2826 3045 immunditiaz
2839 2998 2891 3046 et
2906 2993 3192 3062 iniquitati
3207 2994 3275 3048 ad
3290 2996 3645 3065 iniquitatem

1989 3083 2040 3135 si
2049 3097 2197 3135 nunc
2208 3079 2453 3135 exhibete
2466 3079 2704 3134 membra
2720 3084 2897 3134 vestra
2910 3081 3177 3135 deservire
3188 3083 3333 3151 justi
3336 3084 3429 3137 tiae
3446 3086 3501 3136 in
3517 3100 3640 3138 san-

1987 3170 2372 3239 ctiﬁcationem
2392 3168 2565 3238 (Rom.
2595 3168 2790 3233 vx,19).
2812 3168 2965 3233 Quid
2988 3169 3143 3221 enim
3180 3170 3636 3235 est,Sicutillud,

1987 3259 2067 3314 ita
2078 3256 2692 3321 ethocznisi,Quemad
2702 3256 2949 3311 modum
2964 3256 3040 3311 ad
3054 3258 3423 3329 peccandum
3439 3260 3637 3314 nullus

1986 3363 2095 3402 vos
2109 3346 2364 3417 cogebat
2378 3347 2571 3409 timor,
2587 3345 2690 3400 sed
2704 3346 2889 3415 ipsius
2901 3345 3085 3400 libido
3100 3346 3490 3419 voluptasque
3504 3364 3638 3419 pec-

1985 3436 2231 3503 cati;sic
2252 3435 2328 3491 ad
2350 3435 2505 3505 juste
2533 3434 2853 3488 vivendum
2870 3450 2987 3489 non
3016 3450 3123 3489 vos
3139 3436 3416 3506 supplicii
3440 3444 3632 3492 metus

1985 3532 2211 3593 urgeat,
2228 3524 2332 3579 sed
2358 3522 2859 3578 ducatdelectatio
2882 3523 3255 3595 charitasque
3268 3524 3549 3595 justitite?
3569 3529 3635 3582 Et

1980 3612 2691 3684 haecquidem,quantum
2706 3610 2849 3666 mihi
2863 3612 3394 3677 videtur,nondum
3408 3620 3638 3686 estper-

1980 3701 2152 3768 fecta,
2170 3702 2273 3757 sed
2290 3700 2745 3773 quodammodo
2763 3700 2966 3756 adulta
2978 3700 2998 3770 j
3011 3701 3223 3756 ustitia.
3248 3703 3452 3773 Neque
3471 3704 3634 3759 enim

1977 3789 2194 3845 frustra
2207 3790 2605 3861 praemitteret,
2623 3790 2933 3843 Humanum
2946 3788 3084 3855 dico,
3096 3794 3320 3859 prapter
3336 3792 3632 3859 inﬁrmita-

1978 3881 2281 3934 temcarm's
2294 3878 2625 3943 vestrae,nisi
2638 3880 2779 3948 quia
2794 3878 2927 3949 plus
2943 3876 3166 3947 aliquid
3183 3878 3508 3934 dicendum
3522 3879 3630 3935 fuit

1976 3968 2023 4021 si
2032 3967 2251 4037 jamilli
2266 3967 2413 4021 ferre
2438 3966 2788 4037 potuissent.
2805 3966 2939 4020 Plus
2964 3965 3193 4037 quippe
3216 3966 3512 4022 servitutis
3528 3967 3628 4023 de-

1975 4056 2146 4112 betur
2153 4057 2172 4127 j
2186 4056 2419 4121 ustitiaa,
2434 4071 2621 4127 quam
2634 4060 2879 4127 peccato
2895 4054 3087 4110 solent
3099 4055 3371 4111 homines
3386 4056 3624 4112 exhibe-

1972 4160 2054 4199 re.
2075 4148 2221 4200 Nam
2249 4160 2427 4215 pmna
2449 4144 2712 4215 corporis
2734 4144 2845 4199 etsi
2863 4159 2984 4199 non
3008 4160 3043 4199 a
3067 4144 3391 4208 voluntate,
3422 4149 3623 4200 tamen

1972 4241 2209 4290 revocat
2222 4234 2299 4289 ab
2313 4249 2489 4305 opere
2503 4232 2747 4305 peccati.
2766 4236 2878 4288 Nec
2892 4232 3063 4288 facile
3078 4233 3402 4306 quisquam
3417 4235 3621 4306 estqui

1971 4323 2174 4394 palam
2188 4324 2538 4385 committat,
2553 4337 2675 4392 quo
2692 4321 2955 4377 illicitam
2972 4328 3026 4377 et
3039 4323 3419 4378 immundam
3435 4326 3618 4393 perci-

1970 4414 2094 4483 piat
2122 4411 2511 4482 voluptatem,
2547 4411 2596 4464 si
2628 4411 2924 4465 cruciatus
2963 4411 3237 4466 vindictae
3268 4416 3497 4466 certum
3528 4417 3620 4468 est

1969 4500 2251 4556 continuo
2269 4506 2594 4555 secuturos.
2616 4498 2849 4553 Justitia
2865 4515 3000 4553 vero
3014 4499 3097 4553 sic
3119 4498 3384 4554 amanda
3410 4505 3521 4565 est,
3554 4504 3618 4555 ut

1966 4589 2045 4644 ab
2058 4589 2107 4660 ej
2122 4605 2189 4642 us
2207 4587 2488 4659 operibus
2513 4587 2690 4642 etiam
2706 4601 2898 4656 paena:
2920 4586 3188 4659 corporis
3204 4602 3312 4641 nos
3339 4587 3615 4644 cohibere

1964 4692 2085 4733 non
2100 4675 2727 4747 debeant,atqueinter
2742 4691 2958 4731 manus
2971 4676 3151 4731 etiam
3165 4675 3496 4732 crudelium
3511 4676 3617 4732 ini-

1963 4768 2254 4821 micorum
2269 4766 2505 4820 luceant
2520 4780 2705 4835 opera
2718 4772 2921 4820 nostra
2942 4780 3147 4821 coram
3161 4766 3531 4830 hominibus,
3552 4772 3615 4823 ut

1962 4856 2184 4929 quibus
2203 4855 2433 4927 placere
2448 4859 2716 4926 possunt,
2747 4853 3075 4923 gloriﬁcent
3090 4856 3322 4912 Patrem
3339 4862 3612 4913 nostrum

1960 4946 2064 5017 qui
2094 4946 2153 4999 in
2194 4944 2355 4999 caelis
2386 4951 2473 4998 est
2501 4942 2725 5015 (Matth.
2762 4962 2812 5009 v,
2844 4944 2954 5015 16).

2032 5034 2233 5089 6.Hinc
2248 5038 2331 5087 est
2344 5033 2509 5103 quod
2523 5032 2617 5087 ille
2631 5031 2992 5087 fortissimus
3000 5034 3019 5104 j
3033 5034 3242 5089 ustitiaa
3256 5034 3502 5088 dilector
3513 5048 3610 5087 ex-

1958 5122 2203 5177 clamat:
2220 5123 2350 5187 Quis
2371 5136 2465 5176 nos
2477 5122 3076 5192 separabitacharitate
3100 5122 3301 5175 Christi
3323 5122 3351 5175 Ῡ
3380 5121 3609 5175 tribula-

1959 5214 2033 5267 tio
2046 5212 2073 5268 ?
2088 5225 2168 5268 an
2182 5212 2441 5280 augustia
2452 5211 2478 5264 ‘?
2490 5228 2559 5264 an
2592 5212 2892 5281 persecutio
2906 5210 2933 5263 ?
2944 5228 3013 5265 an
3026 5216 3200 5279 [ames
3213 5208 3320 5263 ‘Ian
3337 5210 3471 5264 nudi
3478 5217 3560 5265 tas
3575 5210 3603 5267 7

1955 5300 2380 5373 anpericulum?
2396 5317 2469 5354 an
2484 5299 2740 5369 gladius?
2759 5301 2899 5354 sicut
2918 5298 3186 5367 scriptum
3206 5306 3303 5362 est,
3330 5300 3602 5366 Quoniam
3703 5302 3710 5315 ’

1952 5393 2175 5460 propter
2204 5396 2255 5443 te
2280 5389 2683 5458 mortiﬁcamur
2696 5392 2808 5443 tota
2822 5387 2908 5441 die
2920 5408 2940 5456 ,-
2956 5387 3203 5456 deputati
3212 5404 3398 5442 sumus
3412 5393 3471 5443 ut
3489 5388 3603 5443 ovis

1952 5478 2237 5533 occisionis
2255 5477 2424 5541 (Psal.
2440 5480 2665 5541 xuu,‘22
2675 5476 2817 5543 ).Sed
2831 5475 2892 5528 in
2904 5476 2986 5529 his
3000 5476 3251 5531 omnibus
3264 5479 3603 5549 supervinci—

1950 5581 2071 5620 mus
2080 5567 2208 5636 per‘
2225 5580 2350 5620 eum
2360 5567 2454 5636 qui
2464 5564 2660 5619 dilexit
2674 5564 2986 5619 nos.Certus
2998 5580 3117 5617 sum
3131 5566 3275 5619 enim
3292 5568 3420 5637 quia
3433 5583 3604 5639 neque

2014 5674 2027 5699 ‘
2063 5671 2188 5721 Mss.
2214 5670 2320 5719 duo
2354 5672 2543 5726 Vatic.,
2577 5674 2807 5732 propter.
