4136 6172
532 167 635 222 595

524 305 692 357 mors,
710 306 881 362 neque
891 282 1028 354 vita,
1046 303 1213 359 neque
1240 286 1481 358 angelus,
1496 301 1667 357 neque
1686 286 2046 359 principatus,
2065 298 2165 342 ne-

518 397 619 452 que
629 377 1898 452 przesentia,nequefutura,nequevirtus,neque
1910 375 2163 439 altitudo,

517 486 690 541 neque
700 467 1048 540 profundum,
1073 480 1245 536 neque
1273 472 1533 519 creatura
1553 465 1665 519 alia
1680 466 1877 535 poterit
1903 480 2000 518 nos
2018 479 2166 531 sepa-

519 576 644 614 rare
681 574 713 611 a
743 556 1007 611 charitate
1038 556 1133 609 Dei
1169 571 1288 624 qua:
1328 562 1406 609 est
1448 556 1504 609 in
1540 553 1751 609 Christo
1780 553 1910 608 Jesu
1941 554 2167 607 Domino

516 652 698 703 nostro
725 646 897 703 (Rom.
926 660 1047 714 vui,
1082 645 1281 711 35-39).
1315 644 1455 699 Vide
1487 643 2006 716 quemadmodum
2047 656 2170 697 non

519 741 844 806 utcumque
868 734 968 799 ait,
987 734 1125 799 Quis
1149 749 1258 789 nos
1283 732 1583 804 separabit
1602 748 1637 787 a
1656 731 1881 787 Christo
1916 730 2049 797 ;sed
2066 729 2170 801 qui

518 824 842 881 ostendens
872 823 1029 878 unde
1056 822 1468 878 cohaereamus
1497 822 1747 886 Christo,
1783 820 1911 886 Quis
1939 836 2055 885 nos,
2088 818 2173 872 in-

522 914 669 986 quit,
701 913 975 984 separabit
1004 929 1038 966 a
1067 911 1335 966 charitate
1367 910 1575 965 Christi
1614 911 1641 965 ?
1674 910 1965 967 Charitate
1994 907 2174 979 igitur

524 1002 777 1067 Christo,
794 1017 914 1058 non
930 1016 1116 1073 paenae
1133 1001 1337 1055 timore
1351 1000 1742 1055 cohaeremus.
1761 998 1998 1067 Deinde,
2015 1011 2175 1052 com-

526 1093 867 1149 memoratis
881 1090 964 1147 eis
986 1106 1121 1163 quae
1140 1089 1415 1145 videntur
1434 1089 1654 1144 habere
1674 1088 2042 1152 violentiam,
2066 1101 2176 1140 nec

526 1188 728 1238 tamen
743 1180 969 1236 habent
988 1179 1307 1235 valentiam
1327 1177 1666 1249 separandi.
1688 1178 1767 1232 ita
1790 1175 2098 1240 conclusit,
2116 1178 2178 1230 ut

528 1270 804 1327 eamdem
819 1269 1037 1324 diceret
1050 1268 1385 1323 charitatem
1399 1266 1497 1321 Dei
1511 1282 1688 1337 quam
1702 1266 1932 1321 dixerat
1945 1262 2176 1321 Christi.

530 1358 748 1431 thuid
763 1363 911 1424 est,a
925 1356 1192 1411 charitate
1206 1354 1552 1421 Christi,nisi
1570 1370 1605 1410 a
1619 1350 2180 1425 charitatejustitim?

530 1449 604 1504 de
618 1448 715 1503 illo
728 1448 953 1519 quippe
967 1446 1191 1500 dictum
1217 1450 1304 1499 est
1320 1461 1331 1499 :
1352 1446 1644 1513 Qui/actus
1655 1450 1730 1499 est
1747 1442 1895 1497 nobis
1907 1444 2179 1512 sapientia

532 1540 705 1601 aDeo,
723 1543 776 1590 et
783 1535 1029 1605 justitia,
1049 1542 1098 1589 et
1114 1534 1499 1604 sanctiﬁcatio,
1529 1542 1580 1589 et
1601 1535 1927 1602 redemptio;
1951 1536 2032 1597 ut,
2051 1548 2181 1603 que-

532 1625 881 1681 madmodum
893 1624 1163 1694 scriptum
1187 1628 1284 1687 est,
1304 1622 1413 1690 Qui
1439 1623 1734 1692 gloriatur,
1761 1624 1819 1676 in
1840 1622 2183 1693 Dominoglo-

536 1716 712 1769 rietur
734 1715 772 1775 (ι
789 1712 912 1766 Cor.
940 1727 975 1777 1,
992 1710 1080 1779 30,
1104 1712 1192 1777 31,
1210 1712 1387 1766 etJer.
1415 1712 1493 1775 ix,
1514 1713 1623 1782 24).
1643 1709 1807 1765 Sicut
1826 1725 1968 1780 ergo
1991 1708 2083 1765 ille
2097 1714 2186 1766 est

537 1800 979 1874 iniquissimus,
1001 1816 1179 1871 quem
1197 1816 1305 1855 nec
1319 1814 1512 1870 pmnas
1533 1798 1874 1870 corporales
1888 1799 2183 1855 deterrent

539 1892 617 1949 ab
642 1888 972 1946 immundis
996 1888 1279 1960 operibus
1306 1887 1561 1943 sordidae
1594 1887 1911 1959 voluptatis
1941 1904 1954 1953 ;
1985 1887 2064 1943 ita
2090 1887 2184 1943 ille

533 1977 1013 2053 justissimus,qui
1028 1992 1136 2032 nec
1151 1992 1450 2047 poenarum
1466 1976 1756 2047 corporali
1770 1994 1859 2031 um
1873 1982 2089 2032 terrore
2101 1992 2187 2031 re-

536 2073 786 2125 vocatur
802 2082 837 2122 a
850 2066 1072 2122 sanctis
1087 2065 1368 2136 operibus
1381 2064 1847 2120 luminosissimaa
1860 2063 2182 2120 charitatis.

610 2160 662 2212 7.
677 2158 817 2222 Quae
835 2155 1091 2211 charitas
1106 2155 1227 2219 Dei,
1241 2154 1404 2226 quod
1426 2160 1713 2225 perpetua
1723 2154 2187 2225 cogitationete-

540 2246 811 2303 nendum
826 2249 932 2309 est,
950 2243 1305 2299 diffunditur
1321 2243 1379 2297 in
1400 2243 1683 2299 cordibus
1699 2243 1915 2299 nostris
1937 2259 2042 2315 per
2059 2241 2189 2314 Spi-

536 2336 716 2392 ritum
730 2338 1005 2390 sanctum
1018 2332 1121 2404 qui
1138 2332 1315 2387 datus
1340 2337 1426 2387 est
1446 2332 1813 2399 nobis(Rom.
1836 2349 1893 2398 v,
1910 2338 1983 2398 5),
2010 2331 2187 2404 utqui

542 2425 846 2495 gloriatur.
867 2424 923 2477 in
945 2420 1198 2476 Domino
1220 2421 1521 2489 glorietur.
1550 2420 1694 2475 Cum
1712 2436 1853 2490 ergo
1882 2437 1992 2476 nos
2005 2420 2185 2490 hujus

538 2512 841 2570 charitatis
856 2526 976 2582 qua
990 2509 1083 2564 lex
1098 2509 1407 2564 verissime
1421 2510 1491 2563 im
1502 2509 1834 2581 pletur,pau
1842 2525 2006 2581 peres
2020 2523 2192 2577 egen-

544 2608 753 2673 tesque
776 2600 1083 2669 sentimus,
1108 2613 1229 2653 non
1256 2597 1331 2652 de
1359 2598 1563 2669 inopia
1581 2602 1784 2654 nostra
1808 2598 2046 2653 divitias
2064 2599 2195 2669 ejus

547 2690 802 2758 exigere,
823 2687 929 2743 sed
952 2686 1184 2743 orando
1199 2690 1416 2757 petere,
1446 2701 1733 2757 quaerere,
1753 2686 1994 2758 pulsare
2018 2685 2202 2741 debe-

550 2795 685 2835 mus
703 2799 714 2843 ;
732 2776 924 2842 utille,
952 2774 1114 2847 apud
1132 2790 1312 2845 quem
1340 2774 1574 2831 estfons
1590 2775 1743 2841 vitae,
1768 2774 2052 2831 detnobis
2076 2774 2203 2829 ine-

548 2867 734 2924 briari
749 2866 824 2922 ab
837 2864 1104 2921 ubertate
1117 2863 1334 2919 domus
1351 2867 1552 2929 suae,et
1563 2864 1886 2936 voluptatis
1904 2880 2025 2919 suae
2039 2868 2205 2936 pota-

550 2958 600 3014 ri
632 2959 889 3013 torrente
914 2953 1091 3024 (Psal.
1120 2969 1299 3019 xxxv,
1325 2957 1376 3021 9,
1402 2954 1485 3025 tO)
1522 2970 1533 3008 :
1563 2968 1685 3025 quo
1726 2954 1999 3010 inundati
2026 2957 2206 3024 atque

552 3045 828 3116 vegetati,
852 3060 974 3100 non
1001 3043 1197 3099 solum
1224 3043 1456 3099 tristitia
1487 3059 1609 3099 non
1634 3043 2091 3112 absorbeamur,
2112 3058 2209 3098 ve-

554 3152 688 3192 rum
703 3135 881 3190 etiam
895 3132 1277 3204 gloriemurin
1294 3131 2058 3194 tribulationibus,scientes
2071 3132 2211 3204 quia

558 3225 861 3282 tribulatio
891 3223 1238 3295 patientiam
1271 3226 1573 3293 operatur,
1608 3222 1892 3293 patientia
1916 3221 2212 3292 probatio-

558 3331 719 3379 nem,
755 3313 1021 3384 probatio
1054 3327 1246 3382 spem,
1264 3327 1401 3383 spes
1415 3326 1555 3366 vero
1571 3326 1689 3365 non
1705 3310 2210 3381 confundit(Rom.

560 3404 886 3472 v,3-5);non
902 3400 1043 3471 quia
1058 3414 1161 3470 per
1174 3414 1285 3454 nos
1300 3400 1466 3470 ipsos
1479 3399 1592 3454 hoc
1608 3399 2215 3470 possumus,sedquo-

563 3492 727 3547 niam
752 3490 1010 3545 charitas
1044 3487 1378 3544 Deidiﬂ‘usa
1392 3488 1552 3543 estin
1575 3487 1858 3543 cordibus
1879 3487 2098 3543 nostris
2111 3502 2216 3558 per

567 3580 847 3650 Spiritum
862 3582 1132 3633 sanctum
1145 3578 1248 3649 qui
1263 3577 1437 3633 datus
1452 3581 1537 3633 est
1551 3576 1749 3632 nobis.

636 3671 689 3723 8.
706 3666 1026 3723 Delectavit
1041 3682 1133 3723 me
1145 3667 1258 3723 ista
1270 3666 1477 3722 saltem
1496 3666 1832 3738 perlitteras
1843 3665 2008 3737 loqui
2022 3671 2220 3721 tecum

565 3772 702 3829 quae
713 3772 852 3813 cum
878 3762 1171 3828 praesente
1192 3771 1313 3811 non
1329 3756 1523 3827 potui:
1543 3760 1597 3811 et
1620 3756 1733 3812 hoc
1748 3771 1867 3811 non
1890 3762 2133 3827 propter
2146 3758 2218 3819 te,

569 3848 670 3919 qui
684 3861 806 3902 non
820 3845 941 3902 alta
956 3845 1199 3917 sapiens
1223 3846 1525 3901 consentis
1541 3844 1870 3901 humilibus
1885 3844 1965 3916 (Id
1973 3861 2092 3910 .xn,
2112 3843 2219 3915 16);

571 3936 677 3992 sed
725 3939 966 4007 propter
1006 3934 1310 4006 quosdam
1365 3934 1465 4006 qui
1506 3934 1754 3990 nimium
1795 3939 2081 4005 arrogant
2109 3933 2225 3989 hu-

570 4039 768 4080 manm
808 4023 1119 4091 voluntati,
1153 4037 1339 4093 quam
1370 4022 1499 4091 lege
1548 4023 1689 4078 data
1722 4027 1936 4094 putant
1984 4022 2059 4076 ad
2090 4038 2223 4078 eam

572 4110 946 4183 implendam
969 4110 1080 4165 sibi
1095 4125 1273 4181 posse
1288 4110 1583 4178 sufﬁcere,
1611 4110 1777 4165 nulla
1809 4126 1989 4181 super
2014 4111 2227 4166 doctri-

574 4215 719 4256 nam
768 4199 912 4269 legis
953 4199 1146 4269 gratia
1191 4203 1416 4253 sanctas
1450 4199 1855 4269 inspirationis
1899 4198 2174 4270 adjutam
2213 4216 2224 4248 :

574 4304 681 4362 per
717 4303 978 4360 quorum
1017 4286 1486 4359 disputationem
1536 4287 1867 4342 inﬁrmitati
1911 4287 2225 4343 hominum

578 4378 811 4434 miseras
848 4382 1028 4449 atque
1059 4375 1280 4445 indigre
1326 4375 1634 4441 suadetur,
1677 4380 1743 4431 ut
1792 4392 1899 4431 nec
1929 4392 2099 4431 orare
2130 4376 2229 4432 de-

578 4468 833 4524 beamus
861 4481 937 4522 ne
957 4465 1248 4522 intremus
1274 4465 1336 4520 in
1368 4466 1775 4521 tentationem.
1805 4468 1930 4521 Non
1962 4466 2231 4537 quiahoc

580 4556 803 4613 audent
815 4560 1014 4628 aperte
1027 4554 1255 4621 dicere;
1274 4554 1381 4610 sed
1397 4570 1607 4610 eorum
1628 4555 2005 4619 sententiam,
2028 4554 2228 4620 velint,

582 4645 791 4711 nolint,
822 4645 936 4702 hoc
965 4645 1167 4717 utique
1198 4644 1486 4716 sequitur.
1522 4646 1669 4699 Nam
1703 4644 1915 4715 utquid
1946 4643 2120 4699 nobis
2148 4643 2233 4699 di-

584 4734 754 4799 citur,
816 4735 1051 4804 Vigilate
1078 4737 1132 4790 et
1173 4737 1327 4789 orate
1372 4748 1439 4789 ne
1498 4735 1718 4789 intretis
1761 4735 1819 4787 in
1878 4735 2235 4788 tentationem

584 4822 799 4895 (Matth.
850 4839 1009 4888 xxvr,
1040 4824 1131 4893 41)
1164 4822 1191 4877 ‘P
1237 4821 1447 4893 utquid
1488 4824 1666 4877 etiam
1708 4822 2037 4877 secundum
2078 4823 2235 4877 hanc

586 4913 1078 4977 exhortationem,
1095 4927 1233 4967 cum
1248 4910 1482 4965 doceret
1496 4926 1689 4975 orare,
1706 4912 1986 4982 praecepit
2001 4917 2062 4966 ut
2074 4911 2234 4966 dica-

587 5017 746 5067 mus,
761 5002 837 5057 Ne
864 5016 960 5055 nos
982 5002 1191 5069 inferas
1210 5002 1264 5054 in
1288 5001 1645 5055 tentationem
1666 5000 1763 5069 (Id.
1795 5016 1865 5065 vr,
1904 5000 2019 5071 t3);
2044 5000 2091 5055 si
2121 5000 2235 5055 hoc

588 5106 711 5148 non
728 5089 1010 5161 impletur
1025 5105 1097 5145 ex
1117 5086 1419 5160 adjutorio
1450 5089 1653 5157 gratias
1675 5088 1910 5151 divinae,
1936 5089 2041 5143 sed
2064 5088 2123 5143 id
2156 5094 2239 5144 to-

588 5186 719 5237 tum
731 5180 887 5236 estin
903 5178 1144 5236 arbitrio
1162 5177 1483 5234 voluntatis
1504 5177 1788 5233 humanae
1806 5178 1833 5233 ?
1847 5178 1998 5244 Quid
2014 5177 2185 5249 plura
2212 5178 2239 5232 ‘l

594 5271 796 5327 Saluta
822 5269 1030 5325 fratres
1051 5268 1153 5341 qui
1180 5272 1376 5324 tecum
1392 5272 1546 5331 sunt,
1568 5271 1625 5322 et
1641 5270 1807 5322 orate
1831 5283 1940 5338 pro
1961 5266 2156 5327 nobis,
2181 5272 2243 5323 ut

594 5358 741 5413 salvi
756 5358 944 5412 simus
958 5356 1292 5413 secundum
1310 5356 1471 5411 illam
1490 5356 1744 5411 salutem
1771 5356 1978 5427 dequa
1992 5356 2239 5421 dicitur;

593 5446 704 5500 Non
720 5450 942 5516 estopus
965 5448 1112 5501 sanis
1126 5445 1383 5514 medicus,
1403 5444 1494 5500 sed
1513 5446 1651 5499 male
1672 5444 1993 5499 habentibus
2007 5462 2023 5510 ;
2037 5460 2145 5498 non
2162 5460 2241 5499 ve-

597 5534 1054 5602 nivocarejustos,
1068 5535 1161 5590 sed
1174 5541 1477 5603 peccatores
1489 5535 1505 5603 (
1518 5534 1592 5589 Id.
1611 5550 1687 5599 ix,
1703 5538 1782 5598 t2,
1796 5534 1816 5587 1
1829 5533 1901 5604 3)-
1925 5536 2094 5589 Orate
2107 5548 2244 5603 ergo

599 5636 707 5692 pro
722 5620 981 5684 nobis,ut
996 5623 1544 5695 justissimus;quod
1560 5622 1796 5694 quidem
1812 5622 1995 5678 homo
2008 5638 2128 5678 non
2146 5638 2247 5694 po-

1813 162 1876 219 S.
1919 160 2310 219 AUGUSTINI
2350 161 2673 222 EPISCOPI

3803 167 3899 223 596

2274 290 2385 343 test
2397 287 2511 343 nisi
2525 288 2745 344 noritet
2760 286 2915 356 velit,
2933 286 3111 343 eterit
3130 284 3414 342 continuo
3426 285 3529 358 qui
3546 284 3903 357 plenevolne-

2272 376 2369 432 rit:
2388 376 2490 432 sed
2506 377 2618 433 hoc
2646 378 2845 449 ipsum
2860 376 2918 431 in
2938 391 3010 431 eo
3034 390 3158 431 non
3179 374 3311 441 erit,
3330 375 3442 430 nisi
3470 374 3659 445 gratia
3677 376 3905 446 Spiritus

2274 471 2533 531 sanetur,
2576 470 2631 522 et
2657 465 2977 537 adjuvetur
3011 470 3073 520 ut
3104 464 3309 535 possit.

2714 554 3051 611 EPISTOLA
3091 554 3290 608 CXLVI
3331 553 3346 568 '
3389 554 3493 624 (a).

2346 643 2634 715 Pelagium
2662 644 2952 709 resalutat,
2982 648 3033 699 et
3064 660 3161 713 pro
3194 642 3392 698 litteris
3416 642 3585 713 ipsius
3603 642 3848 712 ofﬁciosis

2881 734 3123 805 gratiam
3150 733 3329 787 habet.

2277 824 2527 880 Domino
2552 823 2963 890 dilectissimo,
3000 828 3056 879 et
3077 820 3595 878 desideratissimo
3636 821 3792 878 fratri
3825 822 3912 879 Pr.-

2465 929 2646 983 LACtO,
2680 918 3056 978 Auousrmus,
3091 913 3151 968 in
3180 912 3434 968 Domino
3474 911 3743 967 salutem.

2348 1002 2581 1059 Gratias
2593 1018 2709 1072 ago
2722 1002 3051 1074 plurimum
3069 1002 3237 1074 quod
3271 1016 3364 1056 me
3386 999 3678 1072 litterislb)
3702 1000 3809 1055 tuis
3833 1016 3917 1056 ex-

2282 1091 2535 1147 hilarare
2549 1092 2832 1162 diguatus
2848 1108 2934 1158 es,
2956 1096 3013 1148 et
3033 1096 3262 1147 certum
3285 1090 3478 1146 facere
3509 1089 3583 1145 de
3599 1089 3777 1145 salute
3804 1106 3915 1146 ves-

2281 1185 2392 1236 tra.
2423 1180 2723 1235 Retribuat
2752 1180 2853 1235 tibi
2887 1180 3177 1235 Dominus
3216 1178 3395 1247 bona,
3438 1176 3660 1250 quibus
3704 1193 3917 1250 semper

2284 1270 2366 1325 sis
2392 1270 2614 1339 bonus,
2643 1275 2698 1325 et
2736 1286 2872 1325 cum
2914 1268 3019 1327 illo
3050 1275 3275 1325 aaterno
3318 1268 3484 1323 vivas
3518 1267 3577 1322 in
3628 1272 3913 1332 aeternum,

2285 1360 2525 1415 domine
2542 1359 2939 1424 dilectissime,
2969 1364 3025 1413 et
3054 1356 3566 1413 desideratissime
3591 1355 3783 1413 frater.
3811 1355 3917 1425 Ego

2287 1455 2489 1504 autem
2506 1448 2618 1504 etsi
2640 1449 2696 1503 in
2727 1463 2820 1503 me
2843 1463 2964 1503 non
2986 1462 3253 1517 agnosco
3274 1445 3574 1518 praeconia
3604 1445 3677 1501 de
3696 1461 3785 1500 me
3809 1449 3917 1513 tua,

2285 1552 2421 1609 quae
2438 1542 2552 1593 tum
2575 1536 2956 1607 Benignitatis
2976 1535 3226 1606 epistola
3240 1534 3530 1599 continet;
3557 1532 3831 1588 benevolo
3846 1538 3918 1588 ta-

2290 1641 2427 1681 men
2467 1625 2671 1681 animo
2699 1640 2843 1695 erga
2875 1625 3262 1695 exiguitatem
3289 1639 3491 1678 meam
3523 1623 3782 1692 ingratus
3811 1636 3920 1677 esse

2288 1728 2409 1769 non
2438 1729 2685 1785 possum
2720 1731 2732 1769 :
2762 1712 2943 1768 simul
2974 1712 3310 1769 admonens
3340 1718 3402 1767 ut
3434 1710 3636 1783 potius
3666 1726 3792 1766 ores
3828 1724 3921 1782 pro

2292 1819 2408 1869 me,
2440 1818 2563 1876 quo
2587 1803 2715 1859 talis
2737 1818 2774 1859 a
2798 1802 3051 1859 Domino
3067 1802 3237 1866 ﬁam,
3273 1800 3518 1875 qualem
3552 1816 3647 1857 me
3671 1800 3791 1871 jam
3807 1814 3922 1855 esse

2292 1892 2616 1949 arbitraris.
2650 1894 2715 1947 Et
2749 1891 2861 1947 alia
2892 1908 3065 1946 manu
3090 1910 3109 1947 :
3139 1894 3358 1947 Memor
3387 1889 3600 1955 nostri,
3632 1888 3923 1945 incolumis

2290 1981 2543 2038 Domino
2573 1981 2837 2053 placeas,
2888 1980 3131 2036 domine
3162 1979 3567 2044 dilectissime,
3625 1981 3681 2034 et
3719 1976 3923 2033 deside-

2290 2070 2587 2126 ratissime
2615 2069 2815 2125 frater.

2481 2159 2571 2214 DE
2610 2158 2885 2215 DUABUS
2924 2158 3239 2214 PROXIME
3280 2154 3752 2222 SEQUENTIBUS

2941 2246 3313 2303 EPISTOLIS.

2680 2342 2807 2405 (ua.
2850 2353 2887 2393 ιι
2928 2352 3184 2393 κετιιλοτ.
3227 2351 3395 2391 οΑΡυτ
3434 2336 3571 2406 xu.)

2364 2431 2436 2485 De
2467 2427 2700 2485 Videndo
2719 2429 2822 2483 Deo
2834 2427 3042 2499 scripsi
3066 2426 3294 2491 librum,
3328 2426 3426 2481 ubi
3446 2424 3513 2481 de
3534 2424 3806 2497 spirituali
3824 2438 3919 2478 cor-

2300 2535 2425 2589 pore
2464 2517 2603 2587 quod
2632 2519 2737 2573 erit
2756 2518 2812 2571 in
2846 2517 3247 2572 resurrectione
3270 2522 3613 2577 sanctorum,
3645 2512 3923 2583 inquisitio-

2302 2606 2839 2675 nemdiligentiorem
2859 2606 3071 2669 distuli,
3097 2610 3287 2659 utrum
3306 2604 3390 2659 vel
3416 2601 3677 2674 quomodo
3706 2602 3828 2656 Deus
3845 2600 3923 2670 qui

2304 2698 2541 2766 spiritus
2583 2700 2684 2761 est,
2718 2696 2885 2749 etiam
2918 2711 3012 2765 per
3036 2709 3229 2763 corpus
3260 2694 3368 2747 tale
3398 2692 3653 2747 videatur
3687 2710 3704 2745 :
3729 2689 3811 2744 sed
3832 2704 3931 2743 eam

2305 2788 2488 2857 postea
2512 2786 2869 2855 qumstionem
2892 2800 3025 2839 sane
3048 2782 3428 2854 difﬁcilliman
3478 2782 3537 2836 in
3568 2780 3860 2844 novissimo,
3887 2774 3931 2830 id

2308 2880 2387 2930 est
2419 2875 2474 2928 in
2507 2874 2760 2929 vicesimo
2789 2876 2840 2928 et
2866 2872 3098 2927 secundo
3131 2871 3269 2927 libro
3305 2871 3369 2925 de
3402 2870 3638 2925 Civitate
3676 2868 3785 2931 Dei,
3823 2866 3929 2921 satis

2311 2966 2582 3034 quantum
2607 2962 2851 3017 arbitror
2870 2962 3162 3032 explicavi.
3215 2961 3405 3016 Inveni
3460 2961 3624 3015 etiam
3654 2959 3708 3013 in
3737 2954 3934 3027 quodam

2310 3056 2493 3108 nostro
2532 3050 2733 3115 codice,
2768 3053 2825 3105 in
2859 3066 2961 3121 quo
2990 3058 3040 3104 et
3073 3051 3173 3105 iste
3206 3048 3348 3105 liber
3374 3052 3481 3119 est,
3524 3046 3783 3120 quoddam
3807 3043 3935 3099 Com-

2314 3140 2671 3197 monitorium
2684 3157 2718 3194 a
2729 3155 2816 3193 me
2826 3141 3035 3208 factum
3049 3139 3113 3193 de
3133 3138 3235 3193 hac
3266 3154 3328 3193 re
3354 3138 3425 3192 ad
3441 3140 3748 3209 episcopum
3760 3134 3939 3191 Siccen-

2314 3246 2427 3286 sem
2450 3232 2933 3293 Fortunatianum,
2963 3227 3102 3299 quod
3132 3229 3187 3282 in
3212 3228 3606 3298 opusculorum
3627 3239 3855 3280 meorum
3870 3220 3938 3273 in-

2318 3319 2523 3383 diculo,
2546 3334 2644 3374 nec
2657 3319 2798 3372 inter
2819 3318 3003 3383 libros,
3035 3332 3134 3372 nec
3162 3318 3315 3372 inter
3334 3316 3592 3387 epistolas
3606 3322 3681 3369 est
3705 3316 3936 3367 notatum.

2322 3410 2417 3463 Ilio
2449 3408 2584 3463 liber
2611 3408 2689 3461 sic
2716 3408 2907 3476 incipit
2939 3425 2959 3462 :
2994 3428 3021 3455 ‹‹
3062 3406 3261 3461 Memor
3284 3404 3475 3461 debiti.
3511 3426 3538 3457 ››
3570 3403 3708 3460 Illud
3735 3408 3893 3456 autem
3920 3416 3933 3450 :

2321 3520 2349 3549 ‹‹
2374 3498 2528 3552 Sicut
2552 3511 2788 3568 praesens
2813 3496 3024 3566 rogavi.
3054 3516 3082 3544 »

2842 3662 2929 3717 DE
2966 3662 3274 3718 VIVENDO
3320 3664 3457 3719 Ι)Εο

3072 3767 3249 3817 LIBER,

3112 3856 3210 3897 SEU

2758 3929 3089 3985 EPISTOLA
3132 3928 3359 3984 CXLVII
3391 3929 3429 3946 "
3461 3929 3553 4000 (c).

2438 4021 2597 4075 Docet
2643 4020 2808 4075 Deum
2837 4020 3110 4090 corporeis
3147 4018 3317 4074 oculis
3348 4018 3526 4073 videri
3564 4033 3670 4073 non
3697 4027 3853 4087 posse.

2651 4113 2997 4163 Aucusrmus
3023 4106 3303 4171 ΡΑυιιΜς,
3333 4106 3587 4162 salutem
3621 4107 3657 4158 ³.

2410 4204 2455 4253 1.
2491 4200 2711 4253 Memor
2731 4196 2911 4252 debiti
2932 4196 3097 4268 quod
3114 4212 3185 4252 ex
3203 4200 3306 4252 tua
3322 4196 3597 4267 petitione
3616 4200 3669 4249 et
3698 4200 3939 4260 meapro-

2335 4287 2617 4342 missione
2639 4285 2861 4341 factum
2894 4292 2998 4351 est,
3032 4285 3308 4358 religiosa
3330 4283 3557 4341 famula
3596 4281 3688 4339 Dei
3709 4276 3940 4335 Paulina.

2336 4374 2759 4449 persolutionis
2776 4389 3017 4446 quoque
3033 4374 3082 4444 ej
3095 4391 3163 4429 us
3178 4374 3484 4446 negligens
3499 4387 3625 4429 esse
3646 4384 3760 4425 non
3775 4360 3939 4421 debui.

2337 4468 2481 4521 Cum
2496 4464 2657 4519 enim
2685 4462 2999 4535 petivisses
3031 4462 3179 4518 utde
3203 4462 3478 4517 invisibili
3500 4465 3633 4529 Deo,
3654 4464 3833 4514 utrum
3860 4462 3942 4523 per

2336 4552 2544 4609 oculos
2558 4567 2877 4623 corporeos
2892 4551 3077 4623 possit
3091 4551 3291 4616 videri,
3308 4550 3533 4623 prolixe
3550 4545 3767 4621 aliquid
3778 4540 3943 4612 copio-

2402 4698 2414 4725 ¹
2451 4694 2507 4743 In
2540 4693 2663 4742 Mss.
2701 4692 3013 4743 inscribitur
3046 4709 3057 4741 :
3091 4693 3240 4742 Liber
3273 4693 3340 4742 ad
3368 4693 3644 4741 Paulinam
3674 4689 3729 4737 de
3758 4678 3943 4748 videnti?

2339 4742 2491 4807 Deci:
2522 4770 2619 4805 nec
2653 4756 2917 4805 habentur
2944 4757 3129 4806 ist.th
3162 4757 3343 4811 verba,
3374 4756 3608 4805 Paulina:
3634 4752 3834 4801 salutem
3861 4757 3877 4803 ;
3898 4742 3943 4789 η’

2340 4825 2424 4871 cet
2451 4823 2792 4881 prtenotetur,
2828 4820 2861 4866 Α
2874 4819 3159 4881 ugustinus.

2404 4885 2420 4903 '
2453 4874 2567 4931 Huc
2597 4882 2857 4930 translata
2890 4874 2970 4931 e'st
3004 4895 3067 4930 ex
3093 4881 3227 4939 libro
3258 4880 3323 4929 de
3352 4880 3522 4930 Gestis
3559 4874 3758 4938 Pelagii.
3844 4931 3852 4940 .

2404 4945 2464 4977 "
2493 4944 2786 4993 Emendata
2821 4943 2887 4993 ad
2923 4957 2974 4993 a.
3021 4959 3076 4995 a.
3115 4944 3219 5005 bg.-
3251 4943 3323 4994 bl.
3350 4957 3397 4993 c.
3428 4956 3504 4991 cc.
3540 4941 3620 4989 cb.
3656 4954 3703 5001 g-
3726 4940 3939 5005 3"2119'

2343 5022 2384 5056 r.
2418 5021 2463 5060 s.
2494 5020 2573 5055 vc.
2607 5006 2743 5054 duos
2774 5006 2863 5055 bn.
2890 5007 3027 5056 duos
3050 5010 3086 5054 t.
3114 4995 3227 5059 tros
3245 5005 3325 5055 sb.
3349 5006 3583 5069 quinque
3618 4995 3820 5049 vfet'ad
3845 4997 3926 5043 Aul

2346 5069 2470 5119 Bad.
2505 5069 2592 5119 Er.
2623 5068 2748 5117 Lov.

2385 5082 2470 5118 aa.
2506 5082 2592 5121 bl‘.
2624 5082 2748 5117 ιον.

2409 5134 2478 5193 (a)
2517 5133 2604 5179 Ex.
2633 5130 2987 5180 lib.dchstis
3018 5129 3337 5193 Pelag.Qua3
3368 5134 3545 5179 autem
3564 5126 3649 5174 H6
3678 5124 3795 5179 erat,
3824 5123 3941 5165 nunc

2345 5196 2455 5243 205.
2488 5194 2695 5256 Scripta
2719 5194 2860 5242 circa
2889 5207 2976 5243 an.
3004 5194 3113 5241 413.
3217 5255 3222 5256 γ
3528 5251 3537 5256 _
3599 5254 3605 5256 _
3754 5244 3789 5256 ,ν
3823 5238 3869 5256 τι,

2409 5238 2477 5320 (ὁ)
2490 5238 3134 5320 Ἲῐῑὲίἕέῖυέᾗιίῐεᾷᾗὶεὶῐέὼ
3158 5255 3278 5304 ﬁdei
3301 5269 3410 5303 suae
3429 5238 3940 5320 probatarusjqpiff;

2409 5268 2477 5317 (ο)
2513 5268 2754 5318 Pelagius
2774 5268 3134 5319 integritatem
3158 5268 3278 5304 uuei
3301 5269 3410 5303 sua:
3429 5268 3800 5362 pronaturusui
3822 5268 3923 5287 μιν.

2348 5318 2586 5428 politana
2616 5318 2840 5390 synodo,
2873 5332 2992 5428 (Lua:
3024 5322 3249 5389 exeunte
3274 5330 3416 5389 anno
3465 5317 3523 5386 is
3543 5312 3712 5382 habita
3738 5306 3839 5376 fuit,
3863 5299 3938 5346 has

2368 5385 2549 5428 ittoras
2584 5381 2823 5428 aliasque
2853 5394 2885 5428 a
2950 5380 3260 5428 orthodoxis
3296 5390 3555 5428 emscoms
3592 5372 3685 5421 Slbl
3730 5366 3938 5428 ἀηθείᾳ

2368 5366 2927 5443 ittorasaliasque'ab
2950 5380 3260 5429 orthodoxis
3296 5379 3555 5443 episcopis
3592 5372 3685 5443 sibi

2349 5426 2787 5506 satisﬁeri;
2802 5426 3255 5492 sagacissimi
3292 5426 3490 5503 agiagi:
3520 5436 3689 5486 narrat
3716 5426 3935 5490 Augusti-

2352 5505 2470 5560 nus,
2501 5520 2660 5567 quem
2693 5505 2797 5553 vid.
2822 5519 2913 5553 nn.
2934 5506 3093 5553 50-53.
3651 5558 3702 5567 __
3766 5549 3857 5567 nm.

2502 5546 2660 5616 Alia-s-
2673 5546 3169 5632 ii'2":‘2jiizé'aiitém
3206 5568 3292 5615 117
3326 5568 3455 5621 erat,
3483 5573 3619 5611 nunc
3650 5558 3725 5605 33.
3766 5546 3934 5608 Scripu

2358 5630 2567 5679 videtur
2592 5645 2657 5679 an
2695 5632 2803 5678 113.
