4074 6164
163 108 286 169 597

162 250 374 309 seque
402 239 478 294 ad
496 246 549 296 te
578 239 920 307 scriberem,
945 258 1165 314 negare
1194 259 1315 301 non
1338 245 1528 317 potui,
1561 259 1635 301 ne
1666 256 1834 299 sanc-

160 328 309 381 tum
354 332 517 382 tuum
545 329 811 386 studium
841 331 1207 389 offenderem
1244 350 1257 401 ;
1300 336 1405 389 sed
1463 332 1832 406 promissum

155 414 405 481 distuli,
438 417 563 472 sive
603 423 845 490 propter
880 420 1028 477 alias
1043 424 1468 494 occupationes
1500 438 1681 485 mea»,
1715 434 1832 474 sive

154 505 343 573 quod
370 521 405 560 a
434 521 531 561 me
570 506 631 561 id
661 506 1049 577 ﬂagitaretur,
1087 511 1245 567 unde
1274 511 1581 583 aliquanto
1607 509 1831 565 diutius

153 592 773 667 cogitarioportebat.
794 598 902 653 Sed
918 615 1058 654 cum
1073 605 1237 655 tanta
1258 616 1348 655 res
1373 605 1527 655 esset
1551 615 1710 670 quae,
1733 613 1832 654 co-

153 681 425 752 gitando
440 698 559 739 non
584 690 704 740 tam
733 685 879 757 quid
895 687 968 742 de
998 703 1068 743 ea
1081 690 1459 745 sentiendum
1479 688 1832 744 dicendum-

154 785 234 826 ve
276 776 463 840 esset,
493 789 681 847 quam
726 791 996 847 quonam
1030 778 1211 834 modo
1243 779 1733 849 persuadendum
1764 778 1832 833 iis

152 859 268 929 qui
320 860 559 917 diversa
600 864 904 931 sentirent,
938 866 1105 922 ﬁeret
1133 867 1474 937 difﬁcilior;
1519 868 1701 923 ﬁnem
1734 866 1832 923 ali-

148 949 424 1020 quando
491 950 762 1007 dilationi
828 953 1243 1011 adhibendum
1298 956 1522 1028 putavi,
1580 972 1831 1027 sperans

150 1036 447 1095 divinum
479 1040 846 1113 adjutorium
862 1045 1053 1113 magis
1080 1045 1225 1100 mihi
1249 1045 1725 1117 scribentiquam
1744 1045 1833 1099 di-

150 1125 405 1183 ﬂerenti
440 1128 809 1186 adfuturum.
845 1133 1248 1197 Quamobrem
1277 1135 1542 1204 primum
1574 1133 1720 1189 mihi
1753 1134 1831 1190 vi-

151 1214 347 1270 detur
366 1216 502 1287 plus
526 1218 724 1275 valere
754 1220 815 1274 in
834 1220 949 1277 hac
969 1222 1350 1294 inquisitione
1377 1222 1615 1278 vivendi
1646 1238 1829 1294 quam

152 1304 462 1375 loquendi
508 1307 782 1364 modum.
829 1312 975 1365 Nam
1012 1311 1117 1382 qui
1142 1310 1474 1367 didicerunt
1502 1328 1538 1367 a
1580 1311 1832 1367 Domino

150 1394 305 1449 Jesu
366 1394 596 1452 Christo
639 1396 812 1453 mites
840 1414 968 1453 esse
994 1403 1048 1455 et
1078 1399 1335 1455 humiles
1368 1400 1548 1456 corde
1589 1400 1829 1472 (Matth.

151 1498 284 1546 xxx,
302 1483 419 1549 29),
439 1484 573 1556 plus
594 1486 913 1556 cogitando
939 1492 995 1542 et
1014 1488 1246 1544 orando
1269 1489 1609 1560 proﬁciunt,
1643 1505 1830 1561 quam

147 1569 430 1640 legendo
454 1579 510 1628 et
540 1574 862 1630 audiendo.
893 1579 1007 1631 Nec
1038 1577 1173 1632 ideo
1206 1583 1403 1633 tamen
1431 1593 1608 1647 agere
1632 1583 1830 1650 partes

151 1676 307 1715 suas
343 1676 549 1717 sermo
582 1664 901 1719 cessaverit
934 1681 948 1730 ;
990 1665 1095 1721 sed
1136 1682 1276 1722 cum
1308 1666 1610 1738 plantator
1652 1674 1708 1723 et
1760 1668 1833 1722 ri-

145 1754 338 1818 gator
369 1748 637 1806 ofﬁcium
667 1752 755 1806 sui
779 1754 1030 1825 gesserit
1062 1756 1345 1821 muneris,
1374 1762 1589 1811 cmtera
1620 1755 1701 1810 illi
1730 1756 1831 1827 qui

147 1837 259 1894 dat
310 1838 776 1906 incrementum,
831 1843 1111 1915 relinquit
1152 1859 1166 1910 ;
1229 1844 1324 1900 ille
1359 1844 1584 1917 quippe
1651 1845 1830 1900 etiam

144 1926 373 1997 ipsum
401 1931 802 1998 plantatorem
832 1930 1275 2004 rigatoremque
1308 1933 1615 1989 formavit.

223 2020 285 2073 2.
310 2017 661 2073 Secundum
686 2018 1027 2075 interiorem
1059 2022 1239 2091 igitur
1259 2022 1569 2077 hominem
1593 2024 1833 2094 percipe

153 2104 357 2160 verba
370 2104 871 2179 intellectus.Ipse
883 2109 1040 2164 enim
1056 2116 1372 2166 renovatur
1384 2110 1457 2166 de
1470 2110 1566 2166 die
1580 2111 1633 2165 in
1648 2111 1829 2175 diem,

148 2194 347 2249 etiam
364 2209 505 2249 cum
538 2195 786 2252 exterior
818 2198 926 2253 iste
960 2200 1439 2271 corrumpitur(ll
1471 2201 1592 2255 Cor.
1624 2215 1694 2260 iv.
1724 2202 1830 2265 16),

150 2284 281 2338 sive
307 2283 709 2353 castigatione
734 2284 1134 2353 abstinentia,
1167 2287 1293 2343 sive
1320 2288 1525 2359 aliqua
1554 2288 1833 2343 morbida

149 2371 659 2439 valetudine,sive
673 2374 1119 2446 quolibetcasu,
1130 2376 1218 2432 vel
1232 2376 1577 2449 certe,quod
1592 2392 1833 2432 necesse

152 2466 249 2515 est
271 2462 463 2516 etiam
481 2462 552 2517 iis
568 2464 673 2535 qui
692 2478 842 2519 sano
855 2480 1098 2535 corpore
1116 2465 1217 2520 diu
1240 2466 1464 2531 vivunt,
1485 2464 1617 2537 ipso
1640 2465 1829 2521 astatis

154 2565 448 2606 accessu.
466 2551 635 2621 Erige
649 2553 848 2623 itaque
865 2553 1138 2623 spiritum
1156 2554 1372 2610 mentis
1394 2559 1529 2620 tuae,
1550 2555 1652 2626 qui
1666 2570 1837 2610 reno-

159 2645 347 2695 vatur
362 2641 420 2694 in
436 2642 739 2711 agnitione
756 2642 855 2696 Dei
874 2643 1206 2697 secundum
1234 2643 1559 2712 imaginem
1583 2644 1633 2714 ej
1646 2661 1713 2698 us
1729 2643 1833 2715 qui

158 2729 983 2803 creaviteum(Goloss.m,10)
1006 2730 1137 2797 ;ubi
1156 2748 1260 2803 per
1282 2732 1460 2787 ﬁdem
1492 2733 1548 2787 in
1584 2738 1635 2787 te
1667 2732 1835 2788 habi-

157 2816 950 2890 tatChristus(Eph.1u,i7);
982 2820 1080 2875 ubi
1103 2836 1221 2875 non
1246 2827 1331 2875 est
1348 2820 1587 2876 Judmus
1606 2827 1660 2876 et
1680 2822 1831 2876 Grie-

158 2921 516 2971 eus,servus
529 2906 1079 2974 etliber,masculus
1092 2914 1149 2963 et
1167 2908 1691 2975 femina(Galat.m,
1707 2910 1829 2981 28);

160 2996 265 3051 ubi
300 3011 430 3050 non
449 2996 743 3065 morieris,
776 3013 915 3052 cum
933 2998 1081 3053 solvi
1107 3013 1357 3069 corpore
1388 2999 1659 3070 cmperis,
1687 2998 1831 3070 quia

158 3100 271 3140 nec
292 3085 382 3140 ibi
399 3085 729 3154 marcuisti,
745 3102 880 3142 cum
904 3086 985 3141 sis
999 3088 1172 3143 annis
1185 3088 1407 3158 gravis.
1426 3090 1541 3143 Hoc
1556 3089 1830 3143 interiore

160 3179 265 3230 tuo
288 3180 495 3230 erecta
514 3174 776 3241 intende,
792 3175 1146 3247 etvidequre
1162 3176 1393 3248 loquor.
1424 3175 1565 3232 Nolo
1580 3175 1831 3231 auctori-

114 3257 125 3270 ’
159 3266 351 3319 tatem
369 3279 566 3319 meam
582 3265 872 3337 sequaris,
908 3270 970 3320 ut
998 3265 1133 3320 ideo
1156 3265 1439 3337 putestibi
1483 3264 1710 3336 aliquid
1734 3281 1829 3321 ne-

157 3367 333 3408 cesse
351 3368 485 3407 esse
525 3353 784 3418 credere,
813 3354 1156 3425 quoniama
1188 3370 1283 3409 me
1317 3354 1558 3409 dicitur:
1589 3354 1694 3409 sed
1726 3359 1830 3409 aut

161 3440 490 3513 Scripturis
520 3441 827 3497 canonicis
841 3448 1072 3510 credas,
1093 3442 1140 3495 si
1184 3443 1321 3514 quid
1350 3442 1618 3498 nondum
1642 3458 1828 3515 quam

158 3544 379 3585 verum
396 3529 673 3596 sitvides,
700 3537 803 3586 aut
833 3531 1075 3586 interius
1105 3532 1546 3587 demonstranti
1576 3531 1825 3596 veritati,

162 3624 222 3674 ut
243 3618 371 3674 hoc
393 3618 571 3689 plane
602 3619 827 3675 videas.

229 3711 285 3763 3.
308 3706 578 3779 Exempli
592 3710 781 3777 gratia
792 3707 994 3763 dicam
1008 3708 1233 3781 aliquid
1247 3725 1368 3781 quo
1382 3709 1457 3765 ad
1474 3709 1600 3765 haec
1614 3709 1827 3765 certius

158 3796 568 3866 prmstruaris,
597 3802 653 3851 et
674 3796 810 3852 inde
834 3796 1218 3868 potissimum
1248 3798 1405 3853 unde
1428 3798 1602 3853 nobis
1624 3797 1684 3853 in
1712 3798 1826 3853 hoc

160 3885 294 3955 ipso
308 3885 850 3956 opere_propositus
863 3891 954 3941 est
969 3885 1314 3958 disputandi
1330 3885 1826 3942 labor.Credimus

157 3973 353 4029 videri
368 3973 553 4028 Deum
565 3989 707 4039 ,non
721 3976 864 4046 quia
879 3974 1155 4029 videmus
1173 3974 1261 4030 vel
1278 3990 1382 4045 per
1394 3974 1600 4030 oculos
1616 3990 1824 4046 corpo-

158 4062 239 4116 ris
254 4062 410 4117 sicut
427 4062 701 4118 videmus
716 4063 875 4118 hunc
890 4063 1094 4129 solem,
1112 4063 1201 4117 vel
1222 4063 1434 4119 mentis
1450 4064 1663 4119 obtutu
1676 4064 1827 4119 sicut

159 4166 221 4206 se
236 4152 761 4223 quisqueinterius
789 4151 945 4207 videt
963 4153 1281 4218 viventem,
1311 4152 1471 4208 videt
1498 4152 1817 4217 volentem,

160 4239 324 4294 videt
338 4246 732 4311 quaerentem,
751 4240 912 4295 videt
932 4241 1241 4306 scientem,
1261 4241 1418 4296 videt
1436 4242 1819 4296 nescientem.

156 4328 784 4401 Tuitaquelectisipsa
815 4329 1149 4394 hislitteris,
1180 4330 1368 4386 solem
1383 4330 1631 4402 quidem
1664 4335 1719 4385 te
1742 4330 1821 4386 vi-

156 4417 316 4472 disse
329 4417 541 4473 recolis
554 4433 657 4488 per
674 4419 881 4475 oculos
911 4419 1200 4490 corporis,
1221 4424 1390 4490 potes
1413 4420 1590 4475 etiam
1619 4420 1818 4475 statim

158 4505 385 4571 videre,
402 4507 449 4561 si
463 4506 623 4562 estid
639 4508 943 4578 temporis,
969 4513 1024 4563 et
1060 4508 1251 4563 eoloci
1265 4523 1326 4563 es
1345 4508 1445 4563 ubi
1465 4524 1538 4563 ex
1563 4524 1634 4563 ea
1656 4516 1821 4580 parte

156 4594 381 4651 caelum
394 4594 711 4651 oculistuis
729 4612 915 4668 usque
929 4596 1007 4651 ad
1020 4596 1198 4651 solem
1212 4597 1621 4652 contuendum
1636 4602 1818 4669 patet.

156 4682 365 4739 Adilla
388 4699 527 4739 vero
556 4684 810 4741 videnda
827 4700 964 4756 quae
977 4690 1175 4741 mente
1193 4685 1459 4756 conspici
1483 4686 1622 4751 dixi,
1638 4686 1702 4741 id
1734 4691 1822 4741 est

155 4772 326 4844 quod
341 4772 691 4842 vivas,quod
708 4773 902 4828 videre
920 4774 1095 4829 Deum
1111 4773 1440 4845 velis,quod
1457 4774 1513 4828 id
1531 4775 1817 4846 requiras,

155 4860 327 4933 quod
344 4866 397 4916 te
412 4861 603 4917 vivere
615 4867 671 4917 et
685 4861 828 4917 velle
847 4868 902 4917 et
915 4878 1182 4934 quaerere
1203 4862 1692 4933 scias,quomodo
1710 4879 1821 4919 au-

156 4951 448 5005 temDeus
466 4951 730 5006 videatur
742 4951 973 5006 nescias
996 4950 1105 5016 ;ad
1126 4950 1275 5015 hmc,
1301 4950 1574 5022 inquam,
1614 4952 1821 5008 omnia

156 5038 421 5094 videnda
439 5054 552 5093 non
567 5039 773 5095 oculos
786 5040 1050 5110 corporis
1063 5038 1821 5105 adhibes,necintervallum

159 5126 272 5182 loci
297 5142 400 5198 per
420 5127 584 5199 quod
603 5127 944 5183 intendatur
963 5128 1228 5193 obtutus,
1248 5128 1396 5183 utad
1416 5143 1489 5184 ea
1520 5129 1821 5185 cernenda

159 5215 487 5285 perveniat,
504 5217 683 5271 sentis
713 5222 815 5272 aut
845 5217 1064 5288 quaaris
1088 5233 1100 5271 :
1122 5216 1206 5271 sic
1222 5216 1391 5272 vides
1412 5217 1596 5273 vitam
1633 5224 1816 5283 tuam,

160 5303 1040 5377 voluntatem,inquisitionem,
1058 5305 1816 5375 scientiam,ignorantiam,

161 5392 305 5464 quia
330 5408 440 5449 nec
457 5393 591 5465 ipsa
616 5399 702 5450 est
728 5394 1170 5449 contemnenda
1214 5395 1386 5460 visio,
1430 5394 1631 5450 videre
1653 5395 1818 5467 quod

165 5483 417 5538 nescias.
437 5483 824 5555 Sic,inquam,
840 5483 1002 5538 vides
1017 5483 1142 5538 haec
1157 5483 1509 5549 omnia,utin
1528 5488 1579 5539 te
1594 5483 1815 5552 videas,

168 5572 327 5643 apud
358 5578 408 5628 te
434 5571 752 5639 babeas,ac
768 5574 892 5628 sine
908 5572 1037 5627 ullis
1068 5572 1399 5641 ﬁgurarum
1428 5573 1809 5629 lineamentis

1435 112 1948 175 EPISTOLARUM
1988 112 2281 173 CLASSIS
2321 116 2419 172 III.

3487 126 3596 183 598

1941 240 2324 315 colorumque
2334 243 2817 312 nitoribus,tanto
2831 246 3046 303 clarius
3059 251 3594 324 etcertius,quanto

1941 330 2270 401 simplicius
2302 333 2667 406 interiusque
2699 337 3056 409 conspicias.
3095 339 3241 395 Cum
3275 341 3450 410 igitur
3474 358 3582 398 nec

1942 420 2206 489 corporis
2220 420 2854 496 oculis,sicutcorpora
2867 426 2983 480 sive
2998 427 3404 494 caelestia,sive
3424 435 3596 486 terre—

1947 507 2108 578 stria,
2127 525 2234 564 nec
2251 512 2461 566 mentis
2474 514 2897 584 aspectu,sicut
2914 530 2984 570 ea
3000 521 3156 579 sunt,
3176 533 3434 588 quorum
3450 536 3597 575 non-

1941 595 2608 665 nullacommemoravi,
2639 618 2775 672 quae
2791 604 2955 673 apud
2984 606 3357 676 temetipsam
3383 608 3594 662 certis-

1942 686 2538 752 simeintueris,nunc
2556 690 2866 746 videamus
2901 692 3122 757 Deum;
3152 710 3256 749 cur
3294 695 3594 751 credimus

1941 790 2077 829 eum
2094 775 2429 839 videri,nisi
2458 778 2597 850 quia
2626 780 2940 851 Scripturm
2975 783 3508 839 accommodamus
3532 785 3595 839 ti-

1942 864 2098 930 dem,
2157 864 2255 919 ubi
2278 864 2509 936 legitur,
2548 870 2702 923 Beati
2730 870 2931 924 mundo
2958 869 3114 925 corde
3149 888 3452 941 ;quonzam
3490 875 3597 943 ipsi

1941 953 2110 1007 Deum
2140 954 2393 1010 videbunt
2436 957 2645 1025 (Matth.
2679 974 2733 1025 v,
2770 959 2856 1025 8);
2881 964 2937 1013 et
2959 959 3005 1013 si
3035 975 3157 1030 qua
3184 960 3302 1015 alia
3348 962 3407 1015 in
3434 961 3591 1017 hanc

1943 1042 2299 1097 sententiam
2331 1043 2543 1099 eadem
2591 1046 2797 1102 divina
2844 1047 3199 1113 auctoritate
3263 1050 3597 1121 conscripta

1941 1135 2098 1194 sunt,
2124 1129 2219 1184 cui
2252 1147 2370 1185 non
2404 1133 2639 1188 credere
2668 1134 2832 1190 nefas
2879 1135 3192 1201 ducimus;
3224 1138 3462 1193 credere
3494 1153 3596 1193 au-

1944 1224 2060 1274 tem
2090 1218 2322 1291 pietatis
2344 1236 2471 1275 esse
2507 1222 2753 1277 minime
2777 1223 3127 1280 dubitamus
3162 1226 3189 1281 ?

2011 1312 2069 1363 4.
2114 1309 3102 1381 llancitaquedistinctionemtene,
3124 1314 3463 1386 utsiquidte
3491 1315 3600 1371 ad-

1945 1412 2255 1467 monuero,
2272 1397 2638 1464 disserendo,
2655 1400 2817 1472 quod
2836 1401 2916 1457 ita
2932 1402 3135 1457 videas
3166 1403 3357 1458 oculis
3381 1405 3597 1469 carnis,

1944 1486 2030 1541 vel
2048 1485 2165 1541 ullo
2180 1486 2294 1541 alio
2309 1503 2483 1541 sensu
2504 1489 2632 1558 ejus
2653 1490 2901 1554 sentias,
2919 1506 3021 1545 seu
3040 1496 3090 1546 te
3106 1493 3359 1548 sensisse
3373 1492 3600 1548 recolas

1944 1575 2442 1631 sicutsentiuntur
2459 1577 2706 1643 colores,
2738 1578 3024 1648 fragores,
3059 1581 3294 1644 odores,
3330 1597 3599 1654 sapores,

1943 1662 2228 1730 fervores,
2256 1668 2311 1718 et
2334 1664 2382 1718 si
2414 1665 2559 1735 quid
2584 1666 2745 1720 aliud
2769 1682 2872 1737 per
2895 1683 3115 1738 corpus
3149 1669 3469 1733 cernendo,
3499 1685 3603 1724 au-

1943 1751 2184 1817 diendo,
2201 1751 2886 1826 olfaciendo,gustando,
2906 1757 3207 1827 tangendo
3235 1757 3599 1822 sentiamus;

1938 1840 2843 1909 autitavideasmentisintuitu,
2877 1845 3117 1899 utvides
3150 1846 3356 1908 vitam,
3388 1844 3603 1901 volun-

1945 1933 2147 1995 tatem,
2166 1929 2997 1999 cogitationem.memoriam,
3013 1933 3603 2003 intelligentiam,sci~

1944 2018 2189 2083 entiam,
2204 2017 2386 2073 fidem
2406 2023 2594 2087 tuam,
2611 2025 2664 2075 et
2677 2038 2705 2091 q
2719 2020 2965 2093 uidquid
2982 2022 3145 2076 aliud
3159 2027 3354 2077 mente
3368 2023 3601 2093 conspi-

1943 2106 2045 2170 cis,
2080 2111 2259 2177 atque
2286 2107 2367 2161 ita
2386 2123 2513 2162 esse
2546 2123 2665 2162 non
2686 2114 2918 2164 tantum
2946 2110 3265 2173 credendo,
3291 2111 3393 2166 sed
3420 2110 3599 2182 plane

1944 2194 2203 2249 vivendo
2235 2210 2355 2250 non
2387 2195 2629 2251 dubitas
2667 2220 2677 2263 ;
2712 2197 2825 2252 hoc
2854 2214 2949 2253 me
2975 2198 3208 2269 judices
3238 2200 3595 2254 ostendisse.

1945 2282 2105 2348 Quod
2125 2287 2325 2338 autem
2346 2300 2466 2339 non
2484 2286 2567 2339 sic
2593 2286 2929 2350 ostendero,
2965 2292 3027 2341 ut
3050 2292 3153 2341 aut
3172 2287 3461 2359 corporis,
3497 2292 3600 2344 aut

1943 2374 2127 2427 animi
2147 2387 2331 2427 sensu
2347 2373 2536 2429 visum
2554 2380 3021 2447 perceptumque
3036 2380 3382 2440 teneatur,et
3398 2382 3597 2432 tamen

1944 2460 2152 2517 dixero
2170 2460 2393 2532 aliquid
2407 2462 2571 2533 quod
2593 2468 2696 2518 aut
2720 2480 2928 2518 verum
2955 2463 3221 2534 quidem,
3250 2470 3352 2519 aut
3378 2464 3595 2520 falsum

1944 2565 2074 2604 esse
2091 2566 2334 2606 necesse
2351 2551 2441 2618 sit,
2469 2551 2573 2607 sed
2596 2552 2762 2608 nullo
2788 2552 3025 2608 illorum
3058 2554 3246 2609 duum
3274 2569 3489 2623 genere
3510 2554 3596 2609 vi-

1944 2637 2373 2705 deatur;restat
2390 2641 2882 2697 uttantummodo
2900 2642 3177 2698 credatur
3203 2642 3295 2697 vel
3327 2658 3446 2698 non
3470 2658 3596 2698 cre-

1943 2728 2264 2783 datur.Sed
2280 2729 2326 2783 si
2359 2729 2694 2785 divinarum
2729 2729 3192 2801 Scripturarum,
3219 2731 3598 2787 earumscili-

1943 2822 2028 2870 cet
2044 2832 2178 2887 qua:
2193 2818 2495 2872 canonicae
2511 2818 2568 2872 in
2586 2818 2845 2873 Ecclesia
2859 2819 3263 2883 nominantur,
3282 2820 3598 2892 perspicua

1941 2904 2215 2959 ﬁrmatur
2244 2906 2612 2973 auctoritate,
2656 2908 2780 2961 sine
2814 2906 2931 2962 ulla
2958 2907 3329 2963 dubitatione
3356 2910 3597 2964 creden-

1942 2992 2085 3047 dum
2106 3000 2210 3048 est.
2244 2994 2384 3047 Aliis
2417 3010 2552 3049 vero
2572 2994 2813 3049 testibus
2844 2995 2936 3050 vel
2967 2997 3338 3066 testimoniis,
3374 2999 3596 3068 quibus

1941 3081 2167 3153 aliquid
2188 3082 2556 3137 credendum
2595 3099 2726 3138 esse
2761 3084 3066 3148 suadetur,
3098 3084 3204 3138 tibi
3236 3085 3477 3139 credere
3507 3086 3593 3141 vel

1939 3186 2060 3226 non
2076 3170 2311 3226 credere
2336 3171 2525 3235 liceat,
2551 3176 2847 3244 quantum
2874 3188 2945 3228 ea
2963 3173 3249 3228 momenti
3272 3173 3349 3227 ad
3375 3174 3593 3228 facien-

1939 3259 2088 3315 dum
2118 3260 2299 3315 ﬁdem
2332 3259 2661 3316 velhabere
2681 3260 2770 3316 vel
2798 3277 2918 3317 non
2934 3262 3157 3316 habere
3184 3261 3592 3331 perpenderis.

2013 3354 2062 3405 5.
2093 3349 2148 3405 Si
2162 3349 2317 3404 enim
2334 3365 2551 3421 eaquae
2565 3365 2683 3405 non
2700 3350 3101 3416 vidimus,hoc
3114 3354 3220 3415 est,
3242 3350 3300 3404 in
3314 3351 3593 3421 praesenti

1939 3439 2318 3508 apparentia‘
2359 3453 2479 3494 non
2497 3440 2797 3494 sensimus
2837 3438 2927 3495 vel
2965 3444 3162 3494 mente
3198 3438 3289 3493 vel
3320 3453 3589 3509 corpore,

1938 3542 2133 3599 neque
2154 3527 2227 3582 de
2249 3526 2561 3598 Scripturis
2577 3528 2796 3584 sanctis
2810 3529 2899 3584 vel
2911 3527 3167 3598 legendo
3183 3527 3274 3583 vel
3289 3527 3593 3584 audiendo

1939 3615 2278 3680 didicimus,
2295 3615 2458 3672 nulla
2469 3617 2718 3673 omnino
2732 3616 3227 3685 credidissemus;
3248 3616 3408 3673 unde
3422 3617 3594 3673 scire-

1939 3720 2073 3760 mus
2085 3720 2215 3760 esse
2230 3704 2496 3760 civitates
2511 3705 2612 3760 ubi
2626 3720 2930 3777 nunquam
2944 3704 3278 3772 fuimus;vel
3290 3722 3326 3762 a
3338 3706 3591 3762 Romulo

1936 3793 2238 3849 conditam
2276 3796 2550 3853 Romam,
2591 3794 2703 3859 vel,
2730 3798 2792 3849 ut
2820 3793 2895 3848 de
2930 3792 3313 3865 propioribus
3355 3794 3588 3864 loquar,

1937 3882 2087 3937 Cons
2098 3881 2498 3954 tantinopolim
2512 3899 2547 3937 a
2558 3881 2978 3938 Constantino?
2991 3880 3149 3936 unde
3163 3886 3469 3952 postremo
3484 3883 3592 3937 sci-

1936 3986 2138 4026 remus
2166 3971 2417 4042 quinam
2438 3980 2712 4042 parentes
2730 3987 2838 4027 nos
2860 3969 3588 4043 procreavissent,quibus

1933 4060 2226 4132 patribus,
2257 4061 2407 4127 avis,
2437 4061 2767 4132 majoribus
2791 4060 2973 4132 geniti
3000 4076 3269 4115 essemus
3301 4061 3329 4117 ?
3359 4059 3589 4116 Talium

1931 4150 2156 4221 quippe
2178 4166 2317 4205 cum
2338 4149 2591 4221 plurima
2611 4151 2891 4215 sciamus,
2914 4164 3034 4205 non
3048 4154 3248 4205 tamen
3264 4164 3336 4205 ea
3356 4148 3449 4205 vel
3467 4148 3587 4205 ullo

1934 4240 2466 4311 sensupraasentia,
2496 4240 2867 4308 sicutsolem,
2902 4240 3052 4294 sicut
3081 4237 3589 4294 nostrianimivo—

1930 4326 2241 4393 luntatem,
2261 4327 2789 4385 velcanonicorum
2809 4327 3184 4399 eloquiorum
3211 4326 3581 4392 auctoritate,

1933 4416 2086 4471 sicut
2100 4417 2289 4472 Adam
2305 4416 2484 4473 fuisse
2523 4417 2788 4488 primum
2800 4416 3134 4480 hominem,
3152 4420 3255 4469 aut
3286 4414 3581 4469 Christum

1931 4505 1989 4560 in
2003 4511 2397 4561 carnenatum
2418 4520 2780 4576 passumque
2803 4503 3197 4559 resurrexisse
3218 4502 3537 4557 didicimus
3563 4518 3579 4568 ;

1932 4593 2033 4649 sed
2060 4593 2188 4649 aliis
2204 4592 2614 4657 referentibus,
2645 4593 2993 4664 dequorum
3015 4591 3354 4647 testimonio
3383 4590 3442 4645 in
3467 4590 3581 4646 hoc

1930 4682 2224 4737 duntaxat
2242 4698 2439 4738 rerum
2470 4697 2685 4753 genere
2716 4682 2961 4737 minime
2999 4680 3398 4736 dubitandum
3445 4695 3581 4737 esse

1930 4773 2295 4845 putavimus.
2330 4773 2389 4827 In
2416 4772 2637 4844 quibus
2654 4772 2702 4827 si
2728 4770 2947 4827 alicubi
2969 4769 3251 4835 fallimur,
3280 4769 3579 4825 credendo

1930 4860 2023 4917 vel
2048 4863 2124 4917 ita
2149 4876 2280 4916 esse
2310 4861 2473 4933 quod
2506 4876 2626 4917 non
2649 4862 2731 4917 ita
2751 4866 2859 4926 est,
2883 4860 2977 4916 vel
3004 4874 3126 4915 non
3149 4859 3232 4915 ita
3257 4875 3388 4915 esse
3415 4860 3580 4929 quod

1929 4951 2012 5006 ita
2041 4954 2152 5017 est,
2171 4950 2314 5005 nihil
2336 4950 2579 5020 periculi
2600 4966 2733 5006 esse
2751 4949 3118 5022 judicamus,
3144 4950 3329 5003 sinon
3352 4947 3425 5001 sit
3443 4961 3581 5002 con-

1931 5045 2020 5095 tra
2058 5040 2216 5095 illam
2245 5040 2421 5096 ﬁdem
2452 5056 2573 5111 qua
2600 5040 2787 5112 pietas
2817 5038 3189 5094 informatur.
3220 5039 3351 5090 Haec
3373 5032 3583 5106 praelo-

1930 5131 2088 5185 cutio
2102 5129 2518 5184 meanondum
2532 5129 2902 5200 propositam
2919 5123 3579 5195 discutitquaastionem,

1930 5218 2033 5273 sed
2064 5223 2119 5273 te
2148 5222 2327 5289 atque
2360 5218 2509 5272 alios
2534 5218 2637 5288 qui
2680 5218 2793 5272 ista
2851 5214 3057 5271 lecturi
3094 5216 3252 5279 sunt,
3285 5212 3584 5283 praestruit

1930 5306 2141 5379 quales
2171 5323 2275 5362 seu
2303 5322 2571 5361 meorum
2586 5300 3474 5375 seuquorumlibetscriptorum
3489 5302 3582 5373 ju-

1929 5397 2089 5452 dices
2115 5410 2247 5451 esse
2268 5395 2537 5451 debeatis
2560 5411 2574 5461 ;
2593 5409 2666 5449 ne
2688 5392 2941 5449 velscire
2955 5390 3583 5463 vosopineminiquod

1994 5524 2005 5550 ¹
2031 5521 2156 5576 Lov,
2184 5521 2239 5568 in
2262 5520 2553 5582 praesentia.
2590 5519 2655 5567 At
2676 5517 2763 5567 alii
2795 5530 2981 5567 omnes
3010 5515 3129 5566 libri
3146 5516 3361 5573 habent,
3387 5517 3580 5579 inpra-

1929 5584 2061 5633 senti
2087 5584 2415 5645 apparentia.
