4074 6164
557 123 662 179 599

550 246 813 312 nescitis,
860 245 951 302 vel
970 250 1190 301 temere
1221 240 1478 298 credatis
1502 240 1669 313 quod
1700 254 1896 312 neque
1937 237 2200 311 corporis

551 335 823 391 sensibus
851 339 951 390 aut
979 330 1162 389 animi
1190 330 1529 386 contuituin
1567 330 1837 401 ejusdem
1853 328 1936 384 rei
1956 343 2089 400 quae
2107 342 2200 383 co-

552 423 899 495 gnoscenda
919 427 1023 485 est,
1041 419 1338 475 evidentia
1352 418 1719 491 percepistis,
1744 432 1938 489 neque
1955 416 2197 472 canoni-

550 528 756 569 carum
780 511 1217 580 Scripturarum
1239 509 1603 575 auctoritate,
1624 508 1854 563 etiamsi
1879 522 1997 561 non
2013 504 2201 562 adfuit

552 599 832 656 sensibus
849 597 938 653 vel
968 597 1155 653 animi
1182 598 1270 652 vel
1301 597 1569 670 corporis
1604 598 1807 665 vestri,
1843 602 2040 652 tamen
2074 608 2197 649 cre-

549 687 819 744 dendum
842 702 971 742 esse
1007 686 1323 741 didicistis.

540 850 543 855 η
623 812 769 866 CAP.
802 809 1089 865 PRIMUM.
1117 810 1248 863 —6.
1271 810 1478 863 Jamne
1509 823 1646 879 ergo
1679 808 1945 863 venimus
1972 808 2200 863 adcau-

552 898 725 957 sam?
742 914 818 954 an
846 899 1045 954 adhuc
1075 897 1334 954 lecturus
1364 897 1745 953 instruendus
1770 899 1902 954 est?
1926 896 2196 953 Nonnulli

552 990 711 1045 enim
726 987 1147 1059 putantipsum
1161 989 1326 1058 quod
1360 987 1616 1042 dicimus
1642 989 1900 1053 credere,
1935 1003 2072 1042 cum
2102 1003 2196 1042 res

550 1093 693 1134 vera
705 1077 981 1141 creditur,
1000 1076 1114 1131 hoc
1130 1076 1327 1131 solum
1343 1092 1471 1131 esse
1485 1081 1681 1131 mente
1707 1077 1993 1131 contueri.
2027 1077 2197 1142 Quod

553 1162 1178 1228 siitaest,falliturista
1194 1168 1398 1219 nostra
1430 1163 1709 1235 superior
1730 1163 2094 1235 praelocutio,
2136 1164 2196 1221 in

548 1268 673 1324 qua
690 1252 1073 1307 distinximus
1105 1252 1263 1307 aliud
1297 1267 1427 1307 esse
1450 1252 1677 1322 aliquid
1704 1253 1917 1308 sentire
1942 1268 2045 1324 per
2074 1269 2199 1310 cor-

547 1358 679 1413 pus,
704 1340 929 1395 sicutin
959 1340 1107 1395 coelo
1127 1340 1335 1408 solem,
1361 1348 1414 1395 et
1440 1341 1497 1395 in
1532 1346 1685 1397 terra
1706 1349 1991 1406 montem,
2026 1342 2199 1398 arbo-

544 1446 690 1495 rem,
707 1444 1001 1501 corpusve
1016 1429 1344 1501 quodlibet;
1363 1435 1418 1484 et
1432 1429 1591 1485 aliud
1615 1432 1827 1485 mentis
1841 1432 2053 1487 intuitu
2070 1447 2197 1487 rem

544 1518 939 1574 nihilominus
953 1517 1310 1581 evidentem,
1329 1520 1482 1573 sicut
1510 1524 1712 1574 nostra
1740 1519 2017 1575 voluntas
2042 1536 2198 1576 ano-

546 1606 918 1677 bismetipsis
940 1607 1100 1661 intus
1130 1606 1419 1676 aspicitur
1449 1623 1587 1661 cum
1628 1606 1855 1679 aliquid
1897 1608 2193 1675 volumus,

544 1695 638 1750 vel
676 1694 957 1763 cogitatio
980 1710 1117 1748 cum
1143 1695 1501 1763 cogitamus,
1525 1697 1618 1750 vel
1639 1698 1932 1752 memoria
1946 1698 2092 1753 dum
2115 1713 2198 1753 re-

548 1783 890 1848 cordamur,
919 1783 1008 1838 vel
1034 1783 1145 1838 tale
1175 1783 1402 1854 aliquid
1430 1784 1486 1838 in
1511 1784 1714 1840 animo
1745 1786 1869 1841 sine
1909 1802 2193 1857 corpore:

550 1872 711 1929 aliud
725 1876 927 1928 autem
946 1872 1184 1927 credere
1198 1872 1435 1943 quodin
1451 1873 1716 1944 corporis
1732 1878 2017 1930 mentisve
2030 1892 2199 1932 cons-

549 1965 726 2031 pectu
752 1976 860 2015 nec
878 1960 1039 2014 adest
1052 1975 1157 2015 nec
1182 1960 1254 2015 ad
1265 1960 1445 2016 fuisse
1462 1960 1769 2028 recolitur;
1791 1965 1941 2019 sicut
1955 1965 2084 2022 sine
2098 1982 2199 2037 pa-

549 2048 812 2106 rentibus
840 2054 1105 2104 creatum
1140 2049 1329 2104 Adam
1365 2056 1419 2105 et
1462 2057 1670 2107 natum
1693 2067 1763 2107 ex
1804 2054 2035 2122 Virgine
2064 2071 2197 2129 pas-

550 2154 805 2210 sumque
845 2139 1244 2193 resurrexisse
1286 2138 1609 2195 Christum.
1660 2143 1792 2196 Haec
1826 2142 1986 2198 enim
2017 2145 2196 2201 etiam

546 2226 935 2299 corporaliter
963 2226 1120 2282 facta
1148 2233 1308 2291 sunt,
1337 2234 1393 2283 et
1415 2228 1597 2284 videri
1620 2244 1723 2301 per
1736 2246 1974 2301 corpus,
1992 2232 2039 2288 si
2056 2237 2196 2290 tunc

545 2316 916 2381 adessemus,
933 2317 1133 2387 utique
1153 2322 1501 2387 potuerunt:
1522 2333 1683 2373 nunc
1713 2324 1912 2375 autem
1944 2336 2064 2377 non
2092 2322 2196 2378 ad-

545 2409 703 2469 sunt,
738 2406 888 2459 sicut
919 2405 1087 2460 adest
1113 2406 1228 2461 ista
1258 2405 1356 2460 lux
1394 2422 1529 2476 quae
1561 2407 1747 2461 oculis
1780 2409 2057 2476 cernitur,
2092 2418 2195 2467 aut

548 2494 819 2549 voluntas
831 2509 953 2564 qua
965 2509 1125 2548 nunc
1138 2492 1363 2566 aliquid
1380 2493 1811 2568 volumus,quaa
1828 2504 2012 2553 mente
2025 2515 2195 2555 cons-

544 2582 775 2654 picitur.
802 2581 914 2637 Sed
940 2581 1084 2653 quia
1112 2582 1241 2637 hinc
1268 2581 1566 2639 distinctio
1588 2583 1744 2641 falsa
1773 2600 1894 2641 non
1921 2592 2027 2653 est,
2060 2605 2193 2659 pro-

545 2669 698 2725 fecto
730 2668 830 2724 illa
860 2671 1229 2740 praestructio
1272 2672 1472 2726 minus
1527 2673 1806 2738 habebat,
1836 2676 2001 2748 quod
2044 2678 2195 2734 inter

545 2756 804 2821 credere,
834 2761 891 2813 et
917 2756 1142 2829 aliquid
1173 2773 1433 2829 praesens
1486 2767 1683 2817 mente
1727 2764 2089 2835 conspicere,
2120 2782 2193 2822 ne

548 2846 794 2902 omnino
824 2860 1012 2901 unum
1041 2851 1218 2918 atque
1248 2846 1404 2903 idem
1433 2853 1763 2920 putaretur,
1796 2868 2010 2922 parum
2034 2855 2195 2913 clara

547 2933 740 2990 fuerat
778 2933 1107 2991 elocutione
1136 2935 1479 2993 discretum.

621 3058 845 3113 CAPUT
868 3059 933 3113 11.
968 3062 1098 3113 -7.
1114 3058 1265 3127 Quid
1284 3075 1425 3130 ergo
1452 3061 1747 3119 dicimus?
1769 3064 1921 3122 Num
1944 3067 2085 3123 satis
2107 3072 2194 3123 est

547 3150 613 3202 ut
629 3146 779 3202 inter
793 3147 985 3203 videre
999 3148 1305 3205 etcredere
1327 3150 1443 3205 hoc
1473 3151 1692 3208 distare
1714 3154 2007 3223 dicamus,
2050 3158 2193 3229 quia

546 3236 863 3308 praesentia
877 3237 1507 3305 videntur,creduntur
1519 3240 1827 3299 absentia?
1842 3244 2015 3300 Plane
2027 3245 2086 3301 fo
2095 3247 2193 3302 rsi-

540 3327 641 3381 tan
657 3326 797 3381 satis
812 3331 917 3393 est,
943 3325 989 3379 si
1004 3328 1322 3396 praesentia
1351 3328 1448 3384 illa
1477 3328 1592 3385 hoc
1624 3330 1755 3387 loco
1788 3332 2191 3404 intelligamus

541 3413 715 3480 dicta,
732 3430 867 3485 quas
880 3421 1097 3485 praesto
1114 3420 1251 3470 sunt
1266 3417 1540 3472 sensibus
1561 3419 1683 3474 sive
1705 3421 1889 3476 animi
1922 3423 2045 3479 sive
2067 3440 2190 3481 cor-

540 3502 726 3573 poris,
747 3503 907 3557 unde
935 3502 1116 3558 etiam
1151 3504 1332 3559 ducto
1364 3507 1655 3563 vocabulo
1670 3511 1987 3579 praesentia
2007 3515 2195 3570 nomi-

541 3594 782 3646 nantur.
804 3591 895 3647 Sic
908 3592 1067 3647 enim
1095 3592 1253 3649 hanc
1278 3593 1474 3650 lucem
1514 3598 1776 3668 corporis
1810 3614 2013 3666 sensu,
2038 3602 2121 3657 sic
2144 3607 2199 3660 et

542 3694 740 3735 meam
755 3679 1125 3737 voluntatem
1142 3682 1317 3753 plane
1335 3684 1674 3758 video,quia
1686 3693 1903 3758 praesto
1916 3695 2001 3746 est
2014 3692 2197 3747 animi

538 3768 835 3839 sensibus,
859 3772 1211 3843 atqueintus
1226 3772 1369 3828 mihi
1386 3789 1650 3845 praesens
1669 3780 1777 3832 est.
1800 3778 1855 3834 Si
1897 3779 2032 3851 quis
2058 3797 2195 3837 vero

541 3857 1300 3917 mihiindicetvoluntatem
1321 3878 1515 3929 suam,
1540 3865 1712 3936 cujus
1727 3882 1792 3921 os
1820 3872 1873 3922 et
1900 3884 2016 3924 vox
2048 3870 2192 3927 mihi

533 3961 770 4018 praesen
785 3953 936 4015 sest;
953 3954 1152 4005 tamen
1169 3951 1457 4022 quiaipsa
1471 3952 1738 4009 voluntas
1751 3971 1937 4027 quam
1950 3959 2096 4014 mihi
2111 3960 2195 4014 in-

534 4034 714 4100 dicat,
735 4036 1135 4093 latetsensum
1149 4040 1417 4111 corporis
1430 4042 1679 4097 etanimi
1701 4044 1835 4115 mei,
1853 4046 2049 4115 credo,
2071 4064 2191 4105 non

539 4122 861 4179 videozaut
880 4125 929 4180 si
960 4140 1098 4180 eum
1132 4128 1363 4182 mentiri
1383 4130 1677 4195 existimo,
1714 4148 1833 4188 non
1858 4136 2054 4205 credo,
2086 4140 2192 4195 etsi

533 4209 707 4277 forte,
726 4216 790 4266 ut
810 4211 975 4278 dicit,
999 4213 1080 4268 ita
1098 4214 1189 4269 sit.
1210 4216 1541 4272 Creduntur
1558 4234 1699 4290 ergo
1715 4220 1813 4275 illa
1827 4239 1959 4293 quae
1974 4224 2193 4282 absunt

531 4314 567 4356 a
594 4299 873 4356 sensibus
899 4302 1138 4369 nostris,
1163 4303 1209 4358 si
1236 4304 1766 4363 videturidoneum
1785 4311 1947 4383 quod
1982 4314 2065 4367 eis
2084 4320 2191 4370 tes-

535 4387 854 4445 timonium
887 4390 1250 4462 perhibetur.
1276 4392 1561 4450 Videntur
1590 4402 1791 4453 autem
1814 4414 1949 4471 quae
1970 4408 2189 4472 praesto

529 4482 688 4544 sunt,
722 4480 880 4536 unde
908 4486 963 4537 et
1001 4482 1316 4553 praesentia
1334 4484 1723 4541 nominantur
1749 4488 1840 4543 vel
1870 4490 2055 4546 animi
2096 4493 2189 4549 vel

527 4569 795 4640 corporis
826 4570 1124 4627 sensibus.
1150 4574 1299 4628 Nam
1323 4588 1461 4628 cum
1489 4574 1890 4649 sintquinque
1924 4583 2187 4651 corporis

527 4670 761 4724 sensus,
779 4659 1390 4727 cernendi,audiendi,
1409 4662 2185 4737 olfaciendi,gustandi,tan-

527 4744 729 4815 gendi;
746 4746 907 4802 visus
925 4748 1166 4819 quidem
1182 4750 1241 4805 in
1257 4750 1343 4805 eis
1358 4753 1654 4825 praecipue
1668 4756 1855 4811 oculis
1869 4758 2186 4815 attributus

527 4838 631 4899 est,
656 4839 1063 4892 verumtamen
1079 4838 1192 4894 hoc
1208 4840 1391 4896 verbo
1406 4841 1627 4897 utimur
1649 4849 1704 4899 et
1724 4845 1782 4899 in
1804 4848 2183 4904 caeteris.Non

526 4923 932 4982 enimtantum
955 4925 1393 4993 dicimus,Vide
1414 4930 1561 5001 quid
1593 4930 1813 4999 luceat;
1846 4936 1951 4990 sed
1981 4938 2181 5002 etiam,

528 5013 672 5070 Vide
694 5014 840 5087 quid
864 5016 1207 5081 sonet,Vide
1246 5017 1391 5090 quid
1410 5018 1583 5085 oleat,
1615 5020 1759 5077 Vide
1790 5023 1932 5095 quid
1969 5026 2179 5097 sapiat,

526 5102 673 5159 Vide
698 5104 843 5176 quid
862 5104 1069 5161 caleat.
1100 5106 1213 5161 Nec
1231 5106 1375 5178 quia
1404 5107 1608 5164 dixiea
1622 5110 1931 5183 crediqum
1960 5113 2180 5172 absunt

526 5204 566 5249 a
590 5192 862 5248 sensibus
892 5194 1129 5262 nostris,
1147 5194 1230 5250 sic
1254 5195 1581 5268 accipiatur
1606 5203 1670 5253 ut
1704 5199 1853 5254 inter
1876 5200 1973 5257 illa
1996 5201 2183 5275 depu-

527 5282 727 5335 tentur
742 5297 872 5353 quae
884 5283 1213 5357 aliquando
1235 5284 1578 5351 vidimus,et
1595 5302 1706 5342 nos
1731 5288 1947 5344 vidisse
1970 5292 2179 5348 retine-

527 5380 664 5422 mus
687 5371 944 5443 certique
971 5390 1200 5441 sumus,
1225 5376 1503 5446 quamvis
1521 5380 1659 5431 tunc
1675 5393 1792 5431 non
1813 5385 2030 5450 praesto
2063 5382 2179 5437 sint

530 5469 667 5510 cum
698 5458 1038 5515 recoluntur
1068 5478 1102 5516 a
1130 5462 1537 5536 nobis.Neque
1570 5465 1728 5521 enim
1763 5466 1913 5522 inter
1930 5470 2171 5539 credita,

533 5542 638 5597 sed
666 5542 815 5598 inter
838 5547 960 5602 visa
974 5549 1337 5620 deputantur
1351 5555 1546 5609 etideo
1564 5559 1701 5610 nota
1714 5560 1870 5621 sunt,
1889 5572 2006 5612 non
2031 5560 2175 5631 quia

1842 113 1902 170 S.
1948 109 2326 171 AUGUSTINI
2361 108 2686 167 EPISCOPI

3824 116 3921 173 600

2306 234 2490 292 ﬁdem
2516 234 2849 291 habuimus
2864 233 2995 291 aliis
3013 233 3287 301 testibus,
3309 236 3411 291 sed
3424 234 3573 308 quia
3594 250 3712 293 non
3734 238 3927 298 vidisse

2307 327 2432 381 sine
2462 324 2648 380 dubio
2681 325 3068 380 recordamur
3094 328 3151 379 et
3175 324 3418 380 scimus.

2378 415 2601 471 CAPUT
2629 416 2714 469 111.
2750 446 2814 455 -
2842 417 2893 469 8.
2912 413 3342 482 Constatigitur
3371 418 3579 469 nostra
3623 415 3849 474 scientia
3869 434 3929 475 ex

2308 503 2449 559 visis
2467 502 2644 559 rebus
2666 508 2723 558 et
2750 502 2985 557 creditis
3006 518 3018 557 :
3037 503 3141 558 sed
3158 502 3216 557 in
3243 502 3312 557 iis
3332 518 3471 574 qum
3490 502 3746 559 vidimus
3767 505 3850 561 vel
3867 509 3932 563 vi-

2308 592 2545 661 demus,
2570 590 2806 663 nosipsi
2831 595 3008 647 testes
3030 607 3268 658 sumus;
3302 591 3468 646 inhis
3484 599 3681 647 autem
3695 607 3821 664 qua:
3833 610 3931 651 cre-

2308 681 2527 747 dimus,
2545 681 2675 736 aliis
2692 680 2942 736 testibus
2958 696 3269 736 movemur
3289 680 3363 736 ad
3378 679 3586 746 ﬁdem,
3606 697 3931 740 cumearum

2308 785 2441 825 reru
2451 786 2504 824 m
2530 785 2683 842 quas
2713 784 2823 824 nec
2835 768 3053 824 vidisse
3067 784 3178 825 nos
3191 769 3533 835 recolimus,
3547 785 3656 825 nec
3669 770 3931 836 videmus,

2308 858 2527 915 dantur
2541 859 2712 929 signa
2726 858 2815 913 vel
2835 859 2893 913 in
2913 858 3178 927 vocibus,
3193 858 3287 914 vel
3304 858 3362 914 in
3396 858 3626 924 litteris,
3640 858 3729 915 vel
3756 860 3812 915 in
3825 863 3933 934 qui-

2306 946 2541 1019 busque
2554 946 3170 1019 documentis,quibus
3184 946 3328 1002 visis
3340 962 3466 1003 non
3478 947 3615 1003 visa
3626 948 3930 1004 credantur.

2307 1038 2433 1092 Non
2456 1042 2658 1092 autem
2672 1036 2968 1092 immerito
2982 1037 3131 1092 scire
3144 1052 3256 1091 nos
3272 1036 3531 1091 dicimus
3546 1052 3669 1093 non
3686 1038 3931 1097 solumea

2306 1141 2440 1198 quae
2459 1125 2721 1181 vidimus
2743 1125 3154 1191 autvidemus,
3168 1142 3377 1181 verum
3392 1132 3452 1181 et
3473 1126 3576 1182 illa
3589 1142 3724 1199 quas
3736 1128 3931 1184 idoneis

2308 1214 2704 1288 adquamque
2735 1230 2859 1270 rem
2892 1216 3178 1271 commoti
3210 1216 3574 1272 testimoniis
3602 1217 3693 1271 vel
3714 1217 3931 1274 testibus

2306 1303 2814 1360 credimus.Porro
2830 1306 2874 1359 si
2890 1304 3037 1359 scire
3062 1319 3185 1359 non
3215 1305 3685 1373 incongruenter
3709 1306 3932 1363 dicimur

2304 1392 2484 1448 etiam
2499 1392 2643 1448 illud
2668 1392 2834 1465 quod
2848 1393 3246 1449 certissimum
3260 1394 3488 1449 credim
3499 1394 3734 1459 us,hinc
3745 1394 3931 1451 factum

2308 1487 2394 1538 est
2425 1487 2487 1538 ut
2513 1484 2691 1538 etiam
2722 1486 2877 1538 recte
2904 1483 3146 1548 credita,
3177 1483 3283 1537 etsi
3305 1498 3430 1538 non
3453 1482 3656 1537 adsint
3685 1484 3932 1540 sensibus

2307 1571 2747 1636 nostris,videre
2763 1575 2961 1627 mente
2972 1571 3264 1627 dicamur.
3281 1572 3767 1643 Scientiaquippe
3779 1575 3930 1630 menti

2309 1660 2761 1727 tribuitur;sive
2784 1676 2891 1733 per
2920 1662 3185 1733 corporis
3214 1677 3451 1726 sensus,
3486 1662 3611 1717 sive
3630 1677 3734 1733 per
3761 1662 3928 1733 ipsum

2308 1749 2580 1806 animum
2613 1749 2835 1822 aliquid
2853 1756 3195 1821 perceptum
3227 1750 3665 1822 cognitumque
3689 1751 3929 1808 retineat:

2308 1844 2364 1894 et
2383 1838 2534 1894 ﬁdes
2558 1839 2695 1911 ipsa
2712 1843 2906 1894 mente
2921 1841 3123 1912 utique
3148 1838 3397 1912 videtur,
3420 1840 3699 1912 quamvis
3718 1838 3823 1895 hoc
3834 1840 3927 1897 ﬁde

2308 1927 2582 1984 credatur
2593 1927 2757 1999 quod
2780 1943 2901 1982 non
2915 1928 3165 1983 videtur.
3190 1927 3354 1984 Unde
3366 1933 3425 1983 et
3436 1927 3745 2000 apostolus
3763 1931 3929 1984 Petrus

2306 2016 2472 2085 dicit,
2503 2016 2572 2071 In
2600 2032 2757 2087 quem
2785 2016 2941 2072 modo
2967 2032 3073 2072 non
3104 2016 3351 2073 videntes
3379 2016 3663 2086 creditis“
3674 2016 3786 2072 Pet.
3813 2036 3844 2085 ι,
3858 2020 3924 2088 8):

2306 2110 2363 2161 et
2386 2106 2512 2178 ipse
2544 2105 2853 2172 Dominus,
2894 2106 3163 2177 Beatiqui
3192 2122 3299 2162 non
3332 2106 3617 2174 viderunt,
3639 2110 3690 2161 et
3718 2106 3924 2162 credide-

2305 2203 2439 2251 runt
2465 2195 2626 2267 (Joan
2639 2239 2651 2253 .
2687 2211 2786 2261 xx,
2810 2196 2923 2267 29).

2377 2288 2427 2340 9.
2450 2286 2597 2341 Cum
2611 2283 2812 2356 itaque
2829 2284 3044 2340 dicitur
3060 2284 3313 2354 homini,
3331 2284 3521 2340 Crede
3542 2284 3827 2340 Christum
3855 2298 3923 2338 re-

2304 2374 2678 2429 surrexissea
2700 2374 2946 2429 mortuis
2957 2374 3036 2440 ;si
3051 2374 3255 2441 credit,
3288 2373 3534 2430 attende
3568 2372 3706 2445 quid
3739 2372 3919 2435 videat,

2304 2461 2540 2517 attende
2556 2461 2701 2534 quid
2714 2462 2936 2525 credat,
2953 2466 3008 2517 et
3022 2468 3343 2533 utrumque
3354 2462 3652 2519 discerne.
3676 2459 3922 2516 Videtho—

2305 2550 2528 2605 minem
2552 2550 2723 2620 cujus
2744 2550 2907 2605 audit
2922 2566 3148 2614 vocem;
3166 2556 3219 2607 et
3238 2551 3368 2621 ipsa
3383 2550 3578 2607 voxin
3598 2549 3732 2603 visis
3748 2562 3920 2618 corpo-

2303 2638 2524 2694 ralibus
2536 2638 3207 2710 deputatur,secundum
3219 2655 3291 2695 ea
3312 2656 3450 2710 quae
3475 2655 3661 2710 supra
3687 2637 3919 2693 diximus.

2305 2728 2439 2783 Htec
2451 2727 2573 2783 duo
2587 2727 3414 2793 sunt,testis,ettestimonium
3435 2747 3449 2785 :
3467 2744 3724 2801 quorum
3736 2726 3804 2782 ad
3816 2741 3925 2780 ocu-

2303 2817 2392 2872 los
2408 2817 2701 2883 unum,ad
2716 2833 2891 2874 aures
2904 2817 3158 2873 alterum
3175 2817 3569 2889 pertinet.Sed
3589 2817 3741 2872 hunc
3754 2820 3921 2872 testem

2302 2905 2555 2963 fortasse
2587 2906 2844 2962 aliorum
2884 2907 3361 2963 testimoniorum
3392 2907 3719 2963 auctoritas
3750 2901 3923 2960 conﬁr-

2302 2995 2691 3060 mat,divinar
2701 3011 2802 3051 um
2817 2995 3035 3052 scilicet
3052 2995 3523 3067 Scripturarum,
3540 2995 3631 3050 vel
3645 2990 3925 3067 quorumli-

2302 3084 2400 3139 bet
2417 3083 2696 3150 aliorum,
2720 3084 2945 3156 quibus
2960 3089 3049 3139 est
3066 3090 3265 3140 motus
3296 3085 3373 3140 ad
3403 3085 3614 3141 ﬁdem.
3649 3082 3923 3154 Scriptura:

2300 3172 2377 3228 ad
2396 3174 2520 3227 visa
2546 3174 2839 3244 pertinent
2854 3173 3123 3245 corporis
3137 3173 3480 3240 oculorum,
3512 3171 3815 3240 sieaslegit
3828 3164 3922 3235 ;vel

2301 3262 3057 3330 aurium,siaudivit.Videt
3071 3268 3269 3319 autem
3288 3264 3497 3319 animo
3510 3259 3794 3335 quidquid
3806 3258 3922 3325 ﬁgu-

2300 3350 2379 3405 ris
2395 3350 2720 3406 litterarum
2739 3352 2978 3407 souisve
2993 3352 3317 3421 signiﬁcari
3348 3351 3655 3408 intellexit.
3686 3347 3834 3403 Videt
3853 3344 3921 3414 ip-

2309 3454 2436 3494 sam
2455 3439 2633 3493 ﬁdem
2652 3455 2978 3511 suam,qua
2992 3455 3053 3495 se
3066 3440 3305 3496 credere
3319 3441 3448 3496 sine
3462 3436 3819 3497 cunctatione
3829 3447 3919 3488 res-

2308 3527 2724 3598 pondet.Videt
2735 3529 3156 3597 cogitationem
3168 3545 3309 3601 ,qua
3323 3530 3548 3599 cogitat
3561 3525 3693 3599 quid
3708 3525 3755 3581 ei
3770 3518 3919 3595 possit

2307 3617 2590 3688 prodesse
2605 3617 2771 3689 quod
2783 3618 2985 3673 credit.
3005 3618 3169 3674 Videt
3188 3618 3705 3689 voluntatem,qua
3715 3608 3918 3670 accessit

2307 3704 2384 3761 ad
2406 3706 2855 3777 suscipiendam
2872 3706 3235 3779 religionem.
3260 3706 3436 3762 Videt
3450 3709 3627 3763 etiam
3652 3702 3823 3776 ipsius
3854 3712 3918 3752 re-

2304 3795 2686 3851 surrectionis
2712 3796 3046 3868 quamdam
3070 3796 3399 3866 imaginem
3419 3797 3483 3852 in
3507 3786 3916 3851 animosuofae-

2304 3887 2450 3953 tam,
2475 3885 2603 3941 sine
2629 3900 2754 3957 qua
2785 3885 3027 3955 intelligi
3057 3901 3177 3941 non
3202 3881 3703 3958 potestquidquid
3732 3878 3915 3935 factum

2303 3972 2694 4044 corporaliter
2742 3974 2977 4040 dicitur,
3013 3975 3131 4030 sive
3171 3975 3472 4041 credatur,
3510 3974 3631 4029 sive
3670 3983 3777 4025 non
3820 3976 3913 4019 cre-

2302 4060 2498 4117 datur.

2376 4150 2599 4207 CAPUT
2620 4153 2708 4206 1V.
2728 4184 2792 4193 —
2808 4152 2943 4218 Sed,
2961 4156 3202 4224 utputo,
3217 4152 3539 4223 distinguis
3552 4142 3836 4223 quomodo
3849 4136 3909 4191 vi-

2300 4238 2439 4295 deat
2455 4239 2634 4295 ﬁdem
2653 4256 2829 4297 suam
2842 4257 2967 4313 qua
2980 4240 3569 4313 credit,etquomodo
3584 4229 3907 4293 videatillam

2300 4328 3077 4400 resurrectionisimaginem
3093 4331 3150 4384 in
3168 4330 3371 4385 animo
3384 4346 3495 4386 suo
3508 4329 3904 4391 factam,quams

2300 4416 2347 4471 si
2370 4416 2483 4472 hoc
2512 4418 2700 4484 audit,
2730 4418 2889 4474 videt
2910 4419 3089 4475 etiam
3110 4418 3215 4491 qui
3239 4434 3361 4474 non
3393 4418 3595 4474 credit.

2376 4508 2459 4559 10.
2476 4505 2609 4561 Haec
2628 4522 2768 4578 ergo
2786 4506 2995 4563 omnia
3008 4508 3179 4574 videt,
3210 4508 3426 4579 partim
3450 4516 3710 4577 corpore,
3724 4492 3901 4569 partim

2297 4595 2898 4652 mente.Voluntatem
2917 4613 3054 4653 vero
3068 4596 3197 4668 ejus
3218 4612 3253 4652 a
3269 4612 3393 4669 quo
3406 4596 3573 4653 audit
3587 4580 3902 4648 utcredabel

2295 4680 2489 4753 ipsam
2506 4685 2713 4739 Christi
2737 4686 3229 4741 resurrectionem
3256 4701 3375 4740 non
3399 4687 3573 4749 videt,
3591 4680 3689 4737 sed
3707 4671 3863 4731 credit
3887 4680 3897 4729 ;

2296 4776 2352 4827 et
2373 4776 2573 4828 tamen
2597 4790 2728 4829 eam
2762 4774 2959 4830 videre
2975 4774 3189 4830 dicitur
3200 4774 3464 4846 quodam
3482 4771 3682 4830 mentis
3702 4764 3895 4820 obtutu,

2296 4861 2489 4931 magis
2503 4863 2833 4918 secundum
2849 4864 3324 4919 testimoniorum
3340 4864 3714 4932 ﬁdem,quam
3735 4856 3896 4907 rerum

2294 4954 2611 5021 praesentia
2642 4953 3023 5009 creditarum.
3049 4952 3146 5009 llla
3166 4953 3327 5007 enim
3360 4969 3495 5024 quae
3522 4950 3683 5010 videt,
3711 4933 3893 5030 adsunt

2294 5020 2570 5094 sensibus
2586 5040 2679 5095 vel
2701 5042 2883 5097 animi
2909 5041 2996 5096 vel
3015 5042 3313 5113 corporis;
3332 5020 3467 5113 quae
3507 5042 3696 5096 autem
3723 5020 3889 5083 credit.

2293 5127 2511 5183 absunt
2530 5145 2564 5184 a
2588 5130 2867 5186 sensibus
2884 5137 2937 5185 et
2960 5130 3143 5186 animi
3166 5132 3522 5201 etcorporis.
3543 5116 3889 5209 Quamvis)“

2290 5216 2490 5273 luntas
2506 5219 2631 5289 ejus
2659 5236 2693 5275 a
2717 5236 2839 5292 quo
2861 5222 3025 5275 audit
3045 5224 3102 5275 ut
3130 5220 3353 5285 credat,
3380 5236 3496 5275 non
3522 5218 3593 5273 sit
3618 5203 3884 5299 praeterita,

2292 5306 2396 5360 sed
2436 5310 3080 5381 maneatinloquente:
3123 5326 3306 5380 quam
3341 5310 3395 5363 in
3418 5297 3883 5387 seipsoidem

2288 5395 2391 5465 qui
2408 5394 2669 5467 loquitur
2688 5374 2871 5463 videt;
2891 5398 2980 5452 ille
3003 5374 3257 5470 vero-qui
3278 5397 3462 5466 audit,
3483 5374 3593 5450 non
3620 5399 3736 5443 eam
3757 5374 3879 5470 vid?!

2287 5483 2385 5537 sed
2413 5465 2617 5539 credit.
2654 5488 3016 5541 Resurrectio
3049 5465 3248 5541 autem
3274 5465 3477 5540 Christi
3506 5473 3767 5554 praeterita
3787 5465 3875 5520 est,

2286 5588 2402 5644 qua
2415 5590 2467 5628 m
2486 5590 2591 5629 nec
2606 5575 2682 5631 illi
2701 5578 3250 5632 viderunthomines
3264 5578 3364 5651 qui
3381 5581 3519 5632 tunc
3534 5555 3871 5629 t‘uerunlJ‘lafn
