4074 6164
536 139 663 200 C603

542 260 899 325 me,vidistis
911 263 969 317 et
980 256 1340 325 Patrem;sed
1351 256 1737 326 dicendo,Qui
1744 274 1831 315 me
1842 258 2138 323 vidit,vidit
2147 262 2199 315 et

548 349 791 415 Patrem,
818 348 1124 405 ostendere
1138 346 1318 402 voluit
1340 346 1623 402 unitatem
1647 347 1997 405 substantias
2017 348 2196 404 Patris

548 444 603 494 et
635 438 755 493 Filii
783 438 948 504 ,nein
969 435 1331 507 aliquointer
1356 452 1418 491 se
1431 441 1921 507 putarenturesse
1936 436 2194 493 dimissi-

544 527 655 589 les:
685 542 753 581 ac
768 541 871 596 per
882 524 995 579 hoc
1009 524 1299 595 quoniam
1314 540 1444 579 vere
1458 525 1681 581 dictum
1696 531 1801 593 est,
1820 527 1929 594 Qui
1942 526 2191 591 mevidit,

544 615 683 669 vidit
697 618 748 668 et
766 614 1011 679 Patrem;
1028 612 1293 685 profecto
1306 615 1595 685 quoniam
1614 615 1798 671 Deum
1814 631 1991 671 nemo
2007 615 2198 671 homi-

544 718 693 758 num
718 702 866 757 vidit
888 718 1181 775 unquam,
1195 718 1304 758 nec
1319 704 1545 759 Patrem
1559 706 1884 776 quisquam
1898 704 2199 775 putandus

548 796 638 847 est
670 791 906 856 vidisse,
936 806 1047 847 nec
1074 792 1282 847 Filium
1304 792 1635 848 secundum
1657 792 1820 864 quod
1848 795 1999 848 Deus
2029 798 2116 849 est
2145 795 2201 848 et

550 879 746 944 Filius,
777 884 833 935 et
858 896 993 935 cum
1027 881 1193 936 Patre
1220 896 1377 935 unus
1410 883 1586 936 Deus.
1616 884 1762 938 Nam
1792 881 2199 938 secundumid

550 970 714 1039 quod
728 968 913 1025 homo
929 969 1252 1042 est,utique
1267 970 1323 1025 in
1341 975 1489 1025 terra
1506 972 1664 1026 visus
1681 975 1846 1038 est,et
1861 987 1997 1026 cum
2010 970 2199 1026 homi-

549 1058 728 1113 nibus
752 1062 1141 1113 conversatus
1157 1065 1243 1114 est
1271 1060 1509 1130 (Baruch
1539 1076 1616 1127 ιιι,
1645 1064 1733 1126 38,
1761 1064 1811 1115 et
1828 1062 1983 1117 Joan.
2017 1078 2053 1127 ι,
2086 1061 2196 1128 14).

624 1149 849 1204 CAPUT
867 1147 1251 1203 V1.—17.Sed
1265 1164 1487 1218 magna
1507 1148 1760 1221 quaestio
1776 1148 2201 1221 est,quomodo

550 1251 671 1292 non
706 1237 779 1291 sit
811 1237 1172 1292 contrarium
1186 1237 1320 1308 quia
1354 1242 1437 1293 tot
1466 1238 1693 1309 antiqui
1724 1238 1991 1294 viderunt
2015 1239 2200 1293 Deum

549 1326 595 1381 si
617 1327 798 1381 Deum
821 1341 1000 1381 nemo
1017 1341 1285 1397 unquam
1302 1324 1465 1396 vidit,
1490 1342 1669 1398 quem
1684 1342 1865 1383 nemo
1884 1327 2200 1382 hominum

546 1415 835 1481 vidit,nec
862 1414 1062 1470 videre
1092 1416 1709 1488 potest‘PVidesquam
1727 1415 2027 1471 difficilem
2058 1414 2201 1471 mihi

548 1503 943 1576 proposueris
971 1505 1388 1575 quaestionem,
1417 1506 1573 1560 unde
1599 1522 1697 1560 me
1721 1504 1942 1577 aliquid
1979 1504 2202 1575 prolixe

548 1592 915 1664 copioseque
929 1592 1183 1648 scribere
1202 1592 1431 1649 voluisti
1456 1610 1525 1648 ex
1544 1593 1856 1650 occasione
1868 1594 2062 1649 brevis
2084 1594 2202 1665 epi-

551 1680 728 1737 stolae
762 1697 931 1746 mem,
956 1697 1090 1754 quas
1124 1681 1226 1737 tibi
1248 1683 1374 1737 visa
1399 1688 1485 1737 est
1504 1682 1847 1753 diligentius
1877 1688 1932 1738 et
1962 1682 2202 1738 uberius

552 1769 938 1842 explicanda.
964 1770 1136 1826 Visne
1163 1786 1303 1841 ergo
1316 1772 1615 1828 attendere
1628 1788 1763 1844 quas
1777 1771 1941 1844 apud
1957 1771 2105 1827 alios
2121 1771 2204 1826 in-

551 1859 725 1916 terim
773 1860 1036 1931 comperi
1066 1859 1406 1916 divinarum
1438 1861 1876 1933 Scripturarum
1934 1861 2204 1931 egregios

550 1952 915 2014 tractatores,
944 1948 1090 2021 quid
1120 1948 1194 2003 de
1228 1950 1452 2004 visione
1486 1951 1582 2005 Dei
1611 1951 1924 2016 senserint,
1957 1966 2029 2005 ne
2061 1950 2205 2006 forte

553 2036 867 2093 sufﬁciant
892 2037 1190 2092 desiderio
1218 2042 1343 2108 tuo,
1362 2039 1638 2110 quamvis
1664 2056 1735 2096 ea
1762 2039 2006 2096 forsitan
2026 2053 2202 2095 nove-

548 2125 628 2182 ris
650 2127 679 2179 ‘2
708 2128 905 2181 Pauca
934 2142 1075 2198 ergo
1106 2126 1215 2181 ista
1232 2126 1491 2194 attende,
1526 2127 1573 2183 si
1598 2128 1809 2199 placet.
1838 2130 1984 2185 Cum
2017 2131 2205 2184 Evan-

550 2215 774 2287 gelium
796 2231 1102 2288 exponens
1122 2215 1335 2273 beatus
1356 2217 1727 2288 Ambrosius,
1748 2217 2205 2275 Mediolanensis

551 2305 1249 2377 episcOpus,venissetad
1266 2321 1405 2361 eum
1425 2305 1619 2362 locum
1635 2307 1736 2362 ubi
1749 2306 2007 2377 Angelus
2019 2322 2198 2378 appa-

549 2394 666 2450 ruit
684 2395 744 2448 in
761 2393 987 2465 templo
1009 2394 1306 2450 Zachariae
1328 2396 1642 2461 sacerdoti,
1659 2412 1728 2451 ex
1742 2396 1855 2452 hac
1868 2396 2204 2457 occasione,

552 2482 688 2538 vide
705 2489 933 2554 quanta
949 2484 1219 2554 etqualia
1238 2484 1313 2539 de
1338 2486 1435 2539 Dei
1453 2486 1629 2540 etiam
1650 2484 1876 2540 visione
1896 2484 2195 2540 disseruit.

629 2575 711 2626 18.
731 2571 858 2626 Non
872 2573 1165 2638 immerito,
1190 2572 1402 2644 inquit,
1420 2575 1454 2629 A
1465 2575 1651 2645 ngelus
1665 2574 1879 2629 videtur
1892 2574 1953 2628 in
1968 2574 2199 2641 templo;

553 2662 683 2731 quia
695 2662 1115 2715 verisacerdotis
1118 2663 1239 2733 jam
1250 2665 1444 2717 nuntia
1454 2663 1615 2718 batur
1628 2663 1970 2729 adventus,et
1995 2662 2202 2718 caeleste

550 2748 885 2817 sacriﬁcium
911 2750 1235 2821 parabatur,
1266 2752 1322 2806 in
1345 2768 1448 2824 quo
1477 2753 1679 2823 Angeli
1705 2753 2108 2807 ministrarent.
2133 2752 2199 2805 Et

554 2836 686 2892 bene
706 2840 1023 2908 apparuisse
1051 2839 1261 2895 dicitur
1296 2842 1349 2896 ei
1372 2841 1468 2911 qui
1494 2857 1620 2896 eum
1650 2845 1873 2905 repente
1896 2843 2198 2911 conspexit.

555 2928 662 2981 Hoc
684 2927 1010 2998 specialiter,
1039 2933 1136 2983 aut
1178 2928 1243 2984 de
1280 2930 1515 3000 Angelis,
1550 2934 1647 2985 aut
1694 2931 1758 2986 de
1784 2932 1885 2986 Deo
1918 2932 2203 2998 Scriptura

554 3015 742 3070 divina
774 3020 953 3082 tenere
980 3020 1279 3084 consuevit,
1311 3023 1373 3074 ut
1402 3020 1542 3090 quod
1567 3037 1671 3077 non
1693 3025 1865 3093 potest
1889 3020 2197 3091 praeuideri,

552 3121 825 3175 apparere
873 3106 1111 3163 dicatur.
1142 3107 1232 3163 Sic
1259 3110 1409 3164 enim
1434 3110 1597 3165 habes
1629 3128 1645 3165 .'
1682 3130 1709 3163 «
1737 3112 2013 3182 Apparuit
2064 3111 2201 3165 Deus

556 3195 790 3251 Abrahz
813 3195 883 3250 ad
917 3196 1101 3253 ilicem
1121 3198 1360 3253 Mambre
1387 3218 1415 3249 »
1450 3200 1603 3269 (Cen.
1626 3216 1781 3267 xvm,
1804 3202 1878 3271 1).
1912 3201 2049 3255 Nam
2072 3200 2202 3270 quia

554 3288 682 3341 ante
697 3301 804 3341 non
815 3288 1190 3356 praesentitur,
1217 3286 1309 3341 sed
1321 3289 1601 3357 repentino
1618 3288 1832 3343 videtur
1859 3296 2202 3360 aspectu,ap-

551 3388 746 3444 parere
768 3379 1124 3427 memoratur.
1146 3375 1261 3429 Non
1274 3377 1420 3429 enim
1434 3375 1696 3431 similiter
1708 3377 1989 3432 sensibilia
2014 3377 2203 3433 viden-

556 3466 667 3528 tur,
682 3465 733 3517 et
754 3463 801 3516 is
828 3462 884 3515 in
934 3462 1090 3532 cujus
1120 3462 1392 3519 voluntate
1420 3465 1590 3520 situm
1614 3470 1692 3521 est
1722 3466 1915 3530 videri,
1967 3470 2018 3523 et
2048 3468 2202 3537 cujus

554 3554 771 3605 naturae
801 3553 1009 3606 estnon
1057 3551 1251 3617 videri,
1284 3554 1579 3609 voluntatis
1609 3554 1803 3609 videri.
1848 3555 1986 3611 Nam
2025 3557 2074 3610 si
2095 3571 2205 3610 non

554 3640 689 3705 vult,
714 3655 819 3695 non
840 3640 1053 3697 videtur
1073 3660 1089 3708 ;
1111 3644 1163 3697 si
1181 3643 1563 3710 vult,videtur.
1594 3646 1875 3716 Apparuit
1891 3646 2041 3701 enim
2069 3647 2203 3701 Deus

554 3728 805 3797 Abrahw,
838 3732 968 3802 quia
984 3732 1154 3787 voluit
1182 3734 1375 3804 ,‘atiis,
1394 3736 1526 3806 quia
1553 3736 1753 3802 notuit,
1782 3752 1890 3791 non
1922 3737 2203 3807 apparuit.

561 3821 739 3877 Visum
761 3825 840 3877 est
861 3822 1025 3877 etiam
1052 3822 1342 3895 Stephano,
1397 3841 1523 3880 cum
1549 3825 1891 3896 lapidaretur
1928 3842 1962 3879 a
1984 3824 2202 3897 papula,

552 3911 765 3982 aperiri
790 3911 985 3967 caelum
1010 3915 1025 3948 ¹
1062 3935 1082 3982 ;
1108 3915 1254 3969 visus
1283 3918 1361 3969 est
1389 3916 1557 3970 etiam
1585 3916 1743 3971 Jesus
1763 3920 1914 3971 stans
1934 3916 2005 3970 ad
2028 3914 2207 3970 dexte-

554 4015 679 4055 ram
710 4001 807 4055 Dei
836 4000 985 4071 (Act.
1013 4017 1110 4067 vn,
1134 4003 1246 4073 55),
1269 4011 1320 4057 et
1347 4019 1458 4059 non
1478 4005 1621 4059 visus
1652 4008 1729 4059 est
1750 4021 1783 4058 a
1810 4004 2025 4076 populo.
2066 4004 2206 4059 Vidit

554 4089 732 4144 Isaias
766 4092 932 4145 Deum
955 4092 1178 4146 sabaoth
1209 4094 1357 4161 (Isai.
1385 4109 1455 4153 Vl,
1476 4096 1567 4157 1);
1598 4094 1685 4148 sed
1714 4095 1858 4149 alius
1886 4094 2071 4149 videre
2098 4111 2206 4148 non

554 4180 899 4248 potuit,quia
914 4178 1006 4233 cui
1029 4180 1239 4249 placuit
1269 4183 1546 4251 apparuit.
1576 4182 1785 4247 thuid
1802 4182 1865 4237 de
1895 4182 2205 4241 hominibus

555 4266 850 4338 loquimur,
879 4284 1003 4323 cum
1030 4270 1195 4324 etiam
1224 4270 1287 4324 de
1313 4271 1444 4340 ipsis
1474 4271 1772 4327 cwlestibus
1820 4273 2118 4327 Virtutibus
2155 4278 2206 4328 et

554 4358 919 4413 Potestatibus
933 4357 1219 4429 legerimus
1231 4360 1361 4430 quia
1378 4379 1401 4411 ι
1412 4360 1574 4416 Deum
1585 4377 1743 4416 nemo
1754 4362 1889 4416 vidit
1903 4361 2205 4432 unquam?»

557 4451 607 4502 et
622 4447 775 4503 addit
790 4447 929 4520 quod
955 4448 1106 4505 ultra
1120 4450 1359 4507 ccclestes
1376 4458 1450 4505 est
1469 4450 1786 4515 Potestates,
1811 4470 1839 4503 ‹‹
1881 4452 2207 4523 Unigenitus

556 4538 747 4601 Filius,
780 4540 877 4609 qui
898 4542 978 4593 est
1005 4540 1061 4593 in
1092 4539 1220 4593 sinu
1242 4540 1449 4605 Patris,
1484 4541 1595 4610 ipse
1621 4543 1893 4596 narravit.
1926 4563 1952 4591 ››
1980 4542 2087 4596 Aut
2118 4558 2207 4595 ac-

559 4628 869 4698 quiescatur
886 4627 1058 4697 igitur
1070 4644 1283 4684 necesse
1299 4633 1397 4697 est,
1414 4630 1463 4684 si
1480 4630 1646 4685 Deum
1662 4631 1883 4685 Patrem
1897 4646 2055 4685 nemo
2068 4629 2209 4686 vidit

556 4731 816 4785 unquam,
848 4717 1047 4771 Filium
1080 4719 1258 4773 visum
1287 4733 1397 4773 esse
1428 4719 1484 4772 in
1525 4719 1701 4775 Veteri
1734 4720 2077 4775 Testamento
2107 4740 2129 4789 ;
2158 4724 2211 4773 et

556 4803 810 4860 desinant
840 4804 1087 4860 haeretici
1114 4821 1183 4861 ex
1234 4808 1448 4877 Virgine
1473 4810 1525 4862 e’i
1547 4810 1888 4879 principium
1909 4809 2062 4876 dare,
2116 4810 2212 4881 qui

558 4898 859 4965 antequam
883 4900 1201 4951 nasceretur
1229 4911 1299 4952 ea:
1335 4895 1558 4966 Virgine
1580 4898 1894 4954 videbatur.
1930 4900 2033 4954 Aut
2070 4904 2212 4955 certe

561 4986 750 5056 refelli
772 5001 883 5040 non
904 4988 1097 5055 potest,
1133 4985 1214 5041 vel
1251 4986 1492 5052 Patrem,
1538 4989 1620 5042 vel
1682 4989 1910 5051 Filium,
1944 4988 2027 5045 vel
2065 4997 2214 5044 certe

561 5076 861 5148 Spriritum
876 5076 1149 5140 sanctum,
1170 5077 1220 5129 si
1235 5079 1417 5131 tamen
1428 5081 1506 5132 est
1528 5076 1769 5148 Spiritus
1784 5080 1965 5133 sancti
1980 5079 2133 5143 visio,
2151 5095 2215 5134 ea

557 5168 731 5238 specie
754 5166 1127 5237 videri,quam
1144 5166 1394 5221 voluntas
1410 5168 1653 5236 elegerit,
1674 5182 1780 5221 non
1792 5171 1995 5222 natura
2010 5170 2216 5237 forma-

563 5257 701 5311 verit
730 5271 751 5320 ;
781 5259 1039 5326 quoniam
1079 5255 1347 5329 Spiritum
1376 5271 1584 5327 quoque
1612 5255 1787 5310 visum
1817 5257 2123 5324 accepimus
2156 5257 2217 5311 in

562 5344 809 5400 columba
837 5345 1058 5418 (Matth.
1091 5362 1171 5411 iu,
1211 5347 1313 5418 16).
1355 5347 1422 5401 Et
1448 5345 1564 5401 ideo
1609 5366 1637 5396 ‹‹
1688 5346 1860 5401 Deum
1886 5360 2048 5401 nemo
2079 5345 2216 5401 vidit

633 5572 647 5600 ¹
671 5570 800 5647 Bad.
823 5574 941 5622 Am.
970 5576 1052 5647 Er.
1086 5582 1138 5626 et
1164 5578 1292 5647 _Mss.
1315 5580 1723 5644 quatuordecim
1760 5595 1769 5629 :
1815 5580 1957 5630 Visus
1975 5586 2043 5632 est
2075 5583 2227 5632 etiam

568 5633 837 5698 Stephano
864 5639 1067 5696 aperire
1093 5640 1288 5694 caelum.

1818 131 1887 190 S.
1928 130 2315 192 AUGUSTINI
2352 134 2672 195 EPISCOPI

2300 278 2563 333 unquam,
2582 283 2610 315 »
2626 264 2757 335 quia
2772 279 2894 321 eam
2918 278 3047 334 quae
3074 263 3133 317 in
3151 262 3284 318 Deo1
3302 261 3544 327 habitat,
3558 259 3923 333 plenitudinem

2301 349 2613 407 divinitatis
2634 367 2788 407 nemo
2813 352 3114 422 conspexit,
3140 365 3295 406 nemo
3310 354 3493 405 mente
3513 356 3609 403 aut
3623 348 3785 404 oculis
3806 365 3928 404 eom-

2299 439 2592 509 prehendit
2626 458 2641 495 :
2672 460 2697 492 α
2735 440 2872 496 Vidit
2903 462 2924 491 ι
2982 442 3149 505 enim,
3181 440 3254 494 ad
3282 444 3578 509 utrumque
3603 437 3926 508 referendum

2301 532 2399 583 est.
2417 530 2658 602 Denique
2687 546 2812 585 cum
2837 529 3081 594 additur,
3098 548 3129 582 ‹
3155 528 3487 599 Unigenitus
3515 528 3682 583 Filius
3701 528 3927 596 ipsenar-

2304 618 2469 682 ravit,
2486 637 2514 669 »
2528 620 2795 674 mentium
2806 620 2987 688 magis
3000 634 3167 689 quam
3180 617 3471 673 oculorum
3482 618 3618 671 visio
3630 615 3933 670 declaratur.

2304 706 2513 777 Species
2536 708 2686 763 enim
2708 709 2928 763 videtur
2944 730 2963 776 ,-
2988 709 3165 762 virtus
3184 722 3300 762 vero
3315 713 3597 762 narratur
3619 722 3635 758 :
3652 705 3749 759 illa
3763 706 3933 768 oculis,

2305 796 2419 851 haec
2440 801 2620 852 mente
2663 796 3167 867 comprehenditur.
3199 795 3301 852 Sed
3328 794 3466 867 quid
3486 794 3553 849 de
3587 794 3848 848 Trinitate
3865 793 3936 847 di-

2304 900 2423 939 cam
2443 883 2471 939 ?
2492 885 2780 956 Seraphim
2799 885 3014 956 quando
3040 885 3230 949 voluit,
3257 884 3560 955 apparuit:
3582 884 3636 939 et
3653 897 3820 937 vocem
3842 882 3939 951 eius

2307 974 2476 1029 Isaias
2504 974 2649 1029 solus
2674 975 2906 1030 audivit.
2937 975 3204 1046 Apparuit
3224 972 3471 1043 angelos,
3505 975 3558 1025 et
3596 986 3739 1025 nunc
3764 977 3941 1039 ιιι-ειςῑο

2304 1066 2403 1127 est,
2423 1063 2515 1118 sed
2532 1079 2641 1119 non
2669 1064 2904 1119 videtur.
2935 1065 3114 1134 Neque
3143 1063 3294 1118 enim
3315 1063 3377 1116 in
3390 1064 3663 1132 potestate
3681 1062 3860 1114 nostra
3876 1063 3940 1114 est

2304 1150 2504 1217 videre,
2536 1152 2625 1207 sed
2646 1154 2703 1207 in
2730 1156 2993 1224 potestate
3022 1152 3177 1206 illius
3193 1166 3489 1222 apparere.
3526 1149 3734 1205 Tamen
3762 1149 3855 1203 etsi
3871 1162 3944 1216 po-

2307 1242 2473 1296 testas
2502 1256 2612 1296 non
2640 1245 2719 1296 est
2746 1240 2986 1306 videndi,
3008 1248 3085 1296 est
3106 1240 3293 1310 gratia
3314 1236 3679 1310 promerendi
3702 1239 3758 1291 ut
3786 1234 3942 1291 videre

2304 1330 2591 1395 possimus.
2616 1332 2678 1385 Et
2720 1330 2839 1385 ideo
2865 1331 2960 1401 qui
2987 1329 3178 1384 habuit
3192 1329 3458 1400 gratiam,
3488 1327 3696 1381 meruit
3718 1327 3941 1394 copiam:

2306 1434 2402 1473 nos
2431 1418 2645 1489 c0piam
2673 1435 2785 1473 non
2809 1434 3104 1484 meremur,
3136 1419 3267 1489 quia
3295 1418 3467 1473 Deum
3488 1415 3719 1471 videndi
3737 1415 3947 1484 gratiam

2308 1523 2415 1562 non
2437 1507 2718 1563 habemus.
2739 1510 2803 1563 Et
2826 1508 2953 1579 quid
2976 1509 3185 1563 mirum
3206 1508 3256 1561 si
3271 1508 3330 1561 in
3344 1506 3611 1572 presenti
3628 1503 3838 1567 sarculo,
3857 1504 3948 1557 nisi

2308 1597 2524 1667 quando
2556 1597 2689 1661 vult,
2715 1598 2976 1652 Dominus
3001 1612 3111 1653 non
3134 1596 3353 1651 videtur
3374 1596 3403 1651 Τ
3434 1596 3497 1649 In
3524 1596 3643 1665 ipsa
3665 1608 3863 1663 quoque
3878 1607 3945 1647 re-

2306 1689 2649 1742 surrectione
2664 1702 2771 1741 non
2792 1686 2957 1756 facile
2967 1689 3046 1742 est
3070 1686 3237 1741 Deum
3248 1684 3455 1748 videre,
3474 1684 3592 1737 nisi
3608 1682 3679 1736 iis
3698 1683 3790 1752 qui
3810 1682 3947 1736 corde

2307 1778 2420 1831 sint
2445 1776 2648 1831 mundo
2680 1780 2772 1831 :et
2808 1776 2924 1831 ideo
2959 1796 2982 1826 α
3019 1775 3170 1831 beati
3214 1774 3420 1828 mundo
3450 1771 3615 1828 corde
3644 1789 3661 1838 ;
3695 1772 3797 1841 ipsi
3825 1773 3948 1825 enim

2310 1865 2481 1919 Deum
2497 1864 2757 1919 videbunt
2788 1884 2816 1915 »
2842 1864 3055 1935 (Matth.
3080 1880 3134 1927 v,
3166 1866 3239 1931 8).
3275 1863 3526 1931 Quantos
3546 1860 3729 1915 beatos
3734 1860 3849 1930 jam
3864 1875 3945 1913 nu-

2306 1958 2633 2017 meraverat,
2662 1957 2714 2008 et
2734 1956 2919 2008 tamen
2948 1952 3171 2007 videndi
3210 1951 3294 2005 his
3322 1952 3494 2005 Deum
3513 1964 3630 2004 non
3652 1948 3946 2018 promiserat

2304 2042 2639 2112 facultatem
2672 2045 2682 2099 1
2718 2043 2780 2098 Si
2810 2058 2938 2112 ergo
2970 2043 3011 2095 ii
3042 2043 3137 2112 qui
3195 2039 3400 2095 mundo
3437 2042 3572 2094 sunt
3602 2035 3778 2102 corde,
3809 2036 3950 2091 Deum

2308 2131 2569 2187 videbunt
2586 2155 2605 2202 ,-
2624 2134 2814 2203 utique
2828 2131 3049 2187 aliinon
3072 2130 3350 2185 videbunt.
3380 2129 3573 2199 Neque
3597 2126 3749 2182 enim
3768 2126 3951 2195 indigni

2306 2223 2479 2277 Deum
2507 2220 2767 2276 videbunt
2796 2239 2818 2283 ;
2846 2236 3020 2291 neque
3050 2222 3092 2274 is
3125 2221 3222 2291 qui
3253 2220 3421 2274 Deum
3484 2216 3681 2273 videre
3720 2215 3946 2277 noluerit,

2311 2314 2483 2381 potest
2518 2311 2685 2365 Deum
2743 2309 2952 2365 videre.
2987 2310 3089 2365 Nec
3137 2310 3194 2363 in
3246 2307 3359 2363 loco
3398 2309 3543 2363 Deus
3598 2304 3829 2369 videtur,
3878 2302 3948 2356 sed

2311 2400 2515 2455 mundo
2538 2400 2733 2470 corde,-
2768 2416 2866 2455 nec
2892 2398 3265 2470 corporalibus
3291 2397 3466 2453 oculis
3498 2397 3641 2451 Deus
3691 2394 3944 2465 quaeritur,

2313 2504 2412 2543 nec
2421 2489 2905 2544 circumscribitur
2916 2489 3057 2551 visu,
3085 2502 3185 2543 nec
3198 2490 3351 2542 tactu
3366 2489 3616 2547 tenetur,
3642 2497 3739 2536 nec
3757 2480 3948 2535 auditur

2310 2578 2505 2649 aﬂatu,
2528 2594 2623 2632 nec
2640 2580 2881 2633 sentitur
2900 2579 3134 2633 incessu.
3166 2578 3231 2631 Et
3259 2592 3385 2631 cum
3414 2574 3616 2630 absens
3640 2573 3873 2639 putatur,
3890 2568 3948 2620 vi-

2310 2666 2511 2735 detur;
2536 2670 2587 2722 et
2615 2682 2736 2721 cum
2768 2682 3006 2737 presens
3035 2669 3133 2731 est,
3174 2681 3287 2720 non
3328 2664 3580 2720 videtur.
3617 2660 3847 2729 Denique
3877 2670 3951 2710 nec

2313 2754 2552 2825 Apostoli
2570 2771 2753 2810 omnes
2775 2756 3055 2810 Christum
3073 2754 3370 2817 videbant;
3395 2756 3448 2806 et
3472 2751 3594 2805 ideo
3621 2750 3721 2811 ait,
3754 2769 3779 2795 α
3812 2745 3950 2800 Tanto

2314 2847 2551 2913 tempore
2578 2844 2853 2898 vobiscum
2877 2859 3018 2908 sum,
3050 2850 3101 2897 et
3140 2842 3318 2896 adhuc
3356 2857 3439 2895 me
3471 2856 3585 2895 non
3602 2835 3902 2907 cognovistis
3924 2850 3946 2880 ιι

2314 2928 2495 2999 (Joan.
2538 2948 2654 2993 xw,
2688 2933 2741 2999 9)
2768 2932 2779 2986 !
2807 2932 2911 3000 Qui
2941 2932 3091 2987 enim
3119 2930 3370 2999 cognovit
3398 2946 3523 2999 qua
3555 2928 3627 2981 sit
3656 2921 3887 2983 latitudo,
3911 2920 3949 2972 εἰ

2314 3021 2614 3091 longitudo,
2627 3028 2678 3076 et
2693 3020 2946 3085 altitudo,
2966 3027 3015 3076 et
3036 3019 3399 3092 profundum,
3416 3022 3471 3073 et
3490 3012 3947 3088 supereminentem

2308 3111 2551 3166 scientia
2580 3111 2909 3166 charttatem
2928 3109 3165 3175 Christi,
3188 3108 3325 3163 vidit
3356 3113 3407 3163 et
3438 3108 3744 3167 Christum,
3771 3098 3891 3154 vidit
3909 3098 3948 3148 et

2307 3199 2545 3255 Patrem.
2569 3200 2671 3255 Nos
2700 3202 2849 3255 enim
2860 3199 2985 3269 jam
3010 3197 3318 3253 secundum
3340 3211 3568 3252 carnem
3604 3208 3709 3247 non
3738 3187 3946 3243 novimus

2311 3289 2582 3345 Christum
2607 3290 2672 3358 (ll
2699 3290 2817 3344 Cor.
2853 3305 2906 3354 v,
2939 3289 3053 3358 16),
3089 3288 3181 3343 sed
3211 3286 3523 3342 secundum
3554 3284 3824 3355 spiritum.
3847 3273 3944 3343 Spi-

2308 3379 2454 3431 ritus
2503 3378 2647 3431 enim
2679 3383 2809 3431 ante
2857 3377 3059 3444 [aciem
3111 3378 3359 3429 nostram
3406 3373 3670 3429 Christus
3724 3364 3944 3455 Domitius

2310 3462 2543 3533 (Thren.
2574 3482 2649 3532 ιν,
2681 3467 2771 3537 20)
2803 3467 2898 3538 qui
2947 3481 3040 3521 nos
3075 3466 3133 3519 in
3161 3479 3376 3519 omnem
3423 3458 3817 3533 plenitudinem
3862 3449 3942 3504 Dei

2305 3556 2686 3611 misericordia
2714 3572 2816 3610 sua
2846 3556 3072 3626 implere
3128 3553 3384 3625 dignetur
3414 3550 3585 3623 (Eph.
3634 3563 3713 3612 ιιι,
3749 3546 3829 3609 18,
3876 3538 3940 3601 19)

2307 3648 2368 3699 ut
2392 3644 2568 3700 videri
2593 3646 2764 3714 possit
2802 3661 2835 3699 a
2860 3645 3014 3700 nobis
3037 3642 3414 3714 (Ambrosius,
3448 3656 3619 3712 super
3644 3639 3763 3693 Luc.
3792 3626 3936 3687 lib.1.

2308 3749 2354 3788 ο.
2397 3750 2435 3802 ι,
2484 3734 2596 3805 11).
3738 3810 3741 3811 ν
3895 3802 3903 3811 ⁸

2380 3798 2600 3879 CAPsz
2628 3822 2751 3878 VII.
2790 3852 2859 3862 —
2891 3824 2980 3878 19.
3014 3820 3069 3877 Si
3112 3819 3242 3875 haec
3272 3819 3462 3875 verba
3505 3810 3794 3903 intelligis,
3820 3798 3936 3903 quid

2312 3910 2713 3983 restatquoda
2746 3926 2841 3967 me
2872 3910 3135 3981 amplius
3169 3908 3535 3981 requiratur,
3569 3918 3704 3961 cum
3726 3900 3841 3971 jam
3860 3890 3938 3947 illa

2310 4017 2446 4073 quas
2459 4000 2716 4056 difficilis
2732 3998 3260 4066 videbatur,soluta
3275 3989 3935 4068 sitqumstioiDiscretum

2311 4096 2396 4146 θεῖ
2416 4090 2639 4162 quippe
2656 4088 2967 4161 Quomodo
2983 4089 3215 4144 dictum
3243 4086 3339 4155 sit,
3365 4090 3544 4143 Deum
3562 4096 3718 4139 nemo
3739 4074 3838 4132 vidi
3846 4084 3937 4162 im:

2312 4153 2896 4251 quam,et'quomodo
2926 4179 3113 4233 Deum
3131 4176 3271 4246 justi
3298 4153 3532 4246 antiqui
3560 4168 3813 4229 viderint.
3841 4153 3932 4255 Sed

2310 4263 2456 4324 illud
2485 4274 2796 4339 propterea
2820 4266 3046 4323 dictum
3069 4264 3475 4337 est,quoniam
3496 4266 3647 4319 Deus
3660 4261 3853 4313 natura
3868 4259 3933 4300 in-

2312 4356 2557 4412 visibilis
2590 4361 2698 4412 est.
2738 4355 2825 4412 Illi
2855 4361 3055 4411 autem
3088 4354 3222 4411 ideo
3268 4354 3563 4417 viderunt,
3610 4346 3931 4421 quicumque

2314 4446 2502 4502 Deum
2526 4445 2815 4511 viderunt,
2831 4445 2975 4517 quia
2986 4446 3079 4501 cui
3107 4443 3374 4507 voluerit,
3405 4442 3557 4497 sicut
3585 4430 3834 4495 voluerit,
3852 4436 3931 4517 αρ’

2316 4542 2483 4607 paret
2495 4550 2564 4589 ea
2582 4535 2777 4606 specie
2794 4515 2977 4606 quam
2991 4533 3271 4589 voluntas
3285 4528 3733 4600 elegerit,etiam
3751 4515 3930 4614 latent?

2316 4626 2709 4680 natura.Nam
2739 4623 2808 4687 si,
2835 4622 3084 4694 quando
3101 4628 3299 4694 patres
3312 4623 3497 4676 Deum
3528 4610 3924 4703 videruntfpsé

2315 4713 2651 4769 illisnatura
2664 4713 2794 4783 ejus
2809 4710 3384 4785 apparuit,quamvis
3401 4709 3449 4764 si
3467 4705 3743 4764 noluisset
3758 4699 3860 4761 utiq
3870 4700 3925 4742 αθ

2318 4818 2438 4858 non
2452 4802 2862 4873 apparuisset;
2878 4800 3187 4873 quomodo
3200 4802 3377 4855 Deum
3388 4813 3547 4854 nemo
3560 4793 3688 4851 vidit
3700 4790 3922 4854 unqwm'

2317 4907 2454 4947 cum
2487 4906 2558 4947 eo
2578 4890 2811 4946 volente
2829 4891 2961 4962 ipsa
2974 4890 3102 4960 ejus
3125 4905 3159 4944 a
3190 4893 3273 4943 tot
3302 4886 3576 4958 patribus
3599 4885 3795 4938 natura
3814 4878 3924 4962 con:

2321 4986 2525 5052 specta
2545 4979 2829 5045 sittouod
2849 4957 2895 5034 si
2921 4957 3133 5035 dicitur
3161 4957 3337 5034 Filius
3355 4993 3391 5033 a
3417 4975 3682 5048 patribus
3706 4966 3861 5021 visus,
3877 4957 3922 5008 ut

2320 5070 2395 5126 de
2414 5071 2528 5125 Deo
2551 5070 2719 5125 Patre
2732 5068 3060 5139 accipiatur
3075 5067 3323 5131 dictum,
3340 5064 3506 5138 quod
3523 5077 3656 5120 eum
3669 5056 3923 5139 nemorun-

2322 5174 2507 5230 quam
2530 5157 2734 5213 viderit
2759 5174 2772 5223 ;
2808 5138 2926 5212 non
2948 5155 3192 5227 quidem
3212 5154 3412 5209 amisit
3437 5149 3790 5209 occasionem
3812 5138 3921 5230 Αφς

2322 5214 2809 5315 brosius,uthinc
2824 5214 3127 5317 quosdam
3154 5243 3462 5300 hasreticos
3494 5230 3854 5304 redargueret,
3873 5214 3919 5271 id

2324 5343 2411 5393 est
2437 5336 2838 5399 Photinianos,
2870 5334 2973 5406 qui
3004 5332 3362 5405 principium
3396 5332 3533 5388 Filio
3567 5327 3745 5385 Deiex
3785 5317 3917 5406 ιιιέτο

2325 5425 2581 5496 Virginis
2598 5424 2751 5481 tribu
2761 5401 3021 5488 una-nec
3044 5401 3253 5479 volunt
3278 5420 3517 5477 credere
3538 5413 3691 5491 quod
3708 5412 3757 5466 et
3773 5401 3913 5459 antea

2392 5583 2405 5609 ¹
2430 5580 2560 5633 LOV.
2575 5618 2589 5635 .
2616 5579 2792 5643 quwin
2811 5578 3011 5643 Christo
3021 5576 3242 5643 habitat.
3266 5577 3333 5625 At
3350 5574 3605 5643 editiones
3623 5557 3910 5643 antiquiores,

2337 5648 2390 5694 et
2418 5643 2541 5692 Mss.
2576 5634 2986 5706 quatuordecim
3021 5639 3235 5693 habent,
3274 5653 3381 5702 qua
3413 5639 3469 5687 in
3497 5637 3612 5692 Dea,
3636 5634 3726 5681 etc.
