4074 6164
156 132 279 189 605

153 257 372 314 fuerit.
403 257 672 331 Sedquia
698 257 936 316 videbat
969 259 1136 327 alios,
1157 260 1219 317 id
1238 265 1326 318 est
1349 262 1624 329 Arianos,
1643 262 1839 335 perni-

147 345 396 402 ciosius
422 346 1075 420 insidiantes,quorum
1098 350 1306 420 procul
1337 350 1524 406 dubio
1555 367 1718 406 error
1734 350 1835 407 ad-

141 435 483 500 struitur,si
499 436 687 492 Patris
703 442 921 494 natura
937 438 1365 510 invisibilis,Fil
1380 440 1416 495 ii
1432 456 1575 495 vero
1593 440 1836 496 visibilis

139 523 446 591 creditur;
470 525 781 598 utriusque
797 542 875 581 un
885 542 983 582 am
999 528 1343 600 pariterque
1369 528 1727 584 invisibilem
1745 546 1838 585 as-

138 613 489 669 seruitesse
502 615 1149 689 naturam,adjungens
1162 617 1341 673 etiam
1357 618 1607 690 Spiritus
1623 618 1834 674 sancti.

138 702 334 766 Quod
364 703 617 760 breviter
639 704 907 775 quidem,
938 706 1042 760 sed
1063 706 1498 762 admirabiliter
1523 707 1835 777 intimavit,

136 790 249 846 ubi
269 796 521 848 secutus
538 793 620 848 ait
646 812 657 848 :
677 794 783 848 Aut
803 802 946 850 certe
962 796 1140 856 refelli
1153 812 1263 851 non
1274 799 1467 868 potest,
1488 797 1571 851 vel
1584 798 1832 868 Patrem,

136 879 227 934 vel
262 881 502 947 Filium,
532 882 617 937 vel
644 885 793 938 certe
819 882 1091 955 Spiritum
1139 889 1417 950 sanctum,
1450 888 1500 939 si
1526 892 1710 940 tamen
1755 888 1837 941 est

132 969 404 1041 Spiritus
433 971 612 1026 sancti
635 973 785 1037 visio,
821 988 883 1028 ea
914 974 1091 1044 specie
1118 974 1316 1039 videri,
1368 992 1532 1045 quam
1585 975 1835 1030 voluntas

129 1059 405 1129 elegerit,
429 1076 540 1115 non
558 1064 765 1115 natura
778 1062 1124 1132 formaverit.
1150 1062 1572 1128 Potuitdicere,
1592 1066 1714 1119 Non
1736 1079 1835 1120 na-

127 1152 280 1203 tura
305 1149 735 1205 monstraverit
762 1166 775 1216 ;
803 1150 906 1205 sed
929 1150 1370 1217 maluitdicere,
1390 1152 1732 1221 [ormaverit,
1760 1167 1834 1207 ne

129 1234 350 1307 ipsam
387 1237 725 1309 speciemin
749 1255 870 1311 qua
893 1239 1050 1295 Deus
1073 1240 1265 1311 elegit
1292 1256 1604 1313 apparere,
1635 1241 1706 1297 de
1726 1257 1835 1299 sua

130 1330 373 1380 natura
396 1326 661 1383 formare
691 1331 1020 1400 putaretur,
1048 1334 1103 1385 et
1126 1345 1195 1384 ex
1216 1328 1332 1385 hoc
1366 1329 1569 1403 utique
1593 1329 1835 1386 convin-

131 1420 392 1469 ceretur
405 1415 816 1472 convertibilis
841 1433 972 1474 esse
999 1418 1431 1490 mutabilisque
1448 1418 1829 1475 substantia):

130 1502 309 1573 quod
326 1503 468 1575 ipse
494 1507 646 1560 Deus
664 1521 699 1561 a
726 1505 845 1561 ﬁde
860 1506 1097 1579 piorum
1119 1508 1457 1563 misericors
1469 1507 1832 1579 etbenignus

127 1593 433 1649 averterit
468 1592 481 1649 l

200 1680 458 1738 CAPUT
475 1683 686 1737 VIIl.—-
705 1682 1121 1740 20.1nvisibilis
1136 1686 1414 1755 estigitur
1425 1693 1639 1741 natura
1650 1685 1830 1758 Deus,

102 1764 255 1825 "non
288 1774 540 1826 tantum
577 1774 764 1837 Pater,
796 1773 901 1827 sed
929 1778 985 1829 et
1011 1773 1148 1845 ipsa
1178 1773 1449 1838 Trinitas,
1476 1791 1633 1829 unus
1658 1777 1830 1834 Dcus.

127 1862 193 1914 Et
214 1860 379 1932 quia
404 1876 529 1916 non
560 1867 792 1917 tantum
816 1861 1152 1928 invisibilis,
1172 1880 1375 1919 verum
1401 1865 1577 1920 etiam
1607 1864 1835 1919 incom-

122 1948 571 2017 mutabilis;sic
587 1957 837 2022 apparet
849 1952 1070 2024 quibus
1084 1952 1352 2019 voluerit,
1368 1952 1426 2008 in
1442 1970 1564 2026 qua
1576 1953 1831 2013 voluerit

118 2037 359 2109 specie,
384 2042 452 2094 ut
473 2039 638 2110 apud
664 2055 810 2095 eum
842 2041 1078 2110 integra
1104 2043 1492 2113 maneatejus
1515 2041 1829 2099 invisibilis

116 2124 787 2200 incommutabilisque
810 2135 1042 2185 natura.
1068 2130 1433 2186 Desiderium
1449 2136 1649 2186 autem
1665 2146 1829 2186 vera.

126 2214 275 2272 aiter
296 2216 570 2287 piorum,
597 2232 719 2289 quo
740 2217 943 2273 videre
966 2218 1151 2274 Deum
1172 2220 1440 2292 cupiunt,
1462 2219 1829 2276 etinhianter

121 2303 488 2369 ardescunt,
509 2306 973 2377 non,opinor,in
992 2322 1125 2362 eam
1145 2307 1402 2379 speciem
1421 2307 1826 2363 contuendam

122 2392 374 2462 ﬂagrat,
404 2409 534 2465 qua
559 2400 621 2449 ut
643 2394 769 2449 vult
792 2400 1063 2467 apparet,
1087 2397 1253 2468 quod
1284 2397 1413 2469 ipse
1438 2412 1557 2453 non
1581 2401 1698 2463 est;
1722 2397 1827 2454 sed

120 2483 179 2536 in
213 2497 295 2536 ea
316 2498 374 2536 ω
415 2482 841 2547 substantiam,
873 2499 995 2555 qua
1027 2484 1155 2555 ipse
1185 2490 1276 2540 est
1306 2484 1469 2557 quod
1497 2490 1601 2540 est.
1636 2486 1823 2556 Hujus

134 2568 310 2624 enim
335 2569 617 2625 desiderii
643 2570 733 2625 sui
752 2570 1065 2626 ﬂammam
1093 2578 1332 2627 sanctus
1356 2576 1608 2644 Moyses,
1635 2573 1826 2629 ﬁdelis

134 2655 420 2713 famulus
445 2659 575 2729 ejus
600 2659 882 2724 ostendit,
900 2660 1001 2715 ubi
1030 2662 1110 2715 ait
1136 2661 1275 2725 Deo,
1295 2678 1430 2716 cum
1460 2679 1579 2733 quo
1600 2668 1657 2718 ut
1682 2662 1825 2717 ami-

136 2760 244 2799 cus
272 2745 439 2801 facie
472 2747 548 2802 ad
570 2746 787 2803 faciem
819 2748 1178 2819 loquebatur
1212 2766 1222 2802 :
1250 2750 1307 2805 Si
1336 2750 1537 2806 inveni
1562 2751 1824 2821 gratiam

138 2840 281 2891 ante
304 2840 387 2899 te,
417 2835 657 2892 ostende
682 2836 830 2891 mihi
853 2838 1224 2906 temetipsum
1252 2840 1473 2909 (Exod.
1507 2856 1708 2905 χχχιιι,
1740 2840 1824 2894 l3.

136 2937 251 2980 sec.
280 2925 470 2993 LXX).
496 2924 648 2991 Quid
674 2941 816 2996 ergo
835 2928 862 2982 ?
888 2925 981 2981 ille
1007 2943 1127 2982 non
1157 2933 1283 2983 erat
1316 2928 1443 2998 ipse
1466 2928 1493 2981 ?
1520 2928 1576 2983 Si
1604 2944 1724 2984 non
1742 2931 1830 2983 est

140 3017 228 3068 set
260 3012 424 3084 ipse,
450 3028 569 3069 non
602 3013 654 3068 ei
684 3014 924 3081 diceret,
959 3016 1201 3072 ostende
1233 3016 1383 3072 mihi
1412 3017 1780 3087 temetipsum
1808 3038 1831 3087 ;

139 3101 267 3168 sed,
296 3100 565 3156 Ostende
586 3100 731 3156 mihi
758 3103 945 3159 Deum
972 3121 985 3156 :
1015 3109 1289 3160 ettamen
1312 3105 1360 3160 si
1386 3105 1516 3176 ejus
1547 3110 1826 3161 naturam

141 3187 677 3262 substantiamque
710 3193 1098 3263 conspiceret,
1133 3193 1325 3249 multo
1357 3194 1559 3249 minus
1585 3194 1823 3259 diceret,

140 3279 393 3336 ostende
415 3280 562 3336 mihi
583 3282 969 3350 temetipsum.
996 3285 1125 3353 [pse
1149 3298 1290 3351 ergo
1315 3289 1441 3338 erat
1464 3284 1520 3338 in
1540 3300 1610 3339 ea
1631 3283 1827 3355 specie

140 3381 267 3440 qua
300 3383 601 3439 apparere
630 3369 895 3426 voluerat
920 3389 934 3439 ;
961 3387 1077 3426 non
1110 3376 1311 3428 autem
1340 3372 1470 3443 ipse
1497 3372 1828 3444 apparebat

144 3453 204 3511 in
235 3463 465 3512 natura
495 3459 756 3531 propria,
790 3475 977 3531 quam
1022 3461 1256 3533 Moyses
1298 3461 1493 3516 videre
1526 3462 1823 3533 cupiebat.

141 3544 219 3599 Ea
231 3544 470 3616 quippe
484 3549 848 3617 promittitur
869 3549 1093 3604 sanctis
1108 3549 1165 3604 in
1182 3549 1299 3605 alia
1314 3549 1456 3605 vita.
1476 3550 1640 3605 Unde
1659 3549 1826 3621 quod

143 3648 515 3705 responsura
540 3640 624 3691 est
652 3636 837 3707 Moysi
870 3653 1074 3692 verum
1119 3644 1225 3703 est,
1256 3638 1401 3709 quia
1430 3654 1608 3694 nemo
1634 3643 1827 3711 potest

148 3722 374 3779 faciem
408 3723 505 3777 Dei
540 3724 759 3793 videre,
809 3730 862 3780 et
893 3726 1090 3781 vivere
1125 3743 1138 3793 ;
1175 3726 1233 3782 id
1280 3731 1393 3793 est,
1427 3743 1605 3783 nemo
1633 3732 1827 3798 potest

147 3825 288 3867 eum
319 3811 384 3866 in
410 3811 525 3868 hac
552 3813 669 3868 vita
694 3813 892 3869 videre
919 3815 1127 3871 vivens
1152 3814 1324 3871 sicuti
1351 3820 1453 3872 est.
1480 3819 1625 3872 Nam
1653 3815 1824 3872 multi

145 3899 435 3956 viderunt
461 3917 476 3966 ;
507 3900 613 3956 sed
640 3902 803 3974 quod
836 3902 1117 3960 voluntas
1147 3903 1340 3974 elegit,
1375 3920 1495 3960 non
1527 3904 1691 3976 quod
1723 3920 1825 3959 na-

151 3991 282 4045 tura
334 3988 636 4046 formavit.
670 3993 735 4047 Et
775 3991 920 4047 illud
973 3992 1138 4064 quod
1167 3995 1425 4049 Joannes
1457 3993 1558 4063 ait,
1592 3994 1639 4048 si
1670 3997 1825 4050 recte

148 4075 519 4147 intelligitur,
565 4079 963 4145 Dilectissimi,
1010 4096 1171 4136 nunc
1221 4082 1338 4149 ﬁlii
1366 4083 1473 4138 Dei
1512 4098 1736 4149 sumus,
1768 4084 1823 4138 et

146 4165 419 4221 nondum
466 4169 754 4235 apparuit
780 4169 942 4240 quod
967 4171 1209 4226 erimus.
1256 4170 1490 4227 Scimus
1527 4171 1663 4243 quia
1689 4187 1822 4227 cum

148 4254 530 4323 apparuerit,
558 4255 780 4313 similes
813 4259 865 4312 ei
893 4258 1113 4313 erimus
1141 4281 1159 4327 ,-
1184 4260 1463 4330 quoniam
1496 4260 1820 4316 videbimus

149 4355 281 4400 eum
311 4344 491 4399 sicuti
518 4350 602 4401 est
635 4347 675 4414 (l
698 4345 873 4402 Joan.
904 4362 988 4413 ιιι,
1022 4348 1075 4417 2)
1102 4364 1115 4402 :
1152 4363 1269 4404 non
1295 4349 1597 4403 sicuteum
1629 4350 1820 4405 homi-

150 4446 254 4486 nes
293 4431 588 4499 viderunt,
622 4433 870 4505 quando
900 4434 1109 4503 voluit,
1138 4435 1197 4491 in
1230 4436 1425 4508 specie
1456 4452 1579 4509 qua
1608 4437 1814 4504 voluit,

146 4533 268 4576 non
302 4520 364 4576 in
396 4525 631 4591 natura,
664 4538 782 4594 qua
815 4522 872 4578 in
906 4524 1248 4595 semetipso,
1283 4526 1459 4581 etiam
1492 4542 1631 4581 cum
1657 4527 1819 4583 vide-

148 4616 331 4673 retur,
363 4608 569 4676 latuit;
605 4609 708 4666 sed
737 4611 910 4666 sicuti
938 4618 1041 4680 est,
1073 4613 1237 4683 quod
1270 4613 1348 4669 ab
1379 4630 1449 4670 eo
1481 4615 1809 4686 petebatur,

151 4710 289 4751 cum
320 4697 376 4753 ei
415 4697 731 4765 diceretur,
766 4702 1000 4757 ostende
1028 4701 1177 4757 mihi
1206 4702 1593 4772 temetipsum,
1636 4703 1714 4759 ab
1745 4719 1815 4759 eo

156 4785 256 4856 qui
295 4802 434 4841 cum
467 4786 569 4845 illo
597 4786 746 4843 facie
778 4788 855 4844 ad
881 4790 1091 4845 faciem
1124 4789 1500 4862 loquebatur.

220 4878 314 4930 2t.
356 4875 487 4930 Non
520 4876 664 4947 quia
697 4877 795 4933 Dei
832 4877 1263 4948 plenitudinem
1306 4879 1649 4952 quisquam,
1692 4894 1813 4937 non

156 4961 351 5018 solum
379 4963 566 5018 oculis
589 4965 881 5036 corporis,
903 4969 1004 5022 sed
1022 4966 1113 5022 vel
1134 4966 1264 5039 ipsa
1276 4972 1473 5023 mente
1487 4968 1815 5041 aliquando

155 5051 631 5122 comprehendit.

223 5140 455 5196 CAPUT
482 5142 568 5198 IX.
592 5172 658 5181 —
687 5139 860 5198 Aliud
892 5147 975 5197 est
999 5143 1157 5200 enim
1186 5144 1405 5211 videre,
1437 5146 1599 5202 aliud
1618 5152 1706 5203 est
1732 5151 1816 5203 to-

160 5232 277 5283 tum
326 5230 590 5286 videndo
640 5232 1169 5302 comprehendere.
1213 5234 1715 5307 Quandoquidem
1754 5235 1815 5291 id

158 5317 412 5384 videtur,
442 5319 608 5393 quod
658 5336 921 5392 praesens
956 5328 1276 5394 utcumque
1309 5324 1554 5380 sentitur
1583 5341 1594 5378 ;
1627 5331 1815 5381 totum

160 5412 359 5463 autem
408 5408 934 5480 comprehenditur
968 5410 1244 5469 videndo.
1278 5413 1438 5484 quod
1474 5414 1553 5468 ita
1585 5414 1817 5469 videtur

163 5502 221 5548 ut
251 5495 395 5551 nihil
426 5496 553 5569 ejus
583 5496 765 5553 lateat
796 5498 1111 5563 videntem,
1163 5505 1266 5555 aut
1301 5501 1471 5570 cujus
1502 5500 1651 5556 fines
1703 5503 1814 5557 cir-

164 5584 448 5658 cumspici
474 5592 732 5659 possunt
761 5604 774 5647 ;
806 5585 961 5642 sicut
988 5592 1039 5644 te
1068 5587 1209 5644 nihil
1228 5589 1367 5645 latet
1390 5591 1698 5662 praesentis
1719 5607 1813 5647 vo-

1435 134 1963 194 EPISTOLARUM
2003 135 2295 193 CLASSIS
2335 137 2428 195 III.

3494 140 3602 199 606

1951 261 2201 318 luntatis
2256 267 2392 335 tuae,
2454 262 2912 336 circumspicere
2980 270 3181 321 autem
3238 268 3409 336 potes
3467 264 3620 325 ﬁnes

1950 349 2163 407 annuli
2182 350 2282 406 tui.
2304 351 2577 424 Exempli
2606 354 2795 423 gratia
2817 353 2940 408 duo
2972 354 3165 425 posui,
3192 369 3451 425 quorum
3476 354 3620 411 alte-

1948 455 2083 495 rum
2097 441 2172 495 ad
2199 441 2413 496 mentis
2426 442 2720 506 obtutum,
2743 442 2993 499 alterum
3014 442 3091 497 ad
3105 443 3446 514 corporales
3474 460 3620 500 ocu-

1948 527 2036 584 los
2068 529 2361 601 pertinet:
2396 530 2557 585 visus
2593 532 2774 597 enim,
2808 532 2957 587 sicut
3010 531 3103 586 ille
3153 533 3251 595 ait,
3286 532 3357 587 ad
3390 536 3617 587 utrum-

1947 633 2065 690 que
2088 618 2434 673 referendus
2450 619 2621 688 est,id
2647 624 2803 675 estet
2828 620 2903 675 ad
2927 620 3133 676 oculos
3162 624 3216 675 et
3238 620 3312 675 ad
3330 626 3613 687 mentem,

2018 710 2107 762 22.
2136 709 2314 762 Porro
2341 706 2385 761 si
2409 712 2726 779 propterea
2740 711 2927 765 Deum
2940 723 3120 763 nemo
3145 707 3292 763 vidit
3313 724 3607 780 unquam,

1946 793 2105 865 quia,
2141 795 2292 851 sicut
2341 796 2423 851 ait
2452 795 2791 866 disputator
2844 797 3015 867 cujus
3060 797 3239 851 verba
3278 796 3615 852 considera-

1948 898 2101 937 mus.
2131 884 2573 941 Pleniludinem
2596 884 2928 940 divinitatis
2953 886 3083 953 ejus
3100 898 3269 939 nemo
3287 884 3611 952 conspexit,

1945 986 2114 1027 nemo
2127 978 2431 1028 menteaut
2453 973 2640 1028 oculis
2663 972 3109 1042 comprehendit
3138 995 3159 1042 ,-
3182 994 3209 1023 «
3226 972 3415 1028 vidit»
3436 973 3611 1039 enim,

1944 1059 2025 1116 ad
2045 1065 2364 1132 utrumque
2389 1062 2772 1129 referendum
2790 1068 2871 1117 est
2893 1079 2909 1115 :
2932 1066 3117 1117 restat
3137 1061 3437 1133 inquirere
3462 1076 3612 1133 quo-

1944 1149 2127 1204 modo
2154 1150 2360 1220 Angeli
2391 1150 2579 1206 Deum
2610 1151 2873 1217 videant,
2904 1156 3145 1221 propter
3173 1150 3316 1204 illud
3343 1149 3508 1221 quod
3542 1164 3614 1204 ex

1944 1237 2260 1307 Evangelio
2310 1240 2805 1305 commemoravi,
2861 1238 3074 1309 Angeli
3128 1254 3327 1294 eorum
3381 1253 3613 1307 semper

1944 1326 2143 1383 vident
2171 1328 2390 1396 faciem
2420 1328 2621 1384 Patris
2644 1328 2757 1385 mei
2780 1328 3018 1399 (Matth.
3048 1327 3335 1400 xvm,tO).
3369 1328 3423 1383 Si
3449 1328 3610 1383 enim

1941 1423 1997 1471 et
2026 1415 2176 1487 ipsis
2228 1432 2351 1472 non
2383 1416 2552 1472 sicuti
2591 1422 2697 1484 est,
2731 1417 2837 1472 sed
2867 1417 3085 1472 latente
3142 1431 3254 1471 sua
3284 1421 3521 1479 natura,
3550 1417 3610 1472 in

1943 1505 2137 1578 specie
2167 1522 2290 1579 qua
2319 1505 2575 1562 voluerit
2622 1510 2871 1577 apparet
2900 1522 2914 1572 ;
2944 1506 3135 1575 magis
3180 1505 3497 1575 magisque
3521 1519 3608 1560 reo

1941 1595 2305 1667 quirendum
2318 1600 2403 1650 est
2433 1595 2743 1667 quomodo
2775 1610 2909 1650 eum
2938 1610 3047 1649 nos
3076 1593 3411 1649 videbimus
3438 1592 3611 1648 sicuti

1941 1689 2047 1749 est,
2080 1688 2136 1738 et
2191 1682 2343 1739 sicut
2390 1686 2621 1755 Moyses
2662 1682 3047 1747 desideravit,
3082 1697 3221 1737 cum
3274 1684 3497 1752 peteret
3549 1683 3613 1736 ut

1945 1776 2116 1840 Deus,
2132 1772 2236 1845 qui
2250 1773 2310 1827 in
2325 1777 2650 1844 conspectu
2668 1773 2799 1843 ejus
2814 1775 2960 1837 erat,
2980 1769 3410 1827 ostenderetilli
3425 1783 3612 1825 seme-

1940 1862 2180 1933 tipsum.
2217 1863 2335 1916 Hoc
2361 1862 2521 1916 enim
2549 1860 2722 1916 nobis
2751 1877 3059 1916 summum
3093 1859 3411 1933 praemium
3442 1859 3503 1914 in
3524 1875 3611 1915 re-

1941 1949 2305 2006 surrectione
2337 1949 2721 2021 promittitur,
2754 1950 2917 2022 quod
2953 1950 3176 2005 erimus
3208 1948 3471 2019 aequales
3495 1950 3613 2002 An.

1939 2038 2086 2108 gelis
2122 2037 2222 2093 Dei
2254 2039 2419 2109 (Luc.
2448 2054 2549 2105 xx,
2576 2038 2667 2109 36)
2698 2053 2710 2093 :
2745 2054 2816 2094 ac
2842 2054 2951 2110 per
2980 2038 3095 2093 hoc
3126 2037 3172 2091 si
3200 2051 3309 2091 nec
3334 2035 3446 2106 ipsi
3468 2049 3606 2091 eum

1940 2128 2142 2184 vident
2189 2127 2358 2183 sicuti
2390 2132 2494 2195 est,
2524 2128 2835 2198 quomodo
2884 2142 2995 2182 nos
3026 2126 3108 2183 ita
3138 2124 3322 2181 visuri
3370 2140 3604 2191 sumus,

1936 2231 2074 2271 cum
2089 2216 2174 2271 eis
2188 2214 2449 2287 aequales
2463 2215 2521 2270 in
2536 2216 2968 2272 resurrectione
2982 2214 3120 2272 facti
3134 2214 3421 2270 fuerimus
3433 2211 3462 2266 ?
3488 2212 3604 2268 Sed

1939 2303 2071 2361 vide
2083 2304 2227 2376 quid
2242 2311 2675 2375 consequenter
2686 2305 2847 2361 dicat
2858 2308 3062 2361 noster
3077 2302 3429 2359 Ambrosius
3464 2303 3603 2357 :De-

1935 2395 2130 2465 nique,
2156 2393 2369 2465 inquit,
2387 2408 2520 2450 cum
2547 2394 2815 2459 additur,
2836 2415 2859 2445 α
2893 2393 3242 2464 Unigenitus
3268 2392 3462 2447 Filius
3479 2393 3604 2462 ipse

1932 2486 2280 2552 narravit;»
2299 2486 2581 2539 mentium
2598 2483 2788 2553 magis
2800 2499 2979 2555 quam
3005 2484 3312 2540 oculorum
3344 2480 3489 2537 visio
3502 2480 3600 2537 de-

1934 2572 2468 2640 ctaratur.Species
2481 2572 2636 2629 enim
2650 2572 3106 2642 videtur;virtus
3124 2586 3260 2628 vero
3276 2572 3603 2626 narratur:

1934 2662 2045 2717 illa
2083 2661 2291 2726 oculis,
2334 2661 2457 2717 hare
2477 2668 2669 2719 mente
2688 2661 3233 2730 comprehenditur.
3268 2658 3375 2726 Qui
3421 2656 3604 2730 paulo

1934 2755 2071 2805 ante
2110 2750 2341 2805 dixerat
2372 2750 2666 2805 visionem
2707 2750 2785 2805 ab
2827 2755 3148 2821 utrumque
3201 2748 3602 2813 referendam,

1935 2854 2094 2893 nunc
2110 2854 2244 2893 eam
2260 2854 2380 2893 non
2396 2838 2712 2903 menti,sed
2727 2839 2915 2893 oculis
2928 2838 3119 2893 dedit:
3138 2853 3279 2903 non,
3292 2837 3601 2908 utopinor,

1935 2926 2302 2996 negligenter
2315 2942 2421 2982 sua
2441 2925 2625 2982 verba
2645 2926 2974 2997 respiciens
2994 2942 3007 2991 ;
3026 2926 3129 2980 sed
3160 2925 3303 2995 quia
3324 2924 3601 2981 usitatius

1938 3015 1999 3071 in
2032 3014 2336 3087 loquendo
2382 3014 2642 3071 solemus
2685 3014 2874 3071 oculis
2918 3013 3238 3070 attribuere
3279 3013 3599 3079 visionem,

1935 3104 2085 3159 sicut
2110 3104 2370 3175 speciem
2392 3103 2646 3176 corpori.
2668 3106 2816 3159 Nam
2830 3107 2886 3159 et
2908 3103 3005 3158 hic
3020 3118 3150 3157 mos
3176 3100 3460 3173 loquendi
3480 3117 3601 3157 cre-

1934 3191 2101 3247 brius
2127 3198 2448 3265 usurpatur
2469 3192 2529 3248 in
2556 3192 2735 3248 rebus
2756 3207 2893 3265 quae
2915 3191 3061 3249 locis
3079 3190 3475 3255 continentur,
3499 3205 3601 3246 va-

1933 3280 2275 3353 rianturque
2288 3281 2733 3338 coloribus.Sed
2747 3282 2792 3337 si
2807 3280 2972 3337 nulla
2988 3279 3218 3353 species
3232 3283 3383 3335 esset
3398 3283 3600 3336 mente

1935 3369 2296 3434 contuenda,
2328 3386 2448 3426 non
2476 3370 2772 3427 diceretur
2804 3370 2899 3426 ille
2923 3370 3218 3439 speciosus
3244 3368 3447 3438 forma
3469 3383 3597 3436 prz

1931 3458 2072 3527 ﬁliis
2097 3458 2399 3515 hominum
2416 3460 2760 3529 (Psal.xuv,
2775 3459 2850 3528 3).
2868 3462 3066 3532 Neque
3080 3458 3239 3514 enim
3258 3457 3374 3513 hoc
3387 3472 3596 3513 secun-

1934 3548 2079 3602 dum
2109 3563 2349 3603 carnem
2379 3548 2606 3603 dictum
2620 3553 2803 3613 est,et
2825 3563 2944 3603 non
2974 3547 3308 3602 secundum
3336 3546 3597 3619 speciem

1935 3636 2324 3707 spiritualem.
2364 3637 2581 3692 Dicitur
2627 3652 2770 3706 ergo
2814 3643 2871 3693 et
2917 3636 3148 3707 species
3181 3636 3483 3707 pertinens
3520 3634 3597 3692 ad

1938 3725 2148 3780 mentis
2175 3726 2452 3780 obtutum
2490 3741 2505 3791 ;
2538 3725 2643 3780 sed
2673 3726 2818 3797 quia
2860 3725 3132 3797 usitatius
3155 3724 3217 3779 in
3243 3723 3601 3794 corporibus

1933 3813 2168 3878 dicitur,
2184 3812 2278 3868 vel
2298 3813 2358 3869 in
2380 3813 2873 3869 similitudinibus
2890 3828 3234 3884 corporum,
3258 3811 3393 3866 ideo
3412 3810 3561 3865 dixit
3584 3826 3597 3864 :

1932 3903 2166 3971 Species
2181 3902 2633 3973 videtur;virtus
2650 3918 2785 3959 vero
2802 3909 3121 3958 narratur:
3138 3901 3247 3956 illa
3260 3898 3600 3963 oculis,th

1931 3994 2121 4047 mente
2136 3990 2684 4058 comprehenditur.
2701 3991 2956 4047 Proinde
2969 3994 3250 4046 narrante
3265 3987 3597 4058 Unigenito,

1930 4080 2033 4151 qui
2064 4080 2227 4135 estin
2252 4080 2387 4135 sinu
2416 4081 2621 4146 Patris,
2646 4081 2989 4137 narratione
3011 4077 3600 4145 ineffabili,creatura

1928 4169 2236 4224 rationalis
2286 4169 2515 4225 munda
2545 4174 2599 4226 et
2642 4175 2852 4226 sancta
2897 4169 3180 4241 impletur
3234 4167 3462 4223 visione
3492 4160 3597 4221 Dei

1928 4258 2237 4323 ineﬂabili,
2283 4275 2467 4330 quam
2501 4264 2639 4315 tunc
2672 4274 3114 4330 consequemur
3154 4272 3294 4313 cum
3332 4254 3598 4329 aequales

1928 4347 2164 4416 Angelis
2195 4346 2327 4403 facti
2351 4347 2661 4405 fuerimus.
2687 4348 2837 4413 Quia
2852 4347 3003 4403 sicut
3027 4345 3301 4401 videntur
3330 4344 3441 4399 ista
3464 4343 3596 4398 visi-

1926 4436 2087 4501 bilia,
2122 4436 2388 4507 corporis
2420 4436 2695 4491 sensibus
2726 4440 2887 4500 nota,
2916 4438 3099 4490 Deum
3120 4448 3294 4488 nemo
3321 4432 3466 4487 vidit
3489 4445 3595 4487 uu-

1925 4540 2109 4596 quam
2130 4541 2142 4579 :
2157 4524 2449 4597 quoniam
2466 4524 2513 4579 si
2531 4524 2857 4597 aliquando
2869 4540 2943 4580 eo
2960 4523 3141 4578 modo
3155 4522 3315 4576 visus
3330 4525 3588 4585 est,non,

1926 4614 2078 4668 sicut
2110 4612 2240 4676 ista,
2276 4616 2491 4668 natura
2521 4611 2773 4677 videtur,
2807 4611 2911 4666 sed
2942 4610 3241 4667 voluntate
3271 4608 3434 4664 visus
3464 4612 3580 4674 est;

1926 4699 2121 4771 specie
2160 4716 2283 4771 qua
2310 4698 2493 4754 voluit
2541 4714 2863 4770 apparens,
2897 4698 3120 4755 latente
3163 4704 3381 4753 natura
3411 4702 3590 4770 atque

1922 4789 1984 4844 in
2012 4805 2074 4845 se
2088 4788 2564 4845 incommutabili
2574 4795 2654 4844 ter
2666 4794 3077 4861 permanente.
3095 4788 3176 4845 Eo
3191 4791 3392 4845 autem
3406 4785 3589 4842 modo

1924 4894 2045 4951 quo
2072 4878 2303 4933 videtur
2336 4879 2505 4934 sicuti
2533 4886 2642 4944 est,
2671 4894 2831 4934 nunc
2860 4878 3116 4935 fortasse
3142 4877 3372 4933 videtur
3392 4892 3429 4932 a
3457 4875 3591 4947 qui-

1923 4967 2182 5022 busdam
2214 4966 2451 5037 Angelis
2483 4983 2496 5022 :
2530 4983 2567 5024 a
2612 4967 2789 5023 nobis
2819 4973 3024 5023 autem
3054 4971 3193 5022 tunc
3240 4966 3321 5021 ita
3366 4960 3589 5018 videbi-

1926 5060 2038 5121 tur,
2067 5072 2205 5112 cum
2232 5056 2314 5111 eis
2347 5055 2482 5112 facti
2512 5055 2804 5112 fuerimus
2836 5058 3122 5128 mquales.

1998 5147 2219 5202 CAPUT
2251 5147 2309 5200 Χ.
2339 5174 2406 5186 -
2427 5148 2513 5201 23.
2550 5144 2770 5200 Deinde
2798 5160 2937 5199 cum
2958 5140 3289 5198 addidisset
3306 5139 3448 5214 quia
3475 5154 3586 5196 nec

1926 5232 2726 5299 Potestatescmlorum,sicut
2745 5232 3080 5303 Seraphim,
3097 5230 3209 5286 nisi
3225 5245 3362 5285 cum
3377 5227 3585 5285 volunt

1923 5328 1978 5379 et
2004 5322 2523 5395 quemadmodum
2556 5322 2769 5378 volunt
2814 5321 3106 5382 videntur,
3144 5323 3204 5374 ut
3232 5318 3370 5373 hinc
3402 5317 3584 5373 etiam

1922 5412 2313 5481 conjiceretur
2337 5416 2566 5482 quanta
2597 5411 2672 5467 sit
2699 5406 3080 5465 invisibilitas
3110 5406 3427 5472 Trinitatis,
3462 5408 3583 5463 Ta-

1924 5516 2075 5565 men,
2100 5500 2311 5571 inquit,
2345 5502 2457 5558 etsi
2468 5506 2723 5569 potestas
2740 5514 2854 5554 non
2877 5503 2962 5554 est
2982 5496 3245 5564 videndi,
3270 5502 3347 5554 est
3376 5496 3579 5567 gratia

1921 5589 2304 5659 promerendi
2326 5596 2390 5645 ut
2419 5589 2619 5646 videre
2645 5586 2953 5658 possimus.
2981 5587 3058 5643 Et
3084 5586 3211 5644 ideo
3234 5586 3337 5659 qui
3366 5584 3580 5642 habuit
