4074 6164
543 148 652 216 607

528 282 818 351 gratiam,
843 285 1055 341 meruit
1071 284 1336 355 copiam:
1353 301 1460 343 nos
1480 289 1711 357 copiam
1735 305 1855 346 non
1875 306 2191 361 meremur,

533 374 675 446 quia
706 376 885 429 Deum
918 373 1156 430 videndi
1177 376 1437 445 gratiam
1469 392 1587 433 non
1616 378 1919 435 habemus.
1954 380 2051 434 His
2082 381 2193 436 ita-

534 477 652 533 que
679 462 872 517 verbis
895 462 1039 533 quia
1058 478 1178 518 non
1205 481 1316 520 sua
1338 465 1531 533 docet,
1553 467 1655 522 sed
1690 468 2075 537 Evangelium
2098 486 2191 525 ex-

532 548 719 621 ponit,
752 564 870 603 non
897 550 1011 604 hoc
1041 550 1223 607 voluit
1250 553 1492 623 intelligi
1526 557 1691 627 quod
1713 555 1959 627 quidam
1981 573 2189 613 eorum

531 636 822 692 videbunt
860 637 1071 704 Deum,
1116 641 1367 712 quidam
1404 659 1544 699 vero
1576 660 1695 699 non
1723 645 2034 713 videbunt,
2064 646 2191 718 qui-

528 724 643 779 bus
676 725 1057 782 credentibus
1116 730 1279 785 dedit
1318 737 1668 802 potestatem
1698 733 1851 789 ﬁlios
1883 734 1986 790 Dei
2016 735 2141 791 ﬁeri
2176 752 2189 802 ;

532 829 673 870 cum
697 814 773 870 ad
787 830 889 871 eos
911 832 1122 872 omnes
1143 820 1433 890 pertineat
1450 821 1613 893 quod
1639 821 1865 878 dictum
1890 829 1998 890 est,
2030 825 2193 881 Vide-

534 903 723 959 bimus
752 919 881 961 eum
903 906 1080 961 sicuti
1103 914 1186 963 est
1211 925 1227 962 :
1260 909 1363 963 sed
1394 909 1670 976 dicendo,
1693 926 1797 967 nos
1823 912 2051 981 copiam
2072 930 2191 970 non

533 1008 850 1057 meremur,
868 995 1007 1065 quia
1036 997 1217 1052 Deum
1238 998 1480 1055 videndi
1488 1000 1746 1069 gratiam
1758 1017 1875 1056 non
1890 1002 2189 1073 habemus,

533 1082 608 1137 de
638 1082 754 1138 hoc
782 1084 998 1139 saeculo
1026 1100 1085 1140 se
1111 1085 1274 1158 loqui
1302 1088 1673 1159 signiﬁcavit,
1703 1089 1799 1145 ubi
1831 1092 2191 1162 quibusdam

536 1172 710 1237 Deus,
743 1172 877 1227 licet
922 1189 1041 1228 non
1071 1175 1131 1229 in
1174 1192 1283 1230 sua
1330 1183 1564 1241 natura,
1598 1179 1703 1234 sed
1748 1179 1808 1233 in
1853 1196 1975 1252 qua
2007 1182 2194 1239 voluit

534 1260 753 1332 specie,
787 1261 1072 1330 dignatus
1096 1271 1183 1319 est
1214 1280 1525 1337 apparere,
1556 1268 1707 1324 sicut
1734 1268 2009 1335 Abrahae,
2045 1271 2193 1326 sicut

534 1350 720 1415 Isaiae,
754 1349 1002 1423 aliisque
1044 1352 1337 1408 similibus
1362 1371 1379 1418 ;
1423 1356 1648 1411 caeteris
1681 1373 1821 1412 vero
1854 1358 2191 1415 innumera-

531 1436 770 1503 bilibus,
799 1440 1079 1510 quamvis
1109 1441 1185 1497 ad
1202 1458 1376 1497 suum
1396 1444 1688 1515 populum
1703 1450 1758 1501 et
1782 1445 2189 1503 haereditatem

530 1531 819 1582 aeternam
851 1528 1298 1598 pertinentibus,
1334 1531 1497 1587 nulla
1528 1532 1620 1588 vel
1652 1534 1749 1589 tali
1784 1536 1984 1606 specie
2006 1553 2066 1592 se
2087 1537 2188 1593 de-

529 1618 845 1671 monstrat.
879 1617 940 1671 In
973 1618 1170 1673 futuro
1192 1625 1392 1676 autem
1414 1621 1652 1689 saeculo,
1679 1624 1783 1695 qui
1812 1638 2065 1693 regnum
2092 1642 2193 1683 ac-

534 1703 761 1772 cepturi
802 1709 940 1760 sunt
978 1706 1142 1776 quod
1186 1708 1269 1762 eis
1311 1708 1388 1764 ab
1424 1710 1590 1767 initio
1630 1720 2034 1785 praeparatum
2082 1721 2188 1783 est,

534 1805 745 1847 omnes
771 1808 908 1847 eum
940 1795 1116 1850 corde
1148 1797 1377 1852 mundo
1402 1798 1725 1868 videbunt;
1750 1817 1859 1858 nec
1884 1802 1941 1858 in
1969 1803 2066 1860 illo
2098 1820 2190 1860 re-

532 1894 653 1951 gno
684 1880 795 1935 nisi
823 1881 968 1937 tales
994 1889 1189 1940 erunt.

529 1984 553 1993 ”
605 1966 831 2024 CAPUT
844 1970 1579 2047 XI.—24.Attendeitaque
1592 1977 1737 2048 quid
1751 1978 1824 2033 ad
1828 1978 2189 2052 jungat,jam

534 2055 607 2112 de
637 2056 736 2112 illo
768 2060 986 2115 saeculo
1017 2060 1215 2116 dicere
1242 2063 1561 2135 incipiens:
1582 2066 1659 2121 Et
1689 2068 1836 2138 quid
1854 2069 2194 2137 mirum,in-

533 2146 681 2218 quit,
699 2146 752 2202 si
775 2148 836 2203 in
855 2151 1133 2216 praesenti
1151 2154 1387 2216 saeculo,
1414 2154 1529 2209 nisi
1554 2157 1793 2226 quando
1823 2159 1973 2227 vult,
2002 2161 2193 2215 Domi-

534 2250 647 2291 nus
671 2252 791 2292 non
821 2238 1057 2294 videtur
1081 2240 1108 2295 ‘t
1132 2242 1202 2295 In
1221 2243 1349 2309 ipsa
1369 2258 1602 2314 quoque
1620 2247 2050 2303 resurrectione
2073 2264 2191 2304 non

528 2323 716 2393 facile
738 2332 822 2382 est
852 2328 1040 2385 Deum
1072 2330 1288 2395 videre,
1317 2332 1435 2387 nisi
1461 2334 1532 2388 iis
1562 2336 1666 2405 qui
1691 2337 1915 2391 mundo
1934 2337 2050 2393 sint
2069 2353 2194 2394 cor-

535 2414 635 2471 de:
663 2422 717 2472 et
734 2417 862 2473 ideo
881 2437 910 2469 «
936 2419 1092 2476 beati
1109 2422 1333 2477 mundo
1355 2424 1569 2493 corde,-
1596 2424 1712 2494 ipsi
1732 2427 1883 2482 enim
1911 2429 2097 2485 Deum
2111 2429 2191 2485 vi-

536 2503 777 2559 debunt.
794 2527 821 2557 »
842 2506 1099 2571 Quantos
1114 2509 1443 2578 beatosjam
1468 2522 1903 2577 numeraverat,
1923 2521 1975 2571 et
1996 2522 2192 2574 tamen

538 2592 630 2647 his
672 2593 919 2649 videndi
943 2597 1125 2652 Deum
1166 2614 1284 2652 non
1312 2600 1661 2667 promiserat
1689 2603 2047 2671 facultatem
2083 2606 2095 2661 l
2129 2609 2196 2664 Si

536 2694 677 2750 ergo
703 2681 747 2735 ii
771 2685 875 2752 qui
904 2685 1125 2740 mundo
1145 2694 1283 2741 sunt
1310 2688 1504 2753 corde,
1534 2690 1719 2745 Deum
1744 2692 2017 2749 videbunt
2041 2717 2060 2763 ;
2083 2697 2195 2750 uti-

536 2784 650 2839 que
674 2770 785 2825 alii
803 2786 922 2827 non
945 2773 1245 2830 videbunt.
1273 2776 1475 2846 Neque
1486 2779 1637 2834 enim
1664 2780 1902 2851 indigni
1915 2784 2095 2839 Deum
2114 2784 2196 2840 vi-

536 2858 759 2914 debunt
788 2880 809 2928 ,-
836 2876 1023 2931 neque
1046 2864 1094 2917 is
1124 2863 1229 2934 qui
1262 2864 1441 2921 Deum
1472 2866 1670 2924 videre
1698 2871 1976 2937 noluerit,
2006 2878 2194 2942 potest

540 2947 726 3004 Deum
760 2948 975 3007 videre.
1002 2950 1201 3006 Cernis
1245 2969 1431 3025 quam
1463 2957 1889 3029 circumspecte
1914 2960 2196 3033 loquatur

530 3034 659 3106 jam
694 3036 768 3092 de
816 3038 887 3092 iis
924 3040 1027 3109 qui
1055 3039 1115 3095 in
1149 3040 1351 3098 futuro
1382 3047 1601 3101 stnculo
1633 3047 1925 3105 videbunt
1955 3052 2141 3107 Deum
2177 3069 2190 3109 :

536 3138 732 3196 neque
760 3126 917 3181 enim
949 3143 1179 3194 omnes,
1214 3131 1317 3186 sed
1348 3132 1452 3205 qui
1480 3134 1645 3204 digni
1672 3143 1830 3193 sunt.
1865 3141 2196 3209 Resurgent

537 3212 697 3269 enim
711 3214 941 3286 etdigni
956 3221 1010 3271 et
1025 3217 1254 3283 indigni
1270 3236 1452 3290 regno
1466 3222 1564 3277 illo
1582 3223 1681 3279 ubi
1697 3226 1994 3282 videbitur
2010 3229 2191 3285 Deus:

536 3303 828 3375 quoniam
863 3320 1060 3361 omnes
1094 3307 1199 3377 qui
1229 3307 1293 3363 in
1332 3314 1725 3369 monumentis
1759 3322 1916 3381 sunt,
1944 3318 2195 3374 audient

536 3406 732 3448 vocem
762 3395 891 3461 ejus
917 3400 970 3449 et
995 3396 1316 3460 procedent
1337 3419 1360 3467 ,-
1385 3399 1491 3454 sed
1512 3416 1650 3455 cum
1679 3419 1900 3472 magna
1922 3405 2195 3461 differen-

539 3479 618 3535 tia
650 3496 664 3535 :
691 3495 834 3535 nam
868 3481 971 3551 qui
1000 3481 1141 3539 bene
1161 3484 1458 3553 fecerunt,
1490 3489 1553 3544 in
1588 3494 2082 3551 resurrectionem
2114 3497 2172 3550 vi

540 3573 653 3633 tas;
678 3568 783 3637 qui
812 3583 948 3626 vero
968 3573 1124 3628 male
1144 3582 1409 3644 egerunt,
1439 3579 1501 3632 in
1529 3581 2015 3638 resurrectionem
2028 3584 2195 3655 judi-

539 3655 616 3711 cii
645 3656 840 3727 (Joan.
880 3674 931 3726 v,
976 3659 1062 3725 28,
1097 3665 1212 3728 29).
1255 3664 1353 3719 Hic
1394 3665 1688 3736 judicium
1739 3686 1981 3739 poenam
2029 3679 2191 3728 aeter-

536 3759 679 3800 nam
726 3746 1020 3816 signiﬁcat
1050 3765 1063 3804 :
1098 3750 1248 3807 sicut
1273 3752 1454 3810 etiam
1497 3755 1642 3811 illud
1687 3758 1913 3815 dictum
1945 3767 2055 3831 est,
2091 3763 2197 3830 Qui

537 3850 657 3891 non
688 3836 893 3907 credit,
913 3838 1042 3910 jam
1064 3840 1377 3909 judicatus
1406 3850 1488 3900 est
1509 3844 1621 3916 (Id.
1657 3862 1737 3912 ιιι,
1776 3848 1882 3920 18).

610 3923 697 3979 25.
716 3925 885 3991 Quod
900 3943 1042 3997 ergo
1060 3928 1141 3984 ait
1160 3936 1402 3986 sanctus
1417 3934 1791 4002 Ambrosius,
1807 3952 1996 4010 neque
2021 3940 2067 3995 is
2092 3942 2197 4013 qui

538 4012 723 4068 Deum
740 4014 936 4071 videre
947 4017 1225 4085 noluerit,
1240 4026 1426 4088 potest
1448 4023 1629 4079 Deum
1647 4026 1863 4092 videre,
1878 4028 2020 4099 quid
2034 4012 2195 4085 aliud

536 4099 782 4170 intelligi
806 4102 1009 4169 voluit,
1031 4104 1142 4159 nisi
1164 4108 1307 4177 quia
1325 4108 1373 4163 is
1402 4111 1505 4180 qui
1533 4114 1887 4170 mundando
1914 4118 2077 4173 cordi
2101 4134 2198 4173 cu-

537 4203 669 4244 ram
686 4194 866 4246 tantaa
882 4192 967 4247 rei
989 4193 1237 4262 dignam
1265 4212 1386 4251 non
1411 4197 1533 4254 vult
1552 4199 1918 4272 impendere,
1938 4221 2058 4261 non
2077 4207 2196 4263 vult

537 4276 725 4333 Deum
753 4277 949 4335 videre
974 4280 1001 4335 ’ἲ
1028 4281 1167 4337 Vidc
1190 4284 1436 4354 proinde
1453 4289 1597 4357 quid
1626 4289 1913 4363 adjungat
1939 4312 1950 4351 :
1982 4294 2107 4350 Nec
2132 4296 2195 4351 in

541 4365 684 4433 loco,
717 4366 924 4440 inquit,
963 4370 1116 4427 Deus
1148 4372 1396 4440 videtur,
1432 4376 1534 4431 sed
1564 4379 1785 4435 mundo
1817 4382 2009 4438 corde.
2042 4384 2195 4449 Quid

537 4454 1054 4531 evidentius,quid
1081 4463 1423 4533 expressius
1442 4464 1555 4521 dici
1584 4468 1775 4538 potuit
1800 4468 1827 4522 ?
1850 4470 1938 4526 Ab
1962 4472 2073 4528 hac
2090 4473 2195 4543 igi-

535 4547 631 4600 tur
666 4546 893 4603 visione
923 4547 1197 4605 diabolus
1229 4554 1286 4606 et
1323 4553 1518 4624 angeli
1547 4556 1693 4626 ejus,
1730 4563 1785 4615 et
1814 4575 2024 4616 omnes
2057 4579 2194 4619 cum

537 4632 827 4707 eisimpii,
844 4637 971 4692 sine
998 4638 1119 4694 ulla
1132 4639 1353 4695 nebula
1375 4642 1760 4701 dubitationis
1786 4649 2192 4723 exclusisunt;

537 4722 827 4793 quoniam
859 4726 1087 4783 mundo
1118 4728 1298 4784 corde
1324 4746 1444 4786 non
1478 4738 1653 4790 sunt:
1683 4751 1753 4791 ac
1782 4753 1885 4808 per
1901 4738 2014 4794 hoc
2030 4722 2195 4812 quod

537 4809 826 4882 scriptum
858 4820 944 4870 est
965 4814 1027 4869 in
1054 4815 1208 4872 libro
1227 4818 1357 4883 Job,
1385 4822 1617 4877 venisse
1648 4824 1904 4894 Angelos
1934 4828 1990 4882 in
2026 4809 2194 4885 c‘ons-

534 4906 773 4973 pactum
813 4902 936 4967 Dei,
963 4908 1019 4959 et
1048 4906 1278 4962 venisse
1330 4922 1467 4964 cum
1499 4910 1581 4965 eis
1632 4911 1941 4971 diabolum
1974 4917 2122 4989 (Job.
2154 4935 2192 4986 ι,

539 4989 592 5054 6,
611 4997 663 5048 et
692 5008 749 5057 ιι,
781 4992 853 5064 ί),
882 5008 1003 5049 [ιοιι
1028 4994 1160 5050 ideo
1184 4993 1463 5053 diabolus
1487 5001 1672 5057 Deum
1699 5003 1922 5059 vidisse
1953 5007 2193 5064 creden-

538 5078 653 5135 dus
675 5086 781 5151 est.
810 5081 929 5154 Ipsi
954 5084 1113 5138 enim
1140 5083 1279 5140 dicti
1300 5090 1438 5142 sunt
1463 5089 1696 5145 venisse
1723 5090 1782 5146 in
1805 5102 2191 5166 conspectum

536 5170 656 5236 Dei,
672 5186 795 5227 non
808 5171 963 5229 Deus
984 5171 1044 5228 in
1058 5180 1450 5246 conspectum
1473 5192 1698 5234 eorum.
1724 5182 1973 5239 Veniunt
1994 5192 2193 5242 autem

539 5256 599 5313 in
612 5267 998 5332 conspectum
1023 5269 1293 5319 nostrum
1318 5281 1452 5337 quae
1474 5266 1767 5335 videmus,
1787 5286 1954 5327 nona
1971 5274 2193 5345 quibus

539 5348 829 5407 videmur.
862 5352 1165 5411 Venerunt
1193 5371 1354 5425 ergo,
1388 5355 1536 5413 sicut
1567 5356 1627 5412 in
1657 5359 1856 5415 multis
1888 5363 2192 5421 codicibus

539 5434 1193 5506 legitur,utassisterent
1218 5460 1421 5501 coram
1443 5447 1709 5519 Deo,non
1727 5454 1787 5505 ut
1814 5466 2016 5508 coram
2044 5454 2191 5526 ipsis

542 5525 846 5582 Deus.Nec
868 5533 1389 5600 estopushocloco
1406 5535 1735 5602 immorari,
1752 5547 1812 5593 ut
1843 5555 1951 5609 pro
1970 5525 2190 5599 viribus

540 5614 763 5673 nostris
786 5631 1073 5673 conemur
1092 5624 1403 5679 ostendere
1426 5627 1734 5698 quomodo
1755 5633 1810 5685 et
1829 5629 1942 5687 hoc
1964 5637 2191 5709 tempo-

1825 165 1888 223 s.
1928 142 2315 226 AUGUSTINI
2353 171 2678 245 EPISCOPI
3821 194 3917 251 608

2298 303 2500 360 raliter
2518 308 2786 378 ﬁat,cum
2809 314 2871 370 in
2897 312 2997 370 Dei
3010 316 3338 385 conspectu
3354 313 3681 370 sintomnia
3692 330 3915 386 semper.

2372 396 2459 451 26.
2482 399 2649 457 Nunc
2670 404 2831 459 enim
2847 404 3133 474 quaeritur
3151 402 3463 475 quomodo
3492 402 3752 458 videatur
3766 406 3919 472 Deus;

2302 497 2423 540 non
2439 502 2508 542 ea
2524 492 2722 561 specie
2743 498 2934 564 quaet
2946 493 3004 547 in
3020 490 3136 547 isto
3152 491 3370 547 saeculo
3384 490 3745 563 quibusdam
3769 493 3925 549 voluit

2303 587 2615 646 apparere,
2631 581 2875 652 quando
2888 596 3009 636 non
3025 580 3219 636 solum
3235 596 3371 635 cum
3393 580 3690 635 Abraham
3704 580 3926 653 aliisque

2297 662 2496 733 justis,
2521 684 2729 725 verum
2745 671 2923 726 etiam
2946 686 3083 725 cum
3115 668 3258 725 Cain
3283 668 3591 724 fratricida
3618 668 3836 724 locutus
3858 668 3929 726 est

2303 752 2469 823 (Gen.
2493 773 2650 824 xvm,
2676 760 2727 826 1,
2747 765 2800 815 et
2818 775 2897 825 ιν,
2922 758 3071 829 6-15)
3103 774 3115 813 :
3143 760 3249 813 sed
3275 756 3591 829 quomodo
3616 756 3867 813 videatur
3882 760 3929 815 in

2300 842 2401 898 illo
2418 860 2622 915 regno,
2640 847 2741 902 ubi
2756 864 2893 903 eum
2916 847 3207 902 videbunt
3228 846 3330 902 ﬁlii
3344 847 3479 917 ejus
3495 846 3665 901 sicuti
3679 854 3775 901 est.
3796 849 3928 904 Tunc

2302 934 2526 1005 quippe
2555 937 2867 992 satiabitur
2892 937 2951 992 in
2978 937 3153 992 bonis
3177 935 3553 992 desiderium
3578 950 3777 991 eorum
3802 952 3929 1007 :quo

2302 1022 2597 1080 desiderio
2614 1024 2908 1095 ﬂagrabat
2934 1029 3182 1096 Moyses,
3202 1024 3295 1079 cui
3319 1024 3489 1096 loqui
3511 1023 3589 1079 ad
3614 1026 3787 1079 Deum
3808 1024 3929 1082 facie

2303 1111 2378 1166 ad
2412 1111 2623 1168 faciem
2642 1129 2763 1169 non
2786 1113 3145 1182 sufﬁciebat,
3172 1117 3229 1169 et
3258 1113 3522 1181 dicebat,
3549 1111 3788 1168 Ostende
3810 1113 3930 1168 mihi

2302 1204 2668 1269 temetipsum
2684 1203 3084 1272 manifeste,ut
3096 1202 3323 1258 videam
3339 1208 3395 1258 te
3408 1200 3929 1273 (Exod.xxxm,t3);

2301 1293 2588 1361 tanquam
2602 1291 3005 1364 diceret,quod
3022 1292 3078 1346 in
3095 1290 3333 1346 Psalmo
3346 1306 3420 1345 ex
3436 1289 3652 1345 eodem
3669 1289 3930 1344 desiderio

2300 1378 2552 1447 canitur,
2588 1380 2871 1436 Satiabor
2913 1395 3047 1435 cum
3086 1377 3582 1449 manifestabitur
3621 1378 3809 1447 gloria
3847 1384 3930 1433 tua

2301 1465 2489 1537 (Psal.
2515 1484 2633 1538 xvn,
2668 1470 2774 1541 15).
2808 1470 2932 1535 Quo
2952 1467 3249 1524 desiderio
3274 1466 3533 1523 ardebat
3561 1472 3615 1521 et
3636 1466 3928 1537 Philippus,

2299 1562 2355 1612 et
2371 1556 2455 1611 sic
2468 1558 2664 1613 satiari
2679 1557 2979 1630 cupiebat,
2995 1559 3226 1613 dicens:
3246 1557 3501 1613 Ostende
3512 1556 3679 1612 nobis
3702 1556 3931 1619 Patrem,

2299 1651 2353 1702 et
2374 1646 2597 1715 sufﬁcit
2619 1648 2785 1703 nobis
2799 1648 2999 1717 (Joan.
3015 1662 3134 1712 xiv,
3153 1648 3227 1717 8).
3249 1648 3325 1701 De
3339 1646 3458 1701 hac
3472 1644 3701 1700 visione
3714 1643 3931 1715 loquens

2299 1733 2428 1805 ejus
2460 1733 2636 1790 etiam
2663 1735 2790 1807 ipse
2812 1741 3047 1790 amator
3077 1738 3134 1789 et
3162 1734 3540 1790 desiderator
3570 1732 3927 1787 Ambrosius:

2298 1824 2430 1878 Non
2444 1824 2505 1878 in
2522 1824 3047 1895 loco,inquit,Deus
3060 1822 3477 1888 videtur,sicut
3490 1822 3569 1877 ad
3584 1820 3768 1875 ilicem
3782 1822 3931 1875 Mam-

2298 1910 2583 1979 bre,sicut
2595 1912 2653 1966 in
2669 1917 2860 1967 monte
2872 1911 3141 1976 Sina,sed
3154 1911 3375 1967 mundo
3389 1910 3589 1967 corde.
3600 1912 3666 1965 Et
3678 1908 3927 1979 sequitur,

2302 2001 2647 2071 sciensquid
2667 2000 2981 2067 desideret,
2996 2000 3214 2073 etquid
3236 2005 3466 2066 aestuet,
3482 2003 3543 2053 et
3566 1996 3709 2070 quid
3729 2001 3925 2067 speret:

2301 2089 2422 2145 Nec
2436 2089 2869 2157 corporalibus,
2897 2089 3108 2161 inquit.
3127 2089 3315 2145 oculis
3334 2090 3494 2145 Deus
3513 2084 3926 2159 queriturqu-

2301 2178 2416 2233 bus
2440 2193 2500 2233 se
2516 2177 2774 2233 ostendit
2798 2177 3072 2244 Abrahae,
3098 2178 3288 2244 Isaac,
3309 2176 3523 2240 Jacob,
3544 2180 3602 2231 et
3618 2174 3743 2229 aliis
3762 2173 3815 2227 in
3834 2173 3925 2227 hoc

2303 2266 2521 2321 saeculo
2538 2282 2551 2332 ;
2566 2281 2672 2322 nec
2685 2266 2908 2322 circum
2921 2266 3205 2321 scribitur
3219 2266 3628 2336 visu,propter
3641 2262 3777 2317 illud
3788 2261 3921 2333 quod

2301 2355 2528 2410 dictum
2542 2360 2652 2420 est,
2666 2357 3003 2412 Posteriora
3014 2370 3145 2411 mea
3160 2354 3378 2411 videbis
3392 2353 3619 2421 (Exod.
3637 2351 3919 2419 xxxm,23);

2302 2459 2410 2500 nec
2432 2450 2595 2500 tactu
2611 2450 2861 2510 tenetur,
2883 2443 3305 2499 sicutluctatus
3318 2444 3502 2499 etiam
3526 2448 3614 2497 est
3632 2436 3920 2496 cumlacob

2302 2533 2467 2605 (Gen.
2496 2549 2676 2598 xxxn,
2705 2533 2906 2603 24-30).
2936 2552 2953 2605 ;
2982 2548 3089 2590 nec
3112 2533 3365 2589 auditur
3393 2532 3616 2601 affatu,
3656 2529 3798 2583 sicut
3822 2540 3917 2581 non

2301 2623 2497 2678 solum
2528 2638 2566 2678 a
2612 2630 2692 2678 tot
2723 2624 2967 2686 sanctis,
3001 2639 3209 2678 verum
3242 2624 3422 2678 etiam
3461 2638 3496 2677 a
3531 2618 3765 2675 diabolo
3794 2615 3926 2671 audi-

2300 2718 2395 2767 tus
2428 2715 2519 2767 est
2553 2728 2566 2778 ;
2595 2727 2701 2767 nec
2727 2714 2977 2768 sentitur
3006 2714 3255 2777 incessu,
3288 2712 3442 2766 sicut
3473 2706 3793 2780 aliquando
3816 2718 3921 2758 cum

2299 2801 2360 2856 in
2392 2801 2673 2871 paradiso
2701 2799 3118 2856 deambularet
3142 2801 3219 2856 ad
3253 2815 3573 2871 vesperam
3611 2796 3716 2865 (Id.
3762 2809 3832 2857 ιιι,
3860 2792 3919 2859 8).

2370 2894 2458 2944 27.
2495 2889 2665 2944 Vides
2717 2889 3239 2960 quemadmodum
3289 2889 3374 2944 vir
3419 2894 3663 2944 sanctus
3715 2884 3927 2938 enitatur

2301 2984 2536 3034 nostras
2549 2983 2768 3033 mentes
2783 2978 3146 3034 abomnibus
3159 2978 3357 3033 carnis
3372 2976 3657 3033 sensibus
3669 2982 3923 3066 sevocare,

2305 3073 2365 3122 ut
2391 3072 2564 3138 aptas
2595 3066 2772 3122 faciat
2800 3067 2876 3123 ad
2900 3067 3231 3122 videndum
3265 3068 3474 3121 Deum.
3509 3067 3574 3120 Et
3598 3070 3786 3154 tamen
3808 3054 3925 3154 quid

2301 3156 2423 3226 agit
2438 3155 2567 3211 talis
2591 3156 2957 3211 extrinsecus
2983 3155 3120 3226 plan
3132 3160 3286 3210 tator
3307 3156 3620 3223 etrigator,
3637 3148 3927 3206 nisiintrin-

2302 3260 2471 3298 secus
2493 3250 2772 3315 operetur
2787 3243 2892 3315 qui
2912 3244 3016 3299 dat
3034 3243 3475 3299 incrementum
3499 3243 3650 3297 Deus
3668 3240 3707 3308 (l
3724 3236 3840 3332 Cor.
3864 3246 3921 3295 1".

2299 3331 2401 3404 7)?
2433 3334 2572 3398 Quis
2608 3333 2764 3387 enim
2796 3334 2922 3388 sine
2954 3331 3258 3402 adjutorio
3285 3330 3548 3402 Spiritus
3580 3328 3676 3385 Dei
3706 3328 3925 3422 cogitare

2303 3421 2499 3477 valeat
2519 3437 2650 3476 esse
2663 3420 2911 3493 aliquid,
2930 3422 3247 3492 magisque
3264 3436 3400 3475 esse
3421 3434 3609 3492 quam
3621 3419 3924 3480 omniaqum

2302 3526 2407 3582 per
2419 3526 2637 3582 corpus
2653 3511 3008 3577 sentiuntur,
3025 3511 3190 3582 quod
3206 3525 3314 3565 nec
3332 3511 3387 3564 in
3405 3509 3539 3565 loco
3556 3506 3826 3563 videatur,
3842 3508 3923 3550 nec

2300 3598 2694 3670 quaerendum
2721 3599 2793 3653 sit
2813 3598 3022 3665 oculis,
3044 3614 3151 3653 nec
3163 3598 3447 3654 audiatur
3460 3597 3665 3658 aﬁatu,
3687 3604 3783 3646 nec
3798 3589 3920 3639 tactu

2303 3690 2595 3751 teneatur,
2630 3702 2738 3741 nec
2762 3686 3050 3742 sentiatur
3081 3686 3341 3752 incessu,
3363 3692 3419 3742 et
3443 3685 3707 3741 videatur
3735 3682 3921 3733 tamen.

2302 3776 2405 3830 sed
2421 3775 2648 3831 mundo
2667 3774 2881 3830 corde?
2903 3778 3102 3847 Neque
3124 3775 3284 3831 enim
3306 3775 3380 3831 de
3398 3774 3515 3831 hac
3532 3774 3650 3828 vita
3664 3765 3923 3833 illeloque'

2301 3863 2498 3929 batur,
2523 3879 2661 3919 cum
2682 3863 2796 3919 hoc
2816 3863 3037 3921 diceret
3069 3882 3082 3931 ;
3107 3863 3605 3936 quandoquidem
3627 3858 3699 3915 ab
3723 3856 3919 3944 boaste-

2301 3953 2458 4016 culo,
2492 3953 2551 4007 in
2581 3968 2703 4024 quo
2750 3955 2903 4008 Deus
2931 3954 3231 4025 apparuit,
3267 3969 3386 4008 non
3421 3949 3595 4006 sicuti
3625 3951 3728 4009 est,
3758 3937 3845 4037 sed
3877 3937 3919 4037 ill

2303 4042 2498 4112 specie
2528 4057 2651 4113 qua
2680 4041 2887 4107 voluit,
2913 4041 3135 4113 quibus
3166 4039 3369 4112 voluit,
3399 4041 3546 4097 satis
3575 4031 3918 4127 discrevit

2302 4130 2417 4185 culi
2452 4130 2629 4185 futuri
2661 4130 2869 4195 vitam,
2898 4130 3252 4186 discretione
3280 4129 3680 4202 apertissima,
3710 4117 3799 4176 ubi
3824 4116 3916 4202 all!

2301 4219 2380 4274 Et
2408 4219 2555 4291 quid
2592 4220 2808 4274 mirum
2838 4219 2888 4275 si
2912 4219 2973 4275 in
2999 4221 3285 4289 praesenti
3314 4198 3556 4284 saeculo,
3588 4211 3699 4271 nisi
3718 4198 3914 4280 quando

2303 4310 2451 4373 vult,
2484 4308 2771 4363 Dominus
2798 4324 2916 4364 non
2948 4308 3185 4365 videtur
3207 4309 3237 4360 ?
3264 4309 3332 4364 In
3361 4308 3491 4376 ipsa
3520 4314 3741 4395 θαρραε

2302 4399 2562 4452 rectione
2584 4412 2702 4451 non
2710 4396 2901 4465 facile
2921 4403 3005 4453 est
3022 4398 3210 4453 Deum
3234 4398 3449 4461 videre,
3467 4394 3584 4451 nisi
3592 4393 3660 4448 iis
3674 4384 3766 4460 qui
3776 4374 3915 4477 corde

2300 4484 2523 4541 mundo
2545 4486 2701 4540 sint:
2725 4492 2777 4540 et
2804 4485 2934 4542 ideo
2966 4506 2993 4537 ς(
3026 4485 3183 4542 beati
3204 4486 3419 4541 mundo
3447 4476 3913 4559 corde;quonta_tn

2300 4574 2417 4643 ipsi
2452 4576 2638 4629 Deum
2670 4573 2972 4630 videbunt.
3005 4594 3035 4627 »
3066 4574 3210 4630 Hinc
3233 4575 3362 4645 jam
3392 4573 3466 4629 de
3498 4573 3597 4628 illo
3627 4559 3821 4623 saeculo
3842 4552 3911 4605 di-

2303 4678 2434 4717 cere
2466 4677 2711 4717 exorsus
2759 4668 2867 4728 est,
2902 4663 3002 4718 ubi
3040 4664 3226 4718 Deum
3260 4663 3570 4728 videbunt,
3603 4670 3713 4713 non
3741 4651 3911 4748 omittis:

2302 4754 2407 4823 qui
2433 4757 2763 4819 resurgent,
2780 4752 2883 4806 sed
2896 4752 2997 4823 qui
3016 4757 3327 4821 resurgant
3346 4752 3421 4806 ad
3438 4751 3617 4805 vitam
3631 4744 3873 4829 aeternam
3897 4744 3905 4774 ι

2302 4839 2687 4909 nonindigni,
2713 4840 2785 4895 de
2808 4840 3031 4912 quibus
3052 4841 3283 4896 dictum
3305 4844 3409 4903 est,
3442 4830 3905 4895 TollaturimPW'

2302 4943 2375 4986 ne
2404 4929 2599 4985 videat
2631 4930 2966 4985 claritatem
3018 4929 3255 4985 Domini
3288 4928 3450 4999 (Isai.
3503 4942 3677 5022 XXVI:
3693 4918 3903 5022 10.jff;

2303 5017 2455 5088 LXX)
2488 5033 2501 5083 ;
2535 5016 2640 5071 sed
2671 5018 2856 5087 digni,
2893 5018 2966 5073 de
2998 5018 3279 5089 qualibus
3309 5016 3457 5073 dixit
3488 5018 3615 5087 ipse
3646 5006 3886 5066 Domi"us

2301 5121 2439 5161 cum
2476 5121 2740 5178 praesens
2772 5122 2891 5161 non
2924 5106 3239 5171 videretur,
3285 5105 3395 5173 Qui
3424 5104 3619 5175 diligit
3650 5110 3744 5157 me,
3772 5094 3904 5142 man‘

2301 5196 2447 5251 data
2475 5210 2604 5251 mea
2640 5196 2897 5250 custodit
2925 5218 2943 5265 ,-
2975 5200 3052 5259 et,
3076 5196 3186 5262 Qui
3210 5195 3411 5266 diligit
3465 5209 3573 5259 me,
3605 5183 3849 5269 diliget“?
3872 5179 3899 5219 α

2301 5285 2487 5340 Patre
2510 5299 2657 5351 meo,
2685 5292 2735 5340 et
2764 5299 2868 5353 ego
2899 5284 3147 5354 diligam
3179 5299 3331 5349 eum,
3361 5289 3414 5339 et
3442 5271 3898 5367 ostendant”???

2298 5388 2428 5428 sum
2456 5372 2549 5427 illi
2575 5372 2770 5443 (Joan.
2812 5390 2927 5440 xiv,
2954 5374 3042 5437 2t,
3078 5374 3167 5444 23)
3202 5389 3214 5427 :
3247 5372 3353 5428 nec
3387 5372 3424 5427 ii
3458 5370 3668 5443 quibus

2298 5461 2389 5518 Ite
2418 5461 2479 5516 in
2508 5432 2701 5531 ignem
2733 5432 3039 5527 aeternum,
3072 5432 3175 5532 qui
3204 5432 3582 5531 praepara-tus
3606 5458 3679 5513 est
3704 5432 3892 5532 (λέξιδοιο

2300 5553 2353 5606 et
2382 5530 2612 5619 angelis
2639 5552 2765 5620 ejus
2786 5573 2808 5622 ,-
2830 5550 2930 5606 sed
2956 5551 2991 5605 ii
3015 5530 3236 5623 quibus
3260 5550 3505 5614 dicetur,
3547 5542 3737 5637 Venite:

2299 5639 2442 5698 dicti
2468 5639 2667 5697 Patris
2694 5640 2805 5696 mei
2830 5639 3144 5712 ;percipite
3170 5655 3419 5712 regnum
3438 5636 3593 5710 quod
3617 5626 3749 5691 vobis
3768 5625 3887 5689 PM"
