4074 6164
147 124 260 183 609

144 255 433 321 paratum
468 253 550 304 est
579 247 654 304 ab
682 245 850 303 initio
878 246 1110 302 mundi.
1147 246 1248 302 Illi
1275 245 1501 318 quippe
1531 246 1701 300 ibunt
1743 243 1806 300 in

143 337 576 395 ambustionem
601 342 882 392 aeternam
904 352 927 398 ,ο
941 335 1096 404 justi
1121 343 1314 391 autem
1339 334 1401 390 in
1434 334 1616 391 vitam
1645 341 1808 389 aeter-

141 426 544 492 Mthatth.
563 441 697 490 xxv,
715 426 803 494 41,
825 428 910 488 34,
931 424 1042 494 46).
1075 427 1140 478 Et
1161 440 1296 495 quae
1314 430 1403 478 est
1427 423 1544 478 vita
1565 428 1804 486 aeterna,

141 518 263 572 nisi
292 516 454 588 quod
492 516 624 586 ipsa
654 515 779 569 Vita
809 513 949 569 alibi
982 514 1144 582 dicit,
1177 514 1318 569 Haec
1344 520 1426 568 est
1458 519 1651 568 autem
1688 512 1808 567 vita

139 612 395 672 aeterna,
432 611 496 658 ut
553 608 913 673 cognoscant
945 609 998 658 te
1038 618 1222 657 unum
1263 603 1451 657 Deum
1498 616 1720 669 verum,
1756 607 1808 656 et

141 709 321 766 quem
353 694 565 748 misisti
590 694 791 748 Jesum
826 691 1125 746 Christum
1158 691 1353 761 (Joan.
1385 707 1524 755 xvu,
1561 690 1612 761 3)
1642 688 1669 743 ‘i’
1706 689 1809 744 sed

139 783 228 837 sic
271 781 582 852 quomodo
614 780 888 852 promisit
913 785 1298 834 ostensurum
1336 780 1604 850 seipsum
1637 778 1810 832 dilec-

141 870 382 926 toribus
416 872 537 924 suis
563 885 700 924 cum
729 872 893 924 Patre
920 884 1106 922 unum
1135 868 1338 932 Deum,
1363 883 1482 922 non
1502 866 1811 939 quomodo

139 959 203 1014 in
217 961 340 1014 hoc
363 958 580 1014 saeculo
601 957 658 1012 in
684 973 932 1028 corpore
947 957 1112 1012 visus
1134 963 1272 1012 esta
1298 956 1472 1012 bonis
1491 963 1545 1011 et
1566 955 1807 1011 amalis.

211 1050 307 1104 28.
344 1051 406 1103 Et
435 1048 495 1102 in
526 1047 753 1117 judicio
793 1046 955 1102 enim
987 1045 1206 1110 futuro,
1247 1062 1370 1117 quo
1412 1045 1497 1100 sic
1528 1050 1812 1100 venturus

137 1143 234 1194 est
259 1136 576 1208 quomodo
611 1136 770 1190 visus
802 1142 888 1190 est
920 1135 1047 1189 iens
1086 1136 1146 1189 in
1189 1134 1429 1200 caelum,
1471 1135 1585 1189 hoc
1625 1139 1713 1188 est
1753 1133 1813 1188 in

134 1227 363 1282 eadem
395 1225 590 1280 forma
620 1224 720 1279 ﬁlii
749 1224 1034 1289 hominis,
1059 1225 1337 1279 eamdem
1365 1223 1624 1280 formam
1656 1223 1814 1277 vide-

137 1318 322 1380 bunt,
355 1313 578 1386 quibus
608 1312 876 1367 dicturus
907 1317 1014 1376 est,
1046 1313 1307 1373 Esurivi,
1341 1318 1394 1367 et
1428 1328 1546 1366 non
1574 1311 1812 1366 dedistis

132 1404 288 1459 mihi
315 1403 682 1459 manducare
708 1402 949 1472 (.Uatth.
984 1418 1116 1466 xxv,
1147 1402 1236 1472 42)
1271 1401 1439 1472 (quia
1505 1407 1560 1456 et
1625 1400 1812 1456 Judaei

136 1492 444 1548 videbunt
475 1493 532 1546 in
581 1507 762 1563 quem
817 1496 1199 1562 pupugeruut
1251 1489 1462 1560 (Zach.
1523 1507 1620 1556 xu,
1680 1491 1812 1556 10);

133 1597 258 1637 non
289 1581 460 1636 illam
498 1581 594 1634 Dei
622 1579 900 1645 formam,
930 1579 985 1633 in
1020 1595 1138 1650 qua
1188 1595 1308 1633 non
1354 1579 1630 1650 rapinam
1662 1578 1816 1632 arbi-

133 1677 336 1726 tratus
377 1673 468 1723 est
497 1684 626 1723 esse
659 1668 910 1740 aequalis
941 1670 1056 1723 Deo
1085 1667 1371 1738 (Philipp.
1405 1683 1466 1733 ιι,
1498 1670 1577 1734 6).
1613 1668 1674 1722 Ιιι
1716 1667 1816 1722 illa

130 1757 230 1813 Dei
267 1757 471 1812 forma
497 1763 638 1811 tunc
670 1756 958 1811 videbunt
998 1772 1157 1821 eum,
1192 1757 1288 1826 qui
1324 1756 1611 1810 videbunt
1676 1771 1814 1811 eum

131 1845 314 1902 sicuti
348 1852 459 1901 est.
504 1848 618 1900 Nec
649 1845 782 1900 ideo
821 1845 1132 1912 videbunt,
1174 1845 1318 1916 quia
1356 1861 1654 1917 pauperes
1697 1844 1818 1916 spi-

130 1936 246 1990 ritu
285 1935 350 1989 in
383 1933 498 1988 hac
527 1934 649 1988 vita
682 1933 936 1998 fuerunt,
967 1934 1103 2004 quia
1131 1935 1322 2001 mites,
1349 1935 1493 2004 quia
1521 1933 1812 2003 lugentes,

128 2023 279 2095 quia
326 2023 656 2078 esurientes
686 2027 742 2077 et
782 2022 1382 2092 sitientesjustitiam,
1416 2023 1562 2094 quia
1592 2023 1818 2078 miseri-

127 2112 372 2177 cordes,
409 2112 555 2183 quia
587 2110 842 2181 paciﬁci,
909 2111 1052 2182 quia
1119 2111 1593 2181 persecutionem
1650 2111 1816 2182 passi

125 2200 728 2273 propterjustitiam,
771 2200 1051 2270 quamvis
1091 2206 1148 2254 et
1186 2200 1313 2254 haec
1372 2199 1578 2254 omnia
1635 2200 1816 2254 iidem

128 2290 241 2360 ipsi
283 2290 449 2353 sint;
483 2288 587 2344 sed
612 2289 756 2359 quia
785 2287 1010 2342 mundo
1043 2295 1176 2342 sunt
1202 2288 1400 2344 corde.
1430 2288 1566 2343 Ideo
1593 2289 1817 2359 quippe

126 2380 286 2433 inter
323 2377 458 2432 illas
484 2375 902 2444 beatitudines,
937 2392 1073 2430 cum
1107 2378 1311 2431 omnia
1339 2375 1560 2430 faciant
1585 2377 1687 2448 qui
1722 2392 1818 2432 cor

129 2466 442 2523 mundum
475 2465 715 2529 habent,
751 2481 870 2520 non
922 2469 1010 2518 est
1040 2471 1237 2519 tamen
1270 2464 1489 2520 alicubi
1518 2466 1802 2536 positum,

127 2557 321 2612 Deum
358 2554 664 2617 videbunt,
699 2553 808 2608 nisi
840 2553 937 2608 ubi
965 2553 1190 2609 dictum
1222 2559 1326 2619 est,
1373 2554 1542 2610 Beati
1582 2555 1803 2611 mundo

129 2645 356 2714 corde;
391 2643 680 2715 quoniam
722 2642 951 2697 mundo
991 2642 1168 2697 corde
1197 2642 1493 2698 videbitur
1551 2645 1654 2716 qui
1696 2659 1804 2698 nec

128 2734 187 2790 in
220 2735 367 2789 loco
407 2733 664 2800 videtur,
699 2747 808 2786 nec
839 2731 1027 2786 oculis
1059 2731 1469 2802 corporalibus
1499 2735 1802 2804 quaeritur,

128 2839 235 2879 nec
269 2819 792 2878 circumscribitur
829 2821 981 2884 visu,
1017 2836 1123 2875 nec
1155 2825 1314 2875 tactu
1381 2827 1628 2887 tenetur,
1694 2837 1803 2877 nec

130 2913 387 2968 auditur
415 2908 619 2976 affatu,
663 2924 772 2964 nec
803 2908 1056 2964 sentitur
1087 2908 1347 2964 incessu.
1403 2912 1583 2965 Deum
1641 2912 1801 2966 enim

129 3015 302 3058 nemo
338 2999 491 3055 vidit
523 3013 806 3069 unquam,
841 2997 930 3052 vel
963 2997 1023 3052 in
1055 2998 1170 3053 hac
1203 2998 1339 3064 vita,
1365 2998 1514 3054 sicut
1539 3001 1662 3070 ipse
1693 3005 1799 3064 est,

129 3090 221 3146 vel
254 3087 448 3144 etiam
480 3086 541 3141 in
581 3087 942 3156 Angelorum
974 3086 1112 3154 vita,
1146 3087 1298 3141 sicut
1362 3087 1616 3142 visibilia
1687 3088 1802 3143 ista

128 3193 264 3250 quae
299 3175 603 3247 corporali
629 3175 856 3230 visione
895 3180 1254 3240 cernuntur;
1288 3176 1432 3245 quia
1463 3175 1801 3245 unigenitus

131 3267 349 3330 Filius,
380 3267 484 3337 qui
508 3269 590 3321 est
619 3264 681 3319 in
710 3263 845 3319 sinu
879 3265 1097 3330 Patris,
1141 3266 1264 3332 ipse
1300 3266 1593 3320 narravit.
1638 3266 1801 3321 Unde

128 3372 248 3412 non
287 3355 375 3410 ad
413 3353 726 3409 oculorum
765 3352 1188 3423 corporalium,
1223 3352 1328 3408 sed
1383 3353 1456 3408 ad
1509 3354 1798 3409 mentium

129 3447 427 3501 visionem
460 3443 686 3497 dictum
717 3446 806 3496 est
837 3442 1127 3512 pertinere
1156 3443 1321 3513 quod
1361 3448 1582 3498 narrat.

201 3534 441 3592 CAPUT
473 3531 656 3586 Xll.—
686 3530 773 3585 29.
811 3531 922 3585 Sed
954 3546 1161 3585 rursus
1197 3547 1267 3585 ne
1300 3530 1663 3587 desiderium
1696 3549 1800 3589 no-

130 3630 325 3679 strum
361 3638 397 3676 a
429 3621 694 3691 corporis
733 3635 911 3675 sensu
941 3618 1019 3674 ad
1045 3619 1228 3674 alium
1261 3619 1528 3692 corporis
1555 3637 1796 3676 sensum

131 3715 435 3784 migraret,
466 3709 577 3764 hoc
595 3709 774 3764 estad
789 3723 964 3763 aures
986 3708 1063 3763 ab
1077 3708 1263 3763 oculis
1285 3709 1448 3775 ;ideo
1467 3726 1603 3764 cum
1621 3710 1796 3765 dixis-

132 3807 234 3866 set,
264 3801 392 3856 Nec
407 3797 814 3869 corporalibus
839 3797 995 3852 Deus
1017 3797 1203 3853 oculis
1232 3799 1534 3870 quzritur,
1550 3815 1656 3855 nec
1685 3799 1799 3855 cir-

131 3888 550 3946 cumscribitur
567 3887 717 3950 visu,
742 3900 848 3942 nec
872 3892 1031 3942 tactu
1055 3893 1326 3956 tenetur;
1349 3887 1792 3954 addiditetiam,

131 3995 234 4036 nec
265 3978 522 4033 auditur
550 3977 783 4046 a/Iatu:
825 3983 904 4040 ut,
951 3976 998 4029 si
1033 3991 1378 4047 possumus,
1423 3977 1795 4046 unigenitum

135 4067 368 4131 Filium,
404 4064 509 4137 qui
538 4071 625 4119 est
653 4064 712 4118 in
745 4064 877 4118 sinu
899 4064 1111 4132 Patris,
1136 4065 1220 4118 sic
1238 4064 1641 4134 intelligamus
1659 4081 1798 4121 nar-

131 4164 389 4220 rantem,
425 4153 734 4225 quomodo
765 4159 821 4207 et
852 4151 1106 4207 Verbum
1135 4160 1241 4216 est,
1274 4169 1394 4208 non
1422 4170 1605 4209 sonus
1645 4156 1797 4210 auri-

132 4243 246 4299 bus
281 4245 639 4313 instrepens,
682 4241 784 4295 sed
817 4241 1018 4311 imago
1052 4243 1354 4296 mentibus
1393 4243 1795 4310 innotescens,

135 4339 193 4388 ut
224 4333 346 4388 illic
379 4331 612 4386 interna
639 4337 692 4385 et
715 4328 999 4384 ineffabili
1023 4329 1153 4385 luce
1180 4330 1650 4403 clarescatquod
1677 4333 1796 4388 dic-

134 4428 260 4477 tum
295 4431 403 4483 est,
440 4419 549 4486 Qui
575 4434 662 4474 me
695 4418 851 4485 vidit,
886 4417 1024 4473 vidit
1055 4423 1108 4474 et
1139 4420 1375 4475 Patrem
1408 4421 1604 4491 (Joan.
1673 4438 1790 4487 x1v,

131 4512 184 4581 9)
209 4530 225 4580 ;
260 4510 430 4582 quod
473 4509 566 4563 hic
599 4507 866 4578 Philippo
897 4507 1221 4573 dicebatur,
1256 4509 1503 4578 quando
1535 4510 1793 4576 videbat,

133 4605 186 4654 et
212 4614 339 4654 non
370 4596 630 4652 videbat.
666 4597 938 4666 Sequitur
969 4596 1127 4649 enim
1162 4596 1338 4666 hujus
1370 4598 1613 4653 visionis
1670 4600 1796 4654 exi-

134 4689 292 4743 mius
320 4686 667 4758 concupitor
698 4684 1069 4753 Ambrosius,
1102 4687 1305 4740 dicens
1335 4702 1346 4740 :
1381 4686 1458 4741 Et
1507 4703 1638 4744 cum
1696 4689 1797 4744 ab-

131 4793 260 4833 sens
293 4781 565 4844 putatur,
594 4773 831 4830 videtur
859 4791 873 4836 ;
901 4783 971 4839 et,
1006 4789 1133 4829 cum
1187 4789 1444 4842 praesens
1502 4784 1604 4841 est,
1677 4793 1793 4833 non

134 4867 388 4922 videtur.
413 4867 538 4920 Non
560 4863 726 4933 dixit,
747 4867 894 4920 Cum
913 4865 1130 4918 absens
1153 4869 1239 4918 est
1263 4880 1276 4930 ;
1302 4864 1427 4929 sed,
1450 4881 1572 4919 eum
1591 4866 1795 4922 absens

130 4960 420 5022 putatur:
454 4968 756 5024 nusquam
788 4955 946 5007 enim
982 4952 1199 5007 absens
1233 4961 1319 5007 est
1350 4953 1453 5025 qui
1493 4954 1712 5010 coelum
1742 4961 1798 5010 et

134 5048 353 5098 terram
399 5041 639 5112 implet;
672 5057 778 5096 nec
827 5042 1035 5112 spatiis
1068 5041 1388 5098 includitur
1418 5043 1639 5114 parvis,
1674 5060 1797 5101 ma-

134 5131 341 5200 gnisve
387 5130 762 5198 diffunditur,
796 5131 896 5185 sed
945 5131 1156 5202 ubique
1193 5136 1346 5187 totus
1392 5137 1499 5197 est,
1547 5138 1601 5188 et
1631 5133 1795 5189 nullo

133 5220 469 5276 continetur
490 5220 641 5275 loco.
664 5221 779 5275 Hoc
800 5220 900 5290 qui
924 5220 1243 5275 excedente
1273 5228 1466 5277 mente
1503 5221 1793 5293 intelligit,

135 5309 293 5365 videt
339 5311 546 5376 Deum,
579 5315 633 5363 et
681 5325 818 5364 cum
865 5308 1086 5364 absens
1141 5315 1399 5379 putatur.
1436 5311 1545 5376 Qui
1595 5320 1794 5367 autem

134 5397 246 5453 hoc
298 5413 419 5453 non
451 5403 667 5467 potest,
710 5403 836 5454 oret
883 5403 937 5453 et
968 5403 1108 5467 agat
1140 5404 1200 5452 ut
1243 5416 1413 5470 posse
1456 5409 1790 5467 mereatur;

137 5502 246 5542 nec
268 5485 344 5542 ad
368 5487 674 5542 hominem
697 5486 1127 5558 disputatorem
1152 5487 1367 5558 pulset,
1397 5494 1456 5542 ut
1477 5489 1640 5558 quod
1673 5505 1792 5544 non

135 5574 276 5645 legit
301 5575 479 5645 legat,
508 5575 610 5631 sed
634 5575 710 5630 ad
739 5575 924 5632 Deum
971 5576 1361 5643 Salvatorem,
1390 5582 1450 5631 ut
1474 5577 1637 5648 quod
1667 5594 1786 5633 non

135 5663 293 5723 valet
323 5665 535 5724 valeat.
567 5665 728 5721 Unde
763 5672 964 5722 autem
1005 5666 1236 5732 dixerit,
1270 5673 1323 5722 et
1354 5683 1484 5722 cum
1519 5682 1786 5735 praesens

1395 117 1906 176 EPISTOLARUM
1948 120 2234 179 CLASSIS
2280 123 2374 182 III.

3459 149 3575 204 610

1915 253 1998 347 est
2025 263 2142 304 non
2169 250 2422 317 videtur,
2450 261 2882 328 consequenter
2908 266 3155 332 aperuit,
3182 268 3388 328 dicens
3421 289 3432 328 :
3462 275 3574 333 De-

1915 342 2092 436 nique
2123 354 2227 436 nec
2267 342 2531 436 {postoti
2571 360 2767 401 omnes
2821 350 3112 410 Christum
3162 357 3484 434 videbant;
3518 371 3574 421 et

1916 426 2046 480 ideo
2077 429 2178 491 ait,
2214 445 2241 476 «
2276 429 2463 485 Tanto
2495 438 2752 500 tempore
2783 438 3072 498 vobiscum
3111 461 3260 512 sum,
3295 457 3346 505 et
3373 426 3577 510 adhuc

1915 529 2001 568 me
2052 530 2171 570 non
2217 519 2567 586 cognovistis
2601 521 2612 576 l
2647 543 2673 574 »
2710 526 2854 580 Ecce
2883 533 3191 598 quomodo
3238 536 3393 593 Deus
3426 556 3574 610 pras-

1918 617 2056 657 sens
2083 609 2210 659 erat
2238 612 2294 660 et
2324 622 2445 660 non
2476 609 2810 668 videbatur.

1989 713 2076 764 30.
2109 710 2435 805 sed_quare
2461 730 2580 770 non
2612 733 2793 774 ausus
2825 729 2911 777 est
2933 723 3146 794 dicere,
3181 731 3440 805 Denique
3468 751 3577 792 nec

1921 800 2179 869 Apostoli
2221 799 2518 858 Christum
2559 806 2860 880 videbant,
2899 813 3002 868 sed
3047 816 3146 880 ait,
3175 834 3279 876 nec
3309 799 3579 891 A-postoli

1919 903 2132 953 omnes,
2177 893 2466 962 tanquam
2509 894 2692 966 aliqui
2740 903 2877 954 tunc
2929 902 3197 961 viderent
3235 924 3306 964 ea
3353 912 3577 970 visione

1920 978 1978 1031 in
2019 993 2140 1048 qua
2190 980 2314 1049 ipse
2345 985 2400 1035 et
2451 985 2612 1038 Pater
2663 1002 2849 1043 unum
2895 992 3088 1047 sunt?
3119 1000 3205 1050 An
3245 996 3395 1054 forte
3432 1001 3579 1058 illud

1920 1067 2167 1121 attendit
2191 1069 2352 1138 quod
2387 1085 2524 1125 cum
2549 1072 2748 1128 Petrus
2779 1077 3040 1147 dixisset,
3083 1084 3168 1138 Tu
3208 1101 3264 1141 es
3307 1087 3581 1146 Christus

1920 1155 2107 1210 Filius
2143 1156 2239 1211 Dei
2281 1159 2434 1223 vivi;
2466 1175 2820 1232 responsum
2854 1171 3099 1240 accepit,
3133 1173 3357 1231 Beatus
3387 1194 3441 1234 es
3491 1182 3580 1236 Si-

1921 1259 2058 1298 mon
2087 1243 2208 1299 Bar
2235 1246 2408 1314 Jona,
2431 1249 2574 1317 quia
2609 1266 2726 1306 non
2756 1254 2862 1308 tibi
2893 1261 3174 1314 revetavit
3205 1279 3345 1319 caro
3368 1274 3419 1321 et
3445 1283 3584 1324 san-

1920 1334 2067 1425 quis,
2100 1334 2203 1425 sed
2239 1335 2412 1390 Pater
2450 1352 2610 1393 meus
2657 1341 2761 1410 qui
2807 1343 2867 1398 in
2920 1349 3082 1402 σιειιέ
3127 1358 3205 1405 est
3238 1351 3265 1405 ?
3304 1357 3580 1425 quamvis

1922 1420 2021 1476 illa
2051 1421 2330 1512 revelatio
2367 1429 2564 1481 utrum
2600 1443 2705 1499 per
2752 1431 2934 1489 ﬁdem
2973 1441 3150 1493 tanta:
3191 1441 3273 1495 rei
3319 1420 3576 1512 creditae,

1925 1526 2000 1600 an
2041 1526 2145 1600 per
2184 1511 2470 1569 visionem
2521 1527 2856 1589 conspectae
2907 1523 3062 1580 facta
3101 1527 3158 1581 in
3212 1531 3339 1600 ejus
3387 1541 3582 1590 mente

1925 1597 2121 1695 tuerit,
2172 1615 2290 1656 non
2342 1603 2488 1658 mihi
2541 1606 2812 1664 videatur
2861 1611 3135 1684 elucere;
3172 1597 3310 1673 cum
3362 1628 3417 1677 et
3455 1624 3586 1695 ipse

1929 1687 2131 1780 Petrus
2164 1693 2283 1744 tam
2326 1693 2642 1761 parvulum
2685 1713 2746 1750 se
2786 1699 2984 1756 adhuc
3021 1703 3100 1758 illi
3142 1687 3495 1780 ostenderit,
3523 1717 3586 1768 ut

1928 1777 2157 1833 timeret
2183 1795 2254 1834 ne
2290 1781 2978 1856 amitteretmorientem,
3017 1809 3196 1864 quem
3239 1799 3446 1856 Filium
3473 1777 3582 1858 VDei

1928 1867 2060 1932 vivi,
2097 1868 2207 1922 hoc
2237 1874 2325 1923 est
2369 1871 2494 1925 vitae
2535 1873 2757 1930 fontem
2801 1877 2990 1936 fuerat
3033 1885 3213 1953 paulo
3266 1893 3403 1944 ante
3448 1906 3588 1948 con-

1926 1953 2117 2010 fessus
2153 1957 2390 2026 (Matth.
2428 1976 2542 2029 xv1,
2576 1963 2666 2025 l6,
2706 1969 2786 2031 t7,
2830 1967 2916 2033 2t,
2956 1973 3066 2038 22).

2000 2071 2222 2165 CaPDT
2262 2073 2400 2165 Xlll.
2435 2107 2502 2115 —
2530 2077 2617 2131 3t.
2656 2079 2878 2136 Deinde
2925 2090 3116 2154 potest
3161 2105 3400 2148 movere
3438 2110 3588 2165 quo-

1929 2161 2112 2250 modo
2154 2162 2279 2232 jam
2323 2164 2455 2234 ipsa
2487 2165 2588 2220 Dei
2644 2167 2979 2228 substantia
3028 2177 3214 2233 videri
3255 2161 3506 2250 potuerit
3548 2201 3583 2240 a

1928 2249 2294 2343 quibusdam
2319 2252 2379 2307 in
2409 2254 2521 2309 hac
2555 2256 2668 2311 vita
2692 2260 2925 2328 positis,
2958 2273 3201 2336 propter
3238 2249 3388 2325 illud
3417 2273 3582 2343 quod

1929 2340 2156 2395 dictum
2186 2346 2272 2396 est
2311 2343 2388 2398 ad
2419 2344 2685 2415 Moysen,
2714 2349 2897 2405 Nemo
2926 2361 3114 2419 potest
3151 2358 3366 2426 faciem
3397 2340 3581 2422 meam

1932 2428 2149 2523 videre,
2181 2437 2233 2486 et
2268 2433 2462 2488 vivere
2488 2434 2705 2503 (Exod.
2748 2454 2953 2504 χχχιιι,
2991 2443 3084 2514 20)
3112 2459 3124 2498 :
3158 2446 3274 2502 nisi
3312 2451 3455 2520 quia
3486 2468 3588 2523 po-

1913 2518 2312 2576 testhumana
2353 2537 2522 2577 mens
2555 2523 2842 2581 divinitus
2873 2531 3001 2601 rapi
3045 2548 3114 2587 ex
3162 2535 3274 2591 hac
3320 2518 3440 2595 vita
3488 2518 3578 2602 ad

1909 2607 2240 2677 angelicam
2261 2609 2466 2675 vitam,
2487 2620 2807 2685 antequam
2843 2633 2946 2688 per
2968 2619 3146 2678 istam
3177 2641 3564 2687 communem

1912 2701 2165 2791 mortem
2197 2713 2374 2752 carne
2415 2699 2701 2756 solvatur.
2747 2704 2840 2759 Sic
2885 2707 3047 2764 enim
3098 2720 3306 2784 raptus
3337 2723 3424 2774 est
3461 2722 3565 2791 qui

1909 2784 2139 2840 audivit
2165 2785 2276 2840 illic
2307 2786 2632 2846 ineffabilia
2659 2793 2839 2849 verba
2868 2811 3004 2867 quae
3037 2815 3157 2855 non
3183 2802 3315 2860 licet
3337 2784 3567 2865 homini

1907 2871 2074 2960 loqui
2101 2895 2112 2928 :
2149 2873 2246 2928 ubi
2273 2892 2464 2948 usque
2489 2879 2642 2933 adeo
2668 2879 2825 2937 facta
2851 2891 2940 2940 est
2962 2886 3040 2941 ab
3063 2888 3241 2960 hujus
3270 2894 3402 2950 vitae
3435 2914 3565 2953 sen-

1909 2959 2078 3016 sibus
2109 2964 2390 3032 quaedam
2420 2966 2764 3023 intentionis
2801 2975 3054 3044 aversio,
3099 2959 3162 3032 ut
3193 2981 3315 3036 sive
3346 2984 3406 3038 in
3434 3002 3566 3042 cor-

1907 3063 2072 3120 pore,
2108 3050 2232 3106 sive
2263 3058 2427 3108 extra
2455 3069 2673 3125 corpus
2703 3057 2894 3127 fuerit,
2927 3061 2988 3117 id
3019 3070 3126 3131 est,
3163 3074 3377 3135 utrum,
3413 3075 3564 3133 sicut

1908 3137 2055 3194 solet
2085 3139 2142 3195 in
2185 3139 2602 3198 vehementiori
2634 3149 2868 3214 ecstasi,
2910 3166 3080 3206 mens
3107 3155 3186 3211 ab
3217 3157 3328 3214 hac
3355 3161 3476 3217 vita
3502 3164 3562 3220 in

1905 3225 2068 3282 illam
2097 3229 2278 3285 vitam
2311 3229 2481 3287 fuerit
2513 3232 2789 3302 alienata,
2819 3247 3097 3298 manente
3140 3248 3407 3317 corporis
3441 3252 3563 3306 vin-

1907 3319 2063 3410 culo,
2094 3337 2169 3378 an
2211 3325 2460 3379 omnino
2500 3327 2786 3384 resolutio
2827 3331 2984 3389 facta
3023 3334 3219 3402 fuerit,
3263 3341 3458 3410 qualis
3499 3344 3559 3399 in

1906 3407 2077 3479 plena
2126 3417 2313 3468 morte
2343 3412 2653 3485 contingit,
2704 3421 2934 3477 nescire
2981 3439 3040 3479 se
3081 3407 3302 3483 diceret
3327 3429 3395 3500 (II
3423 3432 3557 3489 Cor.

1903 3514 2002 3564 xu,
2037 3500 2170 3571 2-4).
2205 3500 2288 3556 Ita
2314 3501 2380 3556 ﬁt
2415 3507 2472 3557 ut
2503 3508 2559 3559 et
2589 3504 2736 3560 illud
2777 3524 2980 3565 verum
3015 3513 3107 3578 sit,
3139 3517 3303 3587 quod
3333 3519 3555 3578 dictum

1904 3593 2014 3682 est,
2045 3589 2230 3645 Nemo
2269 3598 2458 3658 potest
2496 3593 2710 3661 faciem
2753 3613 2940 3654 meam
2973 3601 3188 3668 videre,
3222 3611 3279 3660 et
3321 3610 3512 3667 vivere
3538 3633 3562 3682 ;

1903 3678 2047 3747 quia
2074 3693 2316 3733 necesse
2364 3685 2454 3734 est
2499 3681 2766 3739 abstrahi
2823 3687 2900 3740 ab
2950 3688 3065 3744 hac
3104 3693 3224 3749 vita
3272 3678 3557 3766 mentem,

1903 3767 2149 3836 quando
2174 3767 2232 3822 in
2261 3767 2414 3821 illius
2434 3769 2900 3828 ineffabilitatem
2926 3777 3171 3833 visionis
3200 3787 3555 3852 assumitur;

1903 3859 1958 3909 et
1989 3869 2108 3910 non
2139 3856 2212 3909 sit
2248 3856 2597 3913 incredibile
2627 3861 2995 3931 quibusdam
3028 3869 3244 3924 sanctis
3287 3875 3558 3930 nondum

1901 3942 1981 3999 ita
2011 3943 2325 4013 defunctis,
2361 3950 2420 4002 ut
2458 3949 2803 4018 sepelieuda
2830 3953 3128 4013 cadavera
3157 3969 3556 4031 remanerent,

1902 4034 2083 4089 etiam
2105 4034 2280 4090 istam
2303 4036 2713 4095 excellentiam
2726 4043 3103 4101 revelationis
3121 4047 3303 4106 fuisse
3321 4067 3560 4109 conces-

1903 4138 2053 4178 sam.
2085 4123 2252 4188 Quod
2293 4126 2564 4183 existimo
2595 4130 2891 4198 cogitasse
2932 4134 3098 4191 illum
3125 4140 3229 4209 qui
3258 4140 3446 4198 noluit
3475 4143 3561 4200 di-

1901 4227 2055 4302 cere,
2082 4215 2193 4268 Nec
2221 4214 2481 4285 Apostoli
2513 4217 2807 4274 Christum
2831 4222 3112 4280 videbant
3136 4246 3153 4298 ;
3190 4229 3296 4285 sed
3329 4233 3426 4302 ait,
3453 4250 3559 4291 nec

1900 4301 2174 4393 apostoli
2189 4319 2383 4360 omnes
2414 4305 2714 4364 Christum
2731 4311 3039 4371 videbant:
3056 4317 3302 4374 credens
3314 4301 3562 4393 quibus-

1901 4389 2045 4446 dam
2075 4407 2284 4446 eorum
2315 4393 2640 4450 divinitatis
2666 4414 2908 4470 quoque
2948 4403 3135 4472 ipsius
3163 4389 3453 4465 visionem
3484 4412 3559 4467 de

1901 4495 2022 4551 qua
2048 4480 2427 4552 loquebatur,
2457 4485 2634 4539 etiam
2667 4491 2804 4541 tunc
2829 4492 3088 4559 potuisse
3115 4493 3329 4550 donari
3359 4513 3372 4563 ;
3405 4505 3559 4557 certe

1901 4569 2679 4643 propterbeatumPaulum,
2697 4575 2841 4645 quia
2861 4582 2916 4633 et
2931 4578 3060 4649 ipse
3074 4587 3349 4652 quamvis
3362 4589 3561 4644 novis-

1902 4658 2110 4722 simus,
2143 4658 2342 4728 utique
2361 4660 2665 4731 apostolus
2688 4670 2830 4734 erat,
2861 4667 2962 4737 qui
2988 4669 3062 4724 de
3093 4687 3203 4730 sua
3225 4673 3321 4731 illa
3355 4676 3561 4735 ineffa-

1902 4745 2004 4802 bili
2034 4746 2391 4802 revelatione
2423 4764 2543 4804 non
2573 4752 2775 4807 tacuit.

1971 4861 2062 4918 32.
2094 4864 2453 4935 Quanquam
2487 4871 2541 4920 et
2565 4865 2644 4921 illi
2677 4867 3024 4929 ﬁdelissimo
3058 4878 3305 4950 antiquo
3334 4883 3560 4937 famulo

1904 4951 2005 5042 Dei
2032 4953 2236 5023 Moysi,
2262 4954 2482 5009 mirum
2508 4956 2618 5009 nisi
2651 4958 2709 5011 in
2741 4959 2854 5014 hac
2884 4967 3037 5019 terra
3066 4964 3562 5042 laboraturo,po-

1902 5041 2233 5114 pulumque
2255 5042 2420 5098 illum
2439 5045 2638 5099 adhuc
2655 5054 2907 5116 recturo,
2924 5066 3281 5110 concessum
3297 5041 3558 5129 estquod

1901 5131 2123 5202 petivit,
2141 5137 2201 5186 ut
2220 5131 2546 5188 claritatem
2579 5137 2812 5192 Domini
2840 5139 3078 5205 videret,
3095 5145 3197 5213 qui
3219 5144 3446 5201 dixerat
3467 5163 3478 5201 :
3497 5148 3562 5204 Si

1901 5220 2102 5307 inveni
2143 5227 2406 5298 gratiam
2453 5229 2592 5279 ante
2624 5231 2696 5289 te,
2738 5228 2973 5283 ostende
3001 5229 3149 5286 mihi
3192 5236 3556 5303 temetipsum
3619 5283 3628 5291 .

1903 5305 2232 5379 manifeste.
2252 5311 2491 5380 Accepit
2507 5311 2666 5366 enim
2684 5315 2742 5367 in
2766 5319 3082 5384 praesentia
3095 5333 3428 5388 congruum
3442 5341 3558 5380 res-

1903 5413 2186 5469 ponsum,
2209 5399 2372 5468 quod
2396 5399 2607 5454 faciem
2643 5403 2738 5455 Dei
2759 5403 2955 5458 videre
2983 5420 3100 5460 non
3131 5417 3351 5478 posset,
3372 5429 3552 5484 quam

1903 5503 2080 5542 nemo
2099 5486 2336 5551 videret,
2362 5491 2421 5542 et
2438 5490 2686 5552 viveret;
2710 5489 2822 5544 hoc
2847 5493 3028 5547 modo
3047 5496 3420 5565 signiﬁcante
3436 5503 3550 5560 Dec

1901 5576 2138 5632 alterius
2159 5576 2406 5646 potioris
2427 5578 2557 5632 vita:
2581 5577 2736 5632 illam
2759 5597 2886 5633 esse
2912 5583 3221 5642 visionem,
3253 5593 3320 5642 Lix-
3337 5593 3467 5649 iuge

1902 5667 2098 5722 verbis
2125 5665 2242 5730 Dei,
2273 5666 2481 5721 futurae
2505 5667 2714 5722 Christi
2745 5672 3008 5730 Ecclusiie
3033 5693 3378 5744 mysterium
3411 5686 3556 5750 ἦν
