4074 6164
534 133 635 192 611

1809 126 1871 182 S.
1911 125 2050 183 AUG
2063 126 2297 184 USTINI
2337 127 2657 184 EPISCOPI
3807 124 3900 180 612

536 259 737 313 ratum
764 261 865 312 est.
913 254 1169 312 Gestavit
1198 252 1427 325 quippe
1458 254 1692 325 Moyses
1735 258 1942 325 typum
1983 251 2195 324 populi
2301 254 2471 309 vides
2489 260 2690 309 tamen
2705 254 2883 310 etiam
2914 252 3050 318 hoc,
3084 250 3145 307 ni
3167 248 3360 314 fallor,
3385 246 3641 319 aregula
3668 247 3797 305 ﬁdei
3816 264 3922 307 non

537 345 901 410 Iudaeorum,
934 346 993 399 in
1029 342 1327 399 Christum
1358 358 1607 413 passum
1639 346 1850 413 postea
1880 341 2193 406 credituri;

538 434 673 489 ideo
697 433 921 489 dictum
947 436 1034 486 est
1064 430 1163 497 illi,
1195 430 1342 487 Cum
1375 431 1689 495 transiero,
1709 431 2041 500 posteriora
2068 444 2197 486 mea

538 522 758 578 videbis
776 535 795 572 :
818 526 872 575 et
897 524 1109 576 caetera
1130 536 1264 592 quae
1291 520 1370 575 ibi
1394 521 1697 586 dicuntur,
1721 518 1976 575 mirabili
2004 534 2199 575 sacra-

538 614 739 665 mento
764 610 1171 680 praenuntiant
1202 609 1523 665 Ecclesium
1560 614 1699 680 post
1728 608 2007 671 futuram.
2040 607 2199 663 unde

536 698 721 753 modo
737 697 989 767 longum
1010 702 1102 753 est
1120 697 1449 770 disputare.
1476 698 1649 764 Quod
1662 704 1863 753 autem
1874 697 2071 753 dicere
2085 696 2205 752 ins-

539 787 833 854 titueram,
864 787 1162 843 desiderio
1188 788 1317 859 ejus
1351 789 1530 843 etiam
1566 787 1710 842 illud
1732 786 1897 858 quod
1931 789 2200 858 petierat,

538 875 720 932 fuisse
751 892 1124 941 concessum,
1156 876 1213 931 in
1247 875 1394 931 libro
1426 875 1820 931 Numerorum
1864 880 2072 948 postea
2102 875 2207 931 de-

538 972 940 1021 monstratum
963 970 1086 1031 est;
1115 965 1214 1020 ubi
1238 965 1523 1019 Dominus
1542 968 1736 1035 arguit
1760 965 2202 1020 contumaciam

540 1054 760 1110 sororis
786 1054 995 1126 ipsius,
1030 1059 1085 1109 et
1112 1053 1255 1110 dicit
1285 1053 1418 1109 aliis
1454 1054 1757 1125 Prophetis
1790 1055 1847 1108 in
1876 1053 2107 1109 visione
2141 1068 2205 1108 se

540 1159 831 1215 apparere
863 1148 919 1198 et
948 1144 1007 1197 in
1041 1158 1280 1207 somno,
1332 1144 1516 1215 Moysi
1551 1146 1751 1197 autem
1780 1158 1886 1215 per
1916 1142 2200 1213 speciem,

539 1248 659 1288 non
696 1248 801 1303 per
830 1233 1150 1300 aenigmata
1184 1248 1197 1286 :
1232 1233 1331 1287 ubi
1365 1232 1545 1287 etiam
1579 1230 1812 1288 addidit
1839 1231 2047 1286 dicens
2085 1247 2096 1284 :
2129 1232 2204 1285 Et

536 1321 793 1392 gloriam
824 1320 1059 1375 Domini
1084 1320 1229 1376 vidit
1250 1320 1450 1389 (Num.
1478 1336 1581 1385 xu,
1614 1320 1753 1390 6-8).
1782 1319 1935 1385 Quid
1957 1334 2096 1388 ergo
2120 1322 2208 1374 est

538 1410 702 1481 quod
726 1426 862 1465 eum
883 1409 967 1464 sic
982 1409 1116 1465 fecit
1136 1414 1473 1481 exceptum,
1490 1409 1764 1464 nisiforte
1790 1408 1934 1480 quia
1949 1408 2051 1463 illa
2068 1422 2207 1463 con-

540 1491 921 1569 templatione
953 1498 1204 1568 dignum
1240 1498 1422 1553 etiam
1458 1504 1599 1553 tunc
1629 1497 1834 1553 habuit
1880 1497 2086 1569 populi
2114 1493 2204 1551 sui

540 1588 720 1643 talem
768 1592 1079 1651 rectorem,
1113 1592 1170 1642 et
1217 1588 1550 1642 ministrum
1611 1588 1671 1642 in
1728 1591 1849 1641 tota
1877 1586 2061 1641 domo
2094 1600 2207 1640 sua

539 1676 799 1741 ﬁdelem,
834 1682 895 1732 ut
949 1675 1469 1747 quemadmodum
1501 1675 1947 1747 concupiverat,
1984 1673 2208 1730 videret

544 1768 727 1821 Deum
779 1765 950 1819 sicuti
991 1769 1080 1821 est
1114 1780 1290 1836 ;qua3
1334 1764 1761 1836 contemplatio
1792 1764 2017 1819 cunctis
2067 1762 2203 1819 ﬁliis

534 1855 601 1911 in
626 1854 745 1909 ﬁne
770 1854 1134 1926 promittitur
1158 1852 1187 1907 ?

612 1944 836 1999 CAPUT
867 1944 996 1997 XIV.
1026 1972 1095 1983 —
1130 1946 1217 1999 33.
1247 1943 1360 1999 Ista
1385 1942 1564 1998 credo
1595 1941 1983 1998 considerans
2003 1942 2088 1996 vir
2113 1939 2206 1997 ille

540 2036 782 2087 sanctus
796 2032 968 2101 cujus
988 2032 1169 2087 verba
1193 2036 1536 2097 tractamus,
1558 2046 1662 2087 nec
1681 2031 1975 2099 Apostoli,
1992 2030 2203 2102 inquit,

540 2136 736 2178 omnes
780 2121 1080 2178 Christum
1135 2121 1437 2185 videbant,
1489 2121 1774 2193 quoniam
1833 2119 1977 2176 forte
2019 2114 2205 2191 aliqui

540 2226 749 2267 eorum
776 2211 953 2267 etiam
975 2210 1104 2283 ipso
1131 2218 1396 2282 tempore
1421 2210 1710 2276 viderant,
1735 2208 2068 2265 secundum
2094 2209 2207 2266 ista

540 2315 676 2371 quas
707 2299 847 2355 dixi.
886 2302 952 2356 Ut
980 2304 1180 2355 autem
1211 2300 1491 2370 probaret
1518 2300 1683 2371 quod
1714 2299 1877 2363 dixit,
1908 2300 2053 2369 quia
2084 2313 2205 2353 non

540 2404 736 2444 Omnes
751 2388 1341 2453 videbant,continuo
1358 2388 1710 2457 subjecitzEt
1720 2388 1851 2444 ideo
1864 2386 2005 2453 ait,«
2022 2387 2207 2444 Tanto

543 2484 796 2547 tempore
808 2477 1101 2533 vobiscum
1117 2492 1239 2531 sum
1258 2482 1310 2532 et
1330 2476 1529 2532 adhuc
1546 2492 1766 2533 menon
1784 2476 2159 2547 cognovistis.
2175 2496 2202 2528 »

542 2565 764 2620 Deinde
806 2564 1177 2635 subjungens
1214 2579 1250 2619 a
1289 2564 1568 2635 qualibus
1610 2568 1759 2620 Deus
1790 2565 2059 2621 videatur
2106 2564 2211 2622 illa

543 2653 1048 2724 contemplatione
1089 2653 1259 2708 sicuti
1289 2658 1376 2707 est
1412 2669 1422 2707 :
1462 2653 1573 2720 Qui
1614 2654 1766 2709 enim
1798 2656 2091 2725 cognovit,
2117 2654 2211 2709 in-

542 2742 690 2813 quit,
718 2757 850 2813 quz
878 2744 953 2797 sit
994 2742 1273 2808 latitudo,
1305 2748 1358 2798 et
1402 2743 1731 2813 longitudo,
1765 2751 1817 2801 et
1850 2744 2125 2809 altitudo,
2154 2751 2211 2803 et

540 2831 935 2903 profundum,
977 2839 1029 2889 et
1068 2832 1599 2901 supereminentem
1647 2834 1905 2890 scientiae
1945 2834 2209 2890 Charita-

544 2927 656 2978 tem
685 2920 928 2984 Christi,
964 2921 1110 2978 vidit
1142 2928 1197 2977 et
1229 2920 1562 2987 Christum,
1589 2922 1733 2978 vidit
1759 2930 1810 2979 et
1839 2925 2099 2979 Patrem.

619 3011 705 3067 34.
740 3012 859 3081 Ego
884 3010 1013 3067 haec
1042 3010 1230 3067 verba
1268 3011 1525 3083 apostoli
1556 3011 1716 3067 Pauli
1759 3012 1844 3068 sic
1887 3011 2211 3081 intelligere

545 3100 707 3156 soleo
737 3116 749 3154 :
774 3100 834 3155 in
865 3099 1200 3167 latitudine,
1225 3098 1386 3155 bona
1409 3115 1594 3171 opera
1619 3100 1926 3156 charitatis
1958 3119 1970 3168 ;
1999 3100 2059 3155 in
2085 3099 2211 3155 lon-

546 3189 833 3260 gitudine,
855 3188 1372 3261 perseverantiam
1398 3204 1591 3260 usque
1612 3189 1671 3243 in
1697 3189 1878 3245 ﬁnem
1904 3206 1918 3255 ;
1944 3190 2001 3244 in
2024 3187 2211 3244 altitu-

545 3279 703 3341 dine,
734 3293 901 3350 spem
944 3277 1277 3333 cmlestium
1320 3279 1705 3349 prmmiorum
1737 3296 1750 3346 ;
1790 3278 1848 3333 in
1886 3277 2209 3350 profundo,

545 3366 957 3423 inscrutabilia
983 3364 1212 3436 judicia
1239 3365 1360 3431 Dei,
1387 3366 1547 3421 unde
1578 3367 1692 3421 ista
1718 3367 1907 3435 gratia
1931 3366 1991 3422 in
2021 3366 2212 3422 homi-

544 3472 651 3512 nes
682 3455 840 3511 venit
873 3471 884 3508 :
918 3461 973 3510 et
1009 3454 1170 3509 hunc
1201 3453 1563 3511 intellectum
1597 3460 1877 3526 coaptare
1907 3456 2085 3512 etiam
2116 3470 2215 3511 sa-

547 3548 853 3601 cramento
884 3543 1074 3599 crucis
1099 3558 1113 3611 ;
1149 3548 1211 3598 ut
1241 3543 1301 3597 in
1332 3542 1644 3599 latitudine
1674 3543 2003 3616 accipiatur
2027 3549 2215 3601 trans-

548 3649 789 3689 versum
818 3632 1047 3703 lignum
1084 3649 1207 3706 quo
1251 3634 1650 3689 extenduntur
1700 3650 1940 3698 manus,
1971 3640 2215 3706 propter

548 3738 801 3795 operum
850 3722 1351 3793 signiﬁcationem
1383 3742 1400 3794 ;
1436 3722 1496 3777 in
1545 3722 1941 3795 longitudine,
1974 3724 2051 3781 ab
2083 3724 2216 3795 ipso

548 3828 739 3884 usque
780 3813 841 3868 in
892 3819 1134 3881 terram,
1174 3812 1277 3868 ubi
1311 3818 1494 3868 totum
1547 3828 1765 3885 corpus
1816 3813 2167 3869 cruciﬁxum
2194 3814 2212 3850 ¹

547 3907 701 3959 stare
742 3901 997 3968 videtur,
1032 3902 1199 3974 quod
1254 3902 1552 3973 signiﬁcat
1608 3902 1948 3973 persistere,
1978 3903 2093 3959 hoc
2128 3905 2219 3959 est

546 3989 971 4060 longanimiter
985 4005 1357 4062 permanere;
1378 3991 1435 4044 in
1455 3989 2012 4064 altitudine.abipso
2029 3996 2219 4047 trans-

550 4095 721 4134 verso
752 4079 915 4149 ligno
948 4094 1187 4133 sursum
1216 4093 1429 4133 versus
1471 4079 1635 4149 quod
1670 4079 1748 4135 ad
1768 4086 1948 4152 caput
1975 4081 2215 4145 eminet,

553 4172 797 4238 propter
828 4167 1343 4239 exspectationem
1375 4182 1796 4237 supernorum,
1828 4184 1902 4223 ne
1928 4168 2027 4224 illa
2054 4168 2220 4225 bona

553 4271 737 4327 opera
764 4261 942 4328 atque
972 4256 1032 4311 in
1058 4255 1141 4310 eis
1169 4254 1626 4326 perseverantia,
1654 4262 1897 4328 propter
1923 4257 2219 4315 beneﬁcia

556 4345 654 4401 Dei
688 4350 920 4402 terrena
951 4349 1131 4417 atque
1164 4343 1540 4415 temporalia,
1573 4344 1850 4402 facienda
1874 4347 2216 4414 credantur,

552 4435 661 4491 sed
675 4435 871 4505 potius
898 4439 1138 4506 propter
1160 4432 1309 4489 illud
1328 4433 1494 4505 quod
1514 4432 1772 4505 desuper
1788 4436 2218 4508 sempiternum

551 4524 1083 4597 speratﬁdes,qua=.
1111 4538 1216 4595 per
1230 4522 1611 4578 dilectionem
1639 4530 1922 4596 operatur
1950 4542 1969 4593 ;
2001 4526 2061 4581 in
2087 4542 2220 4597 pro-

550 4613 739 4670 fundo
771 4619 994 4677 autem,
1037 4628 1177 4684 pars
1230 4611 1329 4667 illa
1365 4612 1507 4682 ligni
1539 4628 1674 4685 qum
1706 4614 1764 4669 in
1822 4620 1987 4670 terrae
2019 4614 2219 4671 abdito

551 4702 750 4758 deﬁxa
797 4701 957 4765 latet,
986 4702 1092 4757 sed
1143 4701 1283 4757 inde
1314 4702 1618 4773 consurgit
1650 4718 1828 4759 omne
1876 4703 2023 4760 illud
2053 4704 2220 4776 quod

550 4790 791 4856 eminet,
829 4791 978 4846 sicut
1010 4806 1079 4846 ex
1112 4790 1348 4847 occulta
1382 4791 1478 4846 Dei
1513 4792 1811 4847 voluntate
1844 4798 2087 4850 vocatur
2115 4795 2220 4849 ho-

550 4898 653 4939 mo
680 4880 757 4937 ad
785 4880 1301 4953 participationem
1322 4884 1501 4936 tantas
1519 4881 1744 4951 gratiae,
1772 4882 1924 4938 alius
1946 4883 2049 4949 sic,
2067 4882 2219 4939 alius

553 4976 753 5029 autem
786 4970 871 5025 sic
900 4985 913 5024 :
947 4969 1495 5041 supereminentem
1527 4985 1664 5026 vero
1694 4971 1946 5028 scientiae
1963 4973 2217 5028 cbarita-

556 5068 673 5119 tem
705 5058 935 5127 Christi,
957 5074 1089 5115 eam
1124 5056 1387 5130 profecto
1412 5058 1511 5113 ubi
1539 5058 1637 5115 illa
1664 5064 1754 5115 est
1775 5076 1892 5131 pax
1919 5078 2054 5133 quae
2072 5077 2220 5133 pras-

554 5151 707 5207 celtit
721 5166 954 5207 omnem
974 5147 1339 5204 intellectum
1354 5146 1437 5219 (a)
1454 5148 1567 5203 Sed
1581 5148 1703 5203 sive
1716 5149 1900 5205 hocin
1919 5150 2029 5205 illis
2043 5166 2219 5223 apos-

556 5238 743 5297 tolicis
787 5238 984 5295 verbis
1016 5238 1197 5295 etiam
1234 5236 1329 5292 ille
1370 5237 1618 5291 senserit
1666 5238 2046 5310 evangelicus
2099 5240 2223 5297 dis-

554 5333 812 5398 putator,
846 5328 970 5384 sive
1008 5327 1168 5383 aliud
1202 5325 1429 5399 aliquid
1458 5324 1709 5382 fortasse
1742 5330 2168 5398 congruentius
2197 5351 2213 5404 ς

620 5468 629 5492 ¹
654 5466 799 5516 Unus
827 5468 1052 5536 eYatic.
1080 5467 1205 5516 Mss.
1228 5481 1238 5517 :
1267 5467 1344 5515 Ab
1372 5468 1488 5536 ipso
1506 5468 1963 5536 transui-saligno
1985 5486 2139 5536 usque
2158 5473 2215 5523 in

554 5531 762 5593 terram,
788 5530 878 5593 ubi
908 5533 1066 5593 totum
1087 5544 1267 5591 corpus
1293 5530 1547 5593 cruci/limi
1573 5536 1709 5581 stare
1730 5530 1951 5583 videtur.

616 5591 830 5654 ta)Vid.
867 5592 1025 5653 epist.
1061 5593 1168 5649 140,
1193 5605 1244 5648 c.
1273 5593 1355 5651 26,
1394 5591 1447 5644 ιι.
1479 5596 1651 5650 (ιε-δι,

2301 342 2644 399 abhorrere.

2373 432 2460 485 35.
2498 432 2661 488 Unde
2688 438 2888 488 autem
2915 445 3075 485 nunc
3104 429 3340 500 agimus
3363 429 3607 499 propter
3631 426 3925 482 contuitum

2304 522 2699 592 spiritualem,
2727 537 2864 575 cum
2892 519 3160 584 dixisset,
3196 516 3308 584 Qui
3338 514 3606 586 cognovit
3630 530 3751 586 qua
3776 517 3927 572 sitta-

2306 609 2517 675 titudo,
2551 616 2604 665 et
2630 608 2958 679 longitudo,
2994 613 3048 663 et
3078 606 3363 670 altitudo,
3405 609 3458 660 et
3489 603 3859 672 profundum,
3886 612 3928 660 et

2306 701 2826 767 supereminentem
2858 697 3117 755 scientia
3157 694 3511 751 charitatem
3547 690 3783 755 Christi,
3817 692 3930 747 vidit

2309 795 2364 845 et
2395 788 2716 868 Christum,
2743 788 2891 845 vidit
2918 794 2973 844 et
2995 787 3231 842 Patrem
3257 807 3278 855 ,-
3300 799 3379 840 ne
3420 780 3599 837 alicui
3630 780 3931 838 tardissimo

2309 877 2383 933 de
2408 877 2702 949 corporali
2730 877 2957 932 visione
2975 875 3171 930 dicere
3191 872 3519 936 videretur,
3544 871 3676 927 Non
3696 870 3933 937 enim,in-

2309 967 2455 1039 quit,
2473 970 2605 1037 jam
2621 966 2938 1023 secundum
2962 978 3203 1021 carnem
3218 978 3333 1018 non
3350 960 3631 1017 novimus
3647 958 3935 1026 Christum,

2310 1056 2411 1113 sed
2434 1056 2755 1112 secundum
2784 1054 3080 1124 spiritum.
3103 1050 3374 1121 Spiritus
3402 1050 3561 1106 enim
3592 1054 3729 1103 ante
3750 1048 3934 1117 faciem

2311 1151 2576 1201 nostram
2611 1145 2874 1201 Christus
2907 1142 3212 1198 Dominus.
3234 1138 3411 1206 Quod
3442 1138 3527 1194 ait
3548 1137 3659 1192 hoc
3690 1138 3831 1201 loco,
3860 1152 3935 1191 no-

2309 1234 2515 1299 vimus,
2545 1233 2877 1288 secundum
2901 1231 3083 1287 ﬁdem
3116 1228 3283 1297 dixit,
3324 1243 3469 1300 quae
3497 1240 3659 1281 nunc
3685 1230 3767 1280 est
3796 1240 3808 1289 ;
3837 1240 3935 1280 non

2312 1324 2643 1378 secundum
2678 1319 3269 1394 contemplationem,
3310 1332 3449 1389 quae
3473 1322 3615 1370 tunc
3646 1313 3751 1369 erit
3782 1314 3939 1385 :quia

2312 1417 2367 1468 et
2396 1411 2540 1467 illud
2570 1411 2850 1467 novimus
2897 1409 3195 1483 quidquid
3227 1406 3343 1463 ﬁde
3381 1421 3505 1460 non
3546 1403 3706 1469 ﬁcta,
3739 1402 3937 1459 etiamsi

2312 1500 2584 1557 nondum
2625 1516 2731 1572 per
2759 1500 3017 1572 speciem
3050 1495 3414 1560 contuendo,
3463 1494 3595 1565 jam
3650 1497 3837 1547 tamen
3867 1492 3939 1545 in-

2312 1606 2601 1647 concusse
2642 1591 2940 1645 credendo
2961 1590 3307 1644 retinemus.
3338 1586 3612 1655 Denique
3643 1598 3772 1637 cum
3791 1579 3939 1635 dixis-

2314 1681 2557 1748 set,jam
2587 1695 2706 1734 non
2722 1695 2781 1733 se
2815 1677 3146 1734 secundum
3174 1672 3742 1731 carnemChristum
3766 1684 3935 1738 nosse,

2314 1768 2465 1825 sicut
2498 1767 2820 1841 Apostolus
2850 1768 2929 1825 ait
2958 1786 2969 1825 :
3001 1770 3057 1821 et
3084 1763 3420 1821 addidisset
3452 1758 3849 1817 testimonium
3879 1757 3936 1812 de

2312 1856 2895 1929 propheta,Spiritus
2926 1857 3073 1912 enim
3098 1852 3466 1923 ante/aciem
3482 1856 3735 1905 nostram
3766 1847 3937 1903 Chris-

2315 1944 3020 2013 tusDominus,contiuuo
3049 1941 3304 2014 subjecit
3333 1957 3345 1996 :
3382 1939 3495 2008 Qui
3520 1954 3627 1995 nos
3651 1938 3713 1993 in
3741 1951 3935 1993 omnem

2313 2035 2745 2104 plenitudinem
2762 2035 2867 2089 Dei
2878 2031 3280 2089 misericordia
3294 2045 3407 2086 sua
3418 2030 3542 2097 imp
3551 2029 3670 2084 lere
3680 2026 3933 2097 dignetur,

2317 2131 2379 2179 ut
2402 2124 2586 2181 videri
2607 2123 2785 2193 possit
2810 2138 2847 2180 a
2868 2123 3052 2178 nobis.
3072 2123 3232 2178 Certe
3262 2118 3660 2174 manifestum
3692 2120 3776 2170 est
3800 2111 3935 2185 quod

2317 2212 2479 2269 illam
2508 2214 2800 2278 notitiam,
2822 2212 2926 2268 ubi
2946 2212 3193 2278 dixerat,
3226 2208 3515 2267 novimus,
3535 2221 3608 2261 ex
3624 2204 3735 2259 ﬁde
3749 2201 3933 2275 posuit,

2316 2318 2383 2358 ex
2400 2318 2521 2373 qua
2548 2302 2932 2373 modojustus
2962 2300 3099 2356 vivit
3123 2299 3333 2371 (Hebr.
3357 2314 3419 2364 x,
3456 2296 3589 2367 38);
3616 2309 3732 2349 non
3747 2308 3807 2348 ex
3825 2305 3934 2345 con-

2317 2391 2722 2463 templatione,
2754 2407 2875 2463 qua
2901 2392 3084 2445 Deum
3112 2387 3456 2443 videbimus
3483 2382 3656 2440 sicuti
3679 2386 3784 2438 est.
3803 2380 3935 2434 Hauc

2320 2482 2479 2538 enim
2512 2480 2619 2536 sibi
2652 2485 2709 2536 et
2739 2478 2912 2535 nobis
2941 2481 3379 2549 consequenter
3406 2473 3656 2546 optavit,
3690 2470 3935 2525 futuram-

2318 2585 2435 2644 que
2456 2569 2832 2639 signiﬁcavit,
2863 2566 3120 2622 dicendo
3149 2582 3161 2621 :
3200 2564 3436 2633 Quinos
3470 2565 3535 2619 in
3549 2575 3767 2618 omnem
3787 2555 3936 2628 pleni-

2320 2660 2579 2715 tudinem
2614 2658 2718 2715 Dei
2746 2656 3150 2714 misericordia
3176 2669 3286 2711 sua
3317 2654 3576 2724 implere
3600 2649 3934 2721 dignetur,ut

2318 2748 2508 2805 videri
2536 2750 2715 2815 possit
2747 2763 2783 2805 a
2815 2746 3003 2803 nobis.

2391 2836 2615 2893 CAPUT
2631 2838 2734 2891 XV.
2765 2839 2930 2891 —36.
2960 2831 3580 2905 Hancplenitudinem
3595 2828 3693 2883 Dei
3723 2823 3935 2899 quidam

2316 2926 2376 2981 in
2410 2941 2686 2981 sermone
2712 2923 2973 2997 Apostoli
3010 2923 3093 2979 sic
3132 2922 3576 2985 intellexerunt,
3610 2922 3675 2973 ut
3700 2914 3936 2987 putarent

2318 3030 2426 3071 nos
2454 3015 2566 3070 hoc
2594 3014 2824 3069 futuros
2848 3011 3097 3068 omnino
3120 3010 3285 3083 quod
3319 3011 3477 3065 Deus
3508 3012 3615 3063 est.
3650 3006 3777 3060 Haec
3804 2999 3932 3056 enim

2320 3103 2519 3169 verba,
2554 3103 2702 3159 sicut
2750 3100 3144 3172 recognoscis,
3186 3098 3510 3171 Apostolus
3544 3094 3739 3168 posuit
3767 3091 3841 3147 ita
3865 3086 3930 3140 lo-

2318 3208 2511 3266 quens
2542 3212 2554 3251 :
2588 3193 2932 3263 Cognoscere
2958 3190 3132 3247 etiam
3160 3188 3687 3257 supereminentem
3712 3174 3927 3237 scientia?

2320 3265 2676 3338 charitatem
2712 3280 2956 3345 Christi,
2988 3285 3051 3333 ut
3082 3276 3465 3347 impleamini
3494 3278 3555 3331 in
3593 3286 3810 3329 omnem
3839 3265 3933 3335 plt-

2319 3370 2647 3427 nitudinem
2668 3370 2772 3426 Dei
2784 3369 3022 3441 (Ephes.
3041 3385 3120 3431 ιιι,
3138 3367 3247 3437 19).
3265 3356 3927 3441 Quapropter,inquiunt.

2321 3460 2368 3514 si
2396 3458 2622 3530 aliquid
2655 3439 2851 3513 minus
2881 3473 3067 3529 quam
3100 3458 3253 3511 Deus
3290 3453 3677 3515 habebimus,
3700 3454 3753 3503 et
3778 3446 3829 3502 in
3856 3439 3931 3497 ali-

2319 3564 2441 3620 quo
2469 3548 2730 3602 minores
2751 3546 2994 3609 erimus,
3018 3542 3324 3616 quomodo
3353 3540 3742 3615 implebimur
3762 3534 3814 3589 in
3836 3544 3929 3587 om-

2321 3652 2459 3692 nem
2482 3634 2909 3707 plenitudinem
2933 3634 3032 3689 Dei
3061 3631 3090 3687 ?
3120 3632 3225 3688 sed
3254 3632 3548 3704 quoniam
3574 3622 3927 3699 implebimur.

2324 3724 2587 3797 profecto
2608 3724 2832 3779 erimus
2848 3722 3130 3795 aequales.
3164 3720 3473 3777 Aversaris
3496 3720 3674 3775 istum
3704 3707 3929 3783 utiqueet

2323 3814 2634 3870 detestaris
2663 3812 2945 3867 humanae
2979 3810 3192 3867 mentis
3231 3825 3519 3879 errorem,
3554 3807 3694 3869 scio,
3733 3805 3783 3857 et
3810 3798 3929 3852 recte

2324 3903 2489 3960 facis.
2524 3902 2637 3959 Sed
2672 3899 3387 3974 quomodointelligenda
3415 3898 3492 3955 sit
3514 3883 3927 3974 istaplenitudo,

2324 4009 2447 4065 qua
2476 3971 2706 4047 dictum
2716 3997 2802 4045 est
2823 3989 3162 4063 implendos
3193 4004 3306 4044 nos
3337 4003 3473 4044 esse
3499 3987 3559 4042 in
3590 3992 3816 4042 omnem
3834 3971 3928 4067 plv-

2325 4062 2656 4138 nitudinem
2690 4078 2810 4146 Dei,
2852 4062 3083 4152 postea,
3120 4078 3167 4134 si
3197 4078 3349 4133 Deus
3389 4073 3662 4134 voluerit.
3694 4082 3793 4143 pro
3824 4062 3930 4117 viri-

2326 4171 2438 4228 bus
2468 4185 2620 4242 quas
2647 4168 2894 4235 dederit,
2922 4168 3311 4224 disseremus.

2396 4239 2663 4316 37.—Nunc
2690 4257 3070 4329 autemquod
3085 4255 3231 4312 mihi
3257 4266 3676 4327 proposueras,
3701 4239 3833 4301 etad

2325 4346 2673 4422 plicandum
2688 4328 3481 4409 difﬁcileividebaturmtrum
3502 4337 3839 4422 explicatum
3854 4328 3924 4421 sit.

2325 4420 2635 4508 diligenter
2648 4435 2887 4491 attende
2912 4434 3230 4491 recolendo
3244 4448 3378 4507 quae
3392 4432 3550 4487 dicta
3564 4430 3713 4483 sunt.
3740 4420 3789 4476 Si
3802 4420 3926 4471 enim

2324 4525 2545 4600 quatris
2577 4531 2773 4580 utrum
2797 4523 2984 4597 possit
3010 4526 3163 4579 Deus
3195 4523 3380 4578 videri
3417 4538 3430 4587 ;
3462 4512 3789 4600 respondeq
3810 4521 3823 4560 τ
3848 4516 3929 4575 Ρ⁰’

2327 4596 2456 4671 test.
2476 4613 2764 4685 Siquaaris
2793 4596 2951 4668 unde
2980 4612 3198 4679 sciam;
3230 4609 3567 4681 respondeo
3599 4624 3611 4661 :
3638 4596 3830 4674 quiain
3849 4604 3928 4685 Ye-

2325 4678 2635 4759 racissima
2667 4703 2966 4773 Scriptura
3008 4701 3240 4771 legitur,
3273 4678 3449 4756 Beati
3498 4691 3697 4753 mundo
3742 4678 3925 4743 corde;

2326 4790 2605 4865 quoniam
2618 4790 2733 4859 ipsi
2746 4792 2931 4846 Deum
2946 4790 3254 4859 videbunt,-
3273 4794 3329 4845 et
3341 4793 3555 4845 castora
3569 4782 3717 4840 talia.
3734 4774 3783 4832 Si
3795 4782 3923 4865 qut?“

2325 4858 2405 4936 ris
2438 4858 2748 4953 quomodo
2778 4878 2971 4933 dictus
2998 4877 3070 4933 sit
3096 4858 3430 4941 invisibilis,
3451 4875 3498 4931 si
3522 4867 3699 4929 videri
3730 4858 3921 4953 potest;

2325 4951 2663 5038 respondeo
2698 4966 3053 5023 invisibilem
3084 4982 3217 5023 esse
3264 4970 3496 5031 natura,
3556 4954 3730 5017 videri
3757 4951 3921 5006 autem

2327 5074 2464 5114 cum
2498 5056 2637 5123 vult,
2667 5055 2820 5111 sicut
2843 5055 2965 5112 vult
2995 5073 3007 5111 :
3040 5054 3308 5127 plurimis
3333 5054 3493 5109 enim
3526 5050 3679 5105 visus
3708 5041 3802 5100 est,
3830 5041 3923 5127 ηοξ

2327 5146 2499 5203 sicuti
2525 5118 2634 5212 est,
2666 5145 2772 5201 sed
2802 5144 2966 5218 quali
2995 5118 3192 5217 specie
3222 5142 3299 5199 illi
3332 5138 3847 5214 placuitapparere.
3876 5118 3917 5172 Si

2327 5235 2540 5309 quaeris
2556 5235 2862 5307 quomodo
2876 5251 3012 5290 eum
3032 5233 3175 5289 vidit
3190 5232 3280 5287 vel
3299 5230 3438 5288 Cain
3458 5220 3920 5314 sceleratus

2326 5302 2405 5381 do
2431 5324 2504 5379 de
2537 5302 2647 5379 suo
2680 5323 2897 5380 scelere
2928 5324 2999 5379 ab
3030 5322 3131 5379 illo
3172 5322 3568 5391 interrogatus
3598 5318 3647 5371 et
3667 5302 3916 5391 judicatus

2325 5421 2415 5471 est
2443 5412 2662 5485 (Cenes.
2696 5429 2773 5479 IV,
2803 5415 2861 5483 6)
2891 5429 2903 5479 ;
2929 5411 3021 5468 vel
3040 5412 3224 5468 etiam
3249 5411 3376 5483 ipse
3396 5382 3686 5466 diabolus,
3710 5382 3916 5492 qui???

2326 5475 2481 5559 venit
2506 5519 2642 5558 cum
2665 5475 2920 5572 Angelis,
2954 5508 3015 5557 ut
3032 5517 3237 5558 coram
3264 5475 3362 5556 illo
3384 5494 3691 5555 assisteret,
3723 5482 3762 5537 si
3789 5475 3911 5532 beat:

2323 5591 2533 5651 mundi
2557 5592 2780 5658 cordes,
2814 5591 3093 5665 quoniam
3128 5590 3244 5661 ipsi
3274 5590 3460 5646 Deum
3486 5578 3744 5645 videbunt
3779 5574 3911 5633 ;ι“ο³·
