4074 6164
173 185 263 239 613

171 307 384 381 pendeo
415 321 532 362 non
564 304 804 378 quidem
847 318 974 360 esse
1004 318 1380 374 consequens
1404 307 1467 357 ut
1495 303 1675 358 etiam
1706 301 1788 356 vi-

168 398 328 452 deant
359 398 563 463 Deum,
595 394 695 464 qui
715 408 887 448 voces
911 394 988 449 ab
1019 408 1089 448 eo
1112 393 1296 449 factas
1330 391 1657 463 aliquando
1689 407 1788 446 au-

165 488 313 542 diunt
353 501 365 550 ;
400 499 592 555 neque
621 483 781 537 enim
814 481 1089 536 viderunt
1132 497 1294 544 eum,
1335 482 1438 552 qui
1471 479 1789 535 audierunt

165 573 386 646 quando
408 571 642 627 dixitad
667 571 898 634 Filium,
933 571 1007 625 Et
1039 570 1391 638 clariﬁcavi,
1411 576 1462 625 et
1495 569 1789 637 clariﬁca-

165 665 220 720 bo
252 663 458 719 iterum
491 661 684 731 (Joan.
724 677 824 726 xu,
861 659 951 730 28)
996 677 1008 714 :
1045 664 1459 714 verumtamen
1494 674 1613 714 non
1659 673 1789 714 esse

164 751 506 819 mirandum,
527 751 573 804 si
600 749 782 820 aliqui
810 750 990 804 etiam
1021 764 1138 803 non
1168 748 1574 803 mundicorde
1591 747 1791 802 vident

163 843 326 896 Deum
349 839 405 894 in
425 841 624 909 specie
651 853 834 909 quam
855 837 1134 892 voluntas
1165 837 1294 906 ejus
1326 836 1544 900 fecerit,
1573 835 1791 890 latente

163 928 420 985 invisibili
438 927 670 998 etapud
690 943 749 981 se
765 925 1247 982 incommutabili
1265 933 1544 980 manente
1559 930 1787 980 natura.

165 1019 211 1074 Si
244 1017 457 1090 quaeris
493 1022 690 1072 utrum
720 1017 896 1071 etiam
931 1015 1100 1070 sicuti
1129 1020 1215 1070 est
1249 1015 1436 1087 possit
1466 1013 1792 1086 aliquando

163 1107 368 1175 videri;
403 1104 765 1176 respondeo,
799 1103 930 1158 ﬁliis
957 1104 1070 1158 hoc
1110 1118 1242 1158 esse
1284 1103 1670 1174 promissum,
1719 1101 1793 1157 de

162 1195 359 1267 quibus
397 1194 626 1248 dictum
660 1198 750 1248 est
790 1193 1060 1249 :Scimus
1085 1192 1228 1262 quia
1271 1191 1791 1262 cumapparuerit,

161 1283 356 1338 similes
369 1281 421 1338 ei
433 1282 684 1351 erimus,-
709 1281 984 1352 quoniam
1001 1280 1319 1336 videbimus
1340 1296 1471 1336 eum
1493 1279 1669 1336 sicuti
1689 1286 1790 1334 est.

165 1373 208 1428 Si
233 1371 441 1442 quaeris
477 1371 638 1425 unde
659 1387 797 1425 eum
829 1369 1205 1435 videbimus;
1234 1370 1570 1441 respondeo
1599 1386 1610 1424 :
1638 1368 1796 1423 unde

162 1459 346 1528 Angeli
368 1459 600 1525 vident,
633 1459 854 1530 quibus
889 1465 1028 1513 tunc
1060 1458 1287 1514 erimus
1323 1457 1602 1529 aequales.
1638 1458 1798 1512 Sicut

159 1550 296 1604 enim
312 1548 870 1619 videnturistaquaa
888 1546 1149 1602 visibilia
1177 1548 1584 1610 nominantur,
1613 1546 1794 1600 Deum

163 1653 315 1693 nemo
339 1637 488 1693 vidit
517 1652 810 1707 unquam,
830 1651 936 1691 nec
952 1635 1151 1691 videre
1171 1641 1381 1707 potest,
1398 1635 1688 1707 quoniam
1713 1636 1797 1690 lu-

162 1743 271 1782 cem
296 1725 526 1782 habitat
554 1724 1061 1792 inaccessibilem,
1080 1730 1135 1781 et
1155 1733 1241 1781 est
1264 1723 1799 1781 naturainvisibilis

160 1816 288 1870 sicut
313 1814 791 1886 incorruptibilis
826 1830 840 1869 :
870 1830 1008 1886 qum
1041 1814 1364 1870 contextim
1397 1813 1594 1884 posuit
1619 1818 1800 1884 Apos-

162 1904 296 1960 tolus
309 1903 538 1971 dicens,
557 1903 694 1974 Regi
708 1909 905 1960 autem
917 1905 1272 1958 saeculorum
1286 1902 1591 1967 invisibili,
1608 1905 1798 1958 incor-

167 1993 464 2064 ruptibili(l
499 1993 651 2049 Tim.
672 2009 708 2057 ι.
737 1996 825 2058 17,
853 1999 906 2049 et
939 2009 1016 2058 vn,
1047 1992 1166 2064 l6);
1194 1995 1338 2064 quia
1358 1992 1511 2048 sicut
1540 1992 1799 2047 nuncin-

167 2082 571 2154 corruptibilis,
594 2098 700 2137 nec
716 2086 929 2153 postea
943 2081 1363 2153 corruptibilis,
1380 2082 1459 2137 ita
1471 2096 1591 2136 non
1605 2081 1800 2137 solum

162 2187 320 2238 nunc,
337 2172 442 2226 sed
457 2172 645 2227 etiam
662 2187 899 2242 semper
917 2171 1253 2226 invisibilis.
1281 2173 1394 2226 Nec
1420 2172 1478 2225 in
1496 2170 1628 2226 loco
1640 2170 1798 2225 enim

168 2261 394 2325 videtur,
426 2260 532 2316 sed
570 2260 800 2315 mundo
825 2260 1002 2315 corde
1037 2277 1049 2314 :
1080 2275 1188 2314 nec
1213 2259 1625 2330 corporalibus
1664 2275 1802 2315 ocu-

168 2351 229 2405 lis
253 2351 569 2422 quaeritur,
592 2365 703 2404 nec
721 2348 1224 2404 circumscribitur
1243 2349 1390 2413 visu,
1415 2364 1522 2403 nec
1545 2353 1703 2404 tactu
1726 2353 1804 2404 te-

169 2444 338 2504 netur,
359 2455 471 2494 nec
487 2438 736 2494 auditur
750 2437 954 2501 affatu,
979 2453 1088 2492 nec
1119 2438 1366 2492 sentitur
1394 2438 1652 2492 incessu.
1674 2436 1804 2492 Uni-

162 2528 374 2602 genitus
406 2534 615 2584 autem
635 2525 959 2598 Filius,qui
994 2532 1083 2581 est
1109 2527 1166 2581 in
1193 2525 1798 2592 sinuPatris,deitatis

164 2623 418 2672 naturam
450 2623 639 2687 atque
677 2615 1080 2671 substantiam
1115 2615 1526 2671 insonabiliter
1573 2619 1798 2680 narrat,

164 2712 209 2761 et
234 2706 358 2762 ideo
408 2706 613 2775 dignis
666 2704 1014 2776 idoneisque
1048 2709 1208 2760 tanto
1253 2710 1578 2775 conspectu
1615 2704 1802 2760 oculis

162 2794 320 2850 etiam
342 2794 720 2850 invisibiliter
738 2798 1047 2849 monstrat.
1064 2794 1183 2864 lpsi
1201 2794 1358 2848 enim
1375 2798 1515 2848 sunt
1543 2793 1802 2861 oculi,de

165 2884 363 2954 quibus
390 2884 716 2956 Apostolus
749 2882 914 2948 dicit,
947 2882 1320 2939 illuminatos
1377 2883 1577 2938 oculos
1608 2883 1802 2938 cordis

167 2973 585 3043 vestri(E'phes.
611 2989 649 3040 l,
686 2973 802 3043 18).
834 2971 989 3026 Etde
1019 2971 1489 3043 quibusdicitur,
1516 2971 1804 3028 lllumina

168 3064 346 3118 oculos
372 3078 548 3126 mnos,
578 3077 650 3118 ne
673 3075 936 3132 unquam
954 3061 1323 3116 obdormiam
1337 3060 1394 3115 in
1423 3066 1608 3116 morte
1625 3060 1803 3132 (Psal.

169 3165 254 3214 xu,
283 3152 358 3219 4).
390 3150 686 3206 Dominus
725 3150 886 3204 enim
917 3149 1160 3220 spiritus
1191 3152 1279 3204 est
1307 3149 1376 3219 (ll
1410 3149 1540 3205 Cor.
1574 3167 1653 3216 ιιι,
1685 3151 1804 3212 t7):

169 3238 312 3294 unde
339 3241 439 3312 qui
475 3239 745 3295 adhaeret
774 3237 1027 3293 Domino
1047 3253 1204 3292 unus
1230 3237 1470 3308 spiritus
1499 3238 1642 3308 est(I
1675 3238 1806 3294 Cor.

168 3342 233 3392 Vl,
264 3330 370 3396 17).
423 3327 686 3384 Proinde
718 3327 822 3398 qui
856 3332 1053 3398 potest
1086 3329 1269 3381 Deum
1302 3326 1677 3383 invisibiliter
1724 3327 1811 3382 vi-

167 3414 304 3479 dere,
340 3418 470 3489 ipse
506 3419 625 3472 Deo
642 3419 843 3487 potest
867 3415 1322 3487 incorporaliter
1341 3414 1666 3471 adhaerere.

229 3507 442 3562 CAPUT
489 3505 625 3561 XVI.
660 3535 727 3545 -—
763 3507 851 3560 38.
885 3506 1030 3560 Puto
1057 3504 1184 3574 jam
1219 3519 1336 3560 non
1369 3519 1500 3560 esse
1533 3505 1588 3559 in
1620 3521 1814 3576 quaes-

169 3592 307 3649 tione
355 3611 547 3668 quam
580 3594 972 3666 proposuisti,
1023 3593 1284 3664 amplius
1314 3594 1480 3666 quod
1521 3594 1808 3665 requiras.

169 3681 266 3737 Sed
293 3683 348 3738 in
378 3685 498 3740 hac
530 3689 657 3739 tota
679 3687 886 3738 nostra
914 3681 1317 3754 disputatione
1335 3682 1653 3738 considera
1667 3682 1812 3754 quid

169 3770 381 3839 videris,
415 3772 563 3846 quid
595 3770 920 3828 credideris
957 3787 970 3837 ;
1004 3771 1145 3842 quid
1179 3771 1378 3827 adhuc
1409 3772 1664 3839 nescias,
1694 3771 1814 3827 sive

168 3860 290 3930 quia
315 3877 430 3918 non
471 3861 616 3926 dixi,
647 3862 770 3918 sive
801 3860 943 3932 quia
976 3875 1096 3916 non
1129 3859 1483 3924 intellexisti,
1518 3861 1641 3916 sive
1673 3861 1815 3931 quia

168 3961 269 4004 non
283 3950 562 4019 judicasti
577 3965 704 4005 esse
725 3949 1188 4005 credendum.Et
1203 3965 1270 4005 ea
1287 3964 1423 4019 quae
1439 3964 1579 4003 vera
1591 3964 1719 4003 esse
1734 3947 1814 4002 vi-

171 4033 307 4102 disti,
335 4041 537 4096 adhuc
568 4039 838 4095 discerne
856 4039 1012 4094 unde
1043 4037 1285 4096 videris:
1323 4044 1522 4092 utrum
1554 4037 1812 4092 recolen-

169 4123 235 4179 do
259 4127 350 4184 illa
380 4135 432 4185 te
467 4128 686 4183 vidisse
711 4143 818 4199 per
845 4143 1084 4200 corpus,
1117 4128 1268 4182 sicut
1287 4142 1540 4198 corpora
1557 4126 1814 4182 cmlestia

171 4211 246 4267 vel
271 4217 572 4272 terrestria
603 4233 620 4282 ;
660 4231 739 4272 an
775 4231 914 4271 vero
946 4231 1264 4288 nunquam
1292 4215 1706 4284 corporalibus
1745 4230 1813 4271 ea

171 4302 408 4372 attigeris
461 4304 711 4367 visibus,
745 4304 846 4360 sed
895 4303 1021 4360 sola
1052 4310 1249 4360 mente
1296 4305 1551 4370 intuens,
1585 4319 1726 4360 vera
1755 4309 1813 4361 et

172 4395 309 4448 certa
332 4409 465 4450 esse
493 4392 888 4465 perspexeris,
921 4393 1074 4448 sicut
1101 4392 1472 4449 voluntatem
1507 4397 1695 4458 tuam,
1735 4392 1809 4448 de

171 4491 276 4548 qua
311 4498 418 4552 ego
457 4482 552 4538 tibi
585 4483 822 4538 credere
854 4482 1118 4553 loquenti
1162 4498 1434 4554 possum,
1469 4497 1600 4538 eam
1644 4497 1806 4545 vero,

174 4572 225 4621 ut
245 4569 344 4625 abs
375 4577 430 4628 te
459 4571 706 4634 videtur,
731 4570 930 4626 videre
961 4571 1084 4640 ipse
1115 4586 1233 4624 non
1268 4587 1541 4641 possum.
1574 4573 1640 4627 Et
1670 4587 1807 4625 cum

173 4653 277 4712 haec
305 4666 554 4733 utraque
613 4659 992 4728 discreveris,
1061 4660 1238 4713 etiam
1285 4661 1344 4714 id
1377 4661 1616 4715 attende
1649 4659 1808 4714 unde

173 4743 480 4806 discernas.
515 4749 795 4815 Quamvis
826 4748 986 4802 enim
1020 4747 1136 4803 alia
1159 4763 1429 4819 corpore,
1463 4747 1578 4804 alia
1611 4752 1808 4802 mente

175 4833 459 4893 videamus
499 4837 762 4908 ;horum
814 4841 1013 4892 tamen
1054 4836 1314 4891 duorum
1353 4852 1640 4905 generum
1675 4835 1805 4907 ipsa

172 4919 421 4984 discretio
468 4926 701 4982 videtur
745 4930 962 4990 mente,
995 4941 1114 4982 non
1151 4942 1403 4998 corpore
1433 4947 1443 4991 ;
1482 4931 1539 4981 et
1576 4940 1647 4981 ea
1669 4941 1804 4996 qua:

175 5021 348 5070 mente
363 5016 736 5087 conspiciunt
748 5030 958 5079 ur,non
974 5014 1379 5084 indigentullo
1393 5015 1659 5086 corporis
1674 5029 1806 5069 sen-

177 5114 254 5165 δυ,
284 5110 430 5162 utea
452 5121 592 5161 vera
622 5120 753 5160 esse
783 5104 1305 5170 noverimus.Qua3
1322 5110 1522 5161 autem
1555 5120 1659 5176 per
1680 5119 1806 5160 cor-

183 5202 281 5258 pus
322 5195 612 5259 videntur,
650 5194 763 5249 nisi
793 5208 962 5250 mens
994 5193 1152 5249 adsit
1186 5211 1323 5267 quas
1368 5195 1509 5251 talia
1534 5193 1806 5250 nuntiata

179 5281 456 5353 suscipiat,
485 5282 646 5338 nulla
671 5289 922 5354 possunt
953 5284 1196 5339 scientia
1226 5285 1510 5340 contineri
1536 5301 1549 5349 ;
1583 5291 1639 5339 et
1667 5299 1800 5354 qua:

177 5371 423 5428 nuntiata
444 5373 616 5444 quasi
643 5373 942 5442 suscipere
975 5372 1337 5442 perhibetur,
1371 5373 1512 5430 foris
1533 5389 1602 5429 ea
1629 5372 1802 5428 relin-

177 5458 304 5524 quit.
338 5461 448 5516 Sed
478 5476 686 5517 eorum
716 5461 1028 5530 imagines,
1064 5461 1121 5516 id
1152 5467 1259 5530 est,
1290 5463 1673 5532 incorporeas
1719 5461 1797 5517 si-

179 5544 519 5605 militudines
545 5565 886 5621 corporum,
928 5550 1372 5621 incorporaliter
1410 5551 1799 5608 commendat

177 5641 454 5696 memoriae
481 5656 494 5708 ;
519 5639 678 5696 unde
703 5655 842 5695 cum
861 5639 1109 5696 voluerit
1137 5646 1191 5695 et
1223 5641 1501 5712 potuerit,
1535 5641 1691 5697 velut
1719 5642 1799 5698 de

1389 173 1889 235 EPISTOLABUM
1932 173 2224 243 CLASSIS,
2258 174 2368 233 Ill.

3443 183 3550 238 6M

1900 300 2172 355 custodia
2183 298 2333 370 prod
2344 303 2504 355 uctas
2516 299 2762 370 atquein
2775 307 3162 372 conspectum
3175 306 3553 375 cogitationis

1901 388 2672 458 exhibitasjudicet.Etcum
2697 387 2851 444 valet
2872 391 2913 458 ί,
2946 391 3122 447 etiam
3153 394 3268 450 ista
3300 396 3550 452 duodis-

1902 478 2104 542 cernit,
2130 477 2345 549 quidin
2362 478 2556 549 specie
2569 477 2863 548 corporali
2881 479 3020 534 foris
3047 481 3364 554 reliquerit,
3399 487 3544 557 quid

1902 567 2030 637 ejus
2053 565 2242 622 simile
2265 567 2422 620 intus
2438 566 2692 637 aspiciat
2717 583 2728 631 ;
2749 567 2966 622 etillud
2997 569 3238 637 absens,
3271 573 3384 628 hoc
3400 590 3548 645 prte-

1904 671 2041 710 seus
2073 670 2201 709 esse
2233 655 2531 722 dignoscit
2563 671 2575 709 :
2611 655 2762 709 sicut
2792 671 2886 710 me
2919 657 3169 715 absente
3192 660 3403 717 faciem
3435 665 3546 718 mei

1904 743 2168 815 corporis
2200 743 2445 812 cogitas,
2477 749 2531 797 et
2553 742 2644 797 illa
2662 743 2758 797 tibi
2779 749 2863 798 est
2890 745 3088 815 imago
3122 765 3407 819 praesens,
3442 753 3551 807 ab-

1904 849 2042 888 sens
2065 831 2460 888 autemfacies
2493 832 2884 902 cujusimago
2907 839 3029 901 est;
3064 842 3118 891 et
3154 839 3277 893 haec
3309 856 3547 912 corpus,

1903 921 2003 977 illa
2042 937 2176 976 vero
2205 921 2556 992 incorporea
2583 923 2848 992 corporis
2882 923 3208 981 similitudo
3231 933 3336 984 est.

1975 1013 2062 1066 39.
2080 1011 2150 1065 lis
2164 1025 2307 1079 ergo
2328 1026 2461 1080 quae
2485 1009 2672 1075 vides,
2697 1009 3007 1082 diligenter
3028 1013 3400 1089 tidenterque
3425 1033 3556 1090 per-

1904 1101 2115 1171 spectis
2139 1104 2318 1170 atque
2349 1099 2664 1163 distinctis,
2695 1101 2932 1156 attende
2954 1118 3091 1172 quae
3120 1106 3314 1161 credis
3352 1109 3406 1163 in
3438 1110 3552 1165 hoc

1905 1189 2034 1261 ipso
2052 1203 2326 1243 sermone
2341 1192 2702 1259 toto,exquo
2714 1189 2789 1243 ad
2808 1193 2861 1243 te
2874 1189 3036 1262 loqui
3053 1193 3142 1247 his
3156 1194 3356 1251 litteris
3371 1200 3552 1270 ccepi;

1907 1283 1961 1331 et
1991 1277 2048 1331 in
2077 1278 2162 1331 eis
2181 1276 2328 1347 ipsis
2349 1276 2566 1348 quibus
2592 1293 2713 1332 non
2739 1278 2881 1332 visis
2898 1284 3325 1340 accommodas
3346 1287 3551 1354 ﬁdem,

1906 1366 2040 1437 ipsa
2079 1369 2310 1420 testium
2349 1366 2618 1435 pondera
2649 1365 3044 1424 discernendo
3080 1375 3403 1443 perpende.
3445 1379 3553 1430 Ne-

1905 1471 2022 1526 que
2053 1455 2212 1510 enim
2245 1454 2389 1509 mihi
2421 1455 2502 1508 sic
2528 1457 2718 1509 credis
2751 1459 3269 1527 quemadmodum
3305 1465 3555 1520 Ambro-

1908 1544 2014 1611 sio,
2034 1544 2108 1599 de
2140 1543 2489 1614 cujuslibris
2520 1550 2686 1600 tanta
2719 1545 2817 1601 illa
2846 1547 3189 1605 testimonia
3214 1554 3406 1621 posui.
3441 1560 3553 1610 Aut

1908 1633 1954 1688 si
1969 1632 2258 1689 ambobus
2273 1632 2443 1688 nobis
2457 1633 2812 1704 aequalance
2833 1642 3006 1706 putas
3020 1653 3153 1693 esse
3173 1641 3552 1709 credendum,

1908 1722 2205 1795 numquid
2223 1721 2342 1777 ullo
2357 1724 2534 1777 modo
2551 1723 2867 1793 Evangelio
2891 1741 3001 1780 nos
3030 1731 3434 1800 comparabis,
3455 1738 3558 1788 aut

1911 1812 2130 1882 scripta
2171 1818 2378 1867 nostra
2411 1811 2726 1882 Scripturis
2784 1815 3087 1871 canonicis
3142 1821 3488 1891 coaequabis
3530 1823 3557 1876 ‘I

1910 1901 2169 1956 Profecto
2185 1900 2399 1955 sirecte
2422 1900 2885 1970 indijudicando
2916 1907 3095 1976 sapis,
3133 1907 3303 1978 longe
3334 1926 3443 1964 nos
3471 1911 3557 1966 in-

1909 1989 1997 2044 fra
2022 1989 2190 2044 vides
2224 1989 2300 2044 ab
2328 1989 2426 2044 illa
2453 1990 2802 2045 auctoritate
2825 1992 3062 2048 distare.
3100 1997 3161 2049 Et
3192 2013 3283 2051 me
3310 1999 3554 2069 quidem

1909 2077 2164 2147 longius,
2199 2078 2301 2132 sed
2318 2079 2549 2150 utrique
2577 2083 2844 2133 nostrum
2863 2084 3300 2151 quantumlibet
3323 2087 3555 2154 credas,

1909 2173 2226 2237 utrumque
2257 2166 2334 2220 illi
2368 2167 2726 2222 excellentiae
2777 2184 3160 2242 nequaquam
3209 2189 3553 2244 comparas.

1911 2256 2221 2324 Quocirca,
2255 2255 2312 2310 id
2343 2256 2507 2325 quod
2541 2257 2826 2327 scriptum
2854 2262 2964 2323 est,
3012 2262 3192 2316 Deum
3220 2279 3382 2319 nemo
3415 2265 3555 2320 vidit

1910 2359 2169 2415 unquam
2195 2361 2219 2410 ;
2243 2350 2317 2410 et,
2353 2344 2560 2401 Lucem
2595 2344 2822 2401 habitat
2857 2348 3312 2407 inaccessibilem
3340 2375 3358 2422 ,-
3391 2369 3555 2424 quem

1910 2449 2077 2489 nemo
2108 2434 2410 2490 hominum
2441 2435 2606 2503 vidit,
2640 2449 2739 2490 nec
2768 2435 2964 2492 videre
2994 2445 3184 2505 potest
3214 2462 3236 2509 ;
3264 2447 3339 2506 et,
3389 2443 3560 2500 Beati

1908 2523 2128 2579 mundo
2153 2524 2345 2588 corde,
2362 2524 2640 2594 quoniam
2667 2523 2781 2593 ipsi
2797 2526 2970 2580 Deum
2985 2527 3259 2584 videbunt
3275 2531 3560 2603 ,°etquid-

1911 2613 2054 2684 quid
2087 2613 2249 2668 aliud
2275 2613 2474 2668 exillis
2505 2613 2687 2668 Libris
2715 2615 2936 2669 sanctis
2951 2621 3447 2685 commemoravi,
3468 2622 3565 2676 ﬁr-

1913 2703 2068 2757 mius
2103 2702 2292 2756 credis
2321 2718 2507 2774 quam
2539 2703 2597 2757 id
2631 2703 2796 2774 quod
2827 2703 2976 2760 dixit
3005 2707 3354 2763 Ambrosius
3391 2731 3401 2761 :
3440 2711 3563 2768 Nec

1913 2793 1975 2845 in
2005 2792 2125 2846 loco
2150 2793 2301 2846 Deus
2329 2792 2581 2855 videtur,
2600 2807 2705 2847 nec
2730 2795 3138 2862 corporalibus
3161 2799 3342 2854 oculis
3355 2803 3564 2871 quieri-

1916 2883 2036 2941 tur,
2065 2894 2168 2934 nec
2182 2879 2685 2934 circumscribitur
2717 2881 2864 2946 visu,
2889 2890 3438 2956 nectaclutenetur,
3459 2905 3564 2945 nec

1916 2967 2167 3024 auditur
2195 2969 2413 3036 affatu,
2441 2983 2547 3024 nec
2567 2968 2820 3023 sentitur
2839 2969 3089 3025 incessu.
3119 2974 3319 3030 Talem
3337 2979 3563 3048 quippe

1917 3071 2048 3111 esse
2077 3055 2162 3111 vel
2196 3055 2476 3111 intellexit
2516 3057 2602 3111 vel
2637 3056 2883 3112 credidit
2930 3059 3136 3130 Deum,
3186 3063 3287 3133 qui
3340 3065 3564 3120 mundo

1918 3145 2097 3200 corde
2137 3144 2496 3216 conspicitur
2526 3161 2536 3198 :
2571 3144 2728 3200 hanc
2759 3151 2960 3202 autem
2992 3147 3170 3204 etiam
3202 3167 3399 3207 meam
3430 3169 3564 3208 sen-

1919 3233 2163 3289 tentiam
2197 3249 2326 3288 esse
2367 3234 2672 3290 contiteor.

1991 3322 2272 3378 40.Aliter
2287 3338 2429 3392 ergo
2459 3324 2590 3388 ista,
2622 3323 2790 3380 aliter
2811 3324 2908 3381 illa
2925 3325 3128 3383 divina
3158 3329 3337 3386 verba
3363 3331 3422 3385 in
3448 3330 3566 3387 ﬁde

1923 3413 2149 3483 recipis.
2180 3413 2260 3467 De
2292 3411 2466 3468 nobis
2505 3415 2662 3468 enim
2701 3414 2797 3469 tibi
2831 3416 3036 3472 subest
3066 3417 3314 3475 fortasse
3353 3420 3567 3492 aliquis

1923 3501 2260 3575 scrupulus,
2289 3518 2361 3557 ne
2381 3503 2438 3557 in
2470 3501 2560 3557 his
2592 3503 2804 3558 divinis
2836 3504 3088 3576 eloquiis
3108 3507 3334 3580 aliquid
3369 3510 3568 3566 minus

1922 3591 2180 3647 dilucide
2216 3591 2638 3661 intelligamus,
2672 3597 2728 3647 et
2758 3609 2877 3648 non
2911 3596 3060 3651 sicut
3087 3597 3245 3653 dicta
3277 3605 3435 3667 sunt,
3465 3601 3571 3656 sed

1923 3681 2075 3736 sicut
2100 3681 2500 3751 suspicamur,
2530 3686 2957 3751 exponantura
2987 3685 3180 3740 nobis.
3213 3687 3379 3744 Forte
3410 3689 3570 3745 enim

1923 3769 2070 3823 dicis
2085 3768 2248 3840 apud
2279 3769 2527 3839 teipsam
2560 3785 2571 3823 :
2603 3768 2776 3839 Quid,
2807 3771 2852 3824 si
2885 3773 3186 3829 etmundo
3218 3777 3397 3831 corde
3418 3777 3573 3834 vide-

1922 3861 2016 3912 tur
2052 3857 2223 3923 Deus,
2259 3864 2312 3912 et
2344 3857 2405 3912 in
2436 3857 2567 3912 loco
2587 3863 2784 3913 tamen
2825 3859 3059 3915 videtur
3088 3861 3116 3913 ‘I
3154 3869 3275 3929 aut,
3312 3865 3486 3930 Quid,
3521 3867 3569 3921 si

1921 3945 2110 4001 oculis
2124 3946 2300 4002 etiam
2316 3946 2726 4017 corporalibus
2751 3950 2936 4002 Deum
2952 3949 3236 4007 videbunt
3263 3954 3364 4024 qui
3397 3969 3570 4010 mun-

1921 4035 1999 4090 do
2014 4035 2365 4101 suntcorde,
2395 4051 2530 4091 cum
2551 4036 2932 4108 corruptibile
2962 4039 3351 4098 hocinduerit
3376 4043 3569 4099 incor-

1920 4126 2280 4196 ruptionem,
2314 4125 2562 4197 quando
2593 4127 2814 4181 erimus
2841 4127 3102 4199 aequales
3143 4131 3380 4201 Angelis
3411 4133 3510 4189 Dei
3541 4133 3568 4189 ?

1922 4216 2221 4281 Quantum
2236 4230 2375 4284 ergo
2390 4215 2562 4271 nobis
2577 4215 2814 4272 credere
2827 4217 3172 4284 debeas,vel
3187 4237 3307 4277 non
3322 4222 3567 4290 debeas,

1921 4303 2188 4360 fortassis
2215 4305 2657 4374 ignoras;etvel
2672 4305 2804 4376 plus
2831 4306 2922 4361 vel
2949 4308 3148 4363 minus
3175 4326 3360 4380 quam
3391 4313 3568 4368 debes

1919 4393 2096 4449 nobis
2123 4393 2440 4464 credendo,
2469 4409 2541 4448 ne
2568 4393 2787 4449 fallaris
2815 4397 3072 4450 attendis
3102 4414 3113 4451 :
3140 4398 3355 4452 divinis
3369 4405 3567 4457 autem

1919 4481 2256 4553 Scripturis,
2274 4483 2448 4537 etiam
2466 4483 2736 4536 nondum
2754 4483 3066 4554 perspicue
3093 4485 3417 4552 intellectis,
3446 4503 3564 4542 cre-

1917 4572 2186 4626 dendum
2215 4586 2342 4625 esse
2370 4586 2488 4625 non
2521 4570 2781 4625 dubitas.
2816 4573 2928 4626 Sed
2959 4572 3114 4628 hanc
3145 4574 3568 4632 consideratio-

1916 4675 2054 4715 nem
2083 4659 2362 4714 credendi
2414 4660 2499 4714 vel
2544 4673 2664 4713 non
2707 4659 3010 4722 credendi,
3046 4667 3100 4718 et
3151 4663 3566 4723 difﬁcultatem

1917 4749 2202 4812 scientiae,
2233 4753 2288 4803 et
2309 4748 2699 4803 dubitationis
2727 4754 2924 4816 aestus,
2954 4756 3009 4806 et
3033 4751 3195 4824 piam
3225 4753 3406 4810 ﬁdem
3431 4773 3564 4828 qua:

1915 4837 2130 4892 divinis
2155 4836 2406 4892 debetur
2433 4835 2736 4904 affatibus,
2761 4837 2818 4892 in
2847 4843 2948 4894 tua
2963 4845 3178 4906 mente,
3212 4842 3290 4898 ita
3323 4848 3382 4899 ut
3406 4850 3563 4908 sunt,

1915 4925 2171 4981 attendis
2203 4930 2258 4981 et
2307 4925 2473 4980 vides
2508 4943 2520 4979 :
2555 4941 2663 4981 nec
2693 4926 2767 4982 de
2799 4926 2892 4982 his
2919 4931 3168 4986 omnino
3203 4932 3367 5002 quod
3401 4933 3563 5003 apud

1916 5021 1968 5070 te
1999 5016 2080 5070 ita
2103 5014 2377 5078 sint,sive
2396 5020 2455 5070 ut
2482 5030 2592 5084 ego
2623 5015 2766 5081 dixi,
2787 5018 2913 5072 sive
2941 5024 3000 5073 ut
3021 5019 3150 5090 ipsa
3165 5021 3360 5091 potius
3383 5021 3562 5087 nosti,

1913 5106 2142 5178 aliquid
2190 5105 2467 5176 ambigis.
2502 5107 2674 5162 Vides
2710 5108 2908 5179 itaque
2941 5109 3120 5164 fidem
3156 5115 3343 5176 tuam,
3398 5110 3565 5169 vides

1912 5195 2352 5253 dubitationem
2383 5201 2570 5261 tuam,
2604 5196 2772 5251 vides
2802 5197 3067 5252 studium
3100 5203 3266 5253 tuum
3295 5199 3567 5258 volunta-

1913 5292 2152 5358 temque
2179 5285 2474 5350 discendi;
2505 5291 2560 5341 et
2584 5302 2721 5340 cum
2736 5287 3082 5341 auctoritate
3103 5286 3304 5345 divina
3319 5305 3565 5347 movea-

1910 5377 1989 5432 ris
2021 5376 2098 5431 ad
2125 5375 2425 5432 credenda
2454 5391 2588 5447 quae
2619 5390 2740 5430 non
2770 5374 2954 5440 vides,
2989 5375 3116 5431 haec
3139 5379 3192 5432 te
3208 5382 3405 5434 tamen
3441 5396 3562 5436 cre-

1969 5588 1982 5617 ¹
2009 5584 2136 5633 Edd.
2160 5588 2210 5634 et
2244 5585 2369 5634 Mss.
2403 5584 2658 5647 plerique.
2693 5589 2737 5633 et
2765 5598 2874 5634 cum
2900 5585 3054 5640 volet.
3087 5587 3186 5638 Sed
3211 5588 3401 5639 melius
3435 5603 3555 5641 sor-

1907 5647 2131 5698 bonicus
2166 5647 2353 5706 codex,
2385 5651 2429 5696 et
2459 5661 2569 5696 cum
2594 5648 2748 5698 valet.
