  <div class='ocr_page' id='page_1' title='image "/cluster/home/n/w/nwhite01/storage/ocr_20150623/33/hvd.32044096580568/305.png"; bbox 0 0 4074 6164; ppageno 0'>
   <div class='ocr_carea' id='block_1_1' title="bbox 544 184 649 239">
    <p class='ocr_par' dir='ltr' id='par_1_1' title="bbox 544 184 649 239">
     <span class='ocr_line' id='line_1_1' title="bbox 544 184 649 239; baseline -0.01 0"><span class='ocrx_word' id='word_1_1' title='bbox 544 184 649 239; x_wconf 79' lang='grc'>615</span> 
     </span>
    </p>
   </div>
   <div class='ocr_carea' id='block_1_2' title="bbox 544 300 2196 365">
    <p class='ocr_par' dir='ltr' id='par_1_2' title="bbox 544 300 2196 365">
     <span class='ocr_line' id='line_1_2' title="bbox 544 300 2196 365; baseline -0.005 -1"><span class='ocrx_word' id='word_1_2' title='bbox 544 309 684 365; x_wconf 91' lang='lat' dir='ltr'>dere</span> <span class='ocrx_word' id='word_1_3' title='bbox 703 309 1115 365; x_wconf 76' lang='lat' dir='ltr'>incunctanter</span> <span class='ocrx_word' id='word_1_4' title='bbox 1135 302 1300 358; x_wconf 85' lang='lat' dir='ltr'>vides</span> <span class='ocrx_word' id='word_1_5' title='bbox 1327 319 1338 356; x_wconf 94' lang='lat'><strong>:</strong></span> <span class='ocrx_word' id='word_1_6' title='bbox 1364 300 1675 357; x_wconf 91' lang='lat' dir='ltr'>distribuis</span> <span class='ocrx_word' id='word_1_7' title='bbox 1704 307 1758 358; x_wconf 92' lang='lat' dir='ltr'>et</span> <span class='ocrx_word' id='word_1_8' title='bbox 1789 303 2047 358; x_wconf 90' lang='lat' dir='ltr'>dicernis</span> <span class='ocrx_word' id='word_1_9' title='bbox 2068 302 2196 358; x_wconf 69' lang='lat' dir='ltr'>haec</span> 
     </span>
    </p>
   </div>
   <div class='ocr_carea' id='block_1_3' title="bbox 544 413 768 455">
    <p class='ocr_par' dir='ltr' id='par_1_3' title="bbox 544 413 768 455">
     <span class='ocr_line' id='line_1_3' title="bbox 544 413 768 455; baseline -0.013 -1"><span class='ocrx_word' id='word_1_10' title='bbox 544 413 768 455; x_wconf 80' lang='lat' dir='ltr'>omnia.</span> 
     </span>
    </p>
   </div>
   <div class='ocr_carea' id='block_1_4' title="bbox 615 497 2194 568">
    <p class='ocr_par' dir='ltr' id='par_1_4' title="bbox 615 497 2194 568">
     <span class='ocr_line' id='line_1_4' title="bbox 615 497 2194 568; baseline -0.006 -6"><span class='ocrx_word' id='word_1_11' title='bbox 615 506 838 562; x_wconf 87' lang='lat' dir='ltr'>CAPUT</span> <span class='ocrx_word' id='word_1_12' title='bbox 878 502 1033 557; x_wconf 85' lang='lat' dir='ltr'><strong>XVII.</strong></span> <span class='ocrx_word' id='word_1_13' title='bbox 1053 503 1389 556; x_wconf 68' lang='lat' dir='ltr'>—41.Num</span> <span class='ocrx_word' id='word_1_14' title='bbox 1419 500 1646 568; x_wconf 91' lang='lat' dir='ltr'>ergoiis</span> <span class='ocrx_word' id='word_1_15' title='bbox 1666 499 1855 555; x_wconf 91' lang='lat' dir='ltr'>oculis</span> <span class='ocrx_word' id='word_1_16' title='bbox 1884 497 2194 563; x_wconf 92' lang='lat' dir='ltr'>cordistui,</span> 
     </span>
    </p>
   </div>
   <div class='ocr_carea' id='block_1_5' title="bbox 541 587 2197 664">
    <p class='ocr_par' dir='ltr' id='par_1_5' title="bbox 541 587 2197 664">
     <span class='ocr_line' id='line_1_5' title="bbox 541 587 2197 664; baseline -0.004 -16"><span class='ocrx_word' id='word_1_17' title='bbox 541 595 760 664; x_wconf 84' lang='lat' dir='ltr'>quibus</span> <span class='ocrx_word' id='word_1_18' title='bbox 777 593 899 646; x_wconf 72' lang='lat' dir='ltr'>hmc</span> <span class='ocrx_word' id='word_1_19' title='bbox 916 590 1120 645; x_wconf 88' lang='lat' dir='ltr'>omnia</span> <span class='ocrx_word' id='word_1_20' title='bbox 1139 605 1279 643; x_wconf 91' lang='lat' dir='ltr'>vera</span> <span class='ocrx_word' id='word_1_21' title='bbox 1294 593 1351 642; x_wconf 92' lang='lat' dir='ltr'>et</span> <span class='ocrx_word' id='word_1_22' title='bbox 1376 595 1536 644; x_wconf 91' lang='lat' dir='ltr'>certa</span> <span class='ocrx_word' id='word_1_23' title='bbox 1567 605 1700 643; x_wconf 91' lang='lat' dir='ltr'>esse</span> <span class='ocrx_word' id='word_1_24' title='bbox 1717 587 2041 657; x_wconf 86' lang='lat' dir='ltr'>contueris,</span> <span class='ocrx_word' id='word_1_25' title='bbox 2068 587 2197 643; x_wconf 91' lang='lat' dir='ltr'>tibi-</span> 
     </span>
    </p>
   </div>
   <div class='ocr_carea' id='block_1_6' title="bbox 541 676 2193 752">
    <p class='ocr_par' dir='ltr' id='par_1_6' title="bbox 541 676 2193 752">
     <span class='ocr_line' id='line_1_6' title="bbox 541 676 2193 752; baseline -0.003 -17"><span class='ocrx_word' id='word_1_26' title='bbox 541 698 655 752; x_wconf 91' lang='lat' dir='ltr'>que</span> <span class='ocrx_word' id='word_1_27' title='bbox 687 680 1007 751; x_wconf 82' lang='lat' dir='ltr'>praesentia</span> <span class='ocrx_word' id='word_1_28' title='bbox 1049 676 1420 732; x_wconf 78' lang='lat' dir='ltr'>invisibiliter</span> <span class='ocrx_word' id='word_1_29' title='bbox 1447 678 1638 732; x_wconf 87' lang='lat' dir='ltr'>cernis</span> <span class='ocrx_word' id='word_1_30' title='bbox 1673 682 1851 748; x_wconf 89' lang='lat' dir='ltr'>atque</span> <span class='ocrx_word' id='word_1_31' title='bbox 1877 677 2193 739; x_wconf 83' lang='lat' dir='ltr'>discernis,</span> 
     </span>
    </p>
   </div>
   <div class='ocr_carea' id='block_1_7' title="bbox 542 765 2193 837">
    <p class='ocr_par' dir='ltr' id='par_1_7' title="bbox 542 765 2193 837">
     <span class='ocr_line' id='line_1_7' title="bbox 542 765 2193 837; baseline -0.004 -12"><span class='ocrx_word' id='word_1_32' title='bbox 542 770 659 825; x_wconf 91' lang='lat' dir='ltr'>ullo</span> <span class='ocrx_word' id='word_1_33' title='bbox 676 769 855 824; x_wconf 92' lang='lat' dir='ltr'>modo</span> <span class='ocrx_word' id='word_1_34' title='bbox 871 783 1191 837; x_wconf 88' lang='lat' dir='ltr'>corporeos</span> <span class='ocrx_word' id='word_1_35' title='bbox 1209 766 1413 821; x_wconf 90' lang='lat' dir='ltr'>oculos</span> <span class='ocrx_word' id='word_1_36' title='bbox 1429 767 1809 836; x_wconf 85' lang='lat' dir='ltr'>comparabis</span> <span class='ocrx_word' id='word_1_37' title='bbox 1823 765 1999 821; x_wconf 63' lang='lat' dir='ltr'>icum</span> <span class='ocrx_word' id='word_1_38' title='bbox 2016 768 2193 821; x_wconf 91' lang='lat' dir='ltr'>etiam</span> 
     </span>
    </p>
   </div>
   <div class='ocr_carea' id='block_1_8' title="bbox 541 855 2193 931">
    <p class='ocr_par' dir='ltr' id='par_1_8' title="bbox 541 855 2193 931">
     <span class='ocr_line' id='line_1_8' title="bbox 541 855 2193 931; baseline -0.003 -17"><span class='ocrx_word' id='word_1_39' title='bbox 541 860 614 914; x_wconf 92' lang='lat' dir='ltr'>de</span> <span class='ocrx_word' id='word_1_40' title='bbox 643 859 786 931; x_wconf 87' lang='lat' dir='ltr'>ipsis</span> <span class='ocrx_word' id='word_1_41' title='bbox 814 859 992 913; x_wconf 91' lang='lat' dir='ltr'>rebus</span> <span class='ocrx_word' id='word_1_42' title='bbox 1025 855 1356 910; x_wconf 84' lang='lat' dir='ltr'>visibilibus</span> <span class='ocrx_word' id='word_1_43' title='bbox 1388 872 1520 926; x_wconf 64' lang='lat' dir='ltr'>quas</span> <span class='ocrx_word' id='word_1_44' title='bbox 1555 855 1957 926; x_wconf 84' lang='lat' dir='ltr'>corporalium</span> <span class='ocrx_word' id='word_1_45' title='bbox 1993 855 2193 910; x_wconf 83' lang='lat' dir='ltr'>oculo-</span> 
     </span>
    </p>
   </div>
   <div class='ocr_carea' id='block_1_9' title="bbox 539 944 2192 1017">
    <p class='ocr_par' dir='ltr' id='par_1_9' title="bbox 539 944 2192 1017">
     <span class='ocr_line' id='line_1_9' title="bbox 539 944 2192 1017; baseline -0.004 -13"><span class='ocrx_word' id='word_1_46' title='bbox 539 965 673 1004; x_wconf 88' lang='lat' dir='ltr'>rum</span> <span class='ocrx_word' id='word_1_47' title='bbox 705 949 832 1004; x_wconf 89' lang='lat' dir='ltr'>acie</span> <span class='ocrx_word' id='word_1_48' title='bbox 863 944 1320 1017; x_wconf 89' lang='lat' dir='ltr'>quodammodo</span> <span class='ocrx_word' id='word_1_49' title='bbox 1354 944 1686 1009; x_wconf 90' lang='lat' dir='ltr'>radiantur,</span> <span class='ocrx_word' id='word_1_50' title='bbox 1723 945 1867 1000; x_wconf 85' lang='lat' dir='ltr'>etde</span> <span class='ocrx_word' id='word_1_51' title='bbox 1899 945 2043 1015; x_wconf 89' lang='lat' dir='ltr'>ipsis</span> <span class='ocrx_word' id='word_1_52' title='bbox 2069 959 2192 998; x_wconf 90' lang='lat' dir='ltr'>cor-</span> 
     </span>
    </p>
   </div>
   <div class='ocr_carea' id='block_1_10' title="bbox 543 1032 2194 1107">
    <p class='ocr_par' dir='ltr' id='par_1_10' title="bbox 543 1032 2194 1107">
     <span class='ocr_line' id='line_1_10' title="bbox 543 1032 2194 1107; baseline -0.004 -14"><span class='ocrx_word' id='word_1_53' title='bbox 543 1037 738 1107; x_wconf 92' lang='lat' dir='ltr'>poreis</span> <span class='ocrx_word' id='word_1_54' title='bbox 764 1036 950 1091; x_wconf 90' lang='lat' dir='ltr'>oculis</span> <span class='ocrx_word' id='word_1_55' title='bbox 965 1049 1292 1103; x_wconf 88' lang='lat' dir='ltr'>eorumque</span> <span class='ocrx_word' id='word_1_56' title='bbox 1308 1034 1450 1097; x_wconf 86' lang='lat' dir='ltr'>acie,</span> <span class='ocrx_word' id='word_1_57' title='bbox 1470 1032 1926 1104; x_wconf 85' lang='lat' dir='ltr'>qualiscumque</span> <span class='ocrx_word' id='word_1_58' title='bbox 1941 1039 1996 1088; x_wconf 93' lang='lat' dir='ltr'>et</span> <span class='ocrx_word' id='word_1_59' title='bbox 2009 1048 2194 1104; x_wconf 89' lang='lat' dir='ltr'>quan-</span> 
     </span>
    </p>
   </div>
   <div class='ocr_carea' id='block_1_11' title="bbox 539 1121 2193 1196">
    <p class='ocr_par' dir='ltr' id='par_1_11' title="bbox 539 1121 2193 1196">
     <span class='ocr_line' id='line_1_11' title="bbox 539 1121 2193 1196; baseline -0.003 -15"><span class='ocrx_word' id='word_1_60' title='bbox 539 1132 863 1196; x_wconf 85' lang='lat' dir='ltr'>tacumque</span> <span class='ocrx_word' id='word_1_61' title='bbox 882 1125 972 1188; x_wconf 94' lang='lat' dir='ltr'>sit,</span> <span class='ocrx_word' id='word_1_62' title='bbox 993 1130 1286 1194; x_wconf 90' lang='lat' dir='ltr'>quantum</span> <span class='ocrx_word' id='word_1_63' title='bbox 1301 1122 1475 1176; x_wconf 89' lang='lat' dir='ltr'>distet</span> <span class='ocrx_word' id='word_1_64' title='bbox 1507 1122 1584 1177; x_wconf 94' lang='lat' dir='ltr'>ab</span> <span class='ocrx_word' id='word_1_65' title='bbox 1615 1121 2036 1186; x_wconf 89' lang='lat' dir='ltr'>invisibilibus,</span> <span class='ocrx_word' id='word_1_66' title='bbox 2072 1137 2193 1176; x_wconf 90' lang='lat' dir='ltr'>non</span> 
     </span>
    </p>
   </div>
   <div class='ocr_carea' id='block_1_12' title="bbox 540 1210 2193 1281">
    <p class='ocr_par' dir='ltr' id='par_1_12' title="bbox 540 1210 2193 1281">
     <span class='ocr_line' id='line_1_12' title="bbox 540 1210 2193 1281; baseline -0.004 -10"><span class='ocrx_word' id='word_1_67' title='bbox 540 1211 1501 1281; x_wconf 86' lang='lat' dir='ltr'>excellentioribus,quibusetiam</span> <span class='ocrx_word' id='word_1_68' title='bbox 1537 1212 1551 1245; x_wconf 86' lang='grc'>¹</span> <span class='ocrx_word' id='word_1_69' title='bbox 1580 1227 1698 1265; x_wconf 92' lang='lat' dir='ltr'>non</span> <span class='ocrx_word' id='word_1_70' title='bbox 1734 1211 1871 1265; x_wconf 90' lang='lat' dir='ltr'>visis</span> <span class='ocrx_word' id='word_1_71' title='bbox 1888 1210 2072 1266; x_wconf 87' lang='lat' dir='ltr'>ﬁdem</span> <span class='ocrx_word' id='word_1_72' title='bbox 2096 1210 2193 1265; x_wconf 92' lang='lat' dir='ltr'>de-</span> 
     </span>
    </p>
   </div>
   <div class='ocr_carea' id='block_1_13' title="bbox 537 1300 2193 1371">
    <p class='ocr_par' dir='ltr' id='par_1_13' title="bbox 537 1300 2193 1371">
     <span class='ocr_line' id='line_1_13' title="bbox 537 1300 2193 1371; baseline -0.003 -12"><span class='ocrx_word' id='word_1_73' title='bbox 537 1306 666 1370; x_wconf 88' lang='lat' dir='ltr'>bes,</span> <span class='ocrx_word' id='word_1_74' title='bbox 686 1303 791 1357; x_wconf 93' lang='lat' dir='ltr'>sed</span> <span class='ocrx_word' id='word_1_75' title='bbox 819 1301 979 1357; x_wconf 90' lang='lat' dir='ltr'>abiis</span> <span class='ocrx_word' id='word_1_76' title='bbox 1009 1317 1144 1371; x_wconf 70' lang='lat' dir='ltr'>quae</span> <span class='ocrx_word' id='word_1_77' title='bbox 1172 1301 1666 1365; x_wconf 86' lang='lat' dir='ltr'>commemoravi,</span> <span class='ocrx_word' id='word_1_78' title='bbox 1692 1316 1826 1371; x_wconf 73' lang='lat' dir='ltr'>quae</span> <span class='ocrx_word' id='word_1_79' title='bbox 1855 1315 1975 1354; x_wconf 90' lang='lat' dir='ltr'>non</span> <span class='ocrx_word' id='word_1_80' title='bbox 2001 1300 2193 1354; x_wconf 87' lang='lat' dir='ltr'>credis</span> 
     </span>
    </p>
   </div>
   <div class='ocr_carea' id='block_1_14' title="bbox 539 1387 2195 1460">
    <p class='ocr_par' dir='ltr' id='par_1_14' title="bbox 539 1387 2195 1460">
     <span class='ocr_line' id='line_1_14' title="bbox 539 1387 2195 1460; baseline -0.004 -12"><span class='ocrx_word' id='word_1_81' title='bbox 539 1395 829 1454; x_wconf 75' lang='lat' dir='ltr'>absentia,</span> <span class='ocrx_word' id='word_1_82' title='bbox 866 1391 970 1444; x_wconf 90' lang='lat' dir='ltr'>sed</span> <span class='ocrx_word' id='word_1_83' title='bbox 1003 1388 1318 1460; x_wconf 71' lang='lat' dir='ltr'>praesentia</span> <span class='ocrx_word' id='word_1_84' title='bbox 1348 1395 1546 1443; x_wconf 91' lang='lat' dir='ltr'>mente</span> <span class='ocrx_word' id='word_1_85' title='bbox 1588 1388 1908 1451; x_wconf 90' lang='lat' dir='ltr'>contueris,</span> <span class='ocrx_word' id='word_1_86' title='bbox 1942 1404 2060 1443; x_wconf 92' lang='lat' dir='ltr'>non</span> <span class='ocrx_word' id='word_1_87' title='bbox 2098 1387 2195 1442; x_wconf 87' lang='lat' dir='ltr'>iis-</span> 
     </span>
    </p>
   </div>
   <div class='ocr_carea' id='block_1_15' title="bbox 539 1477 2188 1551">
    <p class='ocr_par' dir='ltr' id='par_1_15' title="bbox 539 1477 2188 1551">
     <span class='ocr_line' id='line_1_15' title="bbox 539 1477 2188 1551; baseline -0.004 -13"><span class='ocrx_word' id='word_1_88' title='bbox 539 1483 677 1538; x_wconf 89' lang='lat' dir='ltr'>dem</span> <span class='ocrx_word' id='word_1_89' title='bbox 699 1482 846 1551; x_wconf 86' lang='lat' dir='ltr'>ipsis</span> <span class='ocrx_word' id='word_1_90' title='bbox 861 1477 1276 1545; x_wconf 87' lang='lat' dir='ltr'>carnisoculis,</span> <span class='ocrx_word' id='word_1_91' title='bbox 1294 1478 1399 1532; x_wconf 90' lang='lat' dir='ltr'>sed</span> <span class='ocrx_word' id='word_1_92' title='bbox 1419 1477 1530 1531; x_wconf 88' lang='lat' dir='ltr'>illis</span> <span class='ocrx_word' id='word_1_93' title='bbox 1545 1477 1950 1547; x_wconf 89' lang='lat' dir='ltr'>interioribusj</span> <span class='ocrx_word' id='word_1_94' title='bbox 1965 1477 2188 1532; x_wconf 88' lang='lat' dir='ltr'>udices.</span> 
     </span>
    </p>
   </div>
   <div class='ocr_carea' id='block_1_16' title="bbox 537 1566 2193 1636">
    <p class='ocr_par' dir='ltr' id='par_1_16' title="bbox 537 1566 2193 1636">
     <span class='ocr_line' id='line_1_16' title="bbox 537 1566 2193 1636; baseline -0.002 -11"><span class='ocrx_word' id='word_1_95' title='bbox 537 1572 680 1625; x_wconf 89' lang='lat' dir='ltr'>Cum</span> <span class='ocrx_word' id='word_1_96' title='bbox 705 1584 845 1636; x_wconf 90' lang='lat' dir='ltr'>ergo</span> <span class='ocrx_word' id='word_1_97' title='bbox 869 1569 1175 1622; x_wconf 90' lang='lat' dir='ltr'>interiores</span> <span class='ocrx_word' id='word_1_98' title='bbox 1195 1566 1344 1620; x_wconf 89' lang='lat' dir='ltr'>oculi</span> <span class='ocrx_word' id='word_1_99' title='bbox 1369 1566 1603 1636; x_wconf 91' lang='lat' dir='ltr'>judices</span> <span class='ocrx_word' id='word_1_100' title='bbox 1625 1567 1739 1621; x_wconf 90' lang='lat' dir='ltr'>sint</span> <span class='ocrx_word' id='word_1_101' title='bbox 1761 1566 2070 1621; x_wconf 94' lang='lat' dir='ltr'>oculorum</span> <span class='ocrx_word' id='word_1_102' title='bbox 2095 1583 2193 1622; x_wconf 87' lang='lat' dir='ltr'>ex-</span> 
     </span>
    </p>
   </div>
   <div class='ocr_carea' id='block_1_17' title="bbox 538 1653 2190 1724">
    <p class='ocr_par' dir='ltr' id='par_1_17' title="bbox 538 1653 2190 1724">
     <span class='ocr_line' id='line_1_17' title="bbox 538 1653 2190 1724; baseline -0.003 -10"><span class='ocrx_word' id='word_1_103' title='bbox 538 1660 838 1720; x_wconf 90' lang='lat' dir='ltr'>teriorum,</span> <span class='ocrx_word' id='word_1_104' title='bbox 871 1657 966 1710; x_wconf 82' lang='lat' dir='ltr'>isti</span> <span class='ocrx_word' id='word_1_105' title='bbox 1002 1663 1198 1711; x_wconf 87' lang='lat' dir='ltr'>autem</span> <span class='ocrx_word' id='word_1_106' title='bbox 1224 1654 1335 1708; x_wconf 87' lang='lat' dir='ltr'>illis</span> <span class='ocrx_word' id='word_1_107' title='bbox 1360 1654 1626 1724; x_wconf 88' lang='lat' dir='ltr'>quodam</span> <span class='ocrx_word' id='word_1_108' title='bbox 1651 1653 1848 1708; x_wconf 73' lang='lat' dir='ltr'>officio</span> <span class='ocrx_word' id='word_1_109' title='bbox 1874 1653 2190 1709; x_wconf 90' lang='lat' dir='ltr'>nuntiandi</span> 
     </span>
    </p>
   </div>
   <div class='ocr_carea' id='block_1_18' title="bbox 536 1742 2188 1814">
    <p class='ocr_par' dir='ltr' id='par_1_18' title="bbox 536 1742 2188 1814">
     <span class='ocr_line' id='line_1_18' title="bbox 536 1742 2188 1814; baseline -0.002 -12"><span class='ocrx_word' id='word_1_110' title='bbox 536 1756 592 1804; x_wconf 92' lang='lat' dir='ltr'>et</span> <span class='ocrx_word' id='word_1_111' title='bbox 617 1745 940 1801; x_wconf 91' lang='lat' dir='ltr'>ministerio</span> <span class='ocrx_word' id='word_1_112' title='bbox 957 1743 1338 1810; x_wconf 82' lang='lat' dir='ltr'>famulentur,</span> <span class='ocrx_word' id='word_1_113' title='bbox 1356 1742 1662 1814; x_wconf 90' lang='lat' dir='ltr'>multaque</span> <span class='ocrx_word' id='word_1_114' title='bbox 1682 1743 1759 1797; x_wconf 89' lang='lat' dir='ltr'>illi</span> <span class='ocrx_word' id='word_1_115' title='bbox 1785 1743 2025 1798; x_wconf 89' lang='lat' dir='ltr'>videant</span> <span class='ocrx_word' id='word_1_116' title='bbox 2052 1759 2188 1814; x_wconf 78' lang='lat' dir='ltr'>quae</span> 
     </span>
    </p>
   </div>
   <div class='ocr_carea' id='block_1_19' title="bbox 536 1831 2188 1897">
    <p class='ocr_par' dir='ltr' id='par_1_19' title="bbox 536 1831 2188 1897">
     <span class='ocr_line' id='line_1_19' title="bbox 536 1831 2188 1897; baseline -0.004 -5"><span class='ocrx_word' id='word_1_117' title='bbox 536 1837 628 1892; x_wconf 89' lang='lat' dir='ltr'>isti</span> <span class='ocrx_word' id='word_1_118' title='bbox 659 1851 779 1891; x_wconf 90' lang='lat' dir='ltr'>non</span> <span class='ocrx_word' id='word_1_119' title='bbox 826 1834 1047 1896; x_wconf 89' lang='lat' dir='ltr'>vident,</span> <span class='ocrx_word' id='word_1_120' title='bbox 1085 1831 1229 1886; x_wconf 89' lang='lat' dir='ltr'>nihil</span> <span class='ocrx_word' id='word_1_121' title='bbox 1272 1831 1361 1886; x_wconf 88' lang='lat' dir='ltr'>isti</span> <span class='ocrx_word' id='word_1_122' title='bbox 1401 1831 1663 1897; x_wconf 87' lang='lat' dir='ltr'>videant,</span> <span class='ocrx_word' id='word_1_123' title='bbox 1718 1831 1876 1886; x_wconf 91' lang='lat' dir='ltr'>unde</span> <span class='ocrx_word' id='word_1_124' title='bbox 1929 1848 2048 1887; x_wconf 91' lang='lat' dir='ltr'>non</span> <span class='ocrx_word' id='word_1_125' title='bbox 2108 1832 2188 1886; x_wconf 89' lang='lat' dir='ltr'>illi</span> 
     </span>
    </p>
   </div>
   <div class='ocr_carea' id='block_1_20' title="bbox 536 1920 2187 1995">
    <p class='ocr_par' dir='ltr' id='par_1_20' title="bbox 536 1920 2187 1995">
     <span class='ocr_line' id='line_1_20' title="bbox 536 1920 2187 1995; baseline -0.004 -15"><span class='ocrx_word' id='word_1_126' title='bbox 536 1929 828 1995; x_wconf 87' lang='lat' dir='ltr'>tanquam</span> <span class='ocrx_word' id='word_1_127' title='bbox 871 1921 1156 1993; x_wconf 70' lang='lat' dir='ltr'>praesides</span> <span class='ocrx_word' id='word_1_128' title='bbox 1198 1920 1464 1989; x_wconf 89' lang='lat' dir='ltr'>judicent</span> <span class='ocrx_word' id='word_1_129' title='bbox 1499 1936 1511 1984; x_wconf 91' lang='lat'>;</span> <span class='ocrx_word' id='word_1_130' title='bbox 1553 1920 1688 1991; x_wconf 90' lang='lat' dir='ltr'>quis</span> <span class='ocrx_word' id='word_1_131' title='bbox 1738 1936 1857 1975; x_wconf 92' lang='lat' dir='ltr'>non</span> <span class='ocrx_word' id='word_1_132' title='bbox 1899 1920 2029 1976; x_wconf 92' lang='lat' dir='ltr'>illos</span> <span class='ocrx_word' id='word_1_133' title='bbox 2063 1921 2187 1976; x_wconf 90' lang='lat' dir='ltr'>istis</span> 
     </span>
    </p>
   </div>
   <div class='ocr_carea' id='block_1_21' title="bbox 533 2009 1823 2083">
    <p class='ocr_par' dir='ltr' id='par_1_21' title="bbox 533 2009 1823 2083">
     <span class='ocr_line' id='line_1_21' title="bbox 533 2009 1823 2083; baseline -0.003 -14"><span class='ocrx_word' id='word_1_134' title='bbox 533 2010 992 2083; x_wconf 85' lang='lat' dir='ltr'>incomparabili</span> <span class='ocrx_word' id='word_1_135' title='bbox 1035 2009 1424 2065; x_wconf 71' lang='lat' dir='ltr'>aestimatione</span> <span class='ocrx_word' id='word_1_136' title='bbox 1452 2014 1766 2080; x_wconf 79' lang='lat' dir='ltr'>praeponat</span> <span class='ocrx_word' id='word_1_137' title='bbox 1796 2011 1823 2066; x_wconf 79' lang='lat'><strong><em>?</em></strong></span> 
     </span>
    </p>
   </div>
   <div class='ocr_carea' id='block_1_22' title="bbox 604 2116 2185 2186">
    <p class='ocr_par' dir='ltr' id='par_1_22' title="bbox 604 2116 2185 2186">
     <span class='ocr_line' id='line_1_22' title="bbox 604 2116 2185 2186; baseline -0.001 -12"><span class='ocrx_word' id='word_1_138' title='bbox 604 2123 693 2174; x_wconf 80' lang='grc'>42.</span> <span class='ocrx_word' id='word_1_139' title='bbox 729 2120 870 2184; x_wconf 76' lang='lat' dir='ltr'>Ome</span> <span class='ocrx_word' id='word_1_140' title='bbox 901 2134 1036 2172; x_wconf 91' lang='lat' dir='ltr'>cum</span> <span class='ocrx_word' id='word_1_141' title='bbox 1061 2118 1143 2172; x_wconf 91' lang='lat' dir='ltr'>ita</span> <span class='ocrx_word' id='word_1_142' title='bbox 1177 2117 1312 2182; x_wconf 91' lang='lat' dir='ltr'>sint,</span> <span class='ocrx_word' id='word_1_143' title='bbox 1341 2116 1590 2172; x_wconf 91' lang='lat' dir='ltr'>obsecro</span> <span class='ocrx_word' id='word_1_144' title='bbox 1619 2123 1692 2185; x_wconf 88' lang='lat' dir='ltr'>te,</span> <span class='ocrx_word' id='word_1_145' title='bbox 1727 2133 1863 2172; x_wconf 91' lang='lat' dir='ltr'>cum</span> <span class='ocrx_word' id='word_1_146' title='bbox 1896 2117 2094 2186; x_wconf 90' lang='lat' dir='ltr'>agitur</span> <span class='ocrx_word' id='word_1_147' title='bbox 2126 2118 2185 2172; x_wconf 93' lang='lat' dir='ltr'>in</span> 
     </span>
    </p>
   </div>
   <div class='ocr_carea' id='block_1_23' title="bbox 536 2205 2187 2279">
    <p class='ocr_par' dir='ltr' id='par_1_23' title="bbox 536 2205 2187 2279">
     <span class='ocr_line' id='line_1_23' title="bbox 536 2205 2187 2279; baseline -0.002 -14"><span class='ocrx_word' id='word_1_148' title='bbox 536 2209 849 2279; x_wconf 91' lang='lat' dir='ltr'>teipsahoc</span> <span class='ocrx_word' id='word_1_149' title='bbox 870 2213 988 2262; x_wconf 91' lang='lat' dir='ltr'>tam</span> <span class='ocrx_word' id='word_1_150' title='bbox 1024 2207 1250 2275; x_wconf 83' lang='lat' dir='ltr'>grande</span> <span class='ocrx_word' id='word_1_151' title='bbox 1285 2205 1590 2274; x_wconf 86' lang='lat' dir='ltr'>negotium</span> <span class='ocrx_word' id='word_1_152' title='bbox 1628 2223 1642 2271; x_wconf 88' lang='lat'><strong>;</strong></span> <span class='ocrx_word' id='word_1_153' title='bbox 1677 2222 1812 2262; x_wconf 92' lang='lat' dir='ltr'>cum</span> <span class='ocrx_word' id='word_1_154' title='bbox 1845 2207 1922 2262; x_wconf 92' lang='lat' dir='ltr'>ab</span> <span class='ocrx_word' id='word_1_155' title='bbox 1940 2209 2187 2262; x_wconf 82' lang='lat' dir='ltr'>exterio-</span> 
     </span>
    </p>
   </div>
   <div class='ocr_carea' id='block_1_24' title="bbox 533 2294 2182 2366">
    <p class='ocr_par' dir='ltr' id='par_1_24' title="bbox 533 2294 2182 2366">
     <span class='ocr_line' id='line_1_24' title="bbox 533 2294 2182 2366; baseline -0.002 -12"><span class='ocrx_word' id='word_1_156' title='bbox 533 2298 700 2354; x_wconf 90' lang='lat' dir='ltr'>ribus</span> <span class='ocrx_word' id='word_1_157' title='bbox 730 2298 1012 2352; x_wconf 88' lang='lat' dir='ltr'>interiora</span> <span class='ocrx_word' id='word_1_158' title='bbox 1029 2294 1367 2363; x_wconf 84' lang='lat' dir='ltr'>distinguis,</span> <span class='ocrx_word' id='word_1_159' title='bbox 1392 2306 1572 2366; x_wconf 83' lang='lat' dir='ltr'>atque</span> <span class='ocrx_word' id='word_1_160' title='bbox 1593 2295 1693 2351; x_wconf 91' lang='lat' dir='ltr'>illa</span> <span class='ocrx_word' id='word_1_161' title='bbox 1719 2295 1842 2350; x_wconf 89' lang='lat' dir='ltr'>istis</span> <span class='ocrx_word' id='word_1_162' title='bbox 1872 2295 2182 2351; x_wconf 78' lang='lat' dir='ltr'>ineﬁabili-</span> 
     </span>
    </p>
   </div>
   <div class='ocr_carea' id='block_1_25' title="bbox 531 2384 2181 2458">
    <p class='ocr_par' dir='ltr' id='par_1_25' title="bbox 531 2384 2181 2458">
     <span class='ocr_line' id='line_1_25' title="bbox 531 2384 2181 2458; baseline -0.003 -14"><span class='ocrx_word' id='word_1_163' title='bbox 531 2392 618 2444; x_wconf 87' lang='lat' dir='ltr'>ter</span> <span class='ocrx_word' id='word_1_164' title='bbox 649 2386 961 2458; x_wconf 88' lang='lat' dir='ltr'>anteponis</span> <span class='ocrx_word' id='word_1_165' title='bbox 998 2401 1011 2450; x_wconf 91' lang='lat'><strong>;</strong></span> <span class='ocrx_word' id='word_1_166' title='bbox 1045 2400 1304 2455; x_wconf 87' lang='lat' dir='ltr'>cumque</span> <span class='ocrx_word' id='word_1_167' title='bbox 1357 2384 1480 2438; x_wconf 88' lang='lat' dir='ltr'>istis</span> <span class='ocrx_word' id='word_1_168' title='bbox 1525 2384 1663 2439; x_wconf 85' lang='lat' dir='ltr'>foris</span> <span class='ocrx_word' id='word_1_169' title='bbox 1694 2384 1930 2448; x_wconf 89' lang='lat' dir='ltr'>relictis,</span> <span class='ocrx_word' id='word_1_170' title='bbox 1974 2387 2032 2439; x_wconf 93' lang='lat' dir='ltr'>in</span> <span class='ocrx_word' id='word_1_171' title='bbox 2070 2385 2181 2439; x_wconf 91' lang='lat' dir='ltr'>illis</span> 
     </span>
    </p>
   </div>
   <div class='ocr_carea' id='block_1_26' title="bbox 531 2472 2183 2544">
    <p class='ocr_par' dir='ltr' id='par_1_26' title="bbox 531 2472 2183 2544">
     <span class='ocr_line' id='line_1_26' title="bbox 531 2472 2183 2544; baseline -0.002 -12"><span class='ocrx_word' id='word_1_172' title='bbox 531 2477 885 2532; x_wconf 84' lang='lat' dir='ltr'>intrinsecus</span> <span class='ocrx_word' id='word_1_173' title='bbox 929 2472 1280 2537; x_wconf 90' lang='lat' dir='ltr'>demoraris,</span> <span class='ocrx_word' id='word_1_174' title='bbox 1327 2478 1380 2526; x_wconf 85' lang='lat' dir='ltr'>et</span> <span class='ocrx_word' id='word_1_175' title='bbox 1413 2489 1482 2527; x_wconf 90' lang='lat' dir='ltr'>ea</span> <span class='ocrx_word' id='word_1_176' title='bbox 1514 2473 1637 2527; x_wconf 88' lang='lat' dir='ltr'>suis</span> <span class='ocrx_word' id='word_1_177' title='bbox 1668 2473 2036 2544; x_wconf 89' lang='lat' dir='ltr'>quibusdam</span> <span class='ocrx_word' id='word_1_178' title='bbox 2091 2475 2183 2529; x_wconf 88' lang='lat' dir='ltr'>in-</span> 
     </span>
    </p>
   </div>
   <div class='ocr_carea' id='block_1_27' title="bbox 534 2560 2179 2635">
    <p class='ocr_par' dir='ltr' id='par_1_27' title="bbox 534 2560 2179 2635">
     <span class='ocr_line' id='line_1_27' title="bbox 534 2560 2179 2635; baseline -0.002 -14"><span class='ocrx_word' id='word_1_179' title='bbox 534 2564 947 2635; x_wconf 89' lang='lat' dir='ltr'>corporalibus</span> <span class='ocrx_word' id='word_1_180' title='bbox 975 2560 1195 2615; x_wconf 88' lang='lat' dir='ltr'>ﬁnibus</span> <span class='ocrx_word' id='word_1_181' title='bbox 1224 2561 1521 2615; x_wconf 90' lang='lat' dir='ltr'>metiendo</span> <span class='ocrx_word' id='word_1_182' title='bbox 1550 2561 1804 2631; x_wconf 89' lang='lat' dir='ltr'>judicas,</span> <span class='ocrx_word' id='word_1_183' title='bbox 1840 2563 1896 2616; x_wconf 91' lang='lat' dir='ltr'>in</span> <span class='ocrx_word' id='word_1_184' title='bbox 1930 2563 2093 2617; x_wconf 91' lang='lat' dir='ltr'>nulla</span> <span class='ocrx_word' id='word_1_185' title='bbox 2127 2568 2179 2617; x_wconf 92' lang='lat' dir='ltr'>te</span> 
     </span>
    </p>
   </div>
   <div class='ocr_carea' id='block_1_28' title="bbox 532 2649 2182 2725">
    <p class='ocr_par' dir='ltr' id='par_1_28' title="bbox 532 2649 2182 2725">
     <span class='ocr_line' id='line_1_28' title="bbox 532 2649 2182 2725; baseline 0 -18"><span class='ocrx_word' id='word_1_186' title='bbox 532 2659 730 2725; x_wconf 90' lang='lat' dir='ltr'>putas,</span> <span class='ocrx_word' id='word_1_187' title='bbox 765 2667 841 2706; x_wconf 92' lang='lat' dir='ltr'>an</span> <span class='ocrx_word' id='word_1_188' title='bbox 874 2652 932 2704; x_wconf 93' lang='lat' dir='ltr'>in</span> <span class='ocrx_word' id='word_1_189' title='bbox 961 2649 1162 2721; x_wconf 91' lang='lat' dir='ltr'>aliqua</span> <span class='ocrx_word' id='word_1_190' title='bbox 1185 2649 1315 2704; x_wconf 88' lang='lat' dir='ltr'>luce</span> <span class='ocrx_word' id='word_1_191' title='bbox 1338 2651 1561 2704; x_wconf 90' lang='lat' dir='ltr'>versari</span> <span class='ocrx_word' id='word_1_192' title='bbox 1592 2651 1618 2704; x_wconf 75' lang='lat' dir='ltr'>‘I</span> <span class='ocrx_word' id='word_1_193' title='bbox 1652 2653 1770 2718; x_wconf 85' lang='lat' dir='ltr'>Ego</span> <span class='ocrx_word' id='word_1_194' title='bbox 1798 2651 1956 2706; x_wconf 93' lang='lat' dir='ltr'>enim</span> <span class='ocrx_word' id='word_1_195' title='bbox 1989 2653 2182 2707; x_wconf 83' lang='lat' dir='ltr'>existi-</span> 
     </span>
    </p>
   </div>
   <div class='ocr_carea' id='block_1_29' title="bbox 533 2738 2177 2812">
    <p class='ocr_par' dir='ltr' id='par_1_29' title="bbox 533 2738 2177 2812">
     <span class='ocr_line' id='line_1_29' title="bbox 533 2738 2177 2812; baseline -0.001 -15"><span class='ocrx_word' id='word_1_196' title='bbox 533 2742 804 2812; x_wconf 91' lang='lat' dir='ltr'>moquod</span> <span class='ocrx_word' id='word_1_197' title='bbox 820 2743 983 2794; x_wconf 89' lang='lat' dir='ltr'>tanta</span> <span class='ocrx_word' id='word_1_198' title='bbox 1008 2738 1356 2804; x_wconf 90' lang='lat' dir='ltr'>tibiettalia,</span> <span class='ocrx_word' id='word_1_199' title='bbox 1394 2744 1511 2792; x_wconf 90' lang='lat' dir='ltr'>tam</span> <span class='ocrx_word' id='word_1_200' title='bbox 1529 2754 1670 2793; x_wconf 88' lang='lat' dir='ltr'>vera</span> <span class='ocrx_word' id='word_1_201' title='bbox 1711 2745 1831 2794; x_wconf 92' lang='lat' dir='ltr'>tam</span> <span class='ocrx_word' id='word_1_202' title='bbox 1851 2739 2030 2809; x_wconf 84' lang='lat' dir='ltr'>clara,</span> <span class='ocrx_word' id='word_1_203' title='bbox 2059 2747 2177 2797; x_wconf 92' lang='lat' dir='ltr'>tam</span> 
     </span>
    </p>
   </div>
   <div class='ocr_carea' id='block_1_30' title="bbox 531 2828 2179 2899">
    <p class='ocr_par' dir='ltr' id='par_1_30' title="bbox 531 2828 2179 2899">
     <span class='ocr_line' id='line_1_30' title="bbox 531 2828 2179 2899; baseline -0.001 -13"><span class='ocrx_word' id='word_1_204' title='bbox 531 2829 880 2885; x_wconf 88' lang='lat' dir='ltr'>certavideri</span> <span class='ocrx_word' id='word_1_205' title='bbox 895 2829 1019 2882; x_wconf 89' lang='lat' dir='ltr'>sine</span> <span class='ocrx_word' id='word_1_206' title='bbox 1034 2828 1162 2882; x_wconf 93' lang='lat' dir='ltr'>luce</span> <span class='ocrx_word' id='word_1_207' title='bbox 1177 2843 1293 2882; x_wconf 92' lang='lat' dir='ltr'>non</span> <span class='ocrx_word' id='word_1_208' title='bbox 1313 2829 1782 2899; x_wconf 91' lang='lat' dir='ltr'>possunt.Ipsam</span> <span class='ocrx_word' id='word_1_209' title='bbox 1800 2829 1975 2899; x_wconf 81' lang='lat' dir='ltr'>igitur</span> <span class='ocrx_word' id='word_1_210' title='bbox 1989 2830 2179 2885; x_wconf 91' lang='lat' dir='ltr'>lucem</span> 
     </span>
    </p>
   </div>
   <div class='ocr_carea' id='block_1_31' title="bbox 531 2916 2179 2991">
    <p class='ocr_par' dir='ltr' id='par_1_31' title="bbox 531 2916 2179 2991">
     <span class='ocr_line' id='line_1_31' title="bbox 531 2916 2179 2991; baseline -0.001 -16"><span class='ocrx_word' id='word_1_211' title='bbox 531 2920 592 2975; x_wconf 91' lang='lat' dir='ltr'>in</span> <span class='ocrx_word' id='word_1_212' title='bbox 611 2934 731 2991; x_wconf 90' lang='lat' dir='ltr'>qua</span> <span class='ocrx_word' id='word_1_213' title='bbox 761 2916 1083 2972; x_wconf 87' lang='lat' dir='ltr'>cunctailla</span> <span class='ocrx_word' id='word_1_214' title='bbox 1111 2917 1415 2988; x_wconf 89' lang='lat' dir='ltr'>perspicis,</span> <span class='ocrx_word' id='word_1_215' title='bbox 1444 2917 1706 2982; x_wconf 88' lang='lat' dir='ltr'>intuere;</span> <span class='ocrx_word' id='word_1_216' title='bbox 1739 2923 1794 2972; x_wconf 92' lang='lat' dir='ltr'>et</span> <span class='ocrx_word' id='word_1_217' title='bbox 1828 2918 1957 2973; x_wconf 89' lang='lat' dir='ltr'>vide</span> <span class='ocrx_word' id='word_1_218' title='bbox 1980 2925 2179 2974; x_wconf 89' lang='lat' dir='ltr'>utrum</span> 
     </span>
    </p>
   </div>
   <div class='ocr_carea' id='block_1_32' title="bbox 531 3005 2180 3078">
    <p class='ocr_par' dir='ltr' id='par_1_32' title="bbox 531 3005 2180 3078">
     <span class='ocr_line' id='line_1_32' title="bbox 531 3005 2180 3078; baseline -0.001 -14"><span class='ocrx_word' id='word_1_219' title='bbox 531 3009 608 3064; x_wconf 92' lang='lat' dir='ltr'>ad</span> <span class='ocrx_word' id='word_1_220' title='bbox 640 3023 772 3063; x_wconf 91' lang='lat' dir='ltr'>eam</span> <span class='ocrx_word' id='word_1_221' title='bbox 805 3007 993 3078; x_wconf 86' lang='lat' dir='ltr'>pessit</span> <span class='ocrx_word' id='word_1_222' title='bbox 1025 3005 1306 3061; x_wconf 89' lang='lat' dir='ltr'>accedere</span> <span class='ocrx_word' id='word_1_223' title='bbox 1335 3005 1489 3060; x_wconf 92' lang='lat' dir='ltr'>ullus</span> <span class='ocrx_word' id='word_1_224' title='bbox 1518 3022 1936 3076; x_wconf 90' lang='lat' dir='ltr'>corporeorum</span> <span class='ocrx_word' id='word_1_225' title='bbox 1976 3009 2180 3064; x_wconf 92' lang='lat' dir='ltr'>radius</span> 
     </span>
    </p>
   </div>
   <div class='ocr_carea' id='block_1_33' title="bbox 529 3095 2180 3166">
    <p class='ocr_par' dir='ltr' id='par_1_33' title="bbox 529 3095 2180 3166">
     <span class='ocr_line' id='line_1_33' title="bbox 529 3095 2180 3166; baseline 0 -13"><span class='ocrx_word' id='word_1_226' title='bbox 529 3099 839 3153; x_wconf 91' lang='lat' dir='ltr'>oculorum</span> <span class='ocrx_word' id='word_1_227' title='bbox 868 3119 879 3151; x_wconf 91' lang='lat'><strong>:</strong></span> <span class='ocrx_word' id='word_1_228' title='bbox 917 3095 1180 3166; x_wconf 87' lang='lat' dir='ltr'>profecto</span> <span class='ocrx_word' id='word_1_229' title='bbox 1209 3111 1326 3150; x_wconf 91' lang='lat' dir='ltr'>non</span> <span class='ocrx_word' id='word_1_230' title='bbox 1355 3101 1566 3165; x_wconf 90' lang='lat' dir='ltr'>potest.</span> <span class='ocrx_word' id='word_1_231' title='bbox 1600 3097 1846 3151; x_wconf 83' lang='lat' dir='ltr'>Attende</span> <span class='ocrx_word' id='word_1_232' title='bbox 1866 3099 2045 3153; x_wconf 90' lang='lat' dir='ltr'>etiam</span> <span class='ocrx_word' id='word_1_233' title='bbox 2084 3118 2094 3163; x_wconf 87' lang='lat'><strong>;</strong></span> <span class='ocrx_word' id='word_1_234' title='bbox 2125 3104 2180 3154; x_wconf 91' lang='lat' dir='ltr'>et</span> 
     </span>
    </p>
   </div>
   <div class='ocr_carea' id='block_1_34' title="bbox 532 3183 2176 3254">
    <p class='ocr_par' dir='ltr' id='par_1_34' title="bbox 532 3183 2176 3254">
     <span class='ocr_line' id='line_1_34' title="bbox 532 3183 2176 3254; baseline 0 -12"><span class='ocrx_word' id='word_1_235' title='bbox 532 3193 730 3242; x_wconf 91' lang='lat' dir='ltr'>utrum</span> <span class='ocrx_word' id='word_1_236' title='bbox 762 3186 821 3240; x_wconf 94' lang='lat' dir='ltr'>in</span> <span class='ocrx_word' id='word_1_237' title='bbox 862 3200 932 3239; x_wconf 91' lang='lat' dir='ltr'>ea</span> <span class='ocrx_word' id='word_1_238' title='bbox 972 3184 1176 3238; x_wconf 90' lang='lat' dir='ltr'>videas</span> <span class='ocrx_word' id='word_1_239' title='bbox 1208 3183 1325 3238; x_wconf 89' lang='lat' dir='ltr'>ulla</span> <span class='ocrx_word' id='word_1_240' title='bbox 1353 3184 1622 3238; x_wconf 91' lang='lat' dir='ltr'>locorum</span> <span class='ocrx_word' id='word_1_241' title='bbox 1661 3186 1853 3254; x_wconf 87' lang='lat' dir='ltr'>spatia</span> <span class='ocrx_word' id='word_1_242' title='bbox 1882 3187 1970 3240; x_wconf 90' lang='lat' dir='ltr'>vel</span> <span class='ocrx_word' id='word_1_243' title='bbox 2006 3188 2176 3242; x_wconf 90' lang='lat' dir='ltr'>inter-</span> 
     </span>
    </p>
   </div>
   <div class='ocr_carea' id='block_1_35' title="bbox 525 3271 2165 3344">
    <p class='ocr_par' dir='ltr' id='par_1_35' title="bbox 525 3271 2165 3344">
     <span class='ocr_line' id='line_1_35' title="bbox 525 3271 2165 3344; baseline 0 -14"><span class='ocrx_word' id='word_1_244' title='bbox 525 3274 700 3341; x_wconf 87' lang='lat' dir='ltr'>valla,</span> <span class='ocrx_word' id='word_1_245' title='bbox 725 3273 1041 3344; x_wconf 88' lang='lat' dir='ltr'>responde.</span> <span class='ocrx_word' id='word_1_246' title='bbox 1076 3271 1231 3327; x_wconf 83' lang='lat' dir='ltr'>Nihil</span> <span class='ocrx_word' id='word_1_247' title='bbox 1257 3272 1337 3326; x_wconf 90' lang='lat' dir='ltr'>ibi</span> <span class='ocrx_word' id='word_1_248' title='bbox 1364 3271 1504 3336; x_wconf 90' lang='lat' dir='ltr'>tale,</span> <span class='ocrx_word' id='word_1_249' title='bbox 1535 3278 1597 3327; x_wconf 93' lang='lat' dir='ltr'>ut</span> <span class='ocrx_word' id='word_1_250' title='bbox 1619 3273 1888 3338; x_wconf 87' lang='lat' dir='ltr'>arbitror,</span> <span class='ocrx_word' id='word_1_251' title='bbox 1913 3276 2165 3340; x_wconf 88' lang='lat' dir='ltr'>invenis,</span> 
     </span>
    </p>
   </div>
   <div class='ocr_carea' id='block_1_36' title="bbox 529 3361 2174 3437">
    <p class='ocr_par' dir='ltr' id='par_1_36' title="bbox 529 3361 2174 3437">
     <span class='ocr_line' id='line_1_36' title="bbox 529 3361 2174 3437; baseline 0.002 -19"><span class='ocrx_word' id='word_1_252' title='bbox 529 3363 574 3418; x_wconf 92' lang='lat' dir='ltr'>si</span> <span class='ocrx_word' id='word_1_253' title='bbox 630 3363 942 3432; x_wconf 86' lang='lat' dir='ltr'>vigilanter</span> <span class='ocrx_word' id='word_1_254' title='bbox 975 3361 1168 3431; x_wconf 86' lang='lat' dir='ltr'>abigis</span> <span class='ocrx_word' id='word_1_255' title='bbox 1224 3361 1300 3415; x_wconf 88' lang='lat' dir='ltr'>ab</span> <span class='ocrx_word' id='word_1_256' title='bbox 1341 3365 1586 3430; x_wconf 86' lang='lat' dir='ltr'>aspectu</span> <span class='ocrx_word' id='word_1_257' title='bbox 1618 3361 1828 3417; x_wconf 91' lang='lat' dir='ltr'>intimo</span> <span class='ocrx_word' id='word_1_258' title='bbox 1878 3365 2174 3437; x_wconf 88' lang='lat' dir='ltr'>quidquid</span> 
     </span>
    </p>
   </div>
   <div class='ocr_carea' id='block_1_37' title="bbox 522 3448 2173 3522">
    <p class='ocr_par' dir='ltr' id='par_1_37' title="bbox 522 3448 2173 3522">
     <span class='ocr_line' id='line_1_37' title="bbox 522 3448 2173 3522; baseline 0.002 -14"><span class='ocrx_word' id='word_1_259' title='bbox 522 3453 858 3522; x_wconf 90' lang='lat' dir='ltr'>imaginum</span> <span class='ocrx_word' id='word_1_260' title='bbox 887 3448 1285 3520; x_wconf 89' lang='lat' dir='ltr'>corporalium</span> <span class='ocrx_word' id='word_1_261' title='bbox 1328 3450 1640 3506; x_wconf 83' lang='lat' dir='ltr'>exterioris</span> <span class='ocrx_word' id='word_1_262' title='bbox 1671 3451 1928 3507; x_wconf 87' lang='lat' dir='ltr'>hominis</span> <span class='ocrx_word' id='word_1_263' title='bbox 1961 3469 2173 3512; x_wconf 90' lang='lat' dir='ltr'>sensus</span> 
     </span>
    </p>
   </div>
   <div class='ocr_carea' id='block_1_38' title="bbox 522 3537 2172 3599">
    <p class='ocr_par' dir='ltr' id='par_1_38' title="bbox 522 3537 2172 3599">
     <span class='ocr_line' id='line_1_38' title="bbox 522 3537 2172 3599; baseline 0.002 -3"><span class='ocrx_word' id='word_1_264' title='bbox 522 3541 748 3597; x_wconf 80' lang='lat' dir='ltr'>invexit</span> <span class='ocrx_word' id='word_1_265' title='bbox 777 3557 788 3593; x_wconf 92' lang='lat'>:</span> <span class='ocrx_word' id='word_1_266' title='bbox 824 3539 927 3593; x_wconf 90' lang='lat' dir='ltr'>sed</span> <span class='ocrx_word' id='word_1_267' title='bbox 963 3538 1107 3592; x_wconf 89' lang='lat' dir='ltr'>forte</span> <span class='ocrx_word' id='word_1_268' title='bbox 1137 3537 1376 3592; x_wconf 84' lang='lat' dir='ltr'>difficile</span> <span class='ocrx_word' id='word_1_269' title='bbox 1403 3543 1508 3593; x_wconf 88' lang='lat' dir='ltr'>est.</span> <span class='ocrx_word' id='word_1_270' title='bbox 1541 3539 1710 3594; x_wconf 88' lang='lat' dir='ltr'>Irruit</span> <span class='ocrx_word' id='word_1_271' title='bbox 1738 3541 1894 3596; x_wconf 91' lang='lat' dir='ltr'>enim</span> <span class='ocrx_word' id='word_1_272' title='bbox 1931 3545 2004 3598; x_wconf 91' lang='lat' dir='ltr'>de</span> <span class='ocrx_word' id='word_1_273' title='bbox 2036 3560 2172 3599; x_wconf 92' lang='lat' dir='ltr'>con-</span> 
     </span>
    </p>
   </div>
   <div class='ocr_carea' id='block_1_39' title="bbox 524 3626 2170 3700">
    <p class='ocr_par' dir='ltr' id='par_1_39' title="bbox 524 3626 2170 3700">
     <span class='ocr_line' id='line_1_39' title="bbox 524 3626 2170 3700; baseline 0.002 -15"><span class='ocrx_word' id='word_1_274' title='bbox 524 3629 839 3685; x_wconf 90' lang='lat' dir='ltr'>suetudine</span> <span class='ocrx_word' id='word_1_275' title='bbox 871 3626 1127 3682; x_wconf 91' lang='lat' dir='ltr'>carnalis</span> <span class='ocrx_word' id='word_1_276' title='bbox 1143 3627 1296 3690; x_wconf 75' lang='lat' dir='ltr'>vitae,</span> <span class='ocrx_word' id='word_1_277' title='bbox 1326 3628 1385 3681; x_wconf 94' lang='lat' dir='ltr'>in</span> <span class='ocrx_word' id='word_1_278' title='bbox 1408 3627 1570 3698; x_wconf 91' lang='lat' dir='ltr'>ipsos</span> <span class='ocrx_word' id='word_1_279' title='bbox 1601 3644 1844 3700; x_wconf 89' lang='lat' dir='ltr'>quoque</span> <span class='ocrx_word' id='word_1_280' title='bbox 1867 3631 2170 3688; x_wconf 90' lang='lat' dir='ltr'>interiores</span> 
     </span>
    </p>
   </div>
   <div class='ocr_carea' id='block_1_40' title="bbox 522 3717 2170 3788">
    <p class='ocr_par' dir='ltr' id='par_1_40' title="bbox 522 3717 2170 3788">
     <span class='ocr_line' id='line_1_40' title="bbox 522 3717 2170 3788; baseline 0.002 -14"><span class='ocrx_word' id='word_1_281' title='bbox 522 3718 728 3774; x_wconf 86' lang='lat' dir='ltr'>oculos</span> <span class='ocrx_word' id='word_1_282' title='bbox 761 3717 934 3772; x_wconf 90' lang='lat' dir='ltr'>turba</span> <span class='ocrx_word' id='word_1_283' title='bbox 949 3717 1441 3788; x_wconf 89' lang='lat' dir='ltr'>phantasmatum</span> <span class='ocrx_word' id='word_1_284' title='bbox 1471 3717 1529 3771; x_wconf 91' lang='lat' dir='ltr'>in</span> <span class='ocrx_word' id='word_1_285' title='bbox 1544 3717 2031 3775; x_wconf 85' lang='lat' dir='ltr'>similitudinibus</span> <span class='ocrx_word' id='word_1_286' title='bbox 2045 3738 2170 3777; x_wconf 88' lang='lat' dir='ltr'>cor-</span> 
     </span>
    </p>
   </div>
   <div class='ocr_carea' id='block_1_41' title="bbox 521 3805 2169 3880">
    <p class='ocr_par' dir='ltr' id='par_1_41' title="bbox 521 3805 2169 3880">
     <span class='ocr_line' id='line_1_41' title="bbox 521 3805 2169 3880; baseline 0.003 -18"><span class='ocrx_word' id='word_1_287' title='bbox 521 3823 737 3880; x_wconf 91' lang='lat' dir='ltr'>porum</span> <span class='ocrx_word' id='word_1_288' title='bbox 775 3822 786 3860; x_wconf 88' lang='lat'>:</span> <span class='ocrx_word' id='word_1_289' title='bbox 827 3805 918 3860; x_wconf 94' lang='lat' dir='ltr'>cui</span> <span class='ocrx_word' id='word_1_290' title='bbox 946 3805 1219 3860; x_wconf 89' lang='lat' dir='ltr'>resistere</span> <span class='ocrx_word' id='word_1_291' title='bbox 1251 3811 1524 3871; x_wconf 88' lang='lat' dir='ltr'>conatus,</span> <span class='ocrx_word' id='word_1_292' title='bbox 1560 3807 1771 3861; x_wconf 90' lang='lat' dir='ltr'>saltem</span> <span class='ocrx_word' id='word_1_293' title='bbox 1820 3811 2169 3867; x_wconf 87' lang='lat' dir='ltr'>auctoritate</span> 
     </span>
    </p>
   </div>
   <div class='ocr_carea' id='block_1_42' title="bbox 519 3894 2169 3969">
    <p class='ocr_par' dir='ltr' id='par_1_42' title="bbox 519 3894 2169 3969">
     <span class='ocr_line' id='line_1_42' title="bbox 519 3894 2169 3969; baseline 0.003 -17"><span class='ocrx_word' id='word_1_294' title='bbox 519 3897 720 3952; x_wconf 92' lang='lat' dir='ltr'>divina</span> <span class='ocrx_word' id='word_1_295' title='bbox 759 3895 1106 3959; x_wconf 85' lang='lat' dir='ltr'>exclamavi,</span> <span class='ocrx_word' id='word_1_296' title='bbox 1141 3894 1351 3948; x_wconf 91' lang='lat' dir='ltr'>dolens</span> <span class='ocrx_word' id='word_1_297' title='bbox 1387 3895 1443 3948; x_wconf 92' lang='lat' dir='ltr'>in</span> <span class='ocrx_word' id='word_1_298' title='bbox 1470 3894 1571 3950; x_wconf 92' lang='lat' dir='ltr'>illa</span> <span class='ocrx_word' id='word_1_299' title='bbox 1600 3895 1762 3950; x_wconf 88' lang='lat' dir='ltr'>brevi</span> <span class='ocrx_word' id='word_1_300' title='bbox 1796 3898 2067 3969; x_wconf 89' lang='lat' dir='ltr'>epistola,</span> <span class='ocrx_word' id='word_1_301' title='bbox 2114 3907 2169 3957; x_wconf 93' lang='lat' dir='ltr'>et</span> 
     </span>
    </p>
   </div>
   <div class='ocr_carea' id='block_1_43' title="bbox 520 3983 2163 4056">
    <p class='ocr_par' dir='ltr' id='par_1_43' title="bbox 520 3983 2163 4056">
     <span class='ocr_line' id='line_1_43' title="bbox 520 3983 2163 4056; baseline 0.004 -17"><span class='ocrx_word' id='word_1_302' title='bbox 520 3985 644 4040; x_wconf 80' lang='lat' dir='ltr'>dixi</span> <span class='ocrx_word' id='word_1_303' title='bbox 674 4003 686 4040; x_wconf 91' lang='lat'>:</span> <span class='ocrx_word' id='word_1_304' title='bbox 715 3985 930 4039; x_wconf 80' lang='lat' dir='ltr'>Audiat</span> <span class='ocrx_word' id='word_1_305' title='bbox 959 3998 1099 4039; x_wconf 81' lang='lat' dir='ltr'>caro</span> <span class='ocrx_word' id='word_1_306' title='bbox 1130 3983 1946 4053; x_wconf 78' lang='lat' dir='ltr'>carnalibuscogitationibus</span> <span class='ocrx_word' id='word_1_307' title='bbox 1979 3989 2163 4056; x_wconf 73' lang='lat' dir='ltr'>ebria,</span> 
     </span>
    </p>
   </div>
   <div class='ocr_carea' id='block_1_44' title="bbox 521 4071 2164 4148">
    <p class='ocr_par' dir='ltr' id='par_1_44' title="bbox 521 4071 2164 4148">
     <span class='ocr_line' id='line_1_44' title="bbox 521 4071 2164 4148; baseline 0.005 -23"><span class='ocrx_word' id='word_1_308' title='bbox 521 4096 550 4124; x_wconf 86' lang='grc'>‹‹</span> <span class='ocrx_word' id='word_1_309' title='bbox 581 4072 804 4143; x_wconf 78' lang='lat' dir='ltr'>Spritus</span> <span class='ocrx_word' id='word_1_310' title='bbox 835 4076 916 4127; x_wconf 86' lang='lat' dir='ltr'>est</span> <span class='ocrx_word' id='word_1_311' title='bbox 950 4073 1101 4126; x_wconf 86' lang='lat' dir='ltr'>Deus</span> <span class='ocrx_word' id='word_1_312' title='bbox 1139 4091 1166 4121; x_wconf 92' lang='lat'>»</span> <span class='ocrx_word' id='word_1_313' title='bbox 1204 4071 1416 4140; x_wconf 64' lang='lat' dir='ltr'>(Epist.</span> <span class='ocrx_word' id='word_1_314' title='bbox 1451 4075 1535 4136; x_wconf 82' lang='lat'>92,</span> <span class='ocrx_word' id='word_1_315' title='bbox 1572 4090 1628 4126; x_wconf 82' lang='grc' dir='ltr'>η.</span> <span class='ocrx_word' id='word_1_316' title='bbox 1668 4076 1740 4142; x_wconf 80' lang='lat'>5).</span> <span class='ocrx_word' id='word_1_317' title='bbox 1777 4078 1974 4148; x_wconf 86' lang='lat' dir='ltr'>Neque</span> <span class='ocrx_word' id='word_1_318' title='bbox 2007 4080 2164 4133; x_wconf 91' lang='lat' dir='ltr'>enim</span> 
     </span>
    </p>
   </div>
   <div class='ocr_carea' id='block_1_45' title="bbox 519 4160 2165 4232">
    <p class='ocr_par' dir='ltr' id='par_1_45' title="bbox 519 4160 2165 4232">
     <span class='ocr_line' id='line_1_45' title="bbox 519 4160 2165 4232; baseline 0.003 -15"><span class='ocrx_word' id='word_1_319' title='bbox 519 4162 882 4232; x_wconf 88' lang='lat' dir='ltr'>cujusquam</span> <span class='ocrx_word' id='word_1_320' title='bbox 915 4160 1106 4227; x_wconf 89' lang='lat' dir='ltr'>magis</span> <span class='ocrx_word' id='word_1_321' title='bbox 1129 4174 1315 4229; x_wconf 90' lang='lat' dir='ltr'>quam</span> <span class='ocrx_word' id='word_1_322' title='bbox 1347 4160 1527 4214; x_wconf 91' lang='lat' dir='ltr'>etiam</span> <span class='ocrx_word' id='word_1_323' title='bbox 1553 4161 1744 4230; x_wconf 92' lang='lat' dir='ltr'>ipsam</span> <span class='ocrx_word' id='word_1_324' title='bbox 1777 4180 1975 4219; x_wconf 91' lang='lat' dir='ltr'>meam</span> <span class='ocrx_word' id='word_1_325' title='bbox 2006 4183 2165 4222; x_wconf 91' lang='lat' dir='ltr'>men-</span> 
     </span>
    </p>
   </div>
   <div class='ocr_carea' id='block_1_46' title="bbox 519 4247 2165 4322">
    <p class='ocr_par' dir='ltr' id='par_1_46' title="bbox 519 4247 2165 4322">
     <span class='ocr_line' id='line_1_46' title="bbox 519 4247 2165 4322; baseline 0.003 -16"><span class='ocrx_word' id='word_1_326' title='bbox 519 4255 638 4307; x_wconf 88' lang='lat' dir='ltr'>tem</span> <span class='ocrx_word' id='word_1_327' title='bbox 669 4249 746 4305; x_wconf 89' lang='lat' dir='ltr'>ab</span> <span class='ocrx_word' id='word_1_328' title='bbox 776 4247 1124 4318; x_wconf 83' lang='lat' dir='ltr'>hujusmodi</span> <span class='ocrx_word' id='word_1_329' title='bbox 1146 4249 1424 4311; x_wconf 88' lang='lat' dir='ltr'>vanitate,</span> <span class='ocrx_word' id='word_1_330' title='bbox 1450 4248 1548 4303; x_wconf 91' lang='lat' dir='ltr'>illa</span> <span class='ocrx_word' id='word_1_331' title='bbox 1570 4250 1974 4322; x_wconf 89' lang='lat' dir='ltr'>increpatione</span> <span class='ocrx_word' id='word_1_332' title='bbox 2006 4271 2165 4312; x_wconf 93' lang='lat' dir='ltr'>com-</span> 
     </span>
    </p>
   </div>
   <div class='ocr_carea' id='block_1_47' title="bbox 516 4337 2163 4412">
    <p class='ocr_par' dir='ltr' id='par_1_47' title="bbox 516 4337 2163 4412">
     <span class='ocr_line' id='line_1_47' title="bbox 516 4337 2163 4412; baseline 0.005 -19"><span class='ocrx_word' id='word_1_333' title='bbox 516 4339 746 4412; x_wconf 90' lang='lat' dir='ltr'>pescui.</span> <span class='ocrx_word' id='word_1_334' title='bbox 797 4337 1047 4394; x_wconf 89' lang='lat' dir='ltr'>Facilius</span> <span class='ocrx_word' id='word_1_335' title='bbox 1080 4338 1302 4408; x_wconf 90' lang='lat' dir='ltr'>quippe</span> <span class='ocrx_word' id='word_1_336' title='bbox 1337 4337 1694 4393; x_wconf 92' lang='lat' dir='ltr'>inclinamur</span> <span class='ocrx_word' id='word_1_337' title='bbox 1739 4342 1814 4395; x_wconf 90' lang='lat' dir='ltr'>ad</span> <span class='ocrx_word' id='word_1_338' title='bbox 1865 4343 2057 4411; x_wconf 91' lang='lat' dir='ltr'>solita,</span> <span class='ocrx_word' id='word_1_339' title='bbox 2107 4352 2163 4402; x_wconf 89' lang='lat' dir='ltr'>et</span> 
     </span>
    </p>
   </div>
   <div class='ocr_carea' id='block_1_48' title="bbox 517 4426 2159 4503">
    <p class='ocr_par' dir='ltr' id='par_1_48' title="bbox 517 4426 2159 4503">
     <span class='ocr_line' id='line_1_48' title="bbox 517 4426 2159 4503; baseline 0.002 -17"><span class='ocrx_word' id='word_1_340' title='bbox 517 4429 780 4486; x_wconf 88' lang='lat' dir='ltr'>amicum</span> <span class='ocrx_word' id='word_1_341' title='bbox 803 4433 889 4483; x_wconf 91' lang='lat' dir='ltr'>est</span> <span class='ocrx_word' id='word_1_342' title='bbox 909 4427 1233 4482; x_wconf 84' lang='lat' dir='ltr'>infirmitati</span> <span class='ocrx_word' id='word_1_343' title='bbox 1257 4426 1531 4482; x_wconf 70' lang='lat' dir='ltr'>humanae</span> <span class='ocrx_word' id='word_1_344' title='bbox 1545 4429 1758 4484; x_wconf 58' lang='lat' dir='ltr'>animas</span> <span class='ocrx_word' id='word_1_345' title='bbox 1789 4434 2159 4503; x_wconf 89' lang='lat' dir='ltr'>corporalem</span> 
     </span>
    </p>
   </div>
   <div class='ocr_carea' id='block_1_49' title="bbox 514 4517 2159 4588">
    <p class='ocr_par' dir='ltr' id='par_1_49' title="bbox 514 4517 2159 4588">
     <span class='ocr_line' id='line_1_49' title="bbox 514 4517 2159 4588; baseline 0.002 -13"><span class='ocrx_word' id='word_1_346' title='bbox 514 4519 1027 4576; x_wconf 87' lang='lat' dir='ltr'>conversationem</span> <span class='ocrx_word' id='word_1_347' title='bbox 1073 4517 1367 4572; x_wconf 88' lang='lat' dir='ltr'>introrsus</span> <span class='ocrx_word' id='word_1_348' title='bbox 1408 4517 1497 4572; x_wconf 90' lang='lat' dir='ltr'>vel</span> <span class='ocrx_word' id='word_1_349' title='bbox 1531 4518 1861 4588; x_wconf 88' lang='lat' dir='ltr'>admittere,</span> <span class='ocrx_word' id='word_1_350' title='bbox 1903 4538 2022 4578; x_wconf 91' lang='lat' dir='ltr'>non</span> <span class='ocrx_word' id='word_1_351' title='bbox 2059 4523 2159 4580; x_wconf 91' lang='lat' dir='ltr'>ubi</span> 
     </span>
    </p>
   </div>
   <div class='ocr_carea' id='block_1_50' title="bbox 516 4605 2162 4680">
    <p class='ocr_par' dir='ltr' id='par_1_50' title="bbox 516 4605 2162 4680">
     <span class='ocr_line' id='line_1_50' title="bbox 516 4605 2162 4680; baseline 0.002 -15"><span class='ocrx_word' id='word_1_352' title='bbox 516 4625 665 4665; x_wconf 89' lang='lat' dir='ltr'>sana</span> <span class='ocrx_word' id='word_1_353' title='bbox 678 4608 987 4672; x_wconf 90' lang='lat' dir='ltr'>consistat,</span> <span class='ocrx_word' id='word_1_354' title='bbox 1009 4607 1111 4662; x_wconf 90' lang='lat' dir='ltr'>sed</span> <span class='ocrx_word' id='word_1_355' title='bbox 1137 4605 1235 4661; x_wconf 90' lang='lat' dir='ltr'>ubi</span> <span class='ocrx_word' id='word_1_356' title='bbox 1265 4606 1553 4676; x_wconf 90' lang='lat' dir='ltr'>languida</span> <span class='ocrx_word' id='word_1_357' title='bbox 1582 4608 2038 4680; x_wconf 88' lang='lat' dir='ltr'>quodammodo</span> <span class='ocrx_word' id='word_1_358' title='bbox 2061 4619 2162 4669; x_wconf 91' lang='lat' dir='ltr'>aut</span> 
     </span>
    </p>
   </div>
   <div class='ocr_carea' id='block_1_51' title="bbox 514 4695 1196 4765">
    <p class='ocr_par' dir='ltr' id='par_1_51' title="bbox 514 4695 1196 4765">
     <span class='ocr_line' id='line_1_51' title="bbox 514 4695 1196 4765; baseline -0.007 -12"><span class='ocrx_word' id='word_1_359' title='bbox 514 4696 821 4753; x_wconf 86' lang='lat' dir='ltr'>incumbat</span> <span class='ocrx_word' id='word_1_360' title='bbox 853 4702 954 4752; x_wconf 90' lang='lat' dir='ltr'>aut</span> <span class='ocrx_word' id='word_1_361' title='bbox 981 4695 1196 4765; x_wconf 87' lang='lat' dir='ltr'>jaceat.</span> 
     </span>
    </p>
   </div>
   <div class='ocr_carea' id='block_1_52' title="bbox 585 4803 2158 4873">
    <p class='ocr_par' dir='ltr' id='par_1_52' title="bbox 585 4803 2158 4873">
     <span class='ocr_line' id='line_1_52' title="bbox 585 4803 2158 4873; baseline 0.004 -13"><span class='ocrx_word' id='word_1_362' title='bbox 585 4808 672 4861; x_wconf 82' lang='grc'>43.</span> <span class='ocrx_word' id='word_1_363' title='bbox 708 4804 959 4860; x_wconf 81' lang='lat' dir='ltr'>Proinde</span> <span class='ocrx_word' id='word_1_364' title='bbox 982 4803 1029 4856; x_wconf 93' lang='lat' dir='ltr'>si</span> <span class='ocrx_word' id='word_1_365' title='bbox 1053 4818 1172 4858; x_wconf 89' lang='lat' dir='ltr'>non</span> <span class='ocrx_word' id='word_1_366' title='bbox 1199 4807 1366 4873; x_wconf 91' lang='lat' dir='ltr'>potes</span> <span class='ocrx_word' id='word_1_367' title='bbox 1399 4805 1588 4860; x_wconf 90' lang='lat' dir='ltr'>aciem</span> <span class='ocrx_word' id='word_1_368' title='bbox 1609 4807 1820 4862; x_wconf 88' lang='lat' dir='ltr'>mentis</span> <span class='ocrx_word' id='word_1_369' title='bbox 1847 4812 1961 4864; x_wconf 59' lang='lat' dir='ltr'>tuae</span> <span class='ocrx_word' id='word_1_370' title='bbox 1985 4825 2158 4866; x_wconf 86' lang='lat' dir='ltr'>acor-</span> 
     </span>
    </p>
   </div>
   <div class='ocr_carea' id='block_1_53' title="bbox 511 4891 2158 4970">
    <p class='ocr_par' dir='ltr' id='par_1_53' title="bbox 511 4891 2158 4970">
     <span class='ocr_line' id='line_1_53' title="bbox 511 4891 2158 4970; baseline 0.002 -19"><span class='ocrx_word' id='word_1_371' title='bbox 511 4910 833 4969; x_wconf 84' lang='lat' dir='ltr'>porearum</span> <span class='ocrx_word' id='word_1_372' title='bbox 868 4891 1323 4947; x_wconf 90' lang='lat' dir='ltr'>similitudinum</span> <span class='ocrx_word' id='word_1_373' title='bbox 1377 4894 1548 4963; x_wconf 87' lang='lat' dir='ltr'>quasi</span> <span class='ocrx_word' id='word_1_374' title='bbox 1593 4895 1800 4951; x_wconf 90' lang='lat' dir='ltr'>nubilo</span> <span class='ocrx_word' id='word_1_375' title='bbox 1847 4900 2158 4970; x_wconf 89' lang='lat' dir='ltr'>perspicue</span> 
     </span>
    </p>
   </div>
   <div class='ocr_carea' id='block_1_54' title="bbox 515 4980 2158 5054">
    <p class='ocr_par' dir='ltr' id='par_1_54' title="bbox 515 4980 2158 5054">
     <span class='ocr_line' id='line_1_54' title="bbox 515 4980 2158 5054; baseline 0.002 -14"><span class='ocrx_word' id='word_1_376' title='bbox 515 4999 846 5050; x_wconf 88' lang='lat' dir='ltr'>secrenare,</span> <span class='ocrx_word' id='word_1_377' title='bbox 879 4981 1152 5052; x_wconf 90' lang='lat' dir='ltr'>easipsas</span> <span class='ocrx_word' id='word_1_378' title='bbox 1181 4981 1341 5051; x_wconf 88' lang='lat' dir='ltr'>apud</span> <span class='ocrx_word' id='word_1_379' title='bbox 1361 4980 1613 5052; x_wconf 88' lang='lat' dir='ltr'>teipsam</span> <span class='ocrx_word' id='word_1_380' title='bbox 1629 4984 1942 5054; x_wconf 90' lang='lat' dir='ltr'>vigilanter</span> <span class='ocrx_word' id='word_1_381' title='bbox 1973 4992 2158 5044; x_wconf 88' lang='lat' dir='ltr'>atten-</span> 
     </span>
    </p>
   </div>
   <div class='ocr_carea' id='block_1_55' title="bbox 513 5069 2159 5141">
    <p class='ocr_par' dir='ltr' id='par_1_55' title="bbox 513 5069 2159 5141">
     <span class='ocr_line' id='line_1_55' title="bbox 513 5069 2159 5141; baseline 0 -9"><span class='ocrx_word' id='word_1_382' title='bbox 513 5075 623 5132; x_wconf 88' lang='lat' dir='ltr'>de:</span> <span class='ocrx_word' id='word_1_383' title='bbox 660 5076 886 5130; x_wconf 88' lang='lat' dir='ltr'>iutuere</span> <span class='ocrx_word' id='word_1_384' title='bbox 918 5069 1134 5126; x_wconf 88' lang='lat' dir='ltr'>coelum</span> <span class='ocrx_word' id='word_1_385' title='bbox 1153 5074 1437 5125; x_wconf 88' lang='lat' dir='ltr'>etterram</span> <span class='ocrx_word' id='word_1_386' title='bbox 1466 5073 1802 5141; x_wconf 90' lang='lat' dir='ltr'>cogitando,</span> <span class='ocrx_word' id='word_1_387' title='bbox 1839 5075 1990 5131; x_wconf 86' lang='lat' dir='ltr'>sicut</span> <span class='ocrx_word' id='word_1_388' title='bbox 2015 5094 2159 5133; x_wconf 92' lang='lat' dir='ltr'>ocu-</span> 
     </span>
    </p>
   </div>
   <div class='ocr_carea' id='block_1_56' title="bbox 509 5159 2157 5236">
    <p class='ocr_par' dir='ltr' id='par_1_56' title="bbox 509 5159 2157 5236">
     <span class='ocr_line' id='line_1_56' title="bbox 509 5159 2157 5236; baseline 0.001 -16"><span class='ocrx_word' id='word_1_389' title='bbox 509 5166 578 5220; x_wconf 88' lang='lat' dir='ltr'>lis</span> <span class='ocrx_word' id='word_1_390' title='bbox 603 5163 906 5235; x_wconf 88' lang='lat' dir='ltr'>corporeis</span> <span class='ocrx_word' id='word_1_391' title='bbox 934 5159 1234 5217; x_wconf 89' lang='lat' dir='ltr'>cernendo</span> <span class='ocrx_word' id='word_1_392' title='bbox 1257 5163 1555 5216; x_wconf 90' lang='lat' dir='ltr'>consuesti</span> <span class='ocrx_word' id='word_1_393' title='bbox 1581 5178 1593 5226; x_wconf 91' lang='lat'><strong>;</strong></span> <span class='ocrx_word' id='word_1_394' title='bbox 1623 5177 1843 5234; x_wconf 91' lang='lat' dir='ltr'>easque</span> <span class='ocrx_word' id='word_1_395' title='bbox 1865 5165 2157 5236; x_wconf 87' lang='lat' dir='ltr'>imagines</span> 
     </span>
    </p>
   </div>
   <div class='ocr_carea' id='block_1_57' title="bbox 511 5249 2157 5325">
    <p class='ocr_par' dir='ltr' id='par_1_57' title="bbox 511 5249 2157 5325">
     <span class='ocr_line' id='line_1_57' title="bbox 511 5249 2157 5325; baseline 0.001 -15"><span class='ocrx_word' id='word_1_396' title='bbox 511 5254 642 5310; x_wconf 79' lang='lat' dir='ltr'>cceli</span> <span class='ocrx_word' id='word_1_397' title='bbox 673 5261 908 5310; x_wconf 84' lang='lat' dir='ltr'>etterrae</span> <span class='ocrx_word' id='word_1_398' title='bbox 937 5267 1072 5324; x_wconf 76' lang='lat' dir='ltr'>quae</span> <span class='ocrx_word' id='word_1_399' title='bbox 1105 5255 1240 5306; x_wconf 88' lang='lat' dir='ltr'>ante</span> <span class='ocrx_word' id='word_1_400' title='bbox 1262 5249 1469 5305; x_wconf 92' lang='lat' dir='ltr'>oculos</span> <span class='ocrx_word' id='word_1_401' title='bbox 1503 5251 1872 5320; x_wconf 89' lang='lat' dir='ltr'>cogitationis</span> <span class='ocrx_word' id='word_1_402' title='bbox 1904 5256 2157 5325; x_wconf 89' lang='lat' dir='ltr'>produc-</span> 
     </span>
    </p>
   </div>
   <div class='ocr_carea' id='block_1_58' title="bbox 511 5339 2158 5410">
    <p class='ocr_par' dir='ltr' id='par_1_58' title="bbox 511 5339 2158 5410">
     <span class='ocr_line' id='line_1_58' title="bbox 511 5339 2158 5410; baseline 0.004 -14"><span class='ocrx_word' id='word_1_403' title='bbox 511 5349 580 5397; x_wconf 81' lang='lat' dir='ltr'>tae</span> <span class='ocrx_word' id='word_1_404' title='bbox 605 5347 762 5407; x_wconf 88' lang='lat' dir='ltr'>sunt,</span> <span class='ocrx_word' id='word_1_405' title='bbox 780 5342 914 5397; x_wconf 91' lang='lat' dir='ltr'>vide</span> <span class='ocrx_word' id='word_1_406' title='bbox 929 5339 1346 5395; x_wconf 86' lang='lat' dir='ltr'>similitudines</span> <span class='ocrx_word' id='word_1_407' title='bbox 1367 5355 1686 5410; x_wconf 88' lang='lat' dir='ltr'>corporum</span> <span class='ocrx_word' id='word_1_408' title='bbox 1705 5356 1852 5407; x_wconf 90' lang='lat' dir='ltr'>esse,</span> <span class='ocrx_word' id='word_1_409' title='bbox 1889 5358 2008 5400; x_wconf 90' lang='lat' dir='ltr'>non</span> <span class='ocrx_word' id='word_1_410' title='bbox 2033 5361 2158 5402; x_wconf 88' lang='lat' dir='ltr'>cor-</span> 
     </span>
    </p>
   </div>
   <div class='ocr_carea' id='block_1_59' title="bbox 510 5429 2157 5506">
    <p class='ocr_par' dir='ltr' id='par_1_59' title="bbox 510 5429 2157 5506">
     <span class='ocr_line' id='line_1_59' title="bbox 510 5429 2157 5506; baseline 0.004 -20"><span class='ocrx_word' id='word_1_411' title='bbox 510 5431 781 5502; x_wconf 83' lang='lat' dir='ltr'>pora.Sic</span> <span class='ocrx_word' id='word_1_412' title='bbox 811 5445 952 5499; x_wconf 91' lang='lat' dir='ltr'>ergo</span> <span class='ocrx_word' id='word_1_413' title='bbox 977 5430 1183 5501; x_wconf 90' lang='lat' dir='ltr'>judica</span> <span class='ocrx_word' id='word_1_414' title='bbox 1213 5434 1418 5485; x_wconf 90' lang='lat' dir='ltr'>contra</span> <span class='ocrx_word' id='word_1_415' title='bbox 1446 5429 1697 5500; x_wconf 89' lang='lat' dir='ltr'>teipsam</span> <span class='ocrx_word' id='word_1_416' title='bbox 1723 5445 1831 5500; x_wconf 91' lang='lat' dir='ltr'>pro</span> <span class='ocrx_word' id='word_1_417' title='bbox 1863 5434 2074 5506; x_wconf 91' lang='lat' dir='ltr'>teipsa,</span> <span class='ocrx_word' id='word_1_418' title='bbox 2110 5438 2157 5493; x_wconf 91' lang='lat' dir='ltr'>si</span> 
     </span>
    </p>
   </div>
   <div class='ocr_carea' id='block_1_60' title="bbox 570 5577 2155 5663">
    <p class='ocr_par' dir='ltr' id='par_1_60' title="bbox 570 5577 2155 5663">
     <span class='ocr_line' id='line_1_60' title="bbox 570 5577 2155 5663; baseline 0.008 -17"><span class='ocrx_word' id='word_1_419' title='bbox 570 5602 586 5634; x_wconf 77' lang='grc' dir='ltr'>ί</span> <span class='ocrx_word' id='word_1_420' title='bbox 617 5599 674 5663; x_wconf 79' lang='lat' dir='ltr'>in</span> <span class='ocrx_word' id='word_1_421' title='bbox 696 5598 927 5658; x_wconf 85' lang='lat' dir='ltr'>vulgatis</span> <span class='ocrx_word' id='word_1_422' title='bbox 951 5599 1191 5655; x_wconf 87' lang='lat' dir='ltr'>habetur,</span> <span class='ocrx_word' id='word_1_423' title='bbox 1215 5600 1394 5663; x_wconf 76' lang='lat' dir='ltr'>quibus</span> <span class='ocrx_word' id='word_1_424' title='bbox 1419 5603 1569 5652; x_wconf 81' lang='lat' dir='ltr'>etiam</span> <span class='ocrx_word' id='word_1_425' title='bbox 1589 5577 1741 5651; x_wconf 66' lang='lat' dir='ltr'>~nobis</span> <span class='ocrx_word' id='word_1_426' title='bbox 1765 5619 1869 5654; x_wconf 80' lang='lat' dir='ltr'>non</span> <span class='ocrx_word' id='word_1_427' title='bbox 1894 5607 2033 5658; x_wconf 72' lang='lat' dir='ltr'>visis.</span> <span class='ocrx_word' id='word_1_428' title='bbox 2060 5609 2155 5659; x_wconf 85' lang='lat' dir='ltr'>Ex-</span> 
     </span>
    </p>
   </div>
   <div class='ocr_carea' id='block_1_61' title="bbox 506 5661 2017 5731">
    <p class='ocr_par' dir='ltr' id='par_1_61' title="bbox 506 5661 2017 5731">
     <span class='ocr_line' id='line_1_61' title="bbox 506 5661 2017 5731; baseline 0.008 -23"><span class='ocrx_word' id='word_1_429' title='bbox 506 5661 800 5731; x_wconf 82' lang='lat' dir='ltr'>punximus</span> <span class='ocrx_word' id='word_1_430' title='bbox 829 5672 1014 5708; x_wconf 88' lang='lat' dir='ltr'>vocem</span> <span class='ocrx_word' id='word_1_431' title='bbox 1042 5661 1350 5725; x_wconf 46' lang='lat' dir='ltr'>nobis—qua:</span> <span class='ocrx_word' id='word_1_432' title='bbox 1384 5666 1535 5715; x_wconf 85' lang='lat' dir='ltr'>abest</span> <span class='ocrx_word' id='word_1_433' title='bbox 1562 5665 1627 5715; x_wconf 89' lang='lat' dir='ltr'>ab</span> <span class='ocrx_word' id='word_1_434' title='bbox 1652 5666 1859 5731; x_wconf 87' lang='lat' dir='ltr'>aliquot</span> <span class='ocrx_word' id='word_1_435' title='bbox 1886 5669 2017 5720; x_wconf 87' lang='lat' dir='ltr'>Mss.</span> 
     </span>
    </p>
   </div>
   <div class='ocr_carea' id='block_1_62' title="bbox 1822 175 2668 234">
    <p class='ocr_par' dir='ltr' id='par_1_62' title="bbox 1822 175 2668 234">
     <span class='ocr_line' id='line_1_62' title="bbox 1822 175 2668 234; baseline -0.002 -2"><span class='ocrx_word' id='word_1_436' title='bbox 1822 178 1882 234; x_wconf 89' lang='lat' dir='ltr'>S.</span> <span class='ocrx_word' id='word_1_437' title='bbox 1923 175 2306 233; x_wconf 87' lang='lat' dir='ltr'>AUGUSTINI</span> <span class='ocrx_word' id='word_1_438' title='bbox 2347 175 2668 234; x_wconf 83' lang='lat' dir='ltr'>EPISCOPI</span> 
     </span>
    </p>
   </div>
   <div class='ocr_carea' id='block_1_63' title="bbox 3831 186 3924 243">
    <p class='ocr_par' dir='ltr' id='par_1_63' title="bbox 3831 186 3924 243">
     <span class='ocr_line' id='line_1_63' title="bbox 3831 186 3924 243; baseline 0.032 -3"><span class='ocrx_word' id='word_1_439' title='bbox 3831 186 3924 243; x_wconf 35' lang='lat'>6&#39;16</span> 
     </span>
    </p>
   </div>
   <div class='ocr_carea' id='block_1_64' title="bbox 2307 301 3931 377">
    <p class='ocr_par' dir='ltr' id='par_1_64' title="bbox 2307 301 3931 377">
     <span class='ocr_line' id='line_1_64' title="bbox 2307 301 3931 377; baseline 0.006 -22"><span class='ocrx_word' id='word_1_440' title='bbox 2307 316 2428 356; x_wconf 93' lang='lat' dir='ltr'>non</span> <span class='ocrx_word' id='word_1_441' title='bbox 2477 307 2647 372; x_wconf 89' lang='lat' dir='ltr'>potes</span> <span class='ocrx_word' id='word_1_442' title='bbox 2688 301 3072 357; x_wconf 84' lang='lat' dir='ltr'>omnifariam</span> <span class='ocrx_word' id='word_1_443' title='bbox 3126 303 3536 374; x_wconf 86' lang='lat' dir='ltr'>corporalium</span> <span class='ocrx_word' id='word_1_444' title='bbox 3593 308 3931 377; x_wconf 87' lang='lat' dir='ltr'>qualitatum</span> 
     </span>
    </p>
   </div>
   <div class='ocr_carea' id='block_1_65' title="bbox 2307 390 3930 469">
    <p class='ocr_par' dir='ltr' id='par_1_65' title="bbox 2307 390 3930 469">
     <span class='ocr_line' id='line_1_65' title="bbox 2307 390 3930 469; baseline 0.006 -24"><span class='ocrx_word' id='word_1_445' title='bbox 2307 390 2693 460; x_wconf 89' lang='lat' dir='ltr'>imaginarias</span> <span class='ocrx_word' id='word_1_446' title='bbox 2725 391 2948 447; x_wconf 88' lang='lat' dir='ltr'>formas</span> <span class='ocrx_word' id='word_1_447' title='bbox 2977 392 3055 446; x_wconf 91' lang='lat' dir='ltr'>ab</span> <span class='ocrx_word' id='word_1_448' title='bbox 3099 392 3224 447; x_wconf 88' lang='lat' dir='ltr'>acie</span> <span class='ocrx_word' id='word_1_449' title='bbox 3260 397 3378 447; x_wconf 76' lang='lat' dir='ltr'>tuae</span> <span class='ocrx_word' id='word_1_450' title='bbox 3423 394 3640 450; x_wconf 89' lang='lat' dir='ltr'>mentis</span> <span class='ocrx_word' id='word_1_451' title='bbox 3671 395 3892 467; x_wconf 86' lang='lat' dir='ltr'>abigere</span> <span class='ocrx_word' id='word_1_452' title='bbox 3919 419 3930 469; x_wconf 90' lang='lat'>;</span> 
     </span>
    </p>
   </div>
   <div class='ocr_carea' id='block_1_66' title="bbox 2305 480 3929 554">
    <p class='ocr_par' dir='ltr' id='par_1_66' title="bbox 2305 480 3929 554">
     <span class='ocr_line' id='line_1_66' title="bbox 2305 480 3929 554; baseline 0.006 -20"><span class='ocrx_word' id='word_1_453' title='bbox 2305 484 2361 534; x_wconf 90' lang='lat' dir='ltr'>et</span> <span class='ocrx_word' id='word_1_454' title='bbox 2394 481 2549 535; x_wconf 91' lang='lat' dir='ltr'>unde</span> <span class='ocrx_word' id='word_1_455' title='bbox 2577 480 2849 546; x_wconf 90' lang='lat' dir='ltr'>vinceris,</span> <span class='ocrx_word' id='word_1_456' title='bbox 2882 480 3020 535; x_wconf 91' lang='lat' dir='ltr'>inde</span> <span class='ocrx_word' id='word_1_457' title='bbox 3048 481 3361 536; x_wconf 90' lang='lat' dir='ltr'>convince.</span> <span class='ocrx_word' id='word_1_458' title='bbox 3407 484 3611 554; x_wconf 84' lang='lat' dir='ltr'>Neque</span> <span class='ocrx_word' id='word_1_459' title='bbox 3642 487 3793 540; x_wconf 91' lang='lat' dir='ltr'>enim</span> <span class='ocrx_word' id='word_1_460' title='bbox 3839 497 3929 554; x_wconf 87' lang='lat' dir='ltr'>est,</span> 
     </span>
    </p>
   </div>
   <div class='ocr_carea' id='block_1_67' title="bbox 2309 568 3934 640">
    <p class='ocr_par' dir='ltr' id='par_1_67' title="bbox 2309 568 3934 640">
     <span class='ocr_line' id='line_1_67' title="bbox 2309 568 3934 640; baseline 0.006 -19"><span class='ocrx_word' id='word_1_461' title='bbox 2309 568 2612 639; x_wconf 89' lang='lat' dir='ltr'>utopinor,</span> <span class='ocrx_word' id='word_1_462' title='bbox 2636 569 2958 640; x_wconf 90' lang='lat' dir='ltr'>quisquam</span> <span class='ocrx_word' id='word_1_463' title='bbox 2977 568 3155 624; x_wconf 90' lang='lat' dir='ltr'>etiam</span> <span class='ocrx_word' id='word_1_464' title='bbox 3181 568 3407 625; x_wconf 89' lang='lat' dir='ltr'>talibus</span> <span class='ocrx_word' id='word_1_465' title='bbox 3430 571 3934 639; x_wconf 87' lang='lat' dir='ltr'>imaginationibus</span> 
     </span>
    </p>
   </div>
   <div class='ocr_carea' id='block_1_68' title="bbox 2304 657 3935 733">
    <p class='ocr_par' dir='ltr' id='par_1_68' title="bbox 2304 657 3935 733">
     <span class='ocr_line' id='line_1_68' title="bbox 2304 657 3935 733; baseline 0.005 -22"><span class='ocrx_word' id='word_1_466' title='bbox 2304 659 2383 712; x_wconf 89' lang='lat' dir='ltr'>ita</span> <span class='ocrx_word' id='word_1_467' title='bbox 2413 657 2672 728; x_wconf 91' lang='lat' dir='ltr'>deditus,</span> <span class='ocrx_word' id='word_1_468' title='bbox 2701 662 2761 712; x_wconf 88' lang='lat' dir='ltr'>ut</span> <span class='ocrx_word' id='word_1_469' title='bbox 2791 657 2994 713; x_wconf 90' lang='lat' dir='ltr'>credat</span> <span class='ocrx_word' id='word_1_470' title='bbox 3027 658 3109 712; x_wconf 91' lang='lat' dir='ltr'>sic</span> <span class='ocrx_word' id='word_1_471' title='bbox 3138 674 3268 712; x_wconf 91' lang='lat' dir='ltr'>esse</span> <span class='ocrx_word' id='word_1_472' title='bbox 3299 658 3363 713; x_wconf 93' lang='lat' dir='ltr'>in</span> <span class='ocrx_word' id='word_1_473' title='bbox 3388 662 3684 717; x_wconf 90' lang='lat' dir='ltr'>memoria</span> <span class='ocrx_word' id='word_1_474' title='bbox 3711 679 3831 733; x_wconf 84' lang='lat' dir='ltr'>sua,</span> <span class='ocrx_word' id='word_1_475' title='bbox 3861 666 3935 721; x_wconf 87' lang='lat' dir='ltr'>vel</span> 
     </span>
    </p>
   </div>
   <div class='ocr_carea' id='block_1_69' title="bbox 2303 745 3937 819">
    <p class='ocr_par' dir='ltr' id='par_1_69' title="bbox 2303 745 3937 819">
     <span class='ocr_line' id='line_1_69' title="bbox 2303 745 3937 819; baseline 0.005 -20"><span class='ocrx_word' id='word_1_476' title='bbox 2303 745 2360 800; x_wconf 91' lang='lat' dir='ltr'>in</span> <span class='ocrx_word' id='word_1_477' title='bbox 2385 746 2514 816; x_wconf 90' lang='lat' dir='ltr'>ipso</span> <span class='ocrx_word' id='word_1_478' title='bbox 2553 752 2876 818; x_wconf 89' lang='lat' dir='ltr'>conspectu</span> <span class='ocrx_word' id='word_1_479' title='bbox 2898 747 3273 818; x_wconf 87' lang='lat' dir='ltr'>cogitationis</span> <span class='ocrx_word' id='word_1_480' title='bbox 3303 765 3458 816; x_wconf 65' lang='lat' dir='ltr'>sum,</span> <span class='ocrx_word' id='word_1_481' title='bbox 3491 749 3702 816; x_wconf 90' lang='lat' dir='ltr'>solem,</span> <span class='ocrx_word' id='word_1_482' title='bbox 3734 751 3937 819; x_wconf 91' lang='lat' dir='ltr'>lunam,</span> 
     </span>
    </p>
   </div>
   <div class='ocr_carea' id='block_1_70' title="bbox 2303 834 3940 911">
    <p class='ocr_par' dir='ltr' id='par_1_70' title="bbox 2303 834 3940 911">
     <span class='ocr_line' id='line_1_70' title="bbox 2303 834 3940 911; baseline 0.005 -23"><span class='ocrx_word' id='word_1_483' title='bbox 2303 834 2520 900; x_wconf 86' lang='lat' dir='ltr'>stellas,</span> <span class='ocrx_word' id='word_1_484' title='bbox 2546 851 2774 900; x_wconf 86' lang='lat' dir='ltr'>amnes,</span> <span class='ocrx_word' id='word_1_485' title='bbox 2803 836 3010 901; x_wconf 88' lang='lat' dir='ltr'>maria,</span> <span class='ocrx_word' id='word_1_486' title='bbox 3040 840 3296 901; x_wconf 90' lang='lat' dir='ltr'>montes,</span> <span class='ocrx_word' id='word_1_487' title='bbox 3322 836 3531 901; x_wconf 90' lang='lat' dir='ltr'>colles,</span> <span class='ocrx_word' id='word_1_488' title='bbox 3551 838 3747 904; x_wconf 89' lang='lat' dir='ltr'>urbes,</span> <span class='ocrx_word' id='word_1_489' title='bbox 3772 842 3940 911; x_wconf 89' lang='lat' dir='ltr'>parie-</span> 
     </span>
    </p>
   </div>
   <div class='ocr_carea' id='block_1_71' title="bbox 2303 924 3941 996">
    <p class='ocr_par' dir='ltr' id='par_1_71' title="bbox 2303 924 3941 996">
     <span class='ocr_line' id='line_1_71' title="bbox 2303 924 3941 996; baseline 0.004 -17"><span class='ocrx_word' id='word_1_490' title='bbox 2303 927 2387 979; x_wconf 89' lang='lat' dir='ltr'>tes</span> <span class='ocrx_word' id='word_1_491' title='bbox 2420 924 2680 996; x_wconf 90' lang='lat' dir='ltr'>denique</span> <span class='ocrx_word' id='word_1_492' title='bbox 2711 926 2930 981; x_wconf 92' lang='lat' dir='ltr'>domus</span> <span class='ocrx_word' id='word_1_493' title='bbox 2962 941 3105 991; x_wconf 65' lang='lat' dir='ltr'>suae,</span> <span class='ocrx_word' id='word_1_494' title='bbox 3140 925 3227 980; x_wconf 89' lang='lat' dir='ltr'>vel</span> <span class='ocrx_word' id='word_1_495' title='bbox 3255 927 3442 981; x_wconf 89' lang='lat' dir='ltr'>etiam</span> <span class='ocrx_word' id='word_1_496' title='bbox 3477 928 3734 982; x_wconf 90' lang='lat' dir='ltr'>cubiculi</span> <span class='ocrx_word' id='word_1_497' title='bbox 3761 932 3862 996; x_wconf 90' lang='lat' dir='ltr'>sui,</span> <span class='ocrx_word' id='word_1_498' title='bbox 3892 937 3941 986; x_wconf 88' lang='lat' dir='ltr'>et</span> 
     </span>
    </p>
   </div>
   <div class='ocr_carea' id='block_1_72' title="bbox 2301 1012 3937 1085">
    <p class='ocr_par' dir='ltr' id='par_1_72' title="bbox 2301 1012 3937 1085">
     <span class='ocr_line' id='line_1_72' title="bbox 2301 1012 3937 1085; baseline 0.006 -19"><span class='ocrx_word' id='word_1_499' title='bbox 2301 1012 2594 1084; x_wconf 89' lang='lat' dir='ltr'>quidquid</span> <span class='ocrx_word' id='word_1_500' title='bbox 2620 1029 2721 1084; x_wconf 89' lang='lat' dir='ltr'>per</span> <span class='ocrx_word' id='word_1_501' title='bbox 2743 1013 2948 1069; x_wconf 92' lang='lat' dir='ltr'>oculos</span> <span class='ocrx_word' id='word_1_502' title='bbox 2973 1014 3243 1085; x_wconf 90' lang='lat' dir='ltr'>corporis</span> <span class='ocrx_word' id='word_1_503' title='bbox 3269 1015 3388 1070; x_wconf 90' lang='lat' dir='ltr'>tale</span> <span class='ocrx_word' id='word_1_504' title='bbox 3402 1015 3687 1084; x_wconf 82' lang='lat' dir='ltr'>cognovit</span> <span class='ocrx_word' id='word_1_505' title='bbox 3712 1022 3764 1073; x_wconf 90' lang='lat' dir='ltr'>et</span> <span class='ocrx_word' id='word_1_506' title='bbox 3785 1022 3937 1084; x_wconf 88' lang='lat' dir='ltr'>tenet,</span> 
     </span>
    </p>
   </div>
   <div class='ocr_carea' id='block_1_73' title="bbox 2302 1101 3941 1173">
    <p class='ocr_par' dir='ltr' id='par_1_73' title="bbox 2302 1101 3941 1173">
     <span class='ocr_line' id='line_1_73' title="bbox 2302 1101 3941 1173; baseline 0.004 -18"><span class='ocrx_word' id='word_1_507' title='bbox 2302 1107 2365 1156; x_wconf 91' lang='lat' dir='ltr'>ut</span> <span class='ocrx_word' id='word_1_508' title='bbox 2395 1101 2662 1156; x_wconf 91' lang='lat' dir='ltr'>locorum</span> <span class='ocrx_word' id='word_1_509' title='bbox 2695 1103 2901 1172; x_wconf 91' lang='lat' dir='ltr'>spatiis</span> <span class='ocrx_word' id='word_1_510' title='bbox 2923 1107 3101 1173; x_wconf 89' lang='lat' dir='ltr'>atque</span> <span class='ocrx_word' id='word_1_511' title='bbox 3124 1103 3455 1159; x_wconf 90' lang='lat' dir='ltr'>intervallis</span> <span class='ocrx_word' id='word_1_512' title='bbox 3488 1104 3613 1159; x_wconf 90' lang='lat' dir='ltr'>sive</span> <span class='ocrx_word' id='word_1_513' title='bbox 3646 1112 3807 1173; x_wconf 89' lang='lat' dir='ltr'>stent,</span> <span class='ocrx_word' id='word_1_514' title='bbox 3837 1109 3941 1162; x_wconf 86' lang='lat' dir='ltr'>sive</span> 
     </span>
    </p>
   </div>
   <div class='ocr_carea' id='block_1_74' title="bbox 2299 1191 3936 1263">
    <p class='ocr_par' dir='ltr' id='par_1_74' title="bbox 2299 1191 3936 1263">
     <span class='ocr_line' id='line_1_74' title="bbox 2299 1191 3936 1263; baseline 0.005 -18"><span class='ocrx_word' id='word_1_515' title='bbox 2299 1195 2670 1246; x_wconf 89' lang='lat' dir='ltr'>moveantur.</span> <span class='ocrx_word' id='word_1_516' title='bbox 2699 1194 2877 1247; x_wconf 89' lang='lat' dir='ltr'>Porro</span> <span class='ocrx_word' id='word_1_517' title='bbox 2911 1191 2958 1246; x_wconf 92' lang='lat' dir='ltr'>si</span> <span class='ocrx_word' id='word_1_518' title='bbox 2986 1208 3055 1247; x_wconf 90' lang='lat' dir='ltr'>ea</span> <span class='ocrx_word' id='word_1_519' title='bbox 3085 1208 3218 1263; x_wconf 66' lang='lat' dir='ltr'>quae</span> <span class='ocrx_word' id='word_1_520' title='bbox 3250 1193 3308 1247; x_wconf 94' lang='lat' dir='ltr'>in</span> <span class='ocrx_word' id='word_1_521' title='bbox 3337 1192 3552 1248; x_wconf 89' lang='lat' dir='ltr'>animo</span> <span class='ocrx_word' id='word_1_522' title='bbox 3587 1201 3785 1250; x_wconf 90' lang='lat' dir='ltr'>nostro</span> <span class='ocrx_word' id='word_1_523' title='bbox 3815 1201 3936 1254; x_wconf 88' lang='lat' dir='ltr'>sunt</span> 
     </span>
    </p>
   </div>
   <div class='ocr_carea' id='block_1_75' title="bbox 2301 1279 3934 1352">
    <p class='ocr_par' dir='ltr' id='par_1_75' title="bbox 2301 1279 3934 1352">
     <span class='ocr_line' id='line_1_75' title="bbox 2301 1279 3934 1352; baseline 0.003 -17"><span class='ocrx_word' id='word_1_524' title='bbox 2301 1279 2932 1352; x_wconf 88' lang='lat' dir='ltr'>corporibuslocisque</span> <span class='ocrx_word' id='word_1_525' title='bbox 2953 1280 3280 1347; x_wconf 89' lang='lat' dir='ltr'>simillima,</span> <span class='ocrx_word' id='word_1_526' title='bbox 3298 1297 3424 1338; x_wconf 89' lang='lat' dir='ltr'>non</span> <span class='ocrx_word' id='word_1_527' title='bbox 3457 1286 3661 1337; x_wconf 90' lang='lat' dir='ltr'>tamen</span> <span class='ocrx_word' id='word_1_528' title='bbox 3687 1283 3934 1340; x_wconf 90' lang='lat' dir='ltr'>locorum</span> 
     </span>
    </p>
   </div>
   <div class='ocr_carea' id='block_1_76' title="bbox 2301 1368 3936 1440">
    <p class='ocr_par' dir='ltr' id='par_1_76' title="bbox 2301 1368 3936 1440">
     <span class='ocr_line' id='line_1_76' title="bbox 2301 1368 3936 1440; baseline 0.004 -18"><span class='ocrx_word' id='word_1_529' title='bbox 2301 1369 2508 1440; x_wconf 90' lang='lat' dir='ltr'>spatiis</span> <span class='ocrx_word' id='word_1_530' title='bbox 2527 1373 2703 1438; x_wconf 89' lang='lat' dir='ltr'>atque</span> <span class='ocrx_word' id='word_1_531' title='bbox 2719 1368 2933 1424; x_wconf 84' lang='lat' dir='ltr'>finibus</span> <span class='ocrx_word' id='word_1_532' title='bbox 2960 1370 3362 1438; x_wconf 86' lang='lat' dir='ltr'>continentur,</span> <span class='ocrx_word' id='word_1_533' title='bbox 3389 1387 3504 1426; x_wconf 90' lang='lat' dir='ltr'>nec</span> <span class='ocrx_word' id='word_1_534' title='bbox 3533 1370 3848 1428; x_wconf 84' lang='lat' dir='ltr'>intervallis</span> <span class='ocrx_word' id='word_1_535' title='bbox 3870 1373 3936 1428; x_wconf 92' lang='lat' dir='ltr'>lo-</span> 
     </span>
    </p>
   </div>
   <div class='ocr_carea' id='block_1_77' title="bbox 2301 1458 3939 1533">
    <p class='ocr_par' dir='ltr' id='par_1_77' title="bbox 2301 1458 3939 1533">
     <span class='ocr_line' id='line_1_77' title="bbox 2301 1458 3939 1533; baseline 0.004 -21"><span class='ocrx_word' id='word_1_536' title='bbox 2301 1458 2528 1513; x_wconf 89' lang='lat' dir='ltr'>calibus</span> <span class='ocrx_word' id='word_1_537' title='bbox 2562 1459 2622 1512; x_wconf 92' lang='lat' dir='ltr'>in</span> <span class='ocrx_word' id='word_1_538' title='bbox 2664 1464 2868 1514; x_wconf 91' lang='lat' dir='ltr'>nostra</span> <span class='ocrx_word' id='word_1_539' title='bbox 2900 1460 3193 1514; x_wconf 91' lang='lat' dir='ltr'>memoria</span> <span class='ocrx_word' id='word_1_540' title='bbox 3248 1466 3634 1530; x_wconf 91' lang='lat' dir='ltr'>reponuntur</span> <span class='ocrx_word' id='word_1_541' title='bbox 3687 1479 3699 1527; x_wconf 91' lang='lat'>;</span> <span class='ocrx_word' id='word_1_542' title='bbox 3739 1470 3939 1533; x_wconf 88' lang='lat' dir='ltr'>quanto</span> 
     </span>
    </p>
   </div>
   <div class='ocr_carea' id='block_1_78' title="bbox 2301 1547 3940 1619">
    <p class='ocr_par' dir='ltr' id='par_1_78' title="bbox 2301 1547 3940 1619">
     <span class='ocr_line' id='line_1_78' title="bbox 2301 1547 3940 1619; baseline 0.003 -18"><span class='ocrx_word' id='word_1_543' title='bbox 2301 1547 2494 1617; x_wconf 87' lang='lat' dir='ltr'>magis</span> <span class='ocrx_word' id='word_1_544' title='bbox 2533 1547 2628 1602; x_wconf 90' lang='lat' dir='ltr'>illa</span> <span class='ocrx_word' id='word_1_545' title='bbox 2655 1563 2790 1619; x_wconf 75' lang='lat' dir='ltr'>quae</span> <span class='ocrx_word' id='word_1_546' title='bbox 2838 1548 3066 1602; x_wconf 86' lang='lat' dir='ltr'>nullam</span> <span class='ocrx_word' id='word_1_547' title='bbox 3101 1553 3312 1616; x_wconf 90' lang='lat' dir='ltr'>gerunt</span> <span class='ocrx_word' id='word_1_548' title='bbox 3341 1549 3803 1604; x_wconf 89' lang='lat' dir='ltr'>similitudinem</span> <span class='ocrx_word' id='word_1_549' title='bbox 3830 1566 3940 1607; x_wconf 87' lang='lat' dir='ltr'>cor-</span> 
     </span>
    </p>
   </div>
   <div class='ocr_carea' id='block_1_79' title="bbox 2299 1635 3938 1709">
    <p class='ocr_par' dir='ltr' id='par_1_79' title="bbox 2299 1635 3938 1709">
     <span class='ocr_line' id='line_1_79' title="bbox 2299 1635 3938 1709; baseline 0.003 -19"><span class='ocrx_word' id='word_1_550' title='bbox 2299 1652 2535 1706; x_wconf 90' lang='lat' dir='ltr'>porum,</span> <span class='ocrx_word' id='word_1_551' title='bbox 2570 1636 2848 1699; x_wconf 90' lang='lat' dir='ltr'>charitas,</span> <span class='ocrx_word' id='word_1_552' title='bbox 2874 1635 3187 1705; x_wconf 90' lang='lat' dir='ltr'>gaudium,</span> <span class='ocrx_word' id='word_1_553' title='bbox 3220 1636 3679 1708; x_wconf 89' lang='lat' dir='ltr'>longanimitas,</span> <span class='ocrx_word' id='word_1_554' title='bbox 3706 1654 3835 1709; x_wconf 81' lang='lat' dir='ltr'>pax,</span> <span class='ocrx_word' id='word_1_555' title='bbox 3855 1639 3938 1695; x_wconf 89' lang='lat' dir='ltr'>be-</span> 
     </span>
    </p>
   </div>
   <div class='ocr_carea' id='block_1_80' title="bbox 2297 1724 3934 1793">
    <p class='ocr_par' dir='ltr' id='par_1_80' title="bbox 2297 1724 3934 1793">
     <span class='ocr_line' id='line_1_80' title="bbox 2297 1724 3934 1793; baseline 0.002 -14"><span class='ocrx_word' id='word_1_556' title='bbox 2297 1726 2579 1793; x_wconf 88' lang='lat' dir='ltr'>nignitas,</span> <span class='ocrx_word' id='word_1_557' title='bbox 2615 1725 2872 1789; x_wconf 89' lang='lat' dir='ltr'>bonitas,</span> <span class='ocrx_word' id='word_1_558' title='bbox 2905 1724 3075 1789; x_wconf 87' lang='lat' dir='ltr'>ﬁdes,</span> <span class='ocrx_word' id='word_1_559' title='bbox 3110 1727 3546 1790; x_wconf 90' lang='lat' dir='ltr'>mansuetudo,</span> <span class='ocrx_word' id='word_1_560' title='bbox 3573 1728 3934 1793; x_wconf 88' lang='lat' dir='ltr'>continentia,</span> 
     </span>
    </p>
   </div>
   <div class='ocr_carea' id='block_1_81' title="bbox 2296 1813 3933 1886">
    <p class='ocr_par' dir='ltr' id='par_1_81' title="bbox 2296 1813 3933 1886">
     <span class='ocr_line' id='line_1_81' title="bbox 2296 1813 3933 1886; baseline 0.002 -18"><span class='ocrx_word' id='word_1_561' title='bbox 2296 1813 2460 1869; x_wconf 90' lang='lat' dir='ltr'>nulla</span> <span class='ocrx_word' id='word_1_562' title='bbox 2485 1814 2753 1869; x_wconf 83' lang='lat' dir='ltr'>locorum</span> <span class='ocrx_word' id='word_1_563' title='bbox 2769 1813 3194 1884; x_wconf 89' lang='lat' dir='ltr'>spatiatenent,</span> <span class='ocrx_word' id='word_1_564' title='bbox 3215 1814 3838 1886; x_wconf 90' lang='lat' dir='ltr'>nullaintercapedine</span> <span class='ocrx_word' id='word_1_565' title='bbox 3862 1833 3933 1871; x_wconf 89' lang='lat' dir='ltr'>se-</span> 
     </span>
    </p>
   </div>
   <div class='ocr_carea' id='block_1_82' title="bbox 2295 1902 3931 1974">
    <p class='ocr_par' dir='ltr' id='par_1_82' title="bbox 2295 1902 3931 1974">
     <span class='ocr_line' id='line_1_82' title="bbox 2295 1902 3931 1974; baseline 0.001 -16"><span class='ocrx_word' id='word_1_566' title='bbox 2295 1909 2602 1974; x_wconf 86' lang='lat' dir='ltr'>parantur,</span> <span class='ocrx_word' id='word_1_567' title='bbox 2623 1908 2726 1958; x_wconf 92' lang='lat' dir='ltr'>aut</span> <span class='ocrx_word' id='word_1_568' title='bbox 2754 1902 2956 1974; x_wconf 91' lang='lat' dir='ltr'>aliqua</span> <span class='ocrx_word' id='word_1_569' title='bbox 2985 1902 3140 1957; x_wconf 91' lang='lat' dir='ltr'>oculi</span> <span class='ocrx_word' id='word_1_570' title='bbox 3171 1903 3394 1972; x_wconf 85' lang='lat' dir='ltr'>cordis,</span> <span class='ocrx_word' id='word_1_571' title='bbox 3427 1920 3554 1974; x_wconf 91' lang='lat' dir='ltr'>quo</span> <span class='ocrx_word' id='word_1_572' title='bbox 3588 1903 3784 1959; x_wconf 87' lang='lat' dir='ltr'>radios</span> <span class='ocrx_word' id='word_1_573' title='bbox 3813 1921 3931 1959; x_wconf 88' lang='lat' dir='ltr'>suos</span> 
     </span>
    </p>
   </div>
   <div class='ocr_carea' id='block_1_83' title="bbox 2295 1991 3933 2063">
    <p class='ocr_par' dir='ltr' id='par_1_83' title="bbox 2295 1991 3933 2063">
     <span class='ocr_line' id='line_1_83' title="bbox 2295 1991 3933 2063; baseline 0.001 -17"><span class='ocrx_word' id='word_1_574' title='bbox 2295 1993 2530 2047; x_wconf 87' lang='lat' dir='ltr'>mittant</span> <span class='ocrx_word' id='word_1_575' title='bbox 2557 1998 2699 2047; x_wconf 90' lang='lat' dir='ltr'>etea</span> <span class='ocrx_word' id='word_1_576' title='bbox 2722 1991 2979 2060; x_wconf 82' lang='lat' dir='ltr'>videant,</span> <span class='ocrx_word' id='word_1_577' title='bbox 3014 1991 3324 2047; x_wconf 89' lang='lat' dir='ltr'>intervalla</span> <span class='ocrx_word' id='word_1_578' title='bbox 3355 1993 3730 2063; x_wconf 89' lang='lat' dir='ltr'>conquirunt</span> <span class='ocrx_word' id='word_1_579' title='bbox 3761 1993 3772 2047; x_wconf 83' lang='lat' dir='ltr'>l</span> <span class='ocrx_word' id='word_1_580' title='bbox 3803 1996 3933 2048; x_wconf 86' lang='lat' dir='ltr'>Non-</span> 
     </span>
    </p>
   </div>
   <div class='ocr_carea' id='block_1_84' title="bbox 2293 2080 3927 2152">
    <p class='ocr_par' dir='ltr' id='par_1_84' title="bbox 2293 2080 3927 2152">
     <span class='ocr_line' id='line_1_84' title="bbox 2293 2080 3927 2152; baseline 0.001 -16"><span class='ocrx_word' id='word_1_581' title='bbox 2293 2097 2367 2136; x_wconf 90' lang='lat' dir='ltr'>ne</span> <span class='ocrx_word' id='word_1_582' title='bbox 2398 2080 2604 2136; x_wconf 90' lang='lat' dir='ltr'>omnia</span> <span class='ocrx_word' id='word_1_583' title='bbox 2636 2080 2695 2135; x_wconf 93' lang='lat' dir='ltr'>in</span> <span class='ocrx_word' id='word_1_584' title='bbox 2729 2096 2847 2135; x_wconf 92' lang='lat' dir='ltr'>uno</span> <span class='ocrx_word' id='word_1_585' title='bbox 2876 2085 3016 2134; x_wconf 89' lang='lat' dir='ltr'>sunt</span> <span class='ocrx_word' id='word_1_586' title='bbox 3046 2081 3170 2135; x_wconf 93' lang='lat' dir='ltr'>sine</span> <span class='ocrx_word' id='word_1_587' title='bbox 3202 2081 3515 2152; x_wconf 84' lang='lat' dir='ltr'>angustia,</span> <span class='ocrx_word' id='word_1_588' title='bbox 3547 2087 3604 2136; x_wconf 88' lang='lat' dir='ltr'>et</span> <span class='ocrx_word' id='word_1_589' title='bbox 3631 2082 3754 2136; x_wconf 88' lang='lat' dir='ltr'>suis</span> <span class='ocrx_word' id='word_1_590' title='bbox 3785 2084 3800 2117; x_wconf 90' lang='grc'>¹</span> <span class='ocrx_word' id='word_1_591' title='bbox 3839 2089 3927 2137; x_wconf 89' lang='lat' dir='ltr'>ter-</span> 
     </span>
    </p>
   </div>
   <div class='ocr_carea' id='block_1_85' title="bbox 2294 2168 3927 2238">
    <p class='ocr_par' dir='ltr' id='par_1_85' title="bbox 2294 2168 3927 2238">
     <span class='ocr_line' id='line_1_85' title="bbox 2294 2168 3927 2238; baseline 0.001 -14"><span class='ocrx_word' id='word_1_592' title='bbox 2294 2169 2475 2224; x_wconf 90' lang='lat' dir='ltr'>minis</span> <span class='ocrx_word' id='word_1_593' title='bbox 2507 2175 2648 2225; x_wconf 91' lang='lat' dir='ltr'>nota</span> <span class='ocrx_word' id='word_1_594' title='bbox 2675 2173 2832 2232; x_wconf 89' lang='lat' dir='ltr'>sunt,</span> <span class='ocrx_word' id='word_1_595' title='bbox 2867 2168 2992 2224; x_wconf 91' lang='lat' dir='ltr'>sine</span> <span class='ocrx_word' id='word_1_596' title='bbox 3019 2169 3268 2224; x_wconf 90' lang='lat' dir='ltr'>circuitu</span> <span class='ocrx_word' id='word_1_597' title='bbox 3311 2172 3636 2238; x_wconf 90' lang='lat' dir='ltr'>regionum</span> <span class='ocrx_word' id='word_1_598' title='bbox 3668 2169 3695 2224; x_wconf 75' lang='lat' dir='ltr'>‘l</span> <span class='ocrx_word' id='word_1_599' title='bbox 3723 2172 3828 2226; x_wconf 86' lang='lat' dir='ltr'>Aut</span> <span class='ocrx_word' id='word_1_600' title='bbox 3850 2170 3927 2225; x_wconf 88' lang='lat' dir='ltr'>dic</span> 
     </span>
    </p>
   </div>
   <div class='ocr_carea' id='block_1_86' title="bbox 2291 2258 3924 2330">
    <p class='ocr_par' dir='ltr' id='par_1_86' title="bbox 2291 2258 3924 2330">
     <span class='ocr_line' id='line_1_86' title="bbox 2291 2258 3924 2330; baseline -0.001 -16"><span class='ocrx_word' id='word_1_601' title='bbox 2291 2260 2350 2314; x_wconf 93' lang='lat' dir='ltr'>in</span> <span class='ocrx_word' id='word_1_602' title='bbox 2373 2274 2493 2330; x_wconf 91' lang='lat' dir='ltr'>quo</span> <span class='ocrx_word' id='word_1_603' title='bbox 2521 2258 2650 2312; x_wconf 94' lang='lat' dir='ltr'>loco</span> <span class='ocrx_word' id='word_1_604' title='bbox 2683 2258 2885 2312; x_wconf 87' lang='lat' dir='ltr'>videas</span> <span class='ocrx_word' id='word_1_605' title='bbox 2907 2258 3254 2313; x_wconf 87' lang='lat' dir='ltr'>charitatern</span> <span class='ocrx_word' id='word_1_606' title='bbox 3281 2275 3294 2324; x_wconf 88' lang='lat'><strong>;</strong></span> <span class='ocrx_word' id='word_1_607' title='bbox 3325 2275 3466 2329; x_wconf 70' lang='lat' dir='ltr'>quas</span> <span class='ocrx_word' id='word_1_608' title='bbox 3497 2264 3702 2314; x_wconf 89' lang='lat' dir='ltr'>tamen</span> <span class='ocrx_word' id='word_1_609' title='bbox 3737 2259 3791 2313; x_wconf 90' lang='lat' dir='ltr'>in</span> <span class='ocrx_word' id='word_1_610' title='bbox 3820 2265 3924 2313; x_wconf 88' lang='lat' dir='ltr'>tan-</span> 
     </span>
    </p>
   </div>
   <div class='ocr_carea' id='block_1_87' title="bbox 2290 2347 3925 2418">
    <p class='ocr_par' dir='ltr' id='par_1_87' title="bbox 2290 2347 3925 2418">
     <span class='ocr_line' id='line_1_87' title="bbox 2290 2347 3925 2418; baseline -0.002 -15"><span class='ocrx_word' id='word_1_611' title='bbox 2290 2351 2419 2403; x_wconf 89' lang='lat' dir='ltr'>tum</span> <span class='ocrx_word' id='word_1_612' title='bbox 2452 2348 2551 2402; x_wconf 92' lang='lat' dir='ltr'>tibi</span> <span class='ocrx_word' id='word_1_613' title='bbox 2571 2348 2807 2416; x_wconf 89' lang='lat' dir='ltr'>cognita</span> <span class='ocrx_word' id='word_1_614' title='bbox 2837 2351 2944 2411; x_wconf 90' lang='lat' dir='ltr'>est,</span> <span class='ocrx_word' id='word_1_615' title='bbox 2974 2347 3031 2401; x_wconf 93' lang='lat' dir='ltr'>in</span> <span class='ocrx_word' id='word_1_616' title='bbox 3045 2353 3342 2418; x_wconf 90' lang='lat' dir='ltr'>quantum</span> <span class='ocrx_word' id='word_1_617' title='bbox 3370 2363 3510 2403; x_wconf 89' lang='lat' dir='ltr'>eam</span> <span class='ocrx_word' id='word_1_618' title='bbox 3547 2355 3713 2418; x_wconf 91' lang='lat' dir='ltr'>potes</span> <span class='ocrx_word' id='word_1_619' title='bbox 3740 2347 3925 2402; x_wconf 89' lang='lat' dir='ltr'>mentis</span> 
     </span>
    </p>
   </div>
   <div class='ocr_carea' id='block_1_88' title="bbox 2291 2435 3922 2508">
    <p class='ocr_par' dir='ltr' id='par_1_88' title="bbox 2291 2435 3922 2508">
     <span class='ocr_line' id='line_1_88' title="bbox 2291 2435 3922 2508; baseline -0.001 -16"><span class='ocrx_word' id='word_1_620' title='bbox 2291 2438 2415 2492; x_wconf 90' lang='lat' dir='ltr'>acie</span> <span class='ocrx_word' id='word_1_621' title='bbox 2436 2437 2700 2491; x_wconf 90' lang='lat' dir='ltr'>contueri</span> <span class='ocrx_word' id='word_1_622' title='bbox 2726 2453 2738 2490; x_wconf 93' lang='lat'>:</span> <span class='ocrx_word' id='word_1_623' title='bbox 2770 2451 2954 2508; x_wconf 90' lang='lat' dir='ltr'>quam</span> <span class='ocrx_word' id='word_1_624' title='bbox 2979 2451 3100 2490; x_wconf 92' lang='lat' dir='ltr'>non</span> <span class='ocrx_word' id='word_1_625' title='bbox 3124 2435 3257 2491; x_wconf 90' lang='lat' dir='ltr'>ideo</span> <span class='ocrx_word' id='word_1_626' title='bbox 3282 2451 3579 2505; x_wconf 88' lang='lat' dir='ltr'>magnam</span> <span class='ocrx_word' id='word_1_627' title='bbox 3612 2437 3783 2500; x_wconf 90' lang='lat' dir='ltr'>nosti,</span> <span class='ocrx_word' id='word_1_628' title='bbox 3802 2437 3922 2506; x_wconf 86' lang='lat' dir='ltr'>quia</span> 
     </span>
    </p>
   </div>
   <div class='ocr_carea' id='block_1_89' title="bbox 2288 2524 3919 2597">
    <p class='ocr_par' dir='ltr' id='par_1_89' title="bbox 2288 2524 3919 2597">
     <span class='ocr_line' id='line_1_89' title="bbox 2288 2524 3919 2597; baseline -0.002 -16"><span class='ocrx_word' id='word_1_629' title='bbox 2288 2526 2587 2596; x_wconf 87' lang='lat' dir='ltr'>ingentem</span> <span class='ocrx_word' id='word_1_630' title='bbox 2615 2525 2879 2597; x_wconf 89' lang='lat' dir='ltr'>aliquam</span> <span class='ocrx_word' id='word_1_631' title='bbox 2920 2524 3137 2580; x_wconf 89' lang='lat' dir='ltr'>molem</span> <span class='ocrx_word' id='word_1_632' title='bbox 3165 2526 3602 2596; x_wconf 90' lang='lat' dir='ltr'>conspiciendo</span> <span class='ocrx_word' id='word_1_633' title='bbox 3641 2525 3919 2591; x_wconf 82' lang='lat' dir='ltr'>lustrasti;</span> 
     </span>
    </p>
   </div>
   <div class='ocr_carea' id='block_1_90' title="bbox 2290 2612 3918 2685">
    <p class='ocr_par' dir='ltr' id='par_1_90' title="bbox 2290 2612 3918 2685">
     <span class='ocr_line' id='line_1_90' title="bbox 2290 2612 3918 2685; baseline -0.002 -17"><span class='ocrx_word' id='word_1_634' title='bbox 2290 2629 2399 2669; x_wconf 92' lang='lat' dir='ltr'>nec</span> <span class='ocrx_word' id='word_1_635' title='bbox 2428 2630 2566 2668; x_wconf 92' lang='lat' dir='ltr'>cum</span> <span class='ocrx_word' id='word_1_636' title='bbox 2591 2613 2695 2669; x_wconf 91' lang='lat' dir='ltr'>tibi</span> <span class='ocrx_word' id='word_1_637' title='bbox 2735 2614 2891 2668; x_wconf 92' lang='lat' dir='ltr'>intus</span> <span class='ocrx_word' id='word_1_638' title='bbox 2918 2613 3198 2685; x_wconf 89' lang='lat' dir='ltr'>loquitur,</span> <span class='ocrx_word' id='word_1_639' title='bbox 3233 2621 3294 2668; x_wconf 92' lang='lat' dir='ltr'>ut</span> <span class='ocrx_word' id='word_1_640' title='bbox 3323 2614 3667 2670; x_wconf 91' lang='lat' dir='ltr'>secundum</span> <span class='ocrx_word' id='word_1_641' title='bbox 3699 2629 3823 2669; x_wconf 90' lang='lat' dir='ltr'>eam</span> <span class='ocrx_word' id='word_1_642' title='bbox 3853 2612 3918 2666; x_wconf 87' lang='lat' dir='ltr'>vi-</span> 
     </span>
    </p>
   </div>
   <div class='ocr_carea' id='block_1_91' title="bbox 2291 2702 3919 2773">
    <p class='ocr_par' dir='ltr' id='par_1_91' title="bbox 2291 2702 3919 2773">
     <span class='ocr_line' id='line_1_91' title="bbox 2291 2702 3919 2773; baseline -0.001 -17"><span class='ocrx_word' id='word_1_643' title='bbox 2291 2717 2414 2770; x_wconf 89' lang='lat' dir='ltr'>vas,</span> <span class='ocrx_word' id='word_1_644' title='bbox 2446 2702 2574 2756; x_wconf 89' lang='lat' dir='ltr'>ullis</span> <span class='ocrx_word' id='word_1_645' title='bbox 2599 2703 2909 2773; x_wconf 86' lang='lat' dir='ltr'>perstrepit</span> <span class='ocrx_word' id='word_1_646' title='bbox 2934 2703 3123 2769; x_wconf 89' lang='lat' dir='ltr'>sonis;</span> <span class='ocrx_word' id='word_1_647' title='bbox 3153 2718 3262 2758; x_wconf 90' lang='lat' dir='ltr'>nec</span> <span class='ocrx_word' id='word_1_648' title='bbox 3298 2708 3359 2758; x_wconf 88' lang='lat' dir='ltr'>ut</span> <span class='ocrx_word' id='word_1_649' title='bbox 3395 2720 3535 2759; x_wconf 91' lang='lat' dir='ltr'>eam</span> <span class='ocrx_word' id='word_1_650' title='bbox 3566 2718 3790 2762; x_wconf 86' lang='lat' dir='ltr'>cernas,</span> <span class='ocrx_word' id='word_1_651' title='bbox 3815 2716 3919 2756; x_wconf 87' lang='lat' dir='ltr'>cor-</span> 
     </span>
    </p>
   </div>
   <div class='ocr_carea' id='block_1_92' title="bbox 2291 2789 3917 2862">
    <p class='ocr_par' dir='ltr' id='par_1_92' title="bbox 2291 2789 3917 2862">
     <span class='ocr_line' id='line_1_92' title="bbox 2291 2789 3917 2862; baseline -0.002 -17"><span class='ocrx_word' id='word_1_652' title='bbox 2291 2791 2585 2862; x_wconf 90' lang='lat' dir='ltr'>poralium</span> <span class='ocrx_word' id='word_1_653' title='bbox 2602 2791 2804 2845; x_wconf 88' lang='lat' dir='ltr'>lumen</span> <span class='ocrx_word' id='word_1_654' title='bbox 2831 2791 3003 2860; x_wconf 87' lang='lat' dir='ltr'>erigis</span> <span class='ocrx_word' id='word_1_655' title='bbox 3021 2791 3333 2846; x_wconf 90' lang='lat' dir='ltr'>oculorum</span> <span class='ocrx_word' id='word_1_656' title='bbox 3351 2808 3467 2848; x_wconf 88' lang='lat' dir='ltr'>nec</span> <span class='ocrx_word' id='word_1_657' title='bbox 3493 2798 3703 2847; x_wconf 90' lang='lat' dir='ltr'>uteam</span> <span class='ocrx_word' id='word_1_658' title='bbox 3723 2789 3917 2846; x_wconf 86' lang='lat' dir='ltr'>fortiter</span> 
     </span>
    </p>
   </div>
   <div class='ocr_carea' id='block_1_93' title="bbox 2290 2880 3915 2952">
    <p class='ocr_par' dir='ltr' id='par_1_93' title="bbox 2290 2880 3915 2952">
     <span class='ocr_line' id='line_1_93' title="bbox 2290 2880 3915 2952; baseline -0.004 -15"><span class='ocrx_word' id='word_1_659' title='bbox 2290 2880 2928 2951; x_wconf 88' lang='lat' dir='ltr'>teneas,corporalium</span> <span class='ocrx_word' id='word_1_660' title='bbox 2946 2881 3095 2935; x_wconf 90' lang='lat' dir='ltr'>vires</span> <span class='ocrx_word' id='word_1_661' title='bbox 3109 2897 3418 2952; x_wconf 65' lang='lat' dir='ltr'>praeparas</span> <span class='ocrx_word' id='word_1_662' title='bbox 3443 2882 3794 2936; x_wconf 89' lang='lat' dir='ltr'>lacertorum</span> <span class='ocrx_word' id='word_1_663' title='bbox 3812 2891 3915 2942; x_wconf 85' lang='lat' dir='ltr'>;nec</span> 
     </span>
    </p>
   </div>
   <div class='ocr_carea' id='block_1_94' title="bbox 2290 2969 3853 3041">
    <p class='ocr_par' dir='ltr' id='par_1_94' title="bbox 2290 2969 3853 3041">
     <span class='ocr_line' id='line_1_94' title="bbox 2290 2969 3853 3041; baseline -0.002 -17"><span class='ocrx_word' id='word_1_664' title='bbox 2290 2985 2427 3024; x_wconf 92' lang='lat' dir='ltr'>cum</span> <span class='ocrx_word' id='word_1_665' title='bbox 2467 2969 2569 3024; x_wconf 91' lang='lat' dir='ltr'>tibi</span> <span class='ocrx_word' id='word_1_666' title='bbox 2603 2970 2754 3024; x_wconf 90' lang='lat' dir='ltr'>venit</span> <span class='ocrx_word' id='word_1_667' title='bbox 2777 2969 2835 3024; x_wconf 90' lang='lat' dir='ltr'>in</span> <span class='ocrx_word' id='word_1_668' title='bbox 2861 2975 3145 3036; x_wconf 90' lang='lat' dir='ltr'>mentem,</span> <span class='ocrx_word' id='word_1_669' title='bbox 3176 2970 3355 3025; x_wconf 88' lang='lat' dir='ltr'>sentis</span> <span class='ocrx_word' id='word_1_670' title='bbox 3382 2971 3519 3041; x_wconf 90' lang='lat' dir='ltr'>ejus</span> <span class='ocrx_word' id='word_1_671' title='bbox 3550 2971 3853 3024; x_wconf 89' lang='lat' dir='ltr'>incessum.</span> 
     </span>
    </p>
   </div>
   <div class='ocr_carea' id='block_1_95' title="bbox 2361 3058 3911 3130">
    <p class='ocr_par' dir='ltr' id='par_1_95' title="bbox 2361 3058 3911 3130">
     <span class='ocr_line' id='line_1_95' title="bbox 2361 3058 3911 3130; baseline -0.003 -18"><span class='ocrx_word' id='word_1_672' title='bbox 2361 3059 2446 3113; x_wconf 79' lang='grc'>44.</span> <span class='ocrx_word' id='word_1_673' title='bbox 2478 3061 2622 3114; x_wconf 92' lang='lat' dir='ltr'>Ecce</span> <span class='ocrx_word' id='word_1_674' title='bbox 2640 3058 2818 3113; x_wconf 87' lang='lat' dir='ltr'>etiam</span> <span class='ocrx_word' id='word_1_675' title='bbox 2845 3059 3105 3114; x_wconf 90' lang='lat' dir='ltr'>charitas</span> <span class='ocrx_word' id='word_1_676' title='bbox 3138 3059 3701 3130; x_wconf 90' lang='lat' dir='ltr'>quantulacumque</span> <span class='ocrx_word' id='word_1_677' title='bbox 3727 3058 3779 3111; x_wconf 90' lang='lat' dir='ltr'>in</span> <span class='ocrx_word' id='word_1_678' title='bbox 3793 3070 3911 3110; x_wconf 86' lang='lat' dir='ltr'>nos-</span> 
     </span>
    </p>
   </div>
   <div class='ocr_carea' id='block_1_96' title="bbox 2288 3146 3911 3219">
    <p class='ocr_par' dir='ltr' id='par_1_96' title="bbox 2288 3146 3911 3219">
     <span class='ocr_line' id='line_1_96' title="bbox 2288 3146 3911 3219; baseline -0.005 -15"><span class='ocrx_word' id='word_1_679' title='bbox 2288 3148 2378 3204; x_wconf 87' lang='lat' dir='ltr'>tra</span> <span class='ocrx_word' id='word_1_680' title='bbox 2403 3146 2708 3203; x_wconf 86' lang='lat' dir='ltr'>voluntate</span> <span class='ocrx_word' id='word_1_681' title='bbox 2731 3147 3019 3212; x_wconf 90' lang='lat' dir='ltr'>consistit,</span> <span class='ocrx_word' id='word_1_682' title='bbox 3037 3147 3330 3219; x_wconf 91' lang='lat' dir='ltr'>nobisque</span> <span class='ocrx_word' id='word_1_683' title='bbox 3357 3148 3690 3219; x_wconf 90' lang='lat' dir='ltr'>conspicua</span> <span class='ocrx_word' id='word_1_684' title='bbox 3707 3151 3805 3210; x_wconf 88' lang='lat' dir='ltr'>est,</span> <span class='ocrx_word' id='word_1_685' title='bbox 3821 3157 3911 3198; x_wconf 88' lang='lat' dir='ltr'>nec</span> 
     </span>
    </p>
   </div>
   <div class='ocr_carea' id='block_1_97' title="bbox 2286 3235 3904 3307">
    <p class='ocr_par' dir='ltr' id='par_1_97' title="bbox 2286 3235 3904 3307">
     <span class='ocr_line' id='line_1_97' title="bbox 2286 3235 3904 3307; baseline -0.003 -17"><span class='ocrx_word' id='word_1_686' title='bbox 2286 3235 2346 3290; x_wconf 92' lang='lat' dir='ltr'>in</span> <span class='ocrx_word' id='word_1_687' title='bbox 2376 3235 2506 3290; x_wconf 91' lang='lat' dir='ltr'>loco</span> <span class='ocrx_word' id='word_1_688' title='bbox 2538 3236 2790 3302; x_wconf 90' lang='lat' dir='ltr'>videtur,</span> <span class='ocrx_word' id='word_1_689' title='bbox 2825 3251 2933 3291; x_wconf 90' lang='lat' dir='ltr'>nec</span> <span class='ocrx_word' id='word_1_690' title='bbox 2963 3236 3374 3307; x_wconf 88' lang='lat' dir='ltr'>corporalibus</span> <span class='ocrx_word' id='word_1_691' title='bbox 3421 3236 3613 3293; x_wconf 91' lang='lat' dir='ltr'>oculis</span> <span class='ocrx_word' id='word_1_692' title='bbox 3639 3235 3904 3306; x_wconf 61' lang='lat' dir='ltr'>quaeritur,</span> 
     </span>
    </p>
   </div>
   <div class='ocr_carea' id='block_1_98' title="bbox 2285 3324 3905 3390">
    <p class='ocr_par' dir='ltr' id='par_1_98' title="bbox 2285 3324 3905 3390">
     <span class='ocr_line' id='line_1_98' title="bbox 2285 3324 3905 3390; baseline -0.002 -12"><span class='ocrx_word' id='word_1_693' title='bbox 2285 3339 2394 3379; x_wconf 92' lang='lat' dir='ltr'>nec</span> <span class='ocrx_word' id='word_1_694' title='bbox 2425 3324 3091 3388; x_wconf 89' lang='lat' dir='ltr'>circumscribiturvisu,</span> <span class='ocrx_word' id='word_1_695' title='bbox 3121 3341 3228 3380; x_wconf 91' lang='lat' dir='ltr'>nec</span> <span class='ocrx_word' id='word_1_696' title='bbox 3250 3330 3410 3382; x_wconf 92' lang='lat' dir='ltr'>tactu</span> <span class='ocrx_word' id='word_1_697' title='bbox 3433 3330 3682 3390; x_wconf 87' lang='lat' dir='ltr'>tenetur,</span> <span class='ocrx_word' id='word_1_698' title='bbox 3711 3338 3809 3377; x_wconf 89' lang='lat' dir='ltr'>nec</span> <span class='ocrx_word' id='word_1_699' title='bbox 3824 3335 3905 3375; x_wconf 89' lang='lat' dir='ltr'>au-</span> 
     </span>
    </p>
   </div>
   <div class='ocr_carea' id='block_1_99' title="bbox 2283 3409 3900 3487">
    <p class='ocr_par' dir='ltr' id='par_1_99' title="bbox 2283 3409 3900 3487">
     <span class='ocr_line' id='line_1_99' title="bbox 2283 3409 3900 3487; baseline -0.003 -20"><span class='ocrx_word' id='word_1_700' title='bbox 2283 3413 2440 3468; x_wconf 90' lang='lat' dir='ltr'>ditur</span> <span class='ocrx_word' id='word_1_701' title='bbox 2471 3412 2673 3480; x_wconf 80' lang='lat' dir='ltr'>aﬁ&#39;atu,</span> <span class='ocrx_word' id='word_1_702' title='bbox 2708 3430 2816 3468; x_wconf 92' lang='lat' dir='ltr'>nec</span> <span class='ocrx_word' id='word_1_703' title='bbox 2848 3415 3095 3470; x_wconf 90' lang='lat' dir='ltr'>sentitur</span> <span class='ocrx_word' id='word_1_704' title='bbox 3142 3416 3377 3470; x_wconf 89' lang='lat' dir='ltr'>incessu</span> <span class='ocrx_word' id='word_1_705' title='bbox 3427 3435 3439 3475; x_wconf 90' lang='lat'>:</span> <span class='ocrx_word' id='word_1_706' title='bbox 3485 3418 3708 3487; x_wconf 89' lang='lat' dir='ltr'>quanto</span> <span class='ocrx_word' id='word_1_707' title='bbox 3736 3409 3900 3479; x_wconf 88' lang='lat' dir='ltr'>magis</span> 
     </span>
    </p>
   </div>
   <div class='ocr_carea' id='block_1_100' title="bbox 2283 3496 3899 3574">
    <p class='ocr_par' dir='ltr' id='par_1_100' title="bbox 2283 3496 3899 3574">
     <span class='ocr_line' id='line_1_100' title="bbox 2283 3496 3899 3574; baseline -0.002 -18"><span class='ocrx_word' id='word_1_708' title='bbox 2283 3503 2440 3556; x_wconf 91' lang='lat' dir='ltr'>Deus</span> <span class='ocrx_word' id='word_1_709' title='bbox 2476 3502 2626 3572; x_wconf 90' lang='lat' dir='ltr'>ipse,</span> <span class='ocrx_word' id='word_1_710' title='bbox 2656 3503 2824 3573; x_wconf 90' lang='lat' dir='ltr'>cujus</span> <span class='ocrx_word' id='word_1_711' title='bbox 2851 3502 2963 3556; x_wconf 91' lang='lat' dir='ltr'>hoc</span> <span class='ocrx_word' id='word_1_712' title='bbox 2993 3503 3208 3574; x_wconf 89' lang='lat' dir='ltr'>pignus</span> <span class='ocrx_word' id='word_1_713' title='bbox 3239 3503 3298 3558; x_wconf 90' lang='lat' dir='ltr'>in</span> <span class='ocrx_word' id='word_1_714' title='bbox 3331 3504 3498 3559; x_wconf 90' lang='lat' dir='ltr'>nobis</span> <span class='ocrx_word' id='word_1_715' title='bbox 3540 3507 3627 3558; x_wconf 88' lang='lat' dir='ltr'>est</span> <span class='ocrx_word' id='word_1_716' title='bbox 3660 3501 3672 3556; x_wconf 87' lang='lat' dir='ltr'>l</span> <span class='ocrx_word' id='word_1_717' title='bbox 3705 3501 3838 3556; x_wconf 90' lang='lat' dir='ltr'>Nam</span> <span class='ocrx_word' id='word_1_718' title='bbox 3863 3496 3899 3549; x_wconf 85' lang='lat' dir='ltr'>si</span> 
     </span>
    </p>
   </div>
   <div class='ocr_carea' id='block_1_101' title="bbox 2280 3587 3895 3664">
    <p class='ocr_par' dir='ltr' id='par_1_101' title="bbox 2280 3587 3895 3664">
     <span class='ocr_line' id='line_1_101' title="bbox 2280 3587 3895 3664; baseline -0.001 -18"><span class='ocrx_word' id='word_1_719' title='bbox 2280 3590 2523 3646; x_wconf 89' lang='lat' dir='ltr'>interior</span> <span class='ocrx_word' id='word_1_720' title='bbox 2539 3591 2722 3646; x_wconf 90' lang='lat' dir='ltr'>homo</span> <span class='ocrx_word' id='word_1_721' title='bbox 2740 3597 2958 3656; x_wconf 90' lang='lat' dir='ltr'>noster,</span> <span class='ocrx_word' id='word_1_722' title='bbox 2980 3591 3532 3664; x_wconf 87' lang='lat' dir='ltr'>quantulacumque</span> <span class='ocrx_word' id='word_1_723' title='bbox 3555 3591 3748 3659; x_wconf 87' lang='lat' dir='ltr'>imago</span> <span class='ocrx_word' id='word_1_724' title='bbox 3775 3587 3895 3656; x_wconf 65' lang='lat' dir='ltr'>ejus,</span> 
     </span>
    </p>
   </div>
   <div class='ocr_carea' id='block_1_102' title="bbox 2280 3673 3898 3753">
    <p class='ocr_par' dir='ltr' id='par_1_102' title="bbox 2280 3673 3898 3753">
     <span class='ocr_line' id='line_1_102' title="bbox 2280 3673 3898 3753; baseline -0.004 -18"><span class='ocrx_word' id='word_1_725' title='bbox 2280 3695 2402 3735; x_wconf 92' lang='lat' dir='ltr'>non</span> <span class='ocrx_word' id='word_1_726' title='bbox 2433 3680 2506 3735; x_wconf 92' lang='lat' dir='ltr'>de</span> <span class='ocrx_word' id='word_1_727' title='bbox 2535 3679 2633 3735; x_wconf 92' lang='lat' dir='ltr'>illo</span> <span class='ocrx_word' id='word_1_728' title='bbox 2663 3680 2880 3749; x_wconf 90' lang='lat' dir='ltr'>genita,</span> <span class='ocrx_word' id='word_1_729' title='bbox 2907 3681 3011 3735; x_wconf 92' lang='lat' dir='ltr'>sed</span> <span class='ocrx_word' id='word_1_730' title='bbox 3045 3681 3242 3737; x_wconf 88' lang='lat' dir='ltr'>abillo</span> <span class='ocrx_word' id='word_1_731' title='bbox 3270 3687 3494 3747; x_wconf 87' lang='lat' dir='ltr'>creata,</span> <span class='ocrx_word' id='word_1_732' title='bbox 3519 3677 3783 3753; x_wconf 90' lang='lat' dir='ltr'>quamvis</span> <span class='ocrx_word' id='word_1_733' title='bbox 3817 3673 3898 3729; x_wconf 84' lang='lat' dir='ltr'>ad-</span> 
     </span>
    </p>
   </div>
   <div class='ocr_carea' id='block_1_103' title="bbox 2278 3759 3894 3841">
    <p class='ocr_par' dir='ltr' id='par_1_103' title="bbox 2278 3759 3894 3841">
     <span class='ocr_line' id='line_1_103' title="bbox 2278 3759 3894 3841; baseline -0.005 -17"><span class='ocrx_word' id='word_1_734' title='bbox 2278 3768 2394 3824; x_wconf 89' lang='lat' dir='ltr'>huc</span> <span class='ocrx_word' id='word_1_735' title='bbox 2425 3773 2742 3824; x_wconf 89' lang='lat' dir='ltr'>renovetur</span> <span class='ocrx_word' id='word_1_736' title='bbox 2772 3769 2845 3824; x_wconf 92' lang='lat' dir='ltr'>de</span> <span class='ocrx_word' id='word_1_737' title='bbox 2875 3769 2970 3824; x_wconf 90' lang='lat' dir='ltr'>die</span> <span class='ocrx_word' id='word_1_738' title='bbox 3017 3771 3076 3824; x_wconf 92' lang='lat' dir='ltr'>in</span> <span class='ocrx_word' id='word_1_739' title='bbox 3120 3769 3302 3836; x_wconf 89' lang='lat' dir='ltr'>diem,</span> <span class='ocrx_word' id='word_1_740' title='bbox 3332 3771 3460 3841; x_wconf 92' lang='lat' dir='ltr'>jam</span> <span class='ocrx_word' id='word_1_741' title='bbox 3497 3776 3694 3826; x_wconf 92' lang='lat' dir='ltr'>tamen</span> <span class='ocrx_word' id='word_1_742' title='bbox 3732 3766 3785 3819; x_wconf 90' lang='lat' dir='ltr'>in</span> <span class='ocrx_word' id='word_1_743' title='bbox 3815 3759 3894 3816; x_wconf 84' lang='lat' dir='ltr'>tali</span> 
     </span>
    </p>
   </div>
   <div class='ocr_carea' id='block_1_104' title="bbox 2277 3857 3894 3932">
    <p class='ocr_par' dir='ltr' id='par_1_104' title="bbox 2277 3857 3894 3932">
     <span class='ocr_line' id='line_1_104' title="bbox 2277 3857 3894 3932; baseline -0.006 -19"><span class='ocrx_word' id='word_1_744' title='bbox 2277 3859 2408 3914; x_wconf 89' lang='lat' dir='ltr'>luce</span> <span class='ocrx_word' id='word_1_745' title='bbox 2434 3859 2678 3922; x_wconf 90' lang='lat' dir='ltr'>habitat,</span> <span class='ocrx_word' id='word_1_746' title='bbox 2694 3873 2816 3930; x_wconf 92' lang='lat' dir='ltr'>quo</span> <span class='ocrx_word' id='word_1_747' title='bbox 2830 3858 3027 3913; x_wconf 92' lang='lat' dir='ltr'>nullus</span> <span class='ocrx_word' id='word_1_748' title='bbox 3046 3859 3358 3916; x_wconf 89' lang='lat' dir='ltr'>oculorum</span> <span class='ocrx_word' id='word_1_749' title='bbox 3381 3857 3774 3932; x_wconf 87' lang='lat' dir='ltr'>corporalium</span> <span class='ocrx_word' id='word_1_750' title='bbox 3788 3865 3894 3906; x_wconf 85' lang='lat' dir='ltr'>sen-</span> 
     </span>
    </p>
   </div>
   <div class='ocr_carea' id='block_1_105' title="bbox 2279 3939 3891 4018">
    <p class='ocr_par' dir='ltr' id='par_1_105' title="bbox 2279 3939 3891 4018">
     <span class='ocr_line' id='line_1_105' title="bbox 2279 3939 3891 4018; baseline -0.007 -15"><span class='ocrx_word' id='word_1_751' title='bbox 2279 3964 2382 4003; x_wconf 89' lang='lat' dir='ltr'>sus</span> <span class='ocrx_word' id='word_1_752' title='bbox 2408 3947 2634 4003; x_wconf 91' lang='lat' dir='ltr'>accedit</span> <span class='ocrx_word' id='word_1_753' title='bbox 2662 3964 2674 4012; x_wconf 89' lang='lat'>;</span> <span class='ocrx_word' id='word_1_754' title='bbox 2711 3948 2757 4002; x_wconf 94' lang='lat' dir='ltr'>si</span> <span class='ocrx_word' id='word_1_755' title='bbox 2783 3963 3000 4018; x_wconf 66' lang='lat' dir='ltr'>eaquae</span> <span class='ocrx_word' id='word_1_756' title='bbox 3030 3948 3089 4002; x_wconf 92' lang='lat' dir='ltr'>in</span> <span class='ocrx_word' id='word_1_757' title='bbox 3122 3947 3221 4004; x_wconf 89' lang='lat' dir='ltr'>illa</span> <span class='ocrx_word' id='word_1_758' title='bbox 3242 3948 3372 4004; x_wconf 91' lang='lat' dir='ltr'>luce</span> <span class='ocrx_word' id='word_1_759' title='bbox 3403 3949 3602 4005; x_wconf 90' lang='lat' dir='ltr'>cordis</span> <span class='ocrx_word' id='word_1_760' title='bbox 3632 3943 3804 4002; x_wconf 91' lang='lat' dir='ltr'>oculis</span> <span class='ocrx_word' id='word_1_761' title='bbox 3824 3939 3891 3993; x_wconf 88' lang='lat' dir='ltr'>in-</span> 
     </span>
    </p>
   </div>
   <div class='ocr_carea' id='block_1_106' title="bbox 2278 4033 3891 4103">
    <p class='ocr_par' dir='ltr' id='par_1_106' title="bbox 2278 4033 3891 4103">
     <span class='ocr_line' id='line_1_106' title="bbox 2278 4033 3891 4103; baseline -0.007 -12"><span class='ocrx_word' id='word_1_762' title='bbox 2278 4040 2531 4101; x_wconf 87' lang='lat' dir='ltr'>tuemur,</span> <span class='ocrx_word' id='word_1_763' title='bbox 2561 4041 2616 4091; x_wconf 90' lang='lat' dir='ltr'>et</span> <span class='ocrx_word' id='word_1_764' title='bbox 2642 4035 3063 4091; x_wconf 89' lang='lat' dir='ltr'>discernuntur</span> <span class='ocrx_word' id='word_1_765' title='bbox 3083 4038 3235 4092; x_wconf 90' lang='lat' dir='ltr'>inter</span> <span class='ocrx_word' id='word_1_766' title='bbox 3256 4053 3339 4103; x_wconf 90' lang='lat' dir='ltr'>se,</span> <span class='ocrx_word' id='word_1_767' title='bbox 3369 4043 3425 4094; x_wconf 91' lang='lat' dir='ltr'>et</span> <span class='ocrx_word' id='word_1_768' title='bbox 3457 4036 3633 4093; x_wconf 92' lang='lat' dir='ltr'>nullis</span> <span class='ocrx_word' id='word_1_769' title='bbox 3658 4033 3891 4088; x_wconf 88' lang='lat' dir='ltr'>locorum</span> 
     </span>
    </p>
   </div>
   <div class='ocr_carea' id='block_1_107' title="bbox 2276 4120 3890 4197">
    <p class='ocr_par' dir='ltr' id='par_1_107' title="bbox 2276 4120 3890 4197">
     <span class='ocr_line' id='line_1_107' title="bbox 2276 4120 3890 4197; baseline -0.006 -19"><span class='ocrx_word' id='word_1_770' title='bbox 2276 4125 2481 4195; x_wconf 87' lang='lat' dir='ltr'>spatiis</span> <span class='ocrx_word' id='word_1_771' title='bbox 2512 4132 2892 4197; x_wconf 86' lang='lat' dir='ltr'>separantur;</span> <span class='ocrx_word' id='word_1_772' title='bbox 2918 4131 3142 4196; x_wconf 90' lang='lat' dir='ltr'>quanto</span> <span class='ocrx_word' id='word_1_773' title='bbox 3161 4127 3352 4196; x_wconf 87' lang='lat' dir='ltr'>magis</span> <span class='ocrx_word' id='word_1_774' title='bbox 3388 4127 3570 4194; x_wconf 89' lang='lat' dir='ltr'>Deus,</span> <span class='ocrx_word' id='word_1_775' title='bbox 3598 4124 3697 4196; x_wconf 90' lang='lat' dir='ltr'>qui</span> <span class='ocrx_word' id='word_1_776' title='bbox 3723 4120 3890 4175; x_wconf 88' lang='lat' dir='ltr'>lucem</span> 
     </span>
    </p>
   </div>
   <div class='ocr_carea' id='block_1_108' title="bbox 2272 4212 3888 4287">
    <p class='ocr_par' dir='ltr' id='par_1_108' title="bbox 2272 4212 3888 4287">
     <span class='ocr_line' id='line_1_108' title="bbox 2272 4212 3888 4287; baseline -0.001 -18"><span class='ocrx_word' id='word_1_777' title='bbox 2272 4212 2506 4270; x_wconf 90' lang='lat' dir='ltr'>habitat</span> <span class='ocrx_word' id='word_1_778' title='bbox 2531 4213 3024 4278; x_wconf 89' lang='lat' dir='ltr'>inaccessibilem,</span> <span class='ocrx_word' id='word_1_779' title='bbox 3067 4216 3335 4287; x_wconf 90' lang='lat' dir='ltr'>corporis</span> <span class='ocrx_word' id='word_1_780' title='bbox 3357 4216 3652 4278; x_wconf 90' lang='lat' dir='ltr'>sensibus,</span> <span class='ocrx_word' id='word_1_781' title='bbox 3674 4223 3784 4281; x_wconf 88' lang='lat' dir='ltr'>quo</span> <span class='ocrx_word' id='word_1_782' title='bbox 3800 4216 3888 4259; x_wconf 75' lang='lat' dir='ltr'>nec</span> 
     </span>
    </p>
   </div>
   <div class='ocr_carea' id='block_1_109' title="bbox 2271 4294 3886 4374">
    <p class='ocr_par' dir='ltr' id='par_1_109' title="bbox 2271 4294 3886 4374">
     <span class='ocr_line' id='line_1_109' title="bbox 2271 4294 3886 4374; baseline -0.005 -16"><span class='ocrx_word' id='word_1_783' title='bbox 2271 4303 2457 4374; x_wconf 91' lang='lat' dir='ltr'>ipsius</span> <span class='ocrx_word' id='word_1_784' title='bbox 2476 4302 2588 4356; x_wconf 90' lang='lat' dir='ltr'>nisi</span> <span class='ocrx_word' id='word_1_785' title='bbox 2608 4302 3026 4374; x_wconf 90' lang='lat' dir='ltr'>mundipotest</span> <span class='ocrx_word' id='word_1_786' title='bbox 3052 4320 3183 4359; x_wconf 90' lang='lat' dir='ltr'>esse</span> <span class='ocrx_word' id='word_1_787' title='bbox 3202 4304 3398 4360; x_wconf 89' lang='lat' dir='ltr'>cordis</span> <span class='ocrx_word' id='word_1_788' title='bbox 3421 4316 3691 4360; x_wconf 91' lang='lat' dir='ltr'>accessus</span> <span class='ocrx_word' id='word_1_789' title='bbox 3724 4297 3734 4351; x_wconf 90' lang='lat' dir='ltr'>l</span> <span class='ocrx_word' id='word_1_790' title='bbox 3766 4294 3886 4347; x_wconf 88' lang='lat' dir='ltr'>Cum</span> 
     </span>
    </p>
   </div>
   <div class='ocr_carea' id='block_1_110' title="bbox 2271 4382 3883 4465">
    <p class='ocr_par' dir='ltr' id='par_1_110' title="bbox 2271 4382 3883 4465">
     <span class='ocr_line' id='line_1_110' title="bbox 2271 4382 3883 4465; baseline -0.002 -19"><span class='ocrx_word' id='word_1_791' title='bbox 2271 4391 2661 4461; x_wconf 89' lang='lat' dir='ltr'>igiturlucem</span> <span class='ocrx_word' id='word_1_792' title='bbox 2694 4391 2870 4447; x_wconf 90' lang='lat' dir='ltr'>istam</span> <span class='ocrx_word' id='word_1_793' title='bbox 2901 4393 3065 4447; x_wconf 91' lang='lat' dir='ltr'>omni</span> <span class='ocrx_word' id='word_1_794' title='bbox 3089 4393 3386 4465; x_wconf 89' lang='lat' dir='ltr'>corporali</span> <span class='ocrx_word' id='word_1_795' title='bbox 3414 4394 3555 4458; x_wconf 92' lang='lat' dir='ltr'>luci,</span> <span class='ocrx_word' id='word_1_796' title='bbox 3586 4403 3700 4446; x_wconf 92' lang='lat' dir='ltr'>non</span> <span class='ocrx_word' id='word_1_797' title='bbox 3719 4382 3883 4439; x_wconf 81' lang='lat' dir='ltr'>solum</span> 
     </span>
    </p>
   </div>
   <div class='ocr_carea' id='block_1_111' title="bbox 2265 4479 3882 4554">
    <p class='ocr_par' dir='ltr' id='par_1_111' title="bbox 2265 4479 3882 4554">
     <span class='ocr_line' id='line_1_111' title="bbox 2265 4479 3882 4554; baseline -0.002 -20"><span class='ocrx_word' id='word_1_798' title='bbox 2265 4479 2492 4550; x_wconf 91' lang='lat' dir='ltr'>judicio</span> <span class='ocrx_word' id='word_1_799' title='bbox 2523 4480 2786 4547; x_wconf 89' lang='lat' dir='ltr'>rationis,</span> <span class='ocrx_word' id='word_1_800' title='bbox 2818 4481 2922 4535; x_wconf 90' lang='lat' dir='ltr'>sed</span> <span class='ocrx_word' id='word_1_801' title='bbox 2951 4482 3174 4537; x_wconf 90' lang='lat' dir='ltr'>amoris</span> <span class='ocrx_word' id='word_1_802' title='bbox 3207 4498 3451 4554; x_wconf 92' lang='lat' dir='ltr'>quoque</span> <span class='ocrx_word' id='word_1_803' title='bbox 3481 4479 3734 4554; x_wconf 85' lang='lat' dir='ltr'>appetitu</span> <span class='ocrx_word' id='word_1_804' title='bbox 3762 4483 3882 4542; x_wconf 57' lang='lat' dir='ltr'>pra?-</span> 
     </span>
    </p>
   </div>
   <div class='ocr_carea' id='block_1_112' title="bbox 2271 4562 3879 4642">
    <p class='ocr_par' dir='ltr' id='par_1_112' title="bbox 2271 4562 3879 4642">
     <span class='ocr_line' id='line_1_112' title="bbox 2271 4562 3879 4642; baseline -0.005 -18"><span class='ocrx_word' id='word_1_805' title='bbox 2271 4570 2648 4640; x_wconf 89' lang='lat' dir='ltr'>posuerimus</span> <span class='ocrx_word' id='word_1_806' title='bbox 2688 4588 2701 4637; x_wconf 89' lang='lat'><strong>;</strong></span> <span class='ocrx_word' id='word_1_807' title='bbox 2742 4576 2969 4642; x_wconf 90' lang='lat' dir='ltr'>quanto</span> <span class='ocrx_word' id='word_1_808' title='bbox 3027 4571 3085 4626; x_wconf 92' lang='lat' dir='ltr'>id</span> <span class='ocrx_word' id='word_1_809' title='bbox 3128 4572 3322 4640; x_wconf 92' lang='lat' dir='ltr'>magis</span> <span class='ocrx_word' id='word_1_810' title='bbox 3365 4571 3712 4630; x_wconf 90' lang='lat' dir='ltr'>valebimus,</span> <span class='ocrx_word' id='word_1_811' title='bbox 3743 4562 3879 4617; x_wconf 82' lang='lat' dir='ltr'>tanto</span> 
     </span>
    </p>
   </div>
   <div class='ocr_carea' id='block_1_113' title="bbox 2269 4658 3878 4724">
    <p class='ocr_par' dir='ltr' id='par_1_113' title="bbox 2269 4658 3878 4724">
     <span class='ocr_line' id='line_1_113' title="bbox 2269 4658 3878 4724; baseline -0.007 -12"><span class='ocrx_word' id='word_1_812' title='bbox 2269 4658 2481 4713; x_wconf 91' lang='lat' dir='ltr'>melius</span> <span class='ocrx_word' id='word_1_813' title='bbox 2501 4659 3047 4723; x_wconf 90' lang='lat' dir='ltr'>valebimus,donec</span> <span class='ocrx_word' id='word_1_814' title='bbox 3073 4665 3358 4716; x_wconf 91' lang='lat' dir='ltr'>sanentur</span> <span class='ocrx_word' id='word_1_815' title='bbox 3375 4676 3583 4716; x_wconf 91' lang='lat' dir='ltr'>omnes</span> <span class='ocrx_word' id='word_1_816' title='bbox 3598 4658 3878 4724; x_wconf 87' lang='lat' dir='ltr'>languores</span> 
     </span>
    </p>
   </div>
   <div class='ocr_carea' id='block_1_114' title="bbox 2270 4737 3874 4822">
    <p class='ocr_par' dir='ltr' id='par_1_114' title="bbox 2270 4737 3874 4822">
     <span class='ocr_line' id='line_1_114' title="bbox 2270 4737 3874 4822; baseline -0.009 -20"><span class='ocrx_word' id='word_1_817' title='bbox 2270 4747 2484 4803; x_wconf 80' lang='lat' dir='ltr'>animae</span> <span class='ocrx_word' id='word_1_818' title='bbox 2531 4754 2748 4803; x_wconf 77' lang='lat' dir='ltr'>nostrae</span> <span class='ocrx_word' id='word_1_819' title='bbox 2789 4749 2866 4803; x_wconf 87' lang='lat' dir='ltr'>ab</span> <span class='ocrx_word' id='word_1_820' title='bbox 2915 4749 3013 4804; x_wconf 93' lang='lat' dir='ltr'>illo</span> <span class='ocrx_word' id='word_1_821' title='bbox 3043 4750 3147 4820; x_wconf 90' lang='lat' dir='ltr'>qui</span> <span class='ocrx_word' id='word_1_822' title='bbox 3181 4750 3472 4822; x_wconf 90' lang='lat' dir='ltr'>propitius</span> <span class='ocrx_word' id='word_1_823' title='bbox 3525 4749 3581 4804; x_wconf 79' lang='lat' dir='ltr'>fit</span> <span class='ocrx_word' id='word_1_824' title='bbox 3628 4737 3874 4800; x_wconf 87' lang='lat' dir='ltr'>omnibus</span> 
     </span>
    </p>
   </div>
   <div class='ocr_carea' id='block_1_115' title="bbox 2268 4823 3875 4916">
    <p class='ocr_par' dir='ltr' id='par_1_115' title="bbox 2268 4823 3875 4916">
     <span class='ocr_line' id='line_1_115' title="bbox 2268 4823 3875 4916; baseline 0.001 -26"><span class='ocrx_word' id='word_1_825' title='bbox 2268 4835 2679 4908; x_wconf 88' lang='lat' dir='ltr'>iniquitatibus</span> <span class='ocrx_word' id='word_1_826' title='bbox 2735 4837 2974 4893; x_wconf 91' lang='lat' dir='ltr'>nostris.</span> <span class='ocrx_word' id='word_1_827' title='bbox 3017 4841 3076 4892; x_wconf 88' lang='lat' dir='ltr'>In</span> <span class='ocrx_word' id='word_1_828' title='bbox 3117 4838 3227 4894; x_wconf 85' lang='lat' dir='ltr'>hac</span> <span class='ocrx_word' id='word_1_829' title='bbox 3270 4839 3427 4894; x_wconf 90' lang='lat' dir='ltr'>enim</span> <span class='ocrx_word' id='word_1_830' title='bbox 3461 4835 3735 4892; x_wconf 86' lang='lat' dir='ltr'>vivaciore</span> <span class='ocrx_word' id='word_1_831' title='bbox 3775 4823 3875 4916; x_wconf 54' lang='grc' dir='ltr'>γίίὲ</span> 
     </span>
    </p>
   </div>
   <div class='ocr_carea' id='block_1_116' title="bbox 2267 4914 3870 4997">
    <p class='ocr_par' dir='ltr' id='par_1_116' title="bbox 2267 4914 3870 4997">
     <span class='ocr_line' id='line_1_116' title="bbox 2267 4914 3870 4997; baseline 0.001 -17"><span class='ocrx_word' id='word_1_832' title='bbox 2267 4924 2401 4980; x_wconf 87' lang='lat' dir='ltr'>facti</span> <span class='ocrx_word' id='word_1_833' title='bbox 2435 4925 2793 4996; x_wconf 90' lang='lat' dir='ltr'>spirituales,</span> <span class='ocrx_word' id='word_1_834' title='bbox 2816 4927 3143 4997; x_wconf 71' lang='lat' dir='ltr'>poterimus</span> <span class='ocrx_word' id='word_1_835' title='bbox 3170 4928 3372 4983; x_wconf 80' lang='lat' dir='ltr'>omnia</span> <span class='ocrx_word' id='word_1_836' title='bbox 3404 4926 3753 4997; x_wconf 83' lang='lat' dir='ltr'>dijudicare;</span> <span class='ocrx_word' id='word_1_837' title='bbox 3780 4914 3870 4981; x_wconf 66' lang='lat' dir='ltr'>ipsi</span> 
     </span>
    </p>
   </div>
   <div class='ocr_carea' id='block_1_117' title="bbox 2267 5006 3868 5085">
    <p class='ocr_par' dir='ltr' id='par_1_117' title="bbox 2267 5006 3868 5085">
     <span class='ocr_line' id='line_1_117' title="bbox 2267 5006 3868 5085; baseline -0.001 -17"><span class='ocrx_word' id='word_1_838' title='bbox 2267 5027 2407 5068; x_wconf 85' lang='lat' dir='ltr'>vero</span> <span class='ocrx_word' id='word_1_839' title='bbox 2439 5029 2471 5068; x_wconf 89' lang='lat' dir='ltr'>a</span> <span class='ocrx_word' id='word_1_840' title='bbox 2504 5014 2741 5068; x_wconf 91' lang='lat' dir='ltr'>nemine</span> <span class='ocrx_word' id='word_1_841' title='bbox 2772 5014 3106 5085; x_wconf 90' lang='lat' dir='ltr'>dijudicari.</span> <span class='ocrx_word' id='word_1_842' title='bbox 3151 5015 3440 5071; x_wconf 89' lang='lat' dir='ltr'>Animalis</span> <span class='ocrx_word' id='word_1_843' title='bbox 3485 5021 3672 5071; x_wconf 87' lang='lat' dir='ltr'>autem</span> <span class='ocrx_word' id='word_1_844' title='bbox 3717 5006 3868 5060; x_wconf 77' lang='lat' dir='ltr'>homo</span> 
     </span>
    </p>
   </div>
   <div class='ocr_carea' id='block_1_118' title="bbox 2266 5088 3863 5176">
    <p class='ocr_par' dir='ltr' id='par_1_118' title="bbox 2266 5088 3863 5176">
     <span class='ocr_line' id='line_1_118' title="bbox 2266 5088 3863 5176; baseline -0.004 -19"><span class='ocrx_word' id='word_1_845' title='bbox 2266 5117 2387 5157; x_wconf 93' lang='lat' dir='ltr'>non</span> <span class='ocrx_word' id='word_1_846' title='bbox 2420 5103 2668 5174; x_wconf 87' lang='lat' dir='ltr'>percipit</span> <span class='ocrx_word' id='word_1_847' title='bbox 2696 5119 2830 5175; x_wconf 84' lang='lat' dir='ltr'>quae</span> <span class='ocrx_word' id='word_1_848' title='bbox 2858 5109 2995 5159; x_wconf 89' lang='lat' dir='ltr'>sunt</span> <span class='ocrx_word' id='word_1_849' title='bbox 3022 5105 3262 5176; x_wconf 90' lang='lat' dir='ltr'>spiritus</span> <span class='ocrx_word' id='word_1_850' title='bbox 3295 5104 3393 5160; x_wconf 90' lang='lat' dir='ltr'>Dei</span> <span class='ocrx_word' id='word_1_851' title='bbox 3428 5121 3440 5160; x_wconf 93' lang='lat'>:</span> <span class='ocrx_word' id='word_1_852' title='bbox 3477 5099 3705 5160; x_wconf 88' lang='lat' dir='ltr'>stultitia</span> <span class='ocrx_word' id='word_1_853' title='bbox 3731 5088 3863 5147; x_wconf 78' lang='lat' dir='ltr'>enim</span> 
     </span>
    </p>
   </div>
   <div class='ocr_carea' id='block_1_119' title="bbox 2267 5177 3864 5266">
    <p class='ocr_par' dir='ltr' id='par_1_119' title="bbox 2267 5177 3864 5266">
     <span class='ocr_line' id='line_1_119' title="bbox 2267 5177 3864 5266; baseline -0.004 -19"><span class='ocrx_word' id='word_1_854' title='bbox 2267 5197 2355 5247; x_wconf 90' lang='lat' dir='ltr'>est</span> <span class='ocrx_word' id='word_1_855' title='bbox 2381 5191 2495 5259; x_wconf 90' lang='lat' dir='ltr'>illi;</span> <span class='ocrx_word' id='word_1_856' title='bbox 2531 5198 2585 5247; x_wconf 92' lang='lat' dir='ltr'>et</span> <span class='ocrx_word' id='word_1_857' title='bbox 2615 5207 2735 5248; x_wconf 92' lang='lat' dir='ltr'>non</span> <span class='ocrx_word' id='word_1_858' title='bbox 2765 5199 2958 5264; x_wconf 90' lang='lat' dir='ltr'>potest</span> <span class='ocrx_word' id='word_1_859' title='bbox 2997 5194 3164 5257; x_wconf 90' lang='lat' dir='ltr'>scire,</span> <span class='ocrx_word' id='word_1_860' title='bbox 3212 5195 3502 5266; x_wconf 91' lang='lat' dir='ltr'>quoniam</span> <span class='ocrx_word' id='word_1_861' title='bbox 3536 5177 3864 5265; x_wconf 65' lang='lat' dir='ltr'>spiritualilel&#39;</span> 
     </span>
    </p>
   </div>
   <div class='ocr_carea' id='block_1_120' title="bbox 2267 5281 3202 5352">
    <p class='ocr_par' dir='ltr' id='par_1_120' title="bbox 2267 5281 3202 5352">
     <span class='ocr_line' id='line_1_120' title="bbox 2267 5281 3202 5352; baseline 0.001 -16"><span class='ocrx_word' id='word_1_862' title='bbox 2267 5281 2626 5351; x_wconf 89' lang='lat' dir='ltr'>dijudicatur</span> <span class='ocrx_word' id='word_1_863' title='bbox 2654 5282 2694 5351; x_wconf 94' lang='lat' dir='ltr'>(l</span> <span class='ocrx_word' id='word_1_864' title='bbox 2725 5281 2854 5337; x_wconf 82' lang='lat' dir='ltr'>Cor.</span> <span class='ocrx_word' id='word_1_865' title='bbox 2881 5298 2937 5347; x_wconf 86' lang='grc' dir='ltr'>ιι,</span> <span class='ocrx_word' id='word_1_866' title='bbox 2972 5284 3059 5350; x_wconf 79' lang='grc'>14,</span> <span class='ocrx_word' id='word_1_867' title='bbox 3096 5284 3202 5352; x_wconf 84' lang='grc'><strong>15).</strong></span> 
     </span>
    </p>
   </div>
   <div class='ocr_carea' id='block_1_121' title="bbox 2338 5364 3855 5439">
    <p class='ocr_par' dir='ltr' id='par_1_121' title="bbox 2338 5364 3855 5439">
     <span class='ocr_line' id='line_1_121' title="bbox 2338 5364 3855 5439; baseline -0.011 -14"><span class='ocrx_word' id='word_1_868' title='bbox 2338 5371 2557 5425; x_wconf 88' lang='lat' dir='ltr'>CAPUT</span> <span class='ocrx_word' id='word_1_869' title='bbox 2579 5369 2762 5424; x_wconf 81' lang='lat' dir='ltr'>XVIII.</span> <span class='ocrx_word' id='word_1_870' title='bbox 2791 5401 2861 5412; x_wconf 90' lang='lat'><strong><em>—</em></strong></span> <span class='ocrx_word' id='word_1_871' title='bbox 2881 5371 2968 5425; x_wconf 70' lang='lat'>45.</span> <span class='ocrx_word' id='word_1_872' title='bbox 3002 5371 3174 5436; x_wconf 90' lang='lat' dir='ltr'>Quod</span> <span class='ocrx_word' id='word_1_873' title='bbox 3205 5371 3253 5425; x_wconf 91' lang='lat' dir='ltr'>si</span> <span class='ocrx_word' id='word_1_874' title='bbox 3283 5370 3552 5426; x_wconf 91' lang='lat' dir='ltr'>nondum</span> <span class='ocrx_word' id='word_1_875' title='bbox 3583 5364 3855 5439; x_wconf 83' lang='lat' dir='ltr'>possumus</span> 
     </span>
    </p>
   </div>
   <div class='ocr_carea' id='block_1_122' title="bbox 2267 5448 3858 5533">
    <p class='ocr_par' dir='ltr' id='par_1_122' title="bbox 2267 5448 3858 5533">
     <span class='ocr_line' id='line_1_122' title="bbox 2267 5448 3858 5533; baseline -0.013 -20"><span class='ocrx_word' id='word_1_876' title='bbox 2267 5457 2748 5530; x_wconf 72' lang='lat' dir='ltr'>prmferrelucem</span> <span class='ocrx_word' id='word_1_877' title='bbox 2767 5459 3140 5530; x_wconf 90' lang='lat' dir='ltr'>judicantem</span> <span class='ocrx_word' id='word_1_878' title='bbox 3161 5461 3210 5515; x_wconf 90' lang='lat' dir='ltr'>ei</span> <span class='ocrx_word' id='word_1_879' title='bbox 3229 5459 3341 5516; x_wconf 91' lang='lat' dir='ltr'>luci</span> <span class='ocrx_word' id='word_1_880' title='bbox 3358 5460 3431 5516; x_wconf 90' lang='lat' dir='ltr'>de</span> <span class='ocrx_word' id='word_1_881' title='bbox 3453 5448 3858 5533; x_wconf 86' lang='lat' dir='ltr'>quajudicatur,</span> 
     </span>
    </p>
   </div>
   <div class='ocr_carea' id='block_1_123' title="bbox 2323 5592 3850 5722">
    <p class='ocr_par' dir='ltr' id='par_1_123' title="bbox 2323 5592 3850 5722">
     <span class='ocr_line' id='line_1_123' title="bbox 2323 5592 3850 5722; baseline -0.01 -64"><span class='ocrx_word' id='word_1_882' title='bbox 2323 5612 2353 5721; x_wconf 50' lang='lat' dir='ltr'>tt</span> <span class='ocrx_word' id='word_1_883' title='bbox 2373 5610 2472 5658; x_wconf 92' lang='lat' dir='ltr'>Sic.</span> <span class='ocrx_word' id='word_1_884' title='bbox 2506 5610 2627 5722; x_wconf 56' lang='lat' dir='ltr'>l‘uss.</span> <span class='ocrx_word' id='word_1_885' title='bbox 2658 5622 2869 5664; x_wconf 84' lang='lat' dir='ltr'>omnes.</span> <span class='ocrx_word' id='word_1_886' title='bbox 2893 5612 2953 5659; x_wconf 81' lang='lat' dir='ltr'>At</span> <span class='ocrx_word' id='word_1_887' title='bbox 2985 5613 3165 5660; x_wconf 82' lang='lat' dir='ltr'>excusi</span> <span class='ocrx_word' id='word_1_888' title='bbox 3197 5611 3391 5662; x_wconf 89' lang='lat' dir='ltr'>habent</span> <span class='ocrx_word' id='word_1_889' title='bbox 3417 5627 3426 5660; x_wconf 94' lang='lat'>:</span> <span class='ocrx_word' id='word_1_890' title='bbox 3451 5611 3518 5660; x_wconf 85' lang='lat' dir='ltr'>Et</span> <span class='ocrx_word' id='word_1_891' title='bbox 3546 5609 3644 5658; x_wconf 74' lang='lat' dir='ltr'>sine</span> <span class='ocrx_word' id='word_1_892' title='bbox 3667 5592 3850 5651; x_wconf 71' lang='lat' dir='ltr'>termiM</span> 
     </span>
     <span class='ocr_line' id='line_1_124' title="bbox 2323 5687 2545 5721; baseline 0.009 -3"><span class='ocrx_word' id='word_1_893' title='bbox 2323 5687 2331 5718; x_wconf 75' lang='grc' dir='ltr'>ι</span> <span class='ocrx_word' id='word_1_894' title='bbox 2360 5687 2505 5721; x_wconf 74' lang='grc' dir='ltr'>αεαη</span> <span class='ocrx_word' id='word_1_895' title='bbox 2535 5710 2545 5720; x_wconf 95' lang='grc'><em>.</em></span> 
     </span>
    </p>
   </div>
   <div class='ocr_carea' id='block_1_124' title="bbox 2264 5687 2545 5721">
    <p class='ocr_par' dir='ltr' id='par_1_124' title="bbox 2264 5687 2545 5721">
     <span class='ocr_line' id='line_1_125' title="bbox 2264 5687 2545 5721; baseline -0.004 0"><span class='ocrx_word' id='word_1_896' title='bbox 2264 5687 2391 5721; x_wconf 77' lang='grc' dir='ltr'>ποια</span> <span class='ocrx_word' id='word_1_897' title='bbox 2408 5687 2545 5721; x_wconf 72' lang='lat' dir='ltr'>sum.</span> 
     </span>
    </p>
   </div>
  </div>
