4074 6164
66 180 159 237 617

60 305 345 377 praeferre
361 305 537 361 vitam
562 302 982 375 intelligentem
1004 304 1136 361 vitae
1156 305 1575 361 tantummodo
1598 321 1731 361 sen-

62 395 243 457 tienti,
268 394 551 466 praeferre
569 399 847 450 naturam
875 410 995 450 non
1014 394 1151 450 alibi
1169 394 1282 450 hoc
1301 400 1354 450 et
1377 395 1519 451 alibi
1543 396 1724 460 aliud,

60 485 159 539 sed
180 484 403 540 omnia
422 500 557 556 quas
570 484 754 539 habet
775 484 834 539 in
856 500 976 539 uno
994 485 1173 540 simul
1195 484 1541 555 habentem,
1556 485 1727 541 sicuti

61 580 142 629 est
160 579 379 629 nostra
398 574 530 645 ipsa
554 573 957 643 intelligentia,
984 573 1033 629 ei
1053 579 1280 629 naturae
1301 590 1437 645 quae
1460 575 1540 630 ita
1553 576 1729 646 parti-

63 664 161 718 bus
193 667 461 728 constat,
487 668 550 718 ut
576 662 771 718 minor
793 663 867 718 sit
895 663 1146 718 dimidia
1172 680 1357 735 quam
1384 668 1524 733 tota,
1555 665 1726 719 sicuti

60 759 139 807 est
164 767 362 808 omne
389 768 607 824 corpus
636 770 649 819 ;
674 754 980 825 superﬂuo
1002 753 1076 809 de
1099 753 1277 809 rebus
1304 754 1484 810 tantis
1506 770 1575 809 ac
1598 753 1727 809 tali-

56 842 162 896 bus
193 841 615 912 disputamus.
639 842 696 897 Si
719 846 918 898 autem
944 842 1203 914 hocjam
1231 859 1553 913 possumus
1584 861 1596 911 ;
1625 843 1727 898 ali-

56 930 195 1001 quid
228 929 456 985 melius
473 946 659 1003 quam
691 929 1051 986 intellectum
1083 936 1353 986 nostrum
1382 934 1563 986 Deum
1591 948 1724 987 esse

57 1017 409 1089 credamus,
436 1027 496 1074 ut
523 1034 642 1091 pax
669 1019 799 1090 ejus
831 1036 967 1090 qua:
985 1019 1262 1091 praecellit
1286 1036 1530 1075 omnem
1560 1021 1725 1076 intel-

55 1107 293 1172 lectum,
322 1108 623 1164 custodiat
646 1109 830 1164 corda
850 1115 1052 1164 nostra
1070 1116 1124 1164 et
1145 1109 1563 1179 intelligentias
1588 1126 1725 1165 nos-

58 1205 164 1251 tras
188 1196 253 1252 in
286 1196 527 1253 Christo
553 1196 690 1252 Jesu
720 1198 1004 1267 (Philipp.
1036 1214 1112 1262 1v,
1143 1200 1222 1268 '7).
1249 1198 1377 1270 Ipsa
1413 1197 1572 1253 enim
1608 1215 1723 1270 pax

56 1302 181 1357 quas
210 1286 505 1357 praecellit
536 1302 778 1342 omnem
811 1286 1191 1351 intellectum,
1235 1303 1354 1343 non
1397 1293 1479 1344 est
1522 1288 1723 1360 utique

56 1375 245 1429 minor
277 1380 490 1430 nostro
520 1375 841 1441 intellectu,
867 1380 930 1431 ut
959 1392 1097 1432 cum
1129 1377 1234 1432 iste
1272 1376 1345 1431 sit
1374 1377 1561 1432 oculis
1593 1393 1720 1432 cor-

57 1464 368 1535 poralibus
394 1464 735 1529 invisibilis,
768 1465 869 1521 illa
898 1470 1137 1538 putetur
1170 1482 1297 1521 esse
1332 1466 1601 1521 visibilis.
1634 1468 1719 1521 An

58 1553 208 1607 aliud
238 1569 367 1624 pax
401 1555 521 1621 Dei,
547 1554 709 1610 aliud
739 1554 1021 1626 splendor
1050 1555 1145 1610 Dei
1177 1556 1205 1613 ?
1236 1570 1373 1610 cum
1404 1555 1562 1610 idem
1596 1555 1721 1626 ipse

61 1644 121 1697 sit
151 1643 506 1713 unigenitus
539 1643 735 1708 Filius,
766 1645 936 1716 cujus
968 1650 1023 1700 et
1049 1645 1151 1701 illa
1182 1645 1437 1701 charitas
1461 1661 1597 1717 quae
1629 1662 1723 1699 su-

59 1732 391 1801 pereminet
412 1733 696 1797 scientiae,
720 1735 890 1804 cujus
911 1733 1721 1806 cognitioneimplebimurin

62 1836 290 1877 omnem
345 1821 786 1893 plenitudinem
818 1823 937 1891 Dei,
969 1839 1087 1878 non
1117 1828 1205 1878 est
1253 1829 1473 1878 nostras
1506 1824 1721 1878 mentis

58 1908 170 1965 luce
200 1910 479 1977 inferior,
508 1927 644 1984 quae
675 1911 774 1968 illa
802 1911 1177 1968 illuminante
1208 1911 1502 1967 tribuitur.
1540 1912 1720 1968 Porro

64 2000 103 2053 si
128 1998 242 2055 ista
273 2000 720 2056 inaccessibilis
742 2007 829 2057 est
857 2001 1043 2057 oculis
1066 2002 1260 2057 carnis
1290 2019 1304 2068 ;
1337 2005 1566 2075 quanto
1595 2016 1717 2056 ma-

63 2089 138 2157 gis
166 2088 291 2155 illa,
326 2089 478 2145 huic
520 2089 1070 2162 incomparabiliter
1114 2091 1570 2161 supereminens
1603 2093 1613 2146 l
1650 2106 1720 2145 ac

62 2192 149 2246 per
174 2178 292 2234 hoc
322 2194 469 2234 cum
499 2181 570 2235 sit
590 2178 817 2252 aliquid
845 2185 1117 2235 nostrum
1149 2180 1396 2244 visibile,
1428 2180 1579 2234 sicut
1609 2178 1721 2234 hoc

62 2283 283 2338 corpus,
312 2267 550 2340 aliquid
570 2268 1039 2335 veroinvisibile,
1069 2268 1219 2324 sicut
1237 2269 1421 2324 homo
1440 2269 1717 2330 interior;

62 2362 105 2410 et
130 2372 261 2412 cum
311 2356 620 2427 optimum
648 2364 945 2423 nostrum,
975 2358 1090 2414 hoc
1122 2363 1208 2413 est
1237 2373 1402 2413 mens
1426 2364 1606 2431 atque
1636 2360 1721 2414 in-

64 2444 401 2515 telligentia,
427 2446 728 2502 invisibile
756 2446 829 2502 sit
853 2447 1044 2503 oculis
1073 2448 1341 2519 corporis
1369 2466 1381 2515 ;
1410 2448 1720 2520 quomodo

60 2532 107 2586 id
130 2535 291 2606 quod
329 2539 423 2591 est
452 2535 664 2591 melius
680 2535 909 2608 optimo
929 2540 1154 2602 nostro,
1182 2536 1410 2592 visibile
1440 2538 1545 2593 erit
1571 2537 1714 2592 infe-

63 2622 183 2678 riori
212 2628 432 2680 nostro
458 2625 481 2679 ἲ

123 2712 359 2769 CAPUT
380 2715 511 2769 XIX.
540 2744 605 2754 —
635 2715 722 2770 46.
751 2713 1019 2770 Arbitror
1042 2714 1237 2785 tejam
1258 2714 1714 2779 concedere,his

64 2802 339 2858 omnibus
362 2802 776 2871 consideratis,
795 2808 950 2859 recte
976 2804 1197 2859 dictum
1221 2819 1348 2859 esse
1373 2804 1536 2876 quod
1562 2804 1715 2858 Deus

64 2906 154 2946 nec
179 2892 236 2948 in
267 2893 415 2949 loco
438 2893 689 2959 videtur,
724 2892 826 2948 sed
858 2893 1089 2949 mundo
1116 2894 1293 2949 corde
1328 2910 1341 2959 ;
1370 2909 1478 2948 nec
1508 2908 1717 2965 corpo-

61 2980 268 3037 ralibus
302 2982 499 3038 oculis
538 2984 842 3054 queritur,
887 2998 997 3039 nec
1028 2982 1535 3038 circumscribitur
1564 2983 1712 3051 visu,

65 3084 156 3125 nec
192 3076 363 3127 tactu
396 3075 648 3135 tenetur,
682 3088 787 3128 nec
820 3072 1062 3128 auditur
1091 3070 1295 3137 affatu,
1329 3087 1438 3127 nec
1467 3073 1716 3127 sentitur

63 3156 309 3216 incessu.
336 3159 401 3215 Et
425 3161 473 3215 si
495 3160 640 3232 quid
668 3162 726 3216 in
755 3161 827 3216 iis
846 3161 1044 3215 minus
1068 3159 1578 3229 intelligimus,vel
1605 3159 1715 3215 ali-

67 3254 136 3302 ter
165 3251 466 3323 sapimus,
496 3250 555 3304 id
587 3265 830 3322 quoque
859 3250 1033 3305 nobis
1060 3250 1214 3304 Deus
1244 3249 1544 3313 revelabit,
1578 3250 1624 3303 si
1653 3250 1711 3304 in

66 3338 206 3407 quod
248 3339 665 3410 pervenimus,
699 3339 758 3393 in
792 3355 861 3395 eo
893 3338 1274 3394 ambulemus
1308 3339 1596 3410 (Philipp.
1631 3354 1710 3403 111,

70 3427 140 3491 13,
166 3428 273 3498 16).
309 3427 693 3484 Pervenimus
719 3433 919 3485 autem
943 3434 1006 3484 ut
1032 3427 1349 3483 credamus
1376 3427 1563 3483 Deum
1591 3443 1711 3483 non

67 3530 260 3588 corpus
297 3534 452 3584 esse,
485 3516 588 3573 sed
620 3516 893 3589 spiritum
925 3517 1119 3588 (Joan.
1160 3533 1238 3583 1v,
1267 3517 1356 3590 24)
1392 3533 1404 3571 :
1432 3517 1707 3589 perveni-

70 3622 183 3661 mus
212 3609 401 3664 etiam
456 3611 519 3662 ut
545 3607 863 3662 credamus
912 3606 1078 3678 quod
1125 3609 1309 3661 Deum
1359 3622 1537 3661 nemo
1571 3606 1712 3661 vidit

71 3710 321 3768 unquam
352 3696 469 3767 (Id.
498 3714 532 3760 ι,
569 3696 653 3767 18)
684 3713 699 3761 ;
734 3701 789 3751 et
821 3695 986 3767 quod
1020 3699 1171 3751 Deus
1204 3695 1304 3750 lux
1335 3700 1439 3761 est,
1473 3700 1528 3751 et
1556 3700 1706 3750 tene-

66 3782 167 3840 brae
187 3787 241 3841 in
263 3802 344 3841 eo
374 3802 492 3841 non
513 3784 863 3856 suntullm(l
885 3784 1053 3840 Joan.
1084 3801 1122 3850 1,
1143 3784 1200 3854 5)
1236 3800 1249 3850 ;
1280 3783 1519 3855 etquod
1546 3790 1709 3854 apud

65 3871 226 3931 Deum
254 3890 384 3932 non
399 3874 909 3937 estcommutatio,
934 3888 1043 3928 nec
1073 3873 1360 3928 momenti
1386 3872 1710 3927 obumbra-

66 3963 129 4017 tio
158 3965 387 4032 (Jacobi
409 3981 447 4029 1,
487 3963 569 4033 17)
602 3981 614 4029 ;
644 3962 882 4035 etquod
913 3962 1108 4017 lucem
1139 3962 1370 4018 habitat
1397 3962 1710 4017 inaccessi-

64 4047 242 4118 bilem,
272 4068 458 4122 quem
485 4067 665 4107 nemo
694 4052 1009 4107 hominum
1044 4052 1209 4121 vidit,
1239 4066 1346 4107 nec
1378 4051 1574 4106 videre
1606 4066 1707 4122 po-

66 4142 157 4194 test
180 4142 220 4214 (I
254 4142 405 4197 Tim.
434 4158 511 4207 v1,
545 4141 639 4211 16)
674 4159 688 4206 ;
721 4146 775 4196 et
805 4141 970 4213 quod
1001 4140 1173 4195 Pater
1202 4145 1258 4195 et
1285 4139 1466 4195 Filius
1496 4146 1553 4195 et
1582 4140 1706 4212 Spi-

66 4230 187 4284 ritus
216 4234 464 4287 sanctus
490 4246 642 4285 unus
676 4230 830 4285 Deus
863 4234 969 4293 est,
1003 4230 1129 4284 sine
1160 4229 1279 4285 ulla
1304 4229 1635 4286 diversitate
1654 4234 1708 4285 et

67 4320 428 4388 separatione
455 4325 681 4375 natura!
714 4320 757 4385 (Ι
786 4320 961 4373 Joan.
997 4335 1053 4384 v,
1086 4321 1141 4389 7)
1176 4334 1188 4384 ;
1218 4323 1272 4373 et
1296 4319 1459 4390 quod
1493 4318 1701 4373 mundi

68 4408 223 4464 corde
243 4424 387 4465 eum
419 4407 701 4464 videbunt
730 4407 967 4477 (Matth.
998 4422 1052 4474 v,
1083 4407 1141 4476 8)
1167 4424 1179 4474 ;
1210 4412 1265 4463 et
1289 4406 1455 4479 quod
1482 4407 1704 4462 similes

69 4495 352 4562 eierimus,
368 4496 658 4569 quoniam
673 4495 1009 4551 videbimus
1027 4511 1163 4551 eum
1187 4495 1356 4551 sicuti
1372 4503 1456 4550 est
1474 4497 1511 4566 (Ι
1526 4497 1700 4551 Joan.

71 4598 135 4651 ιιι,
164 4587 214 4658 2)
250 4604 263 4654 ;
297 4592 356 4643 et
383 4586 549 4659 quod
592 4589 743 4641 Deus
772 4585 1029 4641 charitas
1061 4588 1167 4653 est,
1198 4594 1254 4640 et
1278 4585 1381 4656 qui
1416 4590 1615 4639 manet
1644 4585 1702 4638 in

72 4675 336 4733 charitate
366 4675 427 4731 in
459 4675 577 4730 Deo
612 4680 831 4740 manet,
866 4679 921 4729 et
957 4676 1107 4728 Deus
1139 4673 1197 4728 in
1230 4673 1327 4729 illo
1360 4681 1561 4729 manet
1585 4673 1702 4743 (Id.

73 4778 136 4826 1v,
167 4768 245 4836 t6)
279 4782 292 4831 ;
327 4769 384 4821 et
412 4765 577 4837 quod
609 4779 820 4835 pacem
852 4767 907 4818 et
933 4762 1463 4818 sanctiﬁcationem
1496 4761 1705 4817 sectari

73 4849 367 4920 debemus,
389 4854 514 4909 sine
528 4869 647 4924 qua
662 4867 840 4907 nemo
855 4852 1067 4923 poterit
1082 4850 1278 4906 videre
1296 4853 1478 4905 Deum
1495 4850 1700 4921 (Hebr.

74 4954 155 5006 xu,
188 4943 267 5015 14)
298 4960 311 5009 ;
335 4947 389 4999 et
409 4941 574 5013 quod
596 4940 980 5013 corruptibile
1007 4941 1192 4996 hocet
1213 4939 1460 4995 mortale
1486 4956 1705 5010 corpus

75 5036 347 5098 nostrum,
374 5031 434 5087 in
464 5031 894 5087 resurrectione
924 5028 1393 5085 commutabitur
1414 5033 1473 5085 et
1502 5030 1708 5084 induet

74 5116 557 5193 incorruptionem
591 5125 771 5191 atque
791 5118 1291 5174 immortalitatem
1322 5134 1335 5183 ;
1367 5123 1421 5174 et
1448 5119 1589 5190 quia
1620 5135 1706 5173 se-

78 5209 313 5265 minatur
338 5225 555 5280 corpus
578 5206 857 5270 animale,
879 5213 1145 5275 resurget
1165 5222 1381 5277 corpus
1408 5207 1706 5278 spirituale

76 5294 109 5361 (l
147 5298 273 5355 Cor.
304 5315 399 5365 xv,
433 5302 519 5365 53,
552 5301 668 5365 44),
714 5295 1172 5365 transﬁgurante
1207 5297 1457 5351 Domino
1487 5312 1707 5367 corpus

78 5381 400 5444 humilitatis
422 5392 659 5451 nostrae,
688 5389 748 5440 ut
776 5384 1083 5440 conforme
1113 5383 1289 5440 faciat
1318 5385 1553 5456 corpori
1586 5384 1707 5454 glo-

80 5476 164 5530 riae
190 5495 308 5534 sua:
341 5477 635 5550 (Philipp.
682 5490 761 5543 111,
795 5473 884 5544 21)
919 5490 933 5539 ;
967 5479 1020 5529 et
1049 5473 1215 5544 quod
1262 5477 1411 5528 Deus
1445 5474 1578 5529 fecit
1606 5474 1709 5529 ho-

84 5564 281 5622 minem
304 5567 383 5624 ad
406 5564 730 5635 imaginem
752 5568 807 5619 et
829 5562 1277 5619 similitudinem
1297 5564 1653 5633 suam(Gen.
1670 5580 1707 5629 1,

79 5653 153 5725 27)
180 5672 194 5721 ;
225 5662 277 5713 et
304 5656 471 5729 quod
504 5653 713 5727 spiritu
760 5651 977 5708 mentis
1011 5657 1228 5708 nostra).
1258 5668 1622 5709 renovamur
1653 5654 1709 5709 in

352 5781 597 5838 ΡΑτιιοι..
628 5777 871 5835 XXXIII.

1298 170 1811 236 EPISTOLARUM
1841 176 2132 243 CLASSIS
2161 182 2260 240 III.

3384 194 3491 251 618

1831 308 2199 377 agnitionem
2221 308 2338 373 Dei,
2365 309 2697 366 secundum
2717 309 3041 382 imaginem
3062 314 3190 387 ejus
3207 317 3308 389 qui
3330 333 3494 377 crea-

1832 397 1912 452 vit
1930 398 2383 469 nos(Coloss.1u,
2408 399 2512 470 10).
2528 401 2589 454 In
2606 400 2694 455 his
2707 404 2887 473 atque
2900 402 2999 473 huj
3013 421 3081 458 us
3111 406 3273 460 modi
3289 408 3493 481 Scrip-

1831 491 2101 541 turarum
2121 492 2463 543 sanctarum
2484 490 2937 546 auctoritatibus
2960 506 3064 563 per
3079 492 3261 548 fidem
3280 497 3493 552 ambu-

1830 574 2040 642 lantes,
2064 576 2325 647 quidato
2357 576 2447 631 vel
2468 576 2750 633 divinitus
2777 579 2871 649 adj
2884 583 2982 634 uto
2998 581 3293 638 intellectu
3323 584 3493 655 spiri-

1832 663 2066 719 tualiter
2081 664 2474 735 profecerunt,
2490 673 2545 720 et
2558 666 2889 738 spiritualia
2904 668 3311 738 spiritualibus
3324 688 3494 728 com-

1832 766 2042 822 parare
2086 758 2427 824 potuerunt,
2468 753 2747 811 viderunt
2797 754 3008 812 melius
3060 758 3245 814 videri
3295 767 3492 817 mente

1828 858 2014 914 quam
2042 859 2289 915 corpore
2322 862 2334 911 ;
2366 849 2422 899 et
2451 859 2521 901 ea
2549 844 2736 900 videri
2772 852 2966 901 mente
2997 862 3132 918 quae
3160 863 3279 903 non
3312 850 3493 906 conli-

1830 936 2108 987 nerentur
2139 932 2303 999 locis,
2338 948 2447 988 nec
2478 934 2628 989 inter
2659 950 2719 989 se
2751 934 3021 990 locorum
3055 937 3374 993 intervallis
3405 955 3493 994 se-

1831 1026 2199 1092 pararentur,
2227 1038 2335 1077 nec
2355 1023 2587 1078 minora
2606 1030 2802 1078 essent
2821 1025 2878 1079 in
2895 1029 3061 1095 parte
3074 1042 3260 1097 quam
3275 1026 3333 1081 in
3350 1032 3488 1083 toto.

1900 1111 1988 1164 47.
2024 1110 2164 1165 Hinc
2185 1116 2271 1165 est
2300 1111 2465 1182 quod
2496 1111 2853 1167 ﬁducialiter
2879 1112 2971 1167 ille
3002 1113 3164 1180 dicit,
3197 1116 3361 1187 quod
3383 1132 3491 1172 nec

1828 1200 1889 1254 in
1916 1201 2041 1256 loco
2076 1201 2226 1255 Deus
2250 1200 2501 1265 videtur,
2532 1202 2633 1255 sed
2660 1201 2880 1257 mundo
2914 1202 3088 1258 corde
3117 1224 3137 1259 .-
3164 1220 3268 1259 nec
3290 1220 3494 1274 corpo-

1828 1288 2060 1344 ralibus
2086 1289 2274 1345 oculis
2303 1297 2625 1359 quaeretur,
2659 1306 2766 1346 nec
2797 1290 3309 1348 circumscribitur
3339 1294 3487 1360 visu,

1827 1392 1934 1434 nec
1962 1384 2125 1434 tactu
2159 1384 2409 1443 tenetur,
2437 1394 2542 1434 nec
2569 1379 2822 1434 auditur
2850 1380 3062 1449 aifatu,
3097 1396 3204 1438 nec
3231 1385 3490 1438 sentitur

1825 1467 2075 1523 incessu.
2107 1467 2271 1523 Unde
2301 1468 2444 1539 quia
2466 1472 2522 1523 et
2547 1467 2859 1523 invisibilis
2889 1468 2949 1523 in
2979 1469 3292 1541 Scripturis
3323 1487 3490 1527 sanc-

1827 1555 1898 1611 tis
1937 1557 2069 1627 ejus
2102 1556 2435 1611 substantia
2465 1556 2944 1623 commendatur,
2978 1562 3033 1611 et
3064 1558 3230 1614 visus
3280 1574 3406 1614 esse
3453 1575 3489 1615 a

1825 1643 2096 1715 plurimis
2116 1661 2219 1716 per
2240 1659 2457 1716 corpus
2480 1651 2534 1699 et
2560 1645 2974 1716 corporalibus
2995 1645 3143 1702 locis
3173 1648 3232 1703 in
3260 1648 3489 1703 eisdem

1826 1733 2282 1789 auctoritatibus
2314 1733 2632 1797 invenitur,
2671 1739 2773 1789 aut
2800 1734 3030 1805 spiritu,
3059 1751 3181 1807 quo
3213 1752 3490 1807 corpora-

1824 1822 1909 1877 les
1936 1830 2262 1878 cernuntur
2287 1821 2599 1894 imagines,
2630 1837 2733 1893 per
2764 1823 3031 1893 aliquam
3063 1826 3196 1880 licet
3216 1825 3489 1897 incorpo-

1825 1927 2011 1977 ream,
2041 1917 2242 1967 tamen
2275 1911 2725 1966 similitudinem
2759 1913 3046 1982 corporis,
3077 1914 3226 1969 sicut
3252 1914 3307 1969 in
3333 1931 3490 1970 som-

1826 2001 1917 2055 nis
1962 2000 2053 2055 vel
2107 2001 2164 2054 in
2221 2000 2479 2066 ecstasi;
2534 2000 2782 2055 secrevit
2823 1999 2915 2055 ille
2950 2000 3034 2055 vir
3086 2009 3328 2057 sanctus
3385 2003 3486 2058 Dei

1824 2094 2102 2143 naturam
2117 2088 2194 2143 ab
2206 2087 2554 2158 hujusmodi
2569 2088 2920 2154 visionibus,
2937 2104 3159 2160 easque
3173 2090 3323 2146 dixit
3337 2107 3487 2157 esse,

1822 2195 1976 2251 quas
2008 2180 2107 2235 Dei
2140 2179 2414 2235 voluntas
2447 2179 2742 2249 elegisset,
2778 2196 2899 2235 non
2932 2196 3085 2251 quas
3119 2186 3333 2237 natura
3364 2181 3485 2238 for-

1825 2274 2066 2323 masset.
2104 2269 2256 2324 Facit
2287 2268 2445 2323 enim
2482 2270 2632 2323 Deus
2663 2268 2807 2324 istas
2833 2269 3074 2341 quibus,
3108 2276 3171 2325 ut
3216 2270 3361 2338 vult,
3392 2272 3485 2327 cui

1824 2357 1966 2422 vult,
1988 2358 2235 2429 quando
2255 2357 2399 2423 vult,
2429 2365 2735 2429 appareat,
2755 2374 2867 2414 sua
2891 2359 3109 2415 latente
3133 2364 3309 2431 atque
3337 2361 3396 2415 in
3423 2374 3487 2415 se

1824 2445 2394 2502 incommutabiliter
2422 2453 2701 2501 manente
2732 2446 3085 2504 substantia.
3117 2449 3173 2504 Si
3204 2448 3361 2504 enim
3390 2465 3487 2505 vo-

1825 2536 2024 2592 luntas
2046 2540 2247 2591 nostra
2273 2535 2434 2606 apud
2459 2550 2522 2590 se
2545 2551 2795 2591 manens
2814 2541 2868 2592 et
2890 2536 3080 2592 latens
3099 2538 3223 2592 sine
3252 2537 3371 2593 ulla
3392 2539 3486 2593 sui

1826 2625 2593 2695 commutatione,perquas
2609 2640 2672 2679 se
2686 2630 3001 2696 utcumque
3014 2625 3286 2681 ostendat
3297 2626 3487 2698 expri-

1825 2714 1934 2769 mit
1962 2730 2138 2769 voces
2173 2731 2186 2780 ;
2217 2719 2445 2784 quanto
2474 2712 2706 2768 facilius
2747 2713 2899 2768 Deus
2943 2714 3344 2786 omnipotens,
3376 2730 3489 2772 sua

1822 2802 2040 2858 latente
2067 2808 2245 2873 atque
2271 2800 2836 2856 incommutabiliter
2862 2808 3141 2857 manente
3162 2808 3400 2869 natura,
3424 2805 3485 2859 in

1824 2907 1947 2963 qua
1971 2891 2221 2946 voluerit
2242 2890 2461 2960 specie,
2485 2893 2698 2960 potest,
2735 2889 2827 2944 cui
2862 2889 3132 2957 voluerit,
3169 2907 3481 2963 apparere.

1824 2981 1927 3052 qui
1958 2996 2028 3035 ex
2057 2980 2242 3034 nihilo
2285 2979 2506 3034 creavit
2534 2979 2760 3044 omnia,
2793 2985 2971 3049 atque
3003 2978 3064 3033 in
3117 2996 3178 3034 se
3227 2995 3481 3036 manens

1823 3069 2071 3124 innovat
2100 3067 2325 3123 omnia.

1896 3158 2120 3213 CAPUT
2144 3158 2247 3212 XX.
2278 3187 2344 3197 -—
2368 3155 2457 3211 48.
2480 3157 2568 3210 Ad
2595 3171 2729 3212 eam
2755 3171 2897 3212 vero
2918 3156 3215 3212 visionem
3246 3172 3369 3229 qua
3393 3157 3484 3212 vi-

1824 3247 2094 3301 debimus
2141 3246 2327 3300 Deum
2365 3245 2535 3300 sicuti
2568 3251 2673 3310 est,
2708 3245 3065 3301 mundanda
3103 3245 3287 3302 corda
3316 3261 3485 3301 com-

1823 3336 2074 3391 monuit.
2108 3336 2252 3400 Quia
2270 3334 2429 3389 enim
2466 3350 2719 3405 corpora
2739 3334 3171 3389 consuetudine
3196 3333 3481 3407 loquendi

1820 3424 2077 3480 visibilia
2104 3424 2507 3488 nominantur,
2538 3428 2855 3494 propterea
2871 3426 3021 3479 Deus
3044 3423 3357 3478 invisibilis
3389 3422 3481 3478 di-

1821 3514 1990 3579 citur,
2024 3529 2098 3568 ne
2151 3528 2367 3583 corpus
2417 3527 2549 3566 esse
2601 3511 2923 3567 credatur:
2972 3528 3093 3567 non
3123 3514 3266 3583 quia
3296 3511 3481 3567 corda

1822 3602 2052 3657 munda
2078 3617 2201 3656 suae
2229 3600 2577 3656 substantias
2608 3600 3113 3671 contemplatione
3135 3600 3475 3667 fraudabit;

1822 3707 1959 3746 cum
1982 3691 2109 3745 haec
2122 3705 2344 3760 magna
2361 3693 2414 3743 et
2429 3704 2667 3743 summa
2685 3704 2909 3743 merces
2928 3688 3109 3743 Deum
3140 3689 3477 3745 colentibus

1820 3784 1875 3834 et
1927 3778 2307 3848 diligentibus
2356 3776 2756 3847 promittatur,
2814 3776 3046 3831 dicente
3094 3776 3230 3847 ipso
3286 3777 3479 3832 Domi-

1818 3884 1917 3933 no,
1959 3867 2207 3939 quando
2247 3865 2658 3936 corporalibus
2705 3864 2894 3920 oculis
2934 3864 3243 3920 visibiliter
3288 3881 3479 3937 appa-

1817 3957 2007 4023 rebat,
2036 3962 2092 4011 et
2116 3954 2467 4010 invisibilem
2507 3968 2568 4009 se
2603 3954 3011 4010 contuendum
3051 3953 3296 4009 mundis
3348 3970 3479 4011 cor-

1818 4046 1996 4101 dibus
2016 4043 2416 4117 promittebat,
2439 4044 2553 4110 Qui
2572 4042 2768 4113 diligit
2796 4058 2904 4108 me,
2936 4042 3222 4114 diligetur
3242 4059 3279 4099 a
3297 4046 3479 4101 Patre

1817 4150 1943 4191 meo
1962 4147 1984 4205 ,'
2006 4142 2059 4191 et
2090 4148 2193 4203 ego
2215 4132 2464 4202 diligam
2486 4146 2637 4200 eum,
2666 4139 2717 4187 et
2741 4134 3048 4188 ostendam
3070 4132 3355 4201 meipsum
3382 4132 3480 4190 illi

1818 4226 2017 4298 (Joan.
2050 4240 2169 4288 xw,
2204 4222 2315 4294 2t).
2348 4224 2476 4277 Haec
2504 4221 2728 4293 quippe
2760 4227 2977 4277 natura
3008 4223 3139 4291 ejus
3166 4222 3478 4294 aequaliter

1820 4311 2285 4385 incorruptibilis
2314 4316 2401 4366 est
2430 4327 2442 4365 :
2474 4327 2626 4382 quae,
2668 4312 2819 4366 sicut
2849 4326 3033 4381 supra
3084 4311 3312 4365 dictum
3367 4316 3472 4375 est,

1815 4403 2203 4459 continuatim
2256 4399 2573 4471 Apostolus
2614 4399 2857 4469 posuit;
2891 4398 3157 4453 divinam
3196 4399 3474 4453 substan-

1814 4494 1978 4556 tiam,
2003 4506 2124 4561 qua
2142 4487 2690 4560 potuithominibus
2712 4486 3151 4557 praedicatione,
3169 4502 3472 4542 commen-

1813 4582 1966 4636 dans
1991 4580 2034 4651 (I
2068 4580 2213 4633 Tim.
2243 4593 2280 4637 ι,
2314 4577 2420 4648 17).
2453 4577 2643 4640 Quam
2668 4576 2714 4630 si
2745 4575 2899 4631 oculi
2930 4576 3270 4646 corporales
3301 4577 3359 4631 in
3389 4592 3478 4632 re-

1814 4670 2174 4725 surrectione
2194 4671 2424 4721 mutata
2448 4680 2769 4735 corporum
2786 4664 3070 4736 qualitate
3084 4665 3471 4737 conspicient,

1814 4759 2064 4814 viderint
2088 4757 2189 4828 qui
2220 4755 2332 4810 hoc
2358 4759 2609 4826 possunt
2630 4754 2935 4809 adstruere
2961 4770 2972 4809 :
3002 4770 3093 4810 me
3116 4755 3250 4824 plus
3273 4760 3475 4811 movet

1814 4848 1969 4903 illius
2000 4845 2311 4910 sententia,
2343 4843 2444 4916 qui
2482 4859 2587 4898 nec
2616 4845 2675 4898 in
2707 4844 2844 4913 ipsa
2894 4845 3322 4900 resurrectione
3360 4845 3476 4900 hoc

1815 4934 2229 5007 corporalibus
2258 4932 2465 5000 oculis,
2498 4932 2601 4987 sed
2654 4932 2892 4986 mundis
2934 4933 3212 4987 cordibus
3249 4932 3473 4987 tribuit.

1889 5025 2110 5081 CAPUT
2130 5023 2257 5079 XXI.
2289 5054 2351 5064 -—
2375 5022 2461 5076 49.
2495 5024 2555 5077 Et
2570 5022 2643 5076 de
2661 5021 2985 5092 spiritualis
3004 5020 3246 5091 quidem
3266 5036 3475 5090 corpo-

1817 5118 1897 5173 ris
1925 5116 2225 5188 qualitate,
2271 5113 2435 5185 quod
2482 5112 2901 5167 resurrecturis
2952 5109 3333 5181 promittitur,
3383 5109 3475 5163 vel

1818 5206 2047 5262 discere
2077 5202 2299 5275 aliquid
2329 5202 2548 5267 adhuc,
2583 5200 2669 5255 vel
2696 5214 2959 5271 quaerere
2984 5213 3102 5252 non
3133 5213 3346 5251 recuso
3378 5212 3393 5252 :
3426 5197 3474 5251 si

1821 5300 2019 5352 tamen
2044 5293 2117 5349 de
2148 5293 2262 5347 hac
2290 5307 2350 5345 re
2382 5290 2752 5360 disputantes
2781 5288 2893 5341 illis
2921 5286 3074 5341 vitiis
3101 5301 3301 5341 carere
3332 5302 3477 5358 pos-

1822 5386 2023 5445 simus,
2054 5398 2189 5453 qua:
2222 5381 2575 5451 plerumque
2608 5377 2817 5432 studiis
2846 5374 3129 5429 humanis
3152 5381 3206 5429 et
3238 5391 3475 5431 concer-

1823 5472 2144 5529 tationibus
2186 5470 2534 5531 excitantur,
2568 5466 2710 5520 dum
2742 5480 2924 5535 supra
2954 5479 3137 5535 quam
3185 5463 3473 5536 scriptum

1821 5567 1911 5616 est
1936 5575 2091 5614 unus
2121 5573 2230 5629 pro
2262 5557 2447 5612 altero
2476 5553 2715 5609 inﬂetur
2744 5552 3035 5607 adversus
3071 5552 3323 5608 alterum
3358 5569 3370 5608 :
3400 5569 3475 5610 ne

1824 5650 1969 5705 dum
2019 5646 2364 5703 altercando
2406 5643 2732 5717 quaerimus
2770 5642 3128 5712 investigare
3166 5643 3475 5715 quomodo

2935 5768 3190 5841 (Vingt).
