4074 6164
606 181 713 239 619

602 309 794 382 possit
820 306 1007 364 videri
1037 307 1209 369 Deus,
1239 299 1433 374 ipsam
1461 317 1673 374 pacem
1696 302 2258 360 sanctiﬁcationem-

602 414 718 472 que
731 396 1078 469 perdamus,
1094 393 1222 447 sine
1233 407 1350 464 qna
1374 407 1553 448 nemo
1572 393 1788 463 poterit
1808 392 2009 448 videre
2029 390 2216 445 Deum
2242 404 2256 455 ;

600 486 763 560 quod
780 486 906 556 ipse
934 487 1160 538 avertat
1180 497 1215 538 a
1238 480 1521 537 cordibus
1545 482 1858 551 nostris,ut
1879 498 1951 537 ea
1972 497 2095 535 suae
2123 494 2262 535 con-

602 572 971 645 templationi
1007 571 1237 627 munda
1298 570 1511 626 reddat
1540 576 1721 642 atque
1758 570 2075 627 custodiat.
2110 567 2257 623 Illud

598 667 798 720 tamen
824 661 970 733 quia
998 676 1119 716 non
1148 659 1372 728 dubito,
1402 675 1519 715 non
1550 660 1807 732 requiro,
1841 659 2005 732 quod
2031 657 2134 713 Dei
2154 672 2259 713 na-

598 757 730 809 tura
758 766 1071 819 nunquam
1105 749 1373 804 videatur
1399 749 1458 803 in
1487 748 1640 805 loco.
1673 749 1807 805 Jam
1842 754 2040 804 utrum
2069 746 2259 819 possit

596 841 777 912 hujus
795 840 1058 911 corporis
1079 837 1266 894 oculis
1291 837 1472 893 videri
1493 837 1717 910 aliquid
1741 838 1905 910 quod
1922 838 1979 892 in
1994 838 2125 892 loco
2138 851 2256 891 non

597 930 850 993 videtur,
876 928 952 982 ab
966 928 1048 982 eis
1067 927 1165 997 qui
1182 926 1296 982 hoc
1318 925 1513 981 valent
1533 926 1888 981 disserendo
1903 929 2254 988 monstrare,

599 1035 735 1074 cum
764 1033 910 1089 pace
941 1016 1274 1071 dilectionis
1308 1014 1517 1070 audire
1549 1021 1793 1087 paratus
1823 1032 1978 1078 sum,
2013 1018 2068 1069 et
2092 1012 2257 1085 quod

597 1124 694 1163 me
716 1105 985 1162 movetin
1004 1120 1324 1159 commune
1343 1104 1631 1159 conferre.
1651 1103 1965 1160 Suntenim
1983 1103 2252 1174 quidam,

597 1197 701 1271 qui
726 1198 910 1250 Deum
942 1194 1142 1265 ipsum
1176 1193 1422 1248 omnino
1454 1209 1673 1265 corpus
1702 1210 1828 1248 esse
1862 1196 2253 1264 praesumunt,

596 1290 875 1359 putantes
901 1282 1198 1355 quidquid
1226 1298 1441 1353 corpus
1471 1298 1589 1337 non
1614 1287 1719 1349 est,
1753 1281 1982 1337 nullam
2012 1296 2257 1353 prorsus

595 1391 728 1431 esse
770 1373 1208 1429 substantiam:
1244 1371 1391 1426 istos
1442 1372 1609 1427 omni
1658 1372 1842 1427 modo
1888 1369 2256 1426 aversandos

597 1480 832 1520 censeo.
862 1464 1005 1518 Sunt
1038 1465 1235 1516 autem
1256 1459 1375 1522 alii,
1412 1463 1594 1515 Deum
1627 1461 1871 1532 quidem
1899 1461 2100 1532 ipsum
2132 1475 2257 1514 cor-

597 1569 708 1625 pus
735 1568 854 1608 non
881 1566 1011 1606 esse
1039 1549 1281 1604 minime
1313 1549 1654 1603 dubitantes
1686 1566 1699 1614 ;
1734 1549 1837 1604 sed
1864 1550 1999 1604 ideo
2025 1565 2127 1603 eos
2152 1550 2257 1619 qui

598 1642 677 1697 ad
691 1642 871 1696 vitam
889 1643 1172 1694 aeternam
1191 1638 1702 1706 resurgent,etiam
1721 1654 1823 1708 per
1837 1653 2054 1708 corpus
2068 1637 2255 1692 Deum

596 1732 829 1786 visuros
859 1733 1087 1799 putant,
1119 1726 1409 1799 quoniam
1455 1726 1629 1781 talem
1661 1732 1905 1798 sperant
1935 1726 2253 1798 spiritualis

596 1819 858 1890 corporis
880 1817 1251 1889 qualitatem,
1276 1821 1339 1871 ut
1357 1816 1536 1871 etiam
1560 1815 1692 1887 ipsa
1717 1832 1853 1887 quae
1880 1832 2018 1871 caro
2041 1815 2252 1879 fuerat,

598 1910 836 1982 spiritus
867 1906 988 1962 ﬁat.
1026 1904 1199 1971 Quod
1236 1905 1281 1959 si
1314 1905 1393 1959 ita
1420 1910 1532 1972 est,
1564 1910 1859 1975 quantum
1893 1904 2070 1959 distet
2100 1920 2136 1959 a
2162 1921 2255 1958 su-

596 1998 811 2072 periori
825 1995 1387 2066 opinione,etquam
1404 1993 1518 2048 hoc
1536 1994 1608 2048 sit
1625 1993 2007 2058 tolerabilius,
2024 1993 2253 2049 etiamsi

594 2100 798 2141 verum
821 2100 941 2139 non
972 2083 1064 2150 sit,
1085 2088 1230 2154 puto
1256 2082 1534 2138 facillime
1560 2083 1837 2153 judicari.
1869 2082 2087 2147 Primo,
2111 2083 2255 2154 quia

595 2172 848 2228 multum
880 2172 1126 2227 interest
1148 2177 1346 2227 utrum
1379 2171 1452 2226 de
1479 2172 1749 2227 Creatore
1780 2187 1857 2226 an
1881 2172 1955 2225 de
1981 2178 2255 2227 creatura

594 2261 761 2318 aliter
785 2260 1010 2331 aliquid
1036 2259 1326 2315 sentiatur
1348 2276 1531 2331 quam
1551 2261 1765 2315 veritas
1783 2259 1985 2315 habet.
2009 2259 2249 2325 Deinde,

592 2351 736 2423 quia
753 2354 1003 2405 conatus
1024 2349 1242 2404 mentis
1270 2354 1594 2419 utcumque
1618 2348 1896 2403 ferendus
1923 2353 2027 2413 est,
2050 2348 2251 2403 volen-

593 2441 666 2495 tis
706 2453 920 2508 corpus
964 2442 1305 2491 convertere
1349 2436 1405 2490 in
1460 2437 1755 2507 spiritum,
1787 2452 1903 2490 non
1943 2436 2002 2490 in
2034 2451 2253 2506 corpus

593 2530 803 2583 Deum.
835 2527 1161 2591 Postremo,
1188 2526 1330 2596 quia
1362 2525 1417 2578 id
1452 2526 1613 2595 quod
1646 2541 1754 2594 ego
1785 2526 1843 2579 in
1876 2524 1978 2580 illa
1999 2524 2251 2595 epistola

595 2632 731 2671 mea
750 2614 871 2670 dixi
897 2613 970 2669 de
996 2612 1124 2667 istis
1146 2617 1368 2668 nostras
1418 2613 1614 2667 carnis
1645 2613 1853 2678 oculis,
1887 2614 2031 2684 quia
2059 2629 2250 2685 neque

592 2720 754 2761 nunc
784 2706 1057 2775 possunt,
1091 2718 1285 2774 neque
1334 2706 1473 2757 tunc
1503 2707 1781 2774 poterunt
1815 2702 2001 2757 Deum
2050 2702 2250 2757 videre

592 2794 806 2866 (Epist.
840 2795 927 2857 92,
970 2808 1028 2847 n.
1065 2791 1141 2862 3),
1176 2792 1353 2846 etiam
1400 2792 1481 2845 sic
1533 2806 1741 2846 verum
1774 2797 1863 2846 est
1896 2807 1908 2846 :
1937 2807 2057 2846 non
2090 2791 2249 2845 enim

593 2884 816 2939 dictam
848 2887 935 2937 est
967 2880 1080 2935 nisi
1121 2879 1193 2935 de
1224 2880 1413 2935 oculis
1454 2880 1887 2953 corporalibus,
1919 2880 2083 2951 quod
2111 2886 2249 2935 tunc

593 2988 716 3028 non
742 2974 914 3027 erunt
934 2971 981 3024 si
1013 2985 1231 3040 corpus
1257 2968 1460 3040 ipsum
1484 2970 1725 3041 spiritus
1750 2970 1891 3036 erit;
1915 2985 1985 3024 ac
2008 2985 2111 3041 per
2136 2969 2249 3025 hoc

592 3061 860 3132 corporei
878 3058 1034 3114 oculi
1060 3074 1375 3129 nunquam
1404 3060 1586 3113 Deum
1621 3058 1925 3123 videbunt,
1947 3058 2089 3129 quia
2110 3074 2248 3113 cum

591 3150 908 3213 videbitur,
942 3147 1185 3219 spiritus
1218 3163 1379 3214 eum,
1414 3162 1531 3201 non
1566 3162 1785 3217 corpus
1825 3147 2069 3201 videbit.

664 3241 753 3298 50.
784 3239 928 3293 Tota
956 3235 1133 3307 igitur
1162 3236 1414 3306 quaestio
1439 3233 1566 3305 jam
1598 3235 1884 3289 remansit
1907 3235 1980 3289 de
2002 3251 2249 3307 corpore

595 3327 909 3401 spirituali,
941 3328 1242 3395 quatenus
1274 3323 1485 3378 induat
1510 3323 2017 3395 incorruptionem
2050 3330 2105 3379 et
2144 3324 2251 3378 ini-

594 3415 1014 3473 mortalitatem
1033 3411 1148 3467 hoc
1161 3412 1545 3483 corruptibile
1562 3417 1745 3482 atque
1766 3412 2253 3483 mortale,etqua-

596 3512 768 3560 tenus
793 3518 863 3557 ex
882 3500 1129 3557 animali
1151 3500 1212 3555 in
1234 3500 1535 3570 spirituale
1554 3504 1831 3554 mutetur.
1848 3502 1988 3564 Quae
2006 3500 2253 3570 diligen-

593 3594 711 3648 tius
744 3589 1170 3660 sollicitiusque
1203 3588 1516 3643 tractanda
1545 3592 1631 3642 est
1664 3604 1677 3653 ;
1711 3588 1971 3642 maxime
2012 3594 2252 3659 propter

594 3696 812 3753 corpus
832 3678 1018 3750 ipsius
1037 3676 1288 3742 Domini,
1305 3676 1407 3748 qui
1426 3676 1807 3745 transfigurat
1830 3692 2045 3748 corpus
2062 3676 2252 3731 humi-

591 3770 766 3827 litatis
780 3772 1016 3833 nostras,
1032 3765 1337 3821 conforme
1353 3765 1584 3836 corpori
1600 3764 1802 3835 gloriai
1818 3779 1939 3819 suae
1957 3765 2246 3834 (Philipp.

593 3878 672 3929 111,
704 3859 817 3931 2i),
851 3862 913 3912 ut
954 3855 1142 3928 possit
1174 3855 1286 3911 sibi
1317 3854 1610 3926 subjicere
1649 3855 1874 3909 omnia.
1910 3856 2053 3909 Cum
2088 3856 2247 3909 enim

594 3956 648 4006 et
668 3952 821 4005 Deus
851 3947 1019 4001 Pater
1045 3944 1247 3999 videat
1280 3944 1507 4009 Filium,
1539 3949 1594 3998 et
1618 3944 1791 3999 Filius
1818 3944 2050 3999 Patrem
2076 3962 2087 3998 :
2121 3959 2251 4015 pro-

594 4038 691 4093 cul
717 4036 902 4091 dubio
930 4049 1051 4088 non
1102 4038 1237 4086 sunt
1267 4031 1551 4086 audiendi
1581 4033 1680 4102 qui
1717 4032 2008 4086 visionem
2039 4032 2253 4087 nolunt

597 4126 847 4181 tribuere
894 4122 1006 4177 nisi
1037 4120 1412 4190 corporibus.
1454 4124 1652 4191 Neque
1683 4121 1843 4174 enim
1875 4120 1990 4175 dici
2041 4119 2130 4175 fas
2162 4127 2251 4177 est

594 4214 760 4287 quod
781 4212 988 4267 Filium
1011 4210 1185 4264 Pater
1202 4224 1321 4263 non
1340 4209 1541 4263 videat
1561 4226 1573 4270 ;
1599 4212 1723 4274 aut,
1737 4213 1794 4263 et
1812 4214 1871 4262 ut
1889 4209 2011 4279 ipse
2029 4209 2247 4275 videat,

594 4316 844 4373 corpore
869 4297 1115 4354 indutus
1154 4300 1260 4362 est,
1293 4296 1339 4350 si
1372 4296 1609 4350 nonnisi
1647 4295 1724 4350 ad
1757 4312 1973 4368 corpus
2000 4300 2253 4369 pertinet

592 4393 782 4448 visus.
806 4388 959 4456 Quid
980 4386 1144 4458 quod
1162 4385 1221 4440 in
1248 4385 1379 4457 ipso
1408 4385 1616 4440 mundi
1638 4386 1901 4449 exordio,
1923 4390 2248 4457 antequam

593 4499 630 4539 a
658 4481 794 4536 Filio
825 4481 978 4534 esset
1009 4475 1125 4531 ulla
1172 4474 1368 4530 forma
1398 4474 1550 4529 servi
1594 4479 1889 4547 suscepta,
1924 4474 2070 4530 vidit
2097 4476 2249 4531 Deus

591 4570 787 4627 lucem
813 4566 957 4640 quia
984 4566 1145 4621 bona
1166 4568 1276 4633 est,
1304 4568 1361 4618 et
1392 4562 1864 4627 ﬁrmamentum,
1898 4569 1953 4619 et
1980 4579 2162 4629 mare,
2196 4568 2253 4620 et

594 4658 849 4721 aridam,
883 4661 938 4711 et
968 4670 1149 4710 omne
1190 4652 1417 4717 fenum,
1451 4656 1629 4724 atque
1660 4668 1839 4707 omne
1869 4651 2119 4722 lignum,
2155 4670 2252 4709 so-

590 4746 731 4812 lem,
776 4746 1003 4811 lunam,
1051 4742 1268 4808 stellas,
1302 4740 1534 4812 reptilia
1564 4742 1902 4796 animarum
1949 4743 2245 4813 vivarum,

593 4834 857 4892 volatilia
878 4830 1031 4899 coeli,
1057 4831 1322 4885 animam
1346 4829 1542 4883 vivam
1571 4845 1582 4884 :
1608 4836 1913 4899 postremo
1936 4830 2079 4885 vidit
2096 4831 2248 4885 Deus

589 4924 795 4981 omnia
815 4937 946 4994 quae
969 4920 1104 4975 fecit
1128 4935 1141 4985 ;
1171 4924 1225 4974 et
1248 4933 1381 4973 ecce
1405 4917 1567 4974 bona
1597 4918 1769 4973 valde
1800 4919 1966 4989 (Gen.
1988 4936 2022 4986 1,
2050 4921 2198 4990 4-31)
2222 4920 2249 4975 ‘I

590 5014 762 5083 Quod
793 5027 931 5068 cum
963 5024 1068 5081 per
1098 5022 1373 5079 quasque
1404 5010 1709 5062 creaturas
1744 5007 2046 5078 Scriptura
2080 5007 2247 5064 toties

586 5105 918 5177 repetisset,
955 5098 1138 5155 miror
1170 5095 1329 5151 unde
1364 5100 1504 5150 nata
1548 5095 1719 5150 fuerit
1747 5095 1845 5152 illa
1877 5095 2081 5167 opinio
2125 5113 2248 5169 qua

586 5198 861 5265 putatum
881 5195 970 5246 est
989 5192 1219 5244 tantum
1239 5186 1314 5240 ad
1337 5200 1589 5254 corpora
1613 5184 1905 5255 pertinere
1930 5185 2243 5241 visionem.

588 5282 727 5347 Quae
748 5280 952 5352 opinio
974 5278 1047 5332 de
1075 5288 1462 5347 quocumque
1496 5272 1783 5344 loquendi
1806 5289 1971 5328 more
1999 5278 2127 5330 orta
2150 5277 2243 5341 sit,

590 5371 901 5440 Scripturas
927 5372 1127 5423 tamen
1151 5368 1370 5419 sancta:
1402 5377 1522 5417 non
1549 5362 1631 5417 sic
1662 5362 1823 5433 loqui
1855 5362 2080 5431 solent;
2108 5381 2245 5436 quae

587 5458 722 5521 nisi,
767 5472 885 5512 non
927 5460 1159 5510 tantum
1206 5450 1461 5524 corpori,
1505 5467 1713 5506 verum
1764 5452 1942 5506 etiam
1991 5452 2242 5525 spiritui,

587 5544 905 5614 magisque
945 5542 1175 5612 spiritui
1213 5558 1399 5613 quam
1430 5540 1667 5612 corpori
1713 5540 2037 5598 tribuerent
2065 5543 2244 5599 visio-

586 5647 749 5698 nem,
783 5646 902 5685 non
934 5630 1256 5700 Prophetas
1282 5630 1519 5702 proprie
1554 5630 1821 5687 Videnles
1851 5630 1892 5702 (Ι
1918 5633 2054 5704 Reg.
2083 5650 2160 5700 ιχ,
2188 5633 2241 5702 9)

1885 176 1945 233 S.
1989 169 2377 231 AUGUSTINI
2418 166 2743 229 EPISCOPI
3854 185 3943 243 620

2364 296 2842 369 appellavissent,
2885 299 2992 373 qui
3021 314 3145 357 non
3174 312 3419 372 corpore
3446 298 3547 357 sed
3579 302 3770 375 spiritu
3801 311 3946 370 etiam

2364 387 2563 443 futura
2583 389 2878 446 viderunt.

2436 478 2654 533 CAPUT
2680 479 2839 534 XXII.
2873 511 2941 520 —
2971 481 3062 535 5|.
3097 480 3211 537 Sed
3232 478 3609 549 cogitandum
3640 488 3719 539 est
3745 500 3811 541 ne
3836 491 3951 559 quid

2363 565 2684 622 insolenter
2714 569 3068 635 audeamus,
3094 569 3141 624 si
3171 567 3496 625 dixerimus
3519 586 3723 641 corpus
3750 589 3855 629 non
3882 595 3949 633 so-

2362 653 2486 708 lum
2510 656 2924 713 mortalitatem
2943 662 2998 714 et
3019 656 3587 729 corruptibilitatem,
3606 675 3795 718 verum
3810 664 3952 722 etiam

2362 742 2477 797 hoc
2503 744 2701 815 ipsum
2732 748 2895 818 quod
2933 763 3151 819 corpus
3184 752 3272 802 est
3301 762 3406 819 per
3435 746 3680 816 gloriam
3711 766 3955 809 resurrec-

2366 832 2539 887 tionis
2570 834 2858 900 amittere,
2887 842 2943 891 et
2974 837 3248 908 spiritum
3278 836 3425 891 ﬁeri.
3461 839 3539 892 Eo
3565 838 3734 893 modo
3755 842 3953 914 quippe,

2365 923 2999 994 autconduplicabitur
3016 926 3350 981 substantia
3368 926 3627 996 spiritus,
3642 928 3685 981 si
3710 934 3761 983 et
3778 947 3955 1002 corpus

2364 1009 2604 1080 spiritus
2631 1014 2737 1067 erit
2769 1030 2782 1078 ;
2817 1020 2919 1069 aut
2946 1014 2991 1069 si
3022 1030 3178 1069 unus
3208 1013 3314 1069 erit
3350 1015 3590 1086 spiritus
3620 1016 3869 1083 hominis,
3894 1020 3955 1075 ita

2362 1103 2426 1152 ut
2456 1107 2821 1157 commutato
2844 1110 2897 1158 et
2919 1119 3208 1158 converso
3236 1103 3295 1157 in
3328 1104 3599 1174 spiritum
3627 1121 3865 1179 corpore,
3884 1125 3957 1164 ne-

2361 1202 2479 1258 que
2506 1191 2906 1257 geminatione
2937 1208 3132 1264 neque
3156 1193 3524 1248 incremento
3545 1196 3957 1267 conduplicetur,

2362 1292 2472 1331 nec
2502 1280 2748 1334 omnino
2783 1281 2952 1336 ullius
2996 1297 3237 1336 accessu
3287 1282 3636 1353 quantitatis
3678 1293 3955 1354 augeatur;

2364 1368 2752 1424 metuendum
2784 1376 2871 1424 est
2902 1385 2975 1425 ne
3006 1370 3155 1425 nihil
3176 1370 3334 1425 aliud
3364 1371 3482 1425 dici
3516 1372 3788 1439 videatur,
3812 1391 3959 1447 quam

2362 1471 2616 1527 corpora
2648 1475 2767 1514 non
2810 1458 2909 1515 illa
2941 1459 3271 1515 mutatione
3310 1460 3677 1518 immortalia
3704 1480 3958 1531 mansura,

2363 1544 2466 1599 sed
2498 1546 2662 1602 nulla
2708 1550 2905 1619 potius
2936 1548 3133 1603 futura
3165 1553 3221 1603 et
3267 1550 3523 1605 omnino
3554 1554 3813 1621 peritura.
3843 1554 3960 1618 Qua-

2362 1640 2603 1705 propter
2647 1636 2839 1691 donec
2878 1636 3144 1708 diligenti
3194 1638 3602 1709 inquisitione,
3634 1640 3679 1694 si
3726 1642 3959 1697 Dominus

2361 1722 2433 1776 ad
2438 1722 2671 1793 juverit,
2704 1726 3033 1796 reperiatur
3061 1726 3204 1798 quid
3228 1728 3564 1783 secundum
3587 1728 3883 1801 Scripturas
3905 1732 3959 1787 de

2363 1812 2655 1882 spirituali
2691 1830 2941 1885 corpore
2972 1814 3138 1887 quod
3169 1814 3228 1869 in
3260 1818 3689 1873 resurrectione
3735 1821 3958 1889 promitti-

2362 1905 2476 1965 tur,
2501 1902 2874 1972 probabilius
2905 1905 3281 1959 sentieudum
3303 1904 3396 1973 sit,
3432 1906 3663 1961 interim
3694 1908 3849 1963 nobis
3872 1909 3958 1963 suf-

2360 1988 2520 2044 ficiat
2557 1992 2721 2062 quod
2774 1993 3111 2061 unigenitus
3154 1994 3350 2059 Filius,
3394 1994 3676 2067 idemque
3721 1997 3956 2052 mediator

2362 2078 2461 2133 Dei
2488 2083 2543 2132 et
2568 2080 2883 2135 hominum
2918 2081 3102 2137 homo
3134 2082 3399 2137 Christus
3428 2084 3600 2139 Jesus
3626 2087 3665 2157 (Ι
3698 2087 3829 2140 Tim.
3852 2102 3897 2150 ιι,
3921 2089 3957 2155 ὅ)

2360 2166 2439 2222 ita
2470 2168 2627 2223 videt
2655 2170 2908 2234 Patrem,
2937 2171 3090 2235 sicut
3118 2171 3350 2227 videtur
3379 2189 3415 2227 a
3451 2176 3637 2229 Patre.
3671 2177 3777 2229 Nos
3804 2182 3955 2229 autem

2359 2256 2435 2311 ad
2468 2256 2628 2312 illam
2673 2260 2961 2313 visionem
3001 2260 3096 2314 Dei
3123 2276 3259 2331 quae
3290 2261 3466 2316 nobis
3500 2263 3557 2317 in
3592 2266 3958 2319 resurrectione

2358 2347 2738 2416 promittitur,
2768 2364 2885 2403 non
2913 2365 2984 2404 ex
3003 2349 3117 2404 hoc
3140 2350 3370 2405 mundo
3398 2352 3574 2407 istam
3598 2354 3959 2424 concupiscen-

2359 2434 2498 2488 tiam
2527 2435 2836 2492 oculorum
2854 2438 3170 2493 transferre
3184 2455 3497 2505 conemur,
3521 2441 3626 2496 sed
3651 2442 3958 2497 mundandis

2362 2525 2643 2579 cordibus
2674 2527 2775 2597 pio
2821 2527 3172 2582 studeamus
3202 2528 3421 2584 aﬂectu
3456 2547 3468 2585 :
3506 2547 3615 2585 nec
3645 2532 3955 2602 corporalem

2362 2611 2571 2667 faciem
2604 2614 2959 2683 cogitemus,
3002 2632 3139 2670 cum
3186 2616 3330 2672 dicit
3363 2619 3708 2689 Apostolus,
3747 2620 3957 2676 Videmus

2359 2718 2520 2757 nunc
2536 2719 2647 2772 per
2666 2705 2971 2772 speculum
2994 2704 3055 2760 in
3085 2706 3402 2775 aenigmate
3427 2730 3447 2777 ,-
3480 2715 3624 2765 tunc
3640 2717 3821 2765 autem
3839 2710 3957 2778 facie

2358 2792 2440 2846 ad
2462 2793 2722 2861 faciem;
2755 2794 3079 2864 praesertim
3131 2796 3275 2866 quia
3318 2798 3647 2867 Apostolus
3677 2799 3957 2871 expressius

2358 2880 2525 2945 dixit,
2556 2882 2734 2937 Nunc
2760 2886 2877 2937 scio
2908 2899 2983 2939 ex
3008 2890 3222 2951 parte;
3254 2891 3400 2941 tunc
3433 2891 3631 2944 autem
3670 2904 3956 2959 cognoscam

2358 2970 2507 3025 sicut
2535 2975 2587 3026 et
2619 2975 2887 3040 cognitus
2917 2988 3045 3028 sum
3078 2972 3122 3044 (Ι
3155 2975 3289 3029 Cor.
3322 2991 3444 3045 xm,
3484 2978 3590 3049 1'2).
3624 2978 3679 3032 Si
3706 2994 3832 3049 ergo
3856 2983 3956 3033 tunc

2358 3059 2650 3130 corporali
2683 3063 2867 3115 Deum
2890 3061 3038 3115 facie
3060 3077 3529 3132 cognoscemus,
3562 3067 3839 3138 corporali
3862 3067 3955 3135 ejus

2357 3163 2519 3202 nunc
2544 3148 2690 3203 facie
2722 3150 2939 3217 cogniti
2971 3166 3181 3205 sumus
3213 3167 3226 3205 :
3258 3153 3427 3209 Tunc
3452 3155 3614 3210 enim
3644 3170 3953 3226 cognoscam,

2359 3237 2567 3308 inquit,
2601 3237 2750 3292 sicut
2781 3246 2833 3293 et
2865 3240 3132 3308 cognitus
3175 3256 3324 3297 sum.
3364 3243 3532 3299 Unde
3563 3246 3693 3314 quis
3721 3262 3842 3301 eum
3869 3260 3954 3299 non

2357 3325 2644 3397 intelligat
2665 3341 2735 3381 eo
2762 3327 2893 3382 loco
2917 3329 3095 3383 etiam
3126 3335 3396 3385 nostram
3420 3331 3631 3388 faciem
3655 3333 3802 3388 illam
3825 3332 3955 3404 signi-

2357 3414 2534 3469 ﬁcare
2566 3414 2852 3480 voluisse,
2885 3416 2958 3471 de
2988 3433 3109 3488 qua
3138 3418 3281 3474 dicit
3326 3418 3444 3476 alio
3486 3422 3638 3488 loco,
3671 3424 3784 3479 Nos
3805 3430 3952 3479 autem

2356 3503 2615 3559 revelata
2639 3503 2798 3571 facie
2823 3505 3080 3574 gloriam
3105 3507 3345 3563 Domini
3366 3512 3761 3578 speculantes,
3774 3512 3829 3566 in
3844 3526 3955 3566 eam-

2356 3592 2485 3647 dem
2506 3592 2821 3662 imaginem
2834 3595 3639 3670 transformamurdegloria
3660 3601 3717 3656 in
3730 3601 3952 3672 gloriam,

2357 3686 2643 3751 tanquam
2666 3696 2702 3736 a
2737 3682 2972 3739 Domini
2996 3684 3213 3752 spiritu
3244 3685 3421 3757 (Ibid.
3452 3705 3533 3754 111,
3569 3691 3657 3758 l8)
3687 3706 3699 3756 ;
3725 3690 3792 3745 de
3813 3688 3955 3760 gloria

2357 3770 2577 3825 scilicet
2605 3770 2744 3825 fidei
2783 3772 2843 3827 in
2886 3772 3136 3841 gloriam
3170 3778 3694 3848 contemplationis
3726 3776 3955 3835 aeternae?

2354 3858 2475 3913 Hoc
2513 3860 2737 3930 quippe
2784 3861 2906 3929 agit
2948 3860 3076 3916 haec
3124 3863 3593 3933 transformatio,
3625 3885 3743 3941 qua
3770 3867 3955 3923 interior

2356 3947 2539 4002 homo
2570 3955 2887 4004 renovatur
2912 3950 2985 4005 de
3007 3950 3102 4006 die
3134 3952 3192 4006 in
3226 3953 3386 4009 diem
3420 3958 3489 4023 (ll
3520 3956 3652 4013 Cor.
3678 3974 3750 4023 1v,
3782 3955 3954 4028 l6):de

2355 4052 2476 4107 quo
2500 4042 2552 4091 et
2582 4038 2887 4107 apostolus
2917 4040 3144 4107 Petrus,
3170 4057 3309 4097 cum
3332 4058 3470 4100 eam
3499 4054 3762 4103 moneret
3780 4043 3955 4107 ornari,

2356 4126 2485 4180 Non
2515 4142 2646 4196 quae
2666 4127 2875 4195 aforis,
2896 4128 3105 4199 inquit,
3129 4138 3424 4187 ornentur
3438 4135 3785 4204 capillorum
3802 4132 3957 4190 tueris-

2355 4215 2716 4282 pationibus,
2737 4224 2838 4271 aut
2861 4231 3030 4282 auro,
3057 4225 3161 4274 aut
3192 4223 3565 4291 margaritis,
3596 4226 3689 4281 vel
3710 4230 3847 4281 veste
3860 4236 3958 4291 pre-

2358 4304 2501 4358 tiosa
2523 4326 2542 4373 ;
2570 4304 2671 4358 sed
2696 4304 2800 4359 ille
2820 4306 3201 4363 absconditus
3215 4310 3416 4364 cordis
3440 4311 3634 4377 homo,
3650 4313 3749 4385 qui
3771 4314 3958 4368 estante

2358 4392 2541 4447 Deum
2573 4393 2732 4449 dives
2766 4394 2808 4465 (l
2838 4394 2994 4451 Petr.
3020 4411 3101 4460 111,
3135 4396 3209 4469 3).
3242 4399 3306 4452 In
3337 4415 3459 4471 qua
3489 4402 3647 4458 enim
3677 4401 3813 4458 facie
3840 4399 3957 4454 vela«

2357 4496 2494 4535 men
2524 4480 2749 4537 habent
2776 4483 2972 4540 Judaei
3019 4500 3141 4540 non
3174 4490 3548 4546 transeundo
3580 4493 3656 4547 ad
3686 4491 3956 4547 Christum.

2354 4571 2644 4641 quoniam
2676 4588 2813 4627 cum
2838 4574 3133 4629 transierit
3160 4576 3409 4649 quisque
3431 4579 3508 4634 ad
3529 4580 3812 4636 Christum
3835 4576 3958 4634 aufe-

2355 4664 2514 4715 retur
2545 4659 2833 4727 velamen,
2869 4677 2940 4717 ea
2969 4678 3080 4719 nos
3130 4663 3280 4721 facie
3325 4669 3589 4725 revelata
3620 4670 3677 4724 in
3728 4666 3957 4724 eamdem

2355 4747 2679 4820 imaginem
2716 4750 3232 4808 transformamur.
3265 4758 3648 4827 Apertissime
3678 4763 3858 4815 autem
3891 4753 3955 4808 di-

2356 4837 2454 4906 cit,
2495 4838 2767 4894 Velamen
2784 4855 2963 4909 super
2980 4843 3161 4899 corda
3184 4858 3383 4900 eorum
3406 4847 3662 4915 positum
3684 4852 3761 4904 est
3779 4846 3839 4917 (II
3854 4844 3956 4899 Cor.

2354 4941 2436 4992 111,
2482 4929 2687 4998 15-18).
2722 4928 2802 4983 lbi
2831 4934 2917 4984 est
2948 4930 3125 4999 igitur
3166 4931 3357 4999 facies,
3392 4950 3515 5006 qua
3540 4936 3807 5001 revelata,
3831 4944 3957 4989 nunc

2354 5014 2413 5069 in
2432 5016 2571 5082 hde,
2601 5018 2879 5087 quamvis
2908 5033 3010 5088 per
3039 5020 3349 5091 speculum
3372 5031 3427 5078 et
3447 5025 3505 5079 in
3536 5026 3835 5096 aenigmate
3849 5035 3957 5077 con-

2356 5110 2591 5158 tuemur
2625 5120 2637 5167 ;
2668 5109 2809 5159 tunc
2840 5110 3036 5161 autem
3062 5107 3209 5163 facie
3237 5110 3314 5165 ad
3346 5109 3579 5167 faciem.

2426 5192 2648 5249 CAPUT
2682 5194 2856 5249 XXIII.
2886 5226 2956 5236 —
2986 5196 3076 5251 52.
3110 5199 3250 5263 Quae
3283 5199 3327 5253 si
3350 5200 3671 5272 approbas,
3709 5206 3823 5257 tene
3856 5211 3953 5252 me-

2351 5296 2486 5335 cum
2524 5282 2711 5337 sancti
2744 5283 2850 5337 viri
2873 5284 3169 5340 Ambrosii
3189 5289 3700 5360 sententiam,jam
3729 5303 3837 5343 non
3852 5284 3955 5354 ejus

2351 5372 2722 5437 auctoritate,
2743 5374 2845 5427 sed
2869 5374 2997 5444 ipsa
3019 5375 3263 5431 veritate
3282 5376 3600 5433 ﬁrmatam.
3624 5381 3806 5450 Neque
3825 5373 3951 5429 enim

2350 5465 2404 5514 et
2437 5460 2582 5515 mihi
2612 5469 2925 5533 propterea
2954 5463 3166 5535 placet,
3197 5467 3341 5538 quia
3366 5483 3470 5538 per
3498 5467 3647 5523 illius
3672 5484 3735 5522 os
3763 5460 3953 5537 potissi-

2349 5564 2517 5604 mum
2546 5567 2640 5605 me
2675 5550 2963 5608 Dominus
2990 5552 3067 5609 ab
3094 5569 3291 5610 errore
3317 5556 3605 5623 liberavit,
3637 5562 3689 5612 et
3708 5570 3803 5628 per
3822 5550 3948 5607 illius

2352 5637 2746 5698 ministerium
2772 5642 3027 5711 gratiam
3049 5642 3190 5700 mihi
3215 5643 3499 5718 baptismi
3521 5645 3777 5703 salutaris
3792 5636 3951 5701 indul-
