4136 6172
184 208 272 266 621

182 336 268 401 sit,
296 340 579 407 tanquam
612 332 937 406 plantatori
963 340 1017 391 et
1035 332 1279 407 rigatori
1305 354 1438 395 meo
1468 338 1722 394 nimium
1746 337 1829 393 fa-

177 441 378 481 veam:
410 427 513 481 sed
546 425 689 497 quia
719 424 793 480 de
842 426 957 481 hoc
988 441 1049 481 re
1080 431 1136 481 et
1165 428 1291 498 ipse
1318 428 1432 484 hoc
1463 427 1630 491 dixit,
1663 426 1828 499 quod

173 515 261 586 pie
286 513 569 583 cogitanti
590 519 644 569 et
671 520 827 569 recte
860 515 1211 586 intelligenti
1241 516 1505 589 loquitur
1532 518 1711 573 etiam
1734 516 1827 571 ille

170 604 263 676 qui
293 604 722 658 incrementum
773 603 875 659 dat
918 606 1069 660 Deus
1106 606 1151 677 (l
1203 607 1340 662 Cor.
1388 611 1439 672 3,
1486 607 1562 677 7).
1600 607 1665 661 In
1694 606 1826 675 ipsa

170 708 299 762 ergo
328 692 758 749 resurrectione
779 709 898 749 non
924 694 1123 763 facile
1152 702 1233 750 est
1264 697 1442 752 Deum
1467 696 1681 760 videre,
1710 694 1828 750 nisi

168 781 231 836 iis
259 783 360 851 qui
389 782 566 838 corde
594 784 710 836 sint
759 783 987 838 mundo
1020 803 1040 840 :
1074 792 1126 839 et
1168 784 1296 840 ideo
1332 805 1359 836 «
1412 785 1567 841 beati
1604 784 1824 839 mundo

168 870 375 940 corde;
406 870 518 939 ipsi
543 871 699 927 enim
721 872 909 927 Deum
950 872 1248 929 videbunt.
1278 893 1308 926 »
1338 874 1597 941 Quantos
1630 874 1824 930 beatos

157 962 280 1029 jam
310 966 756 1024 numeraverat,
790 968 839 1016 et
874 967 1076 1017 tamen
1110 962 1350 1018 videndi
1387 963 1458 1017 iis
1492 965 1674 1018 Deum
1704 978 1823 1017 non

160 1048 509 1118 promiserat
532 1049 890 1117 facultatem
927 1050 945 1103 Ι
976 1051 1043 1107 Si
1067 1065 1206 1121 ergo
1231 1052 1275 1106 ii
1302 1055 1406 1122 qui
1431 1052 1655 1107 mundo
1684 1056 1825 1106 sunt

166 1137 355 1208 corde,
406 1138 594 1193 Deum
625 1138 927 1207 videbunt,
959 1142 1162 1210 utique
1210 1140 1320 1196 alii
1358 1157 1474 1196 non
1520 1140 1822 1196 videbunt.

161 1226 364 1297 Neque
393 1227 544 1283 enim
576 1227 815 1297 indigni
848 1230 1028 1283 Deum
1080 1229 1361 1285 videbunt
1387 1252 1405 1299 ,-
1436 1244 1623 1300 neque
1651 1229 1698 1283 is
1722 1229 1828 1299 qui

163 1315 342 1371 Deum
386 1316 582 1372 videre
626 1316 908 1380 noluerit,
956 1324 1147 1385 potest
1179 1334 1309 1374 eum
1358 1319 1578 1373 videre.
1606 1318 1731 1373 Nec
1760 1319 1824 1372 in

161 1405 281 1460 loco
310 1405 470 1460 Deus
497 1405 751 1471 videtur,
773 1407 877 1462 sed
908 1407 1140 1462 mundo
1173 1408 1349 1463 corde
1377 1430 1395 1476 ,-
1421 1422 1530 1462 nec
1551 1422 1827 1475 corpora-

160 1494 312 1549 libus
354 1494 540 1549 oculis
594 1495 750 1551 Deus
802 1495 1118 1567 quaeritur,
1175 1512 1282 1552 nec
1320 1495 1824 1551 circumscribitur

158 1584 295 1645 visu.
333 1598 440 1638 nec
460 1589 590 1639 tatu
620 1590 880 1649 tenetur,
911 1599 1017 1640 nec
1040 1585 1292 1640 auditur
1312 1585 1526 1655 aﬂ'atu,
1564 1599 1671 1640 nec
1691 1600 1825 1639 sen-

156 1671 299 1726 titur
328 1670 580 1727 incessu.
610 1673 687 1726 Ει
720 1688 853 1728 cum
892 1673 1102 1729 absens
1144 1679 1423 1742 putatur,
1458 1673 1692 1729 videtur
1719 1694 1741 1743 ,-
1770 1679 1824 1729 et

153 1774 274 1814 cum
303 1774 571 1828 praesens
593 1764 698 1824 est,
743 1775 860 1815 non
898 1760 1154 1817 videtur.
1199 1761 1467 1832 Denique
1505 1776 1605 1816 nec
1626 1762 1819 1829 Apos-

154 1847 248 1903 toli
274 1864 482 1904 omnes
504 1848 810 1905 Christum
840 1850 1119 1906 videbant
1145 1868 1160 1904 :
1194 1856 1247 1906 et
1283 1851 1418 1906 ideo
1446 1850 1553 1914 ait,
1577 1868 1605 1901 «
1636 1850 1822 1905 Tanto

156 1944 413 2008 tempore
444 1938 741 1994 vobiscum
778 1954 928 2004 sum,
974 1946 1028 1995 et
1056 1939 1257 1995 adhuc
1285 1954 1377 1996 me
1411 1959 1433 1989 (ι
1466 1954 1585 1994 ηοη
1614 1952 1820 2007 cogno-

158 2027 316 2083 vistis
342 2028 362 2081 Ι
395 2049 421 2076 »
446 2027 558 2096 Qui
578 2028 731 2083 enim
756 2031 1030 2098 cognovit
1051 2043 1181 2100 quae
1208 2028 1284 2083 sit
1310 2028 1591 2092 latitudo,
1622 2034 1673 2083 et
1704 2027 1824 2082 lon-

154 2116 385 2185 gitudo,
441 2125 492 2172 et
540 2116 819 2182 altitudo,
873 2123 925 2172 et
962 2117 1365 2185 profundum,
1411 2124 1464 2172 et
1508 2116 1823 2184 superemi-

157 2211 388 2262 nentem
412 2205 672 2261 scientiae
700 2205 1051 2261 charitatem
1083 2205 1324 2269 Christi,
1356 2206 1503 2261 vidit
1527 2212 1581 2260 et
1621 2203 1821 2259 Chris-

157 2301 296 2364 tum,
338 2294 486 2350 vidit
507 2300 559 2351 et
583 2294 840 2349 Patrem.
868 2294 987 2349 Nos
1001 2294 1153 2350 enim
1167 2296 1299 2363 jam
1332 2294 1657 2349 secundum
1687 2308 1823 2348 car-

156 2399 281 2439 nem
317 2399 444 2438 non
490 2383 763 2439 novimus
796 2383 1117 2448 Christum,
1146 2384 1248 2440 sed
1284 2383 1612 2439 secundum
1638 2382 1823 2450 spiri-

157 2479 296 2529 tum.
342 2472 608 2539 Spiritus
644 2472 795 2529 enim
834 2479 975 2529 ante
1000 2473 1218 2542 faciem
1252 2479 1516 2528 nostram
1556 2470 1824 2526 Christus

156 2563 470 2629 Dominus,
504 2561 608 2633 qui
633 2577 737 2617 nos
767 2561 830 2617 in
861 2578 1089 2618 omnem
1122 2562 1557 2631 plenitudinem
1586 2562 1692 2616 Dei
1720 2562 1823 2616 mi-

151 2650 481 2707 sericordia
510 2666 621 2707 sua
658 2651 908 2721 implere
930 2651 1235 2721 dignetur,
1269 2656 1331 2705 ut
1360 2651 1553 2706 videri
1572 2649 1756 2718 possit
1786 2664 1823 2706 a

150 2741 346 2797 nobis.

213 2833 307 2886 53.
352 2831 484 2884 Haec
519 2828 702 2885 verba
723 2830 913 2886 sancti
944 2829 1071 2896 viri,
1103 2845 1233 2902 qua;
1266 2843 1387 2884 non
1423 2827 1687 2883 carnalia
1718 2827 1823 2883 sed

146 2917 485 2991 spiritualia
509 2922 670 2983 sunt,
688 2918 748 2973 in
772 2922 1070 2990 quantum
1100 2916 1402 2987 intelligis,
1419 2921 1477 2972 et
1506 2932 1644 2972 vera
1666 2932 1819 2983 esse,

143 3023 260 3064 non
291 3006 450 3079 quia
476 3007 602 3078 ipse
637 3006 803 3073 dixit,
841 3007 945 3063 sed
978 3007 1123 3079 quia
1163 3007 1375 3062 veritas
1415 3006 1540 3061 sine
1576 3006 1822 3076 strepitu

142 3096 390 3163 clamat,
423 3095 744 3164 agnoscis;
778 3095 839 3151 in
888 3100 1125 3151 tantum
1174 3094 1455 3163 intelligis
1508 3093 1664 3149 unde
1714 3092 1817 3148 ad-

142 3185 382 3241 haareas
410 3184 685 3248 Domino,
720 3190 896 3257 teque
919 3187 1109 3256 ipsam
1136 3184 1489 3239 intrinsecus
1513 3197 1820 3255 praeparas

142 3271 585 3345 incorporalem
609 3272 808 3328 locum
836 3272 1169 3330 mansionis
1195 3272 1323 3342 ejus
1353 3270 1429 3327 ad
1448 3270 1819 3326 audiendum

144 3362 455 3418 silentium
477 3361 838 3417 narrationis
860 3362 1009 3433 ejus,
1035 3366 1092 3416 et
1114 3360 1440 3416 videndam
1460 3359 1818 3415 invisibilem

143 3451 413 3507 formam
445 3450 595 3519 ejus.
633 3451 803 3507 Beati
836 3451 997 3505 enim
1028 3450 1252 3506 mundo
1292 3449 1510 3518 corde,-
1541 3448 1819 3519 quoniam

143 3540 254 3609 ipsi
280 3541 467 3594 Deum
500 3539 801 3596 videbunt.
836 3542 961 3595 Non
993 3555 1145 3594 cum
1178 3539 1281 3602 eis,
1317 3539 1469 3593 sicut
1498 3553 1736 3608 corpus,
1755 3553 1824 3591 ex

147 3629 361 3700 aliquo
394 3626 507 3682 loci
537 3626 844 3683 intervallo
872 3627 1206 3698 apparebit
1234 3645 1247 3695 ;
1281 3626 1385 3681 sed
1437 3641 1573 3681 cum
1608 3626 1830 3682 venerit

147 3717 223 3773 ad
261 3732 401 3781 eos,
436 3722 491 3772 et
519 3717 901 3772 mansionem
935 3715 1139 3772 fecerit
1171 3715 1335 3786 apud
1366 3731 1467 3770 eos
1496 3731 1507 3768 :
1537 3716 1825 3787 quoniam

148 3806 229 3863 sic
258 3804 680 3877 implebuntur
708 3807 766 3860 in
798 3821 1053 3861 omnem
1086 3803 1517 3877 plenitudinem
1550 3805 1673 3868 Dei,
1705 3819 1826 3859 non

146 3910 287 3950 cum
323 3893 545 3949 fuerint
568 3900 624 3949 et
654 3893 764 3964 ipsi
799 3892 1017 3965 plenus
1048 3896 1219 3957 Deus,
1235 3893 1337 3947 sed
1361 3908 1497 3947 cum
1528 3892 1823 3963 perfecte‘

145 3981 376 4039 fuerint
406 3981 563 4054 pleni
602 3984 737 4038 Deo.
793 3982 848 4039 Si
903 3988 1105 4038 autem
1150 3980 1391 4037 nonnisi
1434 3996 1686 4052 corpora
1735 3996 1828 4037 co-

146 4073 438 4142 gitamus,
472 4073 528 4124 et
559 4086 667 4126 nec
700 4070 851 4126 illud
888 4070 1097 4126 saltem
1125 4070 1304 4141 digne
1334 4070 1596 4139 cogitare
1622 4084 1830 4139 possu-

147 4176 313 4227 mus,
353 4159 511 4215 unde
543 4159 635 4215 vel
667 4161 797 4232 ipsa
832 4176 1090 4231 corpora
1120 4159 1492 4228 cogitemus;
1526 4173 1646 4214 non
1672 4173 1829 4229 quaa-

144 4264 365 4304 ramus
397 4246 547 4319 quid
584 4247 912 4303 adversum
976 4263 1090 4303 nos
1122 4248 1288 4319 ipsos
1343 4247 1687 4319 loquamur,
1723 4244 1829 4302 sed

147 4338 229 4393 ab
277 4337 401 4392 hac
431 4337 630 4407 potius
659 4337 883 4392 carnali
924 4336 1357 4393 consuetudine
1389 4335 1638 4400 orando,
1688 4339 1741 4390 et
1771 4335 1831 4389 in

148 4427 459 4483 anteriora
484 4440 594 4481 nos
627 4426 1026 4491 extendendo,
1087 4426 1271 4481 corda
1325 4425 1710 4480 mundemus.
1762 4424 1833 4480 Ut

149 4515 320 4571 enim
355 4529 476 4570 non
509 4519 742 4571 tantum
772 4516 937 4587 quod
966 4515 1190 4571 beatus
1222 4514 1591 4579 AmbrOSius,
1624 4529 1834 4569 verum

150 4606 339 4661 etiam
374 4604 536 4676 quod
564 4610 807 4661 sanctus
840 4605 1237 4675 Hieronymus
1269 4603 1422 4675 (Lib.
1461 4607 1489 4658 3
1517 4603 1580 4658 in
1612 4602 1832 4674 Isai.6),

152 4694 364 4749 dicam
390 4710 404 4747 :
428 4692 561 4748 Non
582 4694 774 4749 solum
796 4694 994 4749 Patris
1021 4692 1413 4756 divinitatem,
1442 4692 1542 4748 sed
1568 4707 1673 4747 nec
1694 4692 1837 4749 Filii

153 4782 422 4855 quidem,
455 4796 561 4838 nec
589 4781 848 4851 Spiritus
878 4783 1091 4847 sancti,
1121 4781 1263 4852 quia
1295 4796 1416 4836 una
1452 4783 1512 4835 in
1549 4779 1841 4836 Trinitate

152 4879 392 4928 natura
430 4876 535 4934 est,
566 4878 812 4941 possunt
831 4871 991 4927 oculi
1015 4871 1214 4927 carnis
1245 4870 1536 4939 aspicere,
1559 4870 1660 4925 sed
1684 4868 1842 4924 oculi

154 4959 421 5029 mentis,-
450 4958 522 5015 de
548 4960 760 5030 quibus
790 4960 909 5028 ipse
932 4960 1214 5016 Salvator
1243 4959 1352 5023 ait,
1379 4977 1406 5007 ‹‹
1429 4958 1596 5013 Beati
1616 4957 1841 5013 mundo

158 5068 188 5099 α
223 5048 449 5118 corde;
478 5051 620 5120 quia
650 5048 766 5117 ipsi
796 5048 975 5104 Deum
1010 5048 1344 5104 videbunt.»
1392 5050 1662 5117 Namque
1694 5047 1843 5101 sicut

156 5137 311 5193 alibi
352 5138 511 5192 idem
540 5138 938 5209 Hieronymus
979 5137 1232 5192 breviter
1271 5152 1342 5191 ac
1380 5136 1664 5191 veraciter
1702 5135 1843 5190 deti-

157 5225 335 5295 nivit,
374 5241 469 5281 res
508 5225 903 5298 incorporalis
961 5241 1212 5298 corpora
1260 5224 1418 5280 libus
1475 5224 1663 5281 oculis
1724 5240 1844 5280 non

159 5314 426 5370 videtur.

236 5407 328 5458 54.
367 5403 484 5459 Has
518 5404 840 5459 sententias
866 5403 939 5459 de
979 5407 1217 5459 retanta
1245 5402 1511 5458 virorum
1545 5407 1845 5457 tantorum

158 5507 292 5548 non
311 5492 392 5549 ob
420 5491 537 5549 hoc
571 5492 948 5565 interponere
979 5492 1160 5561 volui,
1188 5497 1252 5548 ut
1272 5492 1635 5564 cujusquam
1654 5492 1850 5547 homi-

159 5735 192 5799 f
222 5676 241 5706 ι
269 5672 437 5785 Italia
472 5672 600 5723 M88.
634 5672 962 5737 quindecim.
998 5673 1065 5720 At
1097 5672 1151 5720 in
1190 5670 1319 5720 Edd.
1360 5671 1576 5735 legitur,
1627 5669 1851 5733 perfecti

190 5751 350 5785 utrm
382 5774 392 5785 .

190 5751 370 5785 uertnt
382 5774 392 5785 .

1423 206 1927 269 EPISTULARUM
1970 207 2260 267 CLASSIS
2289 209 2381 268 Ill.

3485 214 3592 274 622

1939 336 2026 391 nis
2054 351 2317 403 sensum,
2346 342 2635 411 tanquam
2659 339 2972 411 Scriptura:
2998 338 3303 396 canonicae
3339 343 3591 399 auctori-

1938 430 2138 491 tatem,
2172 427 2545 498 sequendum
2581 428 2880 484 arbitreris
2910 445 2925 494 ;
2960 429 3059 483 sed
3094 435 3155 484 ut
3184 429 3264 484 illi
3296 432 3393 502 qui
3425 432 3592 488 aliter

1938 514 2199 584 sapiunt,
2230 522 2518 571 conentur
2549 523 2743 573 mente
2777 518 2977 572 videre
3016 518 3179 589 quod
3223 535 3427 575 verum
3479 527 3588 587 est,

1935 604 2080 659 etin
2121 603 2498 675 simplicitate
2530 606 2726 661 cordis
2783 609 3299 678 quaerere‘Deum,
3351 624 3422 663 ne
3468 615 3590 665 tam

1935 691 2144 747 doctos
2173 692 2512 749 divinorum
2542 694 2919 768 eloquiorum
2975 700 3319 751 tractatores
3370 702 3590 753 temere

1934 782 2395 852 reprehendant.
2423 784 2542 838 Nec
2574 789 2625 838 te
2661 789 2897 839 moveat
2936 784 3101 854 quod
3140 800 3176 839 a
3223 784 3591 856 quibusdam

1936 869 2138 924 minus
2190 871 2561 927 considerate
2615 872 2867 927 dicitur:
2905 872 3057 937 Quid
3113 878 3251 928 tunc
3309 874 3592 931 videbunt

1933 958 2089 1014 oculi
2123 960 2490 1031 corporales,
2522 961 2569 1016 si
2597 964 2780 1017 Deum
2813 977 2933 1016 non
2967 960 3252 1017 videbunt
3279 963 3307 1017 ‘I
3334 978 3410 1018 an
3442 963 3589 1019 forte

1934 1049 2073 1104 caeci
2120 1055 2310 1113 erunt,
2345 1051 2436 1105 vel
2468 1052 2593 1105 sine
2627 1067 2812 1107 causa
2837 1052 3055 1107 erunt?
3085 1054 3285 1123 Neque
3315 1052 3476 1107 enim
3507 1059 3593 1108 at-

1933 1137 2435 1208 tenduntquihaac
2456 1139 2801 1209 loquuntur,
2820 1140 2965 1211 quia
2984 1140 3029 1194 si
3053 1156 3171 1194 non
3193 1144 3365 1195 erunt
3386 1156 3591 1212 corpo-

1935 1241 2019 1291 ra,
2042 1241 2149 1280 nec
2170 1226 2248 1280 illi
2271 1227 2613 1298 corporales
2636 1227 2903 1298 profecto
2918 1228 3073 1284 oculi
3096 1235 3266 1283 erunt
3287 1246 3299 1283 :
3320 1230 3367 1283 si
3390 1236 3589 1285 autem

1934 1318 2107 1369 erunt
2136 1330 2407 1386 corpora,
2444 1316 2549 1370 erit
2579 1316 2744 1387 quod
2774 1317 2973 1372 videre
3010 1317 3240 1387 possint
3277 1317 3429 1372 oculi
3465 1334 3591 1373 cor-

1935 1402 2190 1474 porales.
2224 1404 2339 1459 Sed
2368 1404 2493 1459 haec
2520 1404 2647 1473 jam
2683 1406 2824 1459 satis
2851 1404 3009 1460 dicta
3042 1405 3179 1470 sint,
3204 1422 3341 1477 quae
3375 1406 3453 1461 ab
3484 1406 3591 1461 ini-

1933 1492 2012 1545 tio
2045 1491 2227 1561 hujus
2257 1493 2533 1563 opusculi
2568 1494 2683 1547 mei
2722 1493 3036 1563 diligenter
3078 1492 3230 1550 lecta
3278 1502 3332 1548 et
3374 1495 3592 1551 relecta

1933 1579 2342 1643 considerans,
2371 1580 2497 1636 sine
2556 1581 2677 1636 ulla
2730 1581 2979 1637 fortasse
3020 1582 3395 1638 dubitatione
3434 1600 3593 1655 pers-

1933 1669 2134 1740 picies,
2165 1670 2239 1724 ad
2271 1669 2600 1725 videndum
2636 1672 2819 1726 Deum
2850 1686 2955 1741 per
2986 1671 3114 1741 ejus
3150 1671 3464 1737 auxilium,
3492 1688 3594 1729 cor

1934 1757 2230 1812 mundum
2264 1763 2319 1812 te
2359 1757 2577 1813 debere
2616 1774 2973 1830 praeparare.
3026 1761 3103 1814 De
3157 1775 3404 1830 corpore
3452 1777 3593 1817 vero

1934 1845 2248 1917 spirituali,
2301 1846 2349 1901 si
2400 1848 2688 1902 Dominus
2737 1848 2973 1919 juverit,
3023 1864 3203 1920 opere
3261 1849 3374 1904 alio
3418 1865 3593 1919 expe-

1933 1933 2151 1989 riemur
2172 1934 2318 2006 quid
2344 1935 2654 2007 disputare
2685 1936 2989 1992 valeamus
3013 1938 3123 2007 (De
3150 1937 3323 1994 Civil.
3344 1938 3469 2005 Dei,
3488 1939 3589 1994 lib.

1933 2023 2023 2089 22,
2060 2040 2110 2079 c.
2144 2023 2233 2094 29)
2266 2024 2369 2095 (α).

2370 2133 2703 2190 EPISTOLA
2744 2134 2998 2190 CXLVIII
3039 2135 3061 2159 *
3100 2135 3198 2206 (b).

1935 2239 2307 2309 Augustinus
2371 2240 2810 2295 Fortunatiano
2872 2240 3137 2311 episcopo
3200 2241 3481 2305 Siccensi,
3526 2248 3589 2297 ut

2005 2330 2327 2399 episcopum
2351 2328 2663 2401 quemdam
2687 2331 2805 2398 ipsi
2821 2330 3175 2397 reconciliet,
3191 2347 3361 2402 quem
3384 2333 3590 2389 litteris

2006 2417 2403 2485 asperioribus
2419 2418 2761 2487 o/fenderat,
2778 2421 3109 2487 praesertim
3127 2421 3235 2475 hoc
3256 2421 3411 2477 dicto
3434 2422 3593 2493 quod

2004 2507 2347 2576 scripserat,
2382 2522 2486 2562 nos
2520 2505 2610 2561 his
2655 2508 2949 2574 corporeis
2989 2509 3171 2563 oculis
3202 2524 3317 2563 non
3363 2510 3591 2566 visuros

2005 2597 2192 2651 Deum
2210 2613 2225 2648 :
2244 2595 2809 2665 diligenterinterim
2826 2597 3124 2666 explicans
3144 2598 3432 2668 quomodo
3450 2599 3591 2655 Deus

2004 2684 2299 2748 videatur,
2364 2689 2417 2739 et
2468 2691 2780 2755 quatenus.
2841 2688 3106 2754 Apparet
3161 2693 3359 2745 autem
3418 2688 3591 2743 illum

2004 2772 2360 2841 episcopum,
2421 2787 2592 2843 quem
2640 2788 2761 2827 non
2805 2773 3090 2839 nominat,
3135 2775 3592 2845 Anthropomor-

1998 2861 2184 2931 phitis
2214 2861 2449 2929 favisse.

2004 2948 2541 3005 Commonitorium
2584 2954 2789 3005 sancto
2824 2949 2984 3005 fratri
3020 2952 3447 3009 FORTUNATIANO
3491 2954 3586 3023 (c).

2005 3038 2230 3093 CAPUT
2268 3037 2553 3093 PRIMUM.
2578 3069 2645 3077 —
2684 3044 2728 3091 t.
2763 3037 2925 3093 Sicut
2957 3054 3219 3109 prtBsens
3250 3040 3484 3110 rogavi,
3534 3046 3591 3097 et

1932 3141 2090 3181 nunc
2117 3140 2476 3181 commoneo
2506 3130 2566 3180 ut
2595 3125 2834 3181 fratrem
2868 3131 3137 3181 nostrum
3165 3127 3239 3182 de
3266 3144 3386 3200 quo
3412 3128 3589 3184 collo-

1930 3215 2047 3269 cuti
2080 3230 2310 3269 sumus.
2348 3213 2546 3269 videre
2576 3218 2633 3268 et
2661 3229 2872 3283 rogare
2912 3214 3193 3285 digneris,
3221 3223 3283 3271 ut
3317 3216 3592 3287 ignoscat

1929 3302 2073 3358 mihi
2100 3303 2147 3357 si
2171 3300 2319 3373 quid
2348 3301 2557 3356 durius
2586 3307 2641 3358 et
2681 3303 2949 3373 asperius
2980 3304 3039 3358 in
3073 3320 3133 3359 se
3161 3305 3386 3360 dictum
3418 3321 3592 3361 acce-

1929 3393 2013 3463 pit
2044 3391 2103 3446 in
2144 3406 2215 3446 ea
2254 3390 2527 3463 epistola,
2561 3406 2746 3463 quam
2776 3407 2868 3446 me
2901 3393 3078 3448 modo
3121 3393 3428 3464 scripsisse
3468 3411 3589 3450 non

1930 3480 2193 3551 paenitet,
2224 3480 2367 3551 quia
2394 3478 2512 3534 dixi
2544 3479 2709 3534 istius
2736 3481 3004 3552 corporis
3026 3481 3232 3537 oculos
3259 3497 3367 3537 nec
3396 3483 3593 3538 videre

1932 3569 2141 3633 Deum,
2176 3584 2283 3623 nec
2315 3583 2449 3623 esse
2478 3568 2729 3623 visuros.
2767 3570 3021 3624 Causam
3071 3570 3295 3641 quippe
3344 3571 3595 3642 adjunxi

1932 3673 2038 3712 cur
2075 3658 2188 3713 hoc
2218 3656 2493 3716 dixerim,
2528 3672 2600 3711 ne
2642 3657 2859 3711 scilicet
2889 3660 3041 3712 Deus
3091 3658 3217 3728 ipse
3266 3675 3591 3731 corporeus

1932 3762 2059 3801 esse
2093 3745 2390 3809 credatur,
2433 3752 2487 3799 et
2528 3745 2585 3799 in
2627 3744 2734 3799 loci
2767 3746 2959 3816 spatio
2990 3746 3425 3819 intervalloque
3457 3749 3593 3803 visi-

1933 3834 2067 3890 bilis
2097 3850 2110 3900 ;
2140 3834 2286 3888 nihil
2313 3834 2472 3888 enim
2496 3833 2695 3888 videre
2723 3833 2888 3888 aliter
2913 3834 3080 3889 istius
3112 3836 3378 3906 corporis
3404 3837 3592 3891 oculis

1934 3927 2163 3995 potest:
2198 3928 2253 3976 et
2285 3938 2358 3977 ne
2388 3921 2535 3976 illud
2567 3921 2735 3994 quod
2761 3921 2987 3977 dictum
3033 3929 3138 3988 est,
3175 3924 3348 3980 Facie
3378 3924 3451 3980 ad
3498 3926 3592 3995 fa-

1932 4014 2071 4069 ciem
2091 4012 2138 4080 (l
2164 4013 2299 4067 Cor.
2322 4026 2442 4075 xm,
2479 4010 2584 4082 1'2),
2614 4012 2696 4067 sic
2724 4010 3075 4082 accipiatur,
3099 4018 3388 4084 tanquam
3414 4030 3596 4069 mem-

1936 4102 2057 4157 bris
2103 4100 2371 4171 corporis
2415 4099 2761 4154 terminatus
2807 4100 2879 4155 sit
2925 4103 3096 4155 Deus.
3150 4101 3287 4157 Ideo
3319 4118 3415 4157 me
3455 4118 3598 4175 ergo

1936 4190 2159 4245 dixisse
2182 4188 2325 4243 illud
2350 4204 2468 4243 non
2498 4188 2764 4260 pcenitet,
2791 4204 2865 4244 ne
2884 4188 2951 4242 de
2976 4189 3107 4260 ipso
3131 4192 3246 4245 Deo
3270 4196 3390 4246 tam
3415 4192 3598 4263 impie

1939 4280 2283 4343 sentiamus,
2320 4283 2383 4332 ut
2412 4293 2551 4332 eum
2586 4292 2706 4332 non
2750 4277 2969 4349 ubique
3005 4285 3213 4348 totum,
3248 4279 3355 4335 sed
3380 4297 3486 4350 per
3517 4281 3595 4335 lo-

1939 4370 2089 4426 calia
2119 4371 2312 4438 spatia
2336 4366 2688 4422 divisibilem
2720 4367 3129 4423 existimemus
3154 4390 3166 4423 :
3205 4368 3343 4424 talia
3373 4369 3597 4441 quippe

1938 4459 2031 4514 his
2066 4458 2254 4513 oculis
2294 4456 2591 4511 novimus.

2014 4552 2066 4602 2.
2099 4548 2386 4602 Caeterum
2416 4542 2561 4599 nihil
2590 4542 2700 4599 tale
2727 4542 2799 4598 de
2831 4544 2947 4599 Deo
2980 4545 3258 4609 sentiens,
3306 4545 3409 4600 sed
3462 4562 3600 4602 eum

2006 4729 2035 4761 *
2062 4728 2265 4791 Collata
2282 4740 2405 4776 cum
2431 4740 2479 4776 a.
2510 4725 2596 4789 bg.
2622 4724 2754 4775 bl.c.
2776 4740 2851 4777 cc.
2878 4742 2925 4791 g.
2956 4741 3043 4790 gv.
3068 4727 3102 4776 1.
3132 4742 3183 4777 n.
3217 4743 3258 4777 r.
3294 4742 3334 4778 s.
3366 4745 3444 4781 vc.
3473 4730 3606 4781 duo-

1948 4794 2049 4843 bus
2080 4792 2157 4840 sb.
2191 4790 2403 4838 duobus
2436 4793 2472 4837 t.
2503 4793 2737 4852 quatuor
2760 4805 2807 4836 v.
2839 4790 3037 4839 etcum
3068 4793 3183 4840 Am.
3218 4792 3343 4842 Bad.
3368 4793 3451 4843 Er.
3476 4795 3601 4844 Lov.

2012 4857 2079 4927 la)
2116 4853 2468 4928 Opus‘culurn
2494 4853 2750 4928 superius.
2791 4853 2875 4928 bis
2902 4855 3176 4928 'exliibent
3212 4856 3348 4928 .Mss.
3380 4857 3557 4928 plures
3592 4873 3603 4905 :

1948 4918 2121 4987 primo
2144 4914 2358 4987 quidem
2380 4914 2666 4987 "integrum
2691 4918 2769 4987 ἰιςὶ
2791 4915 3052 4987 hicjacet,
3080 4919 3355 4987 nominata
3380 4914 3438 4966 in
3461 4933 3607 4967 exor-

1949 4977 2037 5029 Zlio
2086 4977 2334 5042 religiosa
2377 4978 2580 5042 famula
2614 4977 2704 5025 Dei
2737 4977 2957 5027 Paulina
2988 4995 2998 5033 ;
3036 4985 3225 5042 postea
3259 4985 3438 5029 autem
3482 4994 3605 5029 con-

1952 5046 2182 5093 tractum
2205 5042 2257 5111 in
2283 5040 2654 5111 brevissimam
2689 5042 2977 5111 epitomep.
3011 5040 3138 5105 quia
3167 5042 3606 5111 vixoctavaejus

1950 5120 2074 5178 pars
2099 5104 2620 5178 .continetiur,qumv_c
2654 5104 2892 5178 cpistola:
2915 5104 3369 5178 formascribit'ur
3393 5104 3605 5178 Italicae,

1951 5166 2228 5231 incipiens.
2278 5183 2301 5210 ‹‹
2332 5167 2469 5231 Cum
2507 5166 2786 5226 petivisscs
2810 5166 2961 5231 utqde
3001 5166 3425 5231 invisibiliiDco,
3453 5170 3605 5231 veto.

2015 5228 2085 5292 (ὁ)
2117 5230 2260 5277 Alias
2291 5228 2377 5275 111
2413 5243 2422 5275 :
2455 5242 2574 5291 quae
2598 5232 2777 5276 autem
2805 5229 2894 5275 148
2926 5232 3057 5283 erat,
3084 5242 3225 5277 nunc
3257 5230 3336 5276 21.
3401 5229 3610 5292 Scripta

1955 5307 2061 5342 non
2090 5294 2261 5341 serius
2293 5304 2378 5338 an.
2412 5292 2519 5337 413.

2017 5357 2079 5417 (c)
2128 5352 2407 5402 Collationi
2462 5351 2868 5417 Carthaginensi
2914 5351 3160 5417 interfuit
3194 5351 3611 5402 Fortunatianus

1955 5414 2230 5473 Siccensis,
2265 5419 2413 5463 sexto
2442 5415 2734 5478 recensitus
2769 5415 2882 5478 loco
2913 5414 3051 5461 inter
3086 5428 3174 5478 eos
3220 5419 3423 5476 septem
3478 5418 3613 5478 epis-

1955 5493 2120 5542 c0pos
2151 5478 2248 5542 qui
2272 5477 2337 5525 ad
2368 5476 2749 5542 disputandum
2781 5475 3052 5542 adversus
3106 5475 3409 5542 Donatistas
3463 5475 3614 5528 electi

1957 5537 2190 5591 fuerunt:
2223 5537 2595 5604 SucceSSOrem
2633 5537 2882 5604 habuisse
2900 5538 3167 5604 credimus
3203 5539 3493 5604 Ugbanum,
3522 5542 3613 5604 qui

1955 5604 2218 5653 Siccensis
2250 5603 2528 5664 spiscopus
2563 5599 2902 5664 laudaturin
2939 5603 2960 5648 1
3001 5601 3212 5663 Fragm.
3245 5602 3399 5656 Tom,
3429 5618 3498 5659 x;
3540 5599 3615 5653 ad

1959 5667 2098 5715 hanc
2130 5662 2461 5729 dignitatern
2478 5666 2692 5711 evectus
2714 5662 2923 5729 curciter
2950 5676 3036 5729 an.
3065 5662 3173 5721 413,
3200 5666 3277 5714 uti
3303 5666 3619 5729 intelligitur

1961 5743 2026 5779 ex
2052 5726 2281 5792 epistola
2314 5726 2556 5789 proxime
2587 5726 2852 5788 sequenti,
2883 5740 2933 5775 n.
2971 5728 3054 5780 34,
