4098 6166
590 189 696 247 623

588 316 1146 375 incommutabilem
1178 318 1234 373 et
1265 314 1702 388 incorporalem
1732 317 2007 389 spiritum
2028 318 2250 391 ubique

587 411 777 463 totum
808 422 935 461 esse
967 405 1238 471 credens,
1304 406 1351 459 si
1394 411 1624 462 tantam
1677 406 1998 478 quisquam
2051 413 2246 462 muta-

585 496 805 551 tionem
834 494 1017 564 hujus
1048 494 1313 565 corporis
1341 494 1601 552 futuram
1635 500 1822 567 putat,
1854 512 1991 551 cum
2013 512 2085 551 ex
2113 496 2246 551 ani—

586 583 724 637 mali
756 583 927 638 fuerit
956 584 1284 654 spirituale,
1320 590 1381 639 ut
1412 584 1588 639 etiam
1618 585 2017 640 substantiam
2047 585 2244 639 incor-

581 671 870 741 poralem,
904 688 1024 727 non
1067 675 1337 728 locorum
1371 674 1693 729 intervallis
1726 674 1814 729 vel
1857 674 2061 746 spatiis
2092 674 2245 728 divi-

580 760 928 825 sibilem,vel
945 762 1121 817 etiam
1142 763 1533 817 membrorum
1550 762 1923 819 lineamentis
1939 780 2007 818 ac
2019 762 2242 817 ﬁnibus

579 849 1095 915 terminatam,sed
1116 852 1338 922 ubique
1352 857 1533 907 totam
1546 868 1673 923 ,per
1688 852 1801 907 tale
1819 868 2031 923 corpus
2048 851 2241 906 videre

578 940 924 1012 possimus;
961 940 1096 995 volo
1131 947 1191 995 ut
1218 956 1314 995 me
1342 941 1573 1005 doceat,
1619 942 1665 995 si
1707 956 1915 996 verum
1966 941 2157 1011 sapit:
2194 940 2241 994 si

578 1035 779 1085 autem
812 1030 867 1084 in
902 1030 1015 1085 hoc
1055 1029 1274 1084 falsum
1306 1031 1499 1095 sentit,
1532 1030 1709 1099 longe
1752 1030 2115 1086 tolerabilius
2151 1036 2241 1084 est

577 1119 812 1190 corpori
852 1118 1076 1190 aliquid
1110 1134 1412 1188 arrogare,
1442 1134 1623 1190 quam
1664 1120 1780 1175 Deo
1819 1119 2129 1188 derogare.
2178 1120 2241 1173 Et

576 1207 624 1261 si
650 1223 791 1263 vera
815 1212 903 1262 est
928 1207 1039 1263 ista
1066 1208 1375 1273 sententia,
1418 1224 1541 1263 non
1580 1208 1686 1264 erit
1725 1208 2021 1265 contraria
2048 1206 2238 1261 verbis

576 1297 745 1361 meis,
785 1313 921 1370 quae
952 1297 1011 1351 in
1071 1296 1171 1352 illa
1221 1298 1473 1369 epistola
1522 1300 1713 1369 posui.
1766 1299 1935 1353 Istius
1974 1312 2238 1369 namque

573 1387 839 1457 corporis
860 1386 1067 1442 oculos
1086 1386 1207 1441 dixi
1230 1402 1347 1441 non
1368 1386 1602 1442 visuros
1617 1387 1803 1442 Deum
1826 1389 1958 1453 ;hoc
1974 1387 2233 1452 intuens,

570 1476 737 1547 quod
770 1476 939 1531 istius
965 1476 1230 1547 corporis
1253 1475 1409 1530 oculi
1432 1478 1680 1531 omnino
1694 1492 1812 1531 non
1840 1480 2091 1546 possunt
2116 1490 2236 1530 cer-

571 1579 711 1620 nere
740 1564 855 1621 nisi
886 1580 1137 1635 corpora
1168 1580 1301 1635 qua:
1333 1564 1410 1619 ab
1438 1566 1521 1619 eis
1552 1565 1754 1636 aliquo
1786 1564 1898 1619 loci
1924 1563 2234 1619 intervallo

574 1658 853 1725 separata
882 1659 1055 1709 sunt:
1087 1669 1227 1707 nam
1259 1652 1304 1706 si
1338 1653 1567 1708 nullum
1600 1653 1978 1709 intervallum
2002 1653 2093 1719 sit,
2128 1668 2235 1708 nec

572 1741 706 1812 ipsa
745 1757 999 1812 corpora
1030 1757 1134 1813 per
1164 1757 1267 1796 eos
1295 1741 1584 1796 videmus.

640 1834 691 1886 3.
726 1830 898 1885 Porro
925 1836 1123 1885 autem
1147 1830 1194 1884 si
1221 1830 1281 1884 in
1316 1834 1541 1885 tantam
1570 1830 1659 1884 sui
1688 1829 2233 1902 dissimilitudinem

566 1924 767 1975 nostra
797 1935 1050 1990 corpora
1081 1919 1495 1985 mutabuntur,
1518 1919 1793 1974 utoculos
1826 1919 2235 1990 habeant,per

565 2022 718 2079 quos
752 2007 1020 2062 videatur
1047 2007 1143 2062 illa
1166 2007 1497 2063 substantia
1523 2024 1659 2079 quas
1688 2023 1810 2062 non
1833 2023 1937 2078 per
1960 2007 2232 2063 locorum

567 2097 764 2169 spatia
789 2096 880 2151 vel
907 2096 1261 2151 diﬁunditur
1286 2097 1375 2151 vel
1399 2096 1617 2165 ﬁnitur,
1642 2096 2031 2152 alibihabens
2052 2096 2231 2151 aliam

564 2191 816 2257 partem.
846 2185 984 2242 alibi
1016 2186 1218 2254 aliam,
1260 2187 1318 2240 in
1350 2187 1580 2241 minore
1623 2185 1755 2241 loco
1811 2186 2127 2252 minorem,
2170 2186 2230 2241 in

565 2276 795 2346 majore
824 2275 1141 2346 majorem,
1195 2274 1301 2329 sed
1348 2274 1570 2346 ubique
1610 2274 2060 2346 incorporaliter
2110 2280 2229 2331 tota

564 2370 652 2419 est
679 2382 692 2431 ;
726 2364 902 2435 longe
933 2364 1096 2420 aliud
1128 2368 1301 2418 erunt
1330 2363 1457 2417 haec
1488 2379 1763 2434 corpora,
1797 2371 1849 2418 et
1891 2380 2012 2418 non
2058 2368 2231 2419 erunt

570 2453 726 2524 ipsa;
744 2469 850 2508 nec
864 2453 993 2508 sola
1004 2452 1270 2508 detracta
1284 2452 1645 2507 mortalitate
1658 2458 1835 2523 atque
1849 2455 2229 2524 corruptione

561 2541 911 2613 etponderis
942 2542 1225 2611 gravitate
1239 2540 1801 2605 aliuderunt,sedin
1837 2540 2111 2596 virtutem
2140 2541 2231 2611 ip-

562 2632 684 2685 sius
717 2631 931 2686 mentis
960 2629 1418 2701 quodammodo
1457 2634 1893 2694 convertentur,
1938 2630 1988 2684 si
2028 2629 2228 2685 videre

559 2724 838 2791 poterunt
864 2719 1173 2791 quomodo
1201 2724 1341 2774 tunc
1364 2718 1567 2779 menti,
1598 2734 1757 2773 nunc
1779 2723 1979 2774 autem
2010 2735 2119 2774 nec
2143 2720 2231 2790 ip-

561 2810 611 2864 si
642 2808 826 2864 menti
847 2808 1041 2863 videre
1094 2823 1446 2863 concessum
1496 2813 1603 2863 est.
1665 2808 1721 2863 Si
1771 2808 1930 2863 enim
1984 2809 2225 2863 mutatis

559 2896 830 2954 moribus
868 2896 1121 2952 dicimus
1158 2896 1463 2951 hominem
1508 2911 1629 2951 non
1680 2912 1810 2951 esse
1864 2896 1968 2967 qui
2011 2896 2134 2961 fuit,
2179 2893 2226 2950 si

558 2986 819 3058 denique
848 2987 1089 3041 mutatis
1122 2985 1396 3041 aetatibus
1448 2985 1648 3057 ipsum
1698 3002 1916 3057 corpus
1965 2985 2223 3040 dicimus

558 3091 681 3131 non
711 3091 840 3132 esse
865 3076 1028 3149 quod
1062 3074 1207 3131 fuit:
1233 3080 1460 3147 quanto
1492 3075 1682 3143 magis
1714 3074 1914 3145 ipsum
1948 3091 2066 3129 non
2094 3076 2220 3141 erit,

558 3169 721 3221 tanta
750 3165 1141 3221 conversione
1171 3169 1484 3225 mutatum,
1515 3168 1577 3217 ut
1604 3179 1722 3217 non
1754 3162 1951 3218 solum
1981 3164 2222 3218 immor-

558 3254 747 3311 taliter
768 3254 944 3321 vivat,
980 3268 1185 3308 verum
1211 3253 1389 3307 etiam
1413 3252 1768 3307 invisibilem
1798 3251 1995 3307 videat
2022 3252 2049 3306 εἰ
2072 3254 2218 3317 Qua-

558 3347 800 3414 propter
821 3342 867 3397 si
892 3342 1177 3396 videbunt
1197 3340 1404 3409 Deum,
1430 3356 1547 3395 non
1570 3340 1734 3394 istius
1760 3341 2030 3410 corporis
2062 3341 2218 3396 oculi

557 3432 887 3499 videbunt;
921 3431 1063 3502 quia
1094 3434 1150 3485 et
1178 3429 1237 3484 in
1268 3430 1380 3484 hoc
1430 3445 1548 3483 non
1602 3430 1710 3483 erit
1743 3430 1942 3500 ipsum
1997 3446 2217 3501 corpus

556 3535 747 3590 usque
777 3521 838 3574 in
870 3519 1031 3574 illam
1058 3519 1173 3573 vim
1196 3519 1643 3589 potentiamque
1671 3521 1987 3573 mutatum:
2014 3524 2067 3573 et
2096 3534 2216 3575 non

556 3614 643 3663 est
671 3609 967 3665 contraria
992 3608 1107 3663 ista
1128 3608 1329 3679 opinio
1363 3607 1480 3661 illis
1511 3606 1708 3662 verbis
1740 3606 2003 3678 epistolas
2047 3624 2212 3663 meas.

557 3696 614 3751 Si
644 3704 843 3753 autem
866 3699 1157 3753 hactenus
1183 3712 1302 3752 non
1327 3698 1433 3752 erit
1458 3698 1678 3768 ipsum,
1701 3696 1847 3767 quia
1874 3712 2035 3751 nunc
2064 3712 2217 3752 mor-

559 3786 692 3852 tale,
728 3792 867 3842 tunc
916 3786 1286 3855 immortale;
1334 3800 1495 3840 nunc
1526 3800 1866 3855 aggravans
1921 3785 2209 3853 animam,

558 3880 700 3931 tunc
716 3876 879 3932 nullo
894 3877 1157 3948 pondere
1172 3875 1248 3930 ad
1263 3890 1503 3930 omnem
1521 3880 1740 3930 motum
1762 3874 1868 3930 erit
1884 3874 2212 3929 facillimum

563 3964 640 4019 ad
655 3965 915 4019 videnda
930 3980 1065 4019 vero
1079 3979 1150 4018 ea
1166 3980 1300 4034 quae
1327 3964 1597 4018 locorum
1626 3962 1835 4033 spatiis
1863 3962 2213 4017 intervallis-

547 4066 665 4122 que
680 4052 1078 4117 cernuntur,si
1095 4066 1210 4105 non
1227 4051 1387 4106 aliud
1401 4067 1572 4122 quam
1589 4053 1777 4123 ipsum
1796 4051 2212 4117 erit,substan-

552 4142 699 4195 tiam
734 4140 1169 4211 incorporalem
1204 4146 1257 4195 et
1298 4140 1520 4210 ubique
1583 4146 1768 4195 totam
1833 4140 1995 4195 nullo
2046 4141 2208 4195 modi

565 4228 807 4285 videbit.
846 4230 977 4284 Sive
1008 4245 1147 4299 ergo
1178 4228 1446 4295 hoc,sive
1476 4228 1622 4283 illud
1654 4244 1859 4284 verum
1890 4230 2209 4295 sit,secun-

550 4318 693 4374 dum
722 4323 1043 4390 utrumque
1067 4334 1269 4373 verum
1292 4321 1382 4372 est
1400 4318 1565 4389 quod
1586 4318 1755 4372 istius
1778 4318 2040 4389 corporis
2053 4318 2209 4374 oculi

546 4411 730 4464 Deum
763 4422 882 4463 non
909 4407 1214 4462 videbunt.
1249 4409 1359 4462 Aut
1386 4406 1546 4461 enim
1573 4406 1741 4461 istius
1774 4412 1966 4477 erunt,
2004 4415 2058 4461 et
2088 4424 2203 4464 non

540 4497 870 4553 videbunt:
902 4502 1005 4552 aut
1028 4512 1148 4551 non
1185 4501 1357 4550 erunt
1384 4496 1582 4561 istius,
1613 4496 1658 4550 si
1704 4495 2023 4561 videbunt;
2058 4512 2205 4568 quo-

540 4588 703 4643 niam
734 4592 898 4643 tanta
936 4586 1407 4642 commutatione
1446 4586 1619 4657 longe
1660 4585 1902 4641 alterius
1941 4586 2207 4657 corporis

538 4680 727 4732 erunt.

606 4764 661 4819 4.
704 4763 819 4819 Sed
850 4769 1092 4835 paratus
1122 4780 1276 4829 sum,
1306 4764 1353 4818 si
1383 4764 1525 4835 quid
1551 4763 1623 4819 de
1644 4763 1758 4819 hac
1777 4779 1837 4818 re
1861 4762 2074 4819 melius
2101 4779 2204 4819 no-

534 4854 614 4911 vit
645 4853 741 4909 hic
767 4852 964 4916 frater,
997 4854 1089 4907 vel
1122 4853 1199 4907 ab
1226 4852 1380 4923 ipso,
1410 4852 1503 4908 vel
1531 4853 1608 4908 ab
1638 4852 1737 4907 illo
1767 4868 1801 4907 a
1832 4868 1953 4923 quo
1975 4852 2199 4918 didicit,

532 4944 783 4999 discere.
818 4940 982 5007 Quod
1013 4942 1059 4995 si
1099 4941 1406 4997 irridenter
1435 4942 1716 5006 dicerem,
1747 4940 1927 4996 etiam
1956 4940 2097 4995 illud
2126 4941 2199 4996 de

532 5034 650 5090 Deo
680 5030 973 5104 corporali
995 5030 1403 5101 membrisque
1432 5045 1535 5102 per
1554 5030 1688 5086 loca
1714 5030 2021 5100 divisibili,
2044 5031 2201 5086 dice-

533 5139 656 5178 rem
682 5128 959 5194 paratum
990 5136 1085 5175 me
1108 5136 1243 5174 esse
1268 5120 1493 5175 discere
1526 5119 1720 5191 :quod
1746 5135 1866 5174 non
1884 5120 2036 5187 dico,
2063 5120 2197 5191 quis

533 5226 653 5265 non
682 5211 993 5267 irridenter
1016 5210 1250 5282 loquor,
1277 5215 1330 5264 et
1358 5208 1532 5264 talem
1562 5208 1747 5263 Deum
1778 5223 1895 5263 non
1920 5224 2050 5262 esse
2075 5224 2196 5263 om-

527 5300 670 5355 nino
701 5317 820 5356 non
848 5300 1114 5368 ambigo,
1146 5304 1201 5353 et
1232 5314 1303 5352 ne
1335 5298 1462 5352 talis
1493 5313 1622 5352 esse
1653 5296 2192 5366 crederetur,illam

527 5389 837 5456 epistolam
864 5388 1095 5460 scripsi.
1115 5388 1177 5442 In
1200 5404 1322 5459 qua
1345 5387 1489 5441 dum
1510 5403 1703 5440 essem
1725 5386 1782 5441 in
1806 5386 2193 5443 admonendo

529 5474 830 5543 sollicitus,
873 5493 1059 5549 quam
1102 5476 1448 5531 nominibus
1496 5474 1683 5531 tacitis
1732 5474 2088 5546 conscripsi,
2132 5475 2191 5531 in

527 5561 905 5629 corripiendo
937 5565 1156 5617 nimius
1186 5571 1363 5636 atque
1394 5564 1766 5635 improvidus
1801 5562 1904 5631 fui,
1935 5579 2043 5619 nec
2074 5564 2193 5620 fra-

527 5658 764 5709 ternam
796 5656 853 5703 et
889 5650 1294 5719 episcOpalem
1336 5669 1654 5723 personam
1712 5654 1860 5710 sicut
1902 5654 2082 5709 frater
2134 5659 2190 5709 et

1871 191 1933 246 S.
1975 189 2112 249 AUG
2122 184 2329 247 USTIN
2336 190 2357 246 Ι
2400 186 2713 247 EPISCOPI

2351 316 2696 388 episcopus,
2754 313 3279 387 quemadmodum
3339 312 3526 372 fuerat
3591 315 3848 387 dignum,
3892 336 3971 375 co-

2351 404 2537 475 gitavi
2570 422 2582 460 :
2618 405 2730 460 hoc
2763 420 2883 460 non
2914 404 3195 474 defendo,
3219 404 3324 460 sed
3346 404 3856 477 reprehendo;hoc
3876 424 3976 464 non

2350 509 2592 559 excuso,
2627 494 2732 549 sed
2766 510 3005 560 accuso,
3039 494 3401 565 ignoscatur,
3448 499 3626 566 peto;
3672 496 3981 553 recordetur

2349 589 2619 638 nostram
2649 583 3029 639 dilectionem
3058 583 3399 654 pristinam,
3428 589 3487 638 et
3522 583 3891 639 obliviscatur
3915 586 3980 640 of.

2348 670 2678 727 fensionem
2710 689 2947 728 novam.
2966 674 3159 729 Faciat
3180 678 3334 728 certe
3360 671 3523 743 quod
3547 687 3641 727 me
3665 687 3781 727 non
3805 672 3978 729 fecisse

2348 761 2714 831 succensuit;
2742 761 2960 817 habeat
2986 761 3288 817 lenitatem
3306 762 3363 816 in
3390 762 3597 817 danda
3617 762 3976 834 venia,quam

2346 864 2457 918 ego
2484 865 2605 905 non
2639 850 2819 905 habui
2852 851 2909 905 in
2943 850 3042 906 illa
3093 850 3343 921 epistola
3396 849 3849 907 conscribenda.
3880 853 3977 907 Hoc

2346 955 2450 1010 per
2473 944 2638 994 tuam
2652 939 2999 995 charilatem
3014 955 3219 1011 rogo.q
3232 939 3349 994 uod
3366 955 3637 1011 praesens
3660 947 3973 1011 praesentem

2342 1043 2553 1098 rogare
2590 1028 2921 1092 volueram,
2956 1028 3002 1081 si
3034 1029 3162 1099 ejus
3209 1027 3497 1083 haberem
3543 1029 3800 1100 copiam.
3831 1030 3974 1094 Quod

2343 1132 2479 1171 cum
2512 1121 2762 1172 conatus
2788 1132 3005 1185 essem,
3030 1118 3323 1172 scribente
3351 1117 3427 1173 ad
3450 1134 3594 1172 eum
3618 1118 3744 1173 viro
3765 1134 3975 1173 venera-

2340 1204 2464 1273 bili,
2492 1205 2784 1277 nobisque
2811 1207 3093 1261 omnibus
3120 1206 3347 1262 honore
3388 1206 3784 1277 praeferendo,
3805 1206 3971 1261 venire

2342 1295 2551 1361 noluit,
2585 1295 2791 1350 dolum
2823 1295 3063 1350 forsitan
3095 1296 3153 1350 in
3184 1311 3343 1361 eum,
3380 1295 3539 1350 sicut
3570 1295 3845 1367 pleraque
3888 1296 3975 1351 hu-

2344 1399 2526 1439 mana
2551 1390 2706 1447 sunt,
2736 1389 3029 1456 quantum
3073 1384 3368 1448 existimo,
3410 1386 3787 1456 suspicatus;
3818 1401 3849 1439 a
3875 1401 3975 1456 quo

2341 1490 2437 1528 me
2462 1473 2639 1543 longe
2662 1472 2892 1539 abesse,
2913 1478 2972 1527 tu
2995 1473 3072 1527 illi
3097 1473 3188 1528 fac
3210 1472 3391 1528 ﬁdem
3414 1478 3675 1547 quatum
3701 1479 3873 1545 potes,
3890 1474 3972 1545 qui

2342 1562 2849 1633 praesensfacilius
2865 1567 3051 1632 potes.
3068 1562 3271 1617 Indica
3296 1563 3348 1617 ei
3375 1579 3516 1618 cum
3542 1568 3723 1634 qauto
3741 1567 3793 1617 et
3814 1579 3971 1634 quam

2341 1667 2478 1706 vero
2500 1651 2704 1706 dolore
2735 1651 2807 1706 de
2836 1650 3165 1707 offensione
3196 1652 3379 1707 animi
3413 1652 3549 1722 ejus
3574 1658 3764 1707 tecum
3793 1651 3969 1707 fuerim

2339 1740 2686 1795 collocutus.
2728 1740 2965 1795 Noverit
3002 1756 3187 1811 quam
3237 1756 3359 1796 non
3412 1756 3557 1796 eum
3599 1745 3967 1805 contemnam,

2338 1836 2393 1885 et
2422 1835 2717 1901 quantum
2747 1830 2805 1884 in
2835 1829 2933 1885 illo
2968 1832 3149 1885 Deum
3175 1832 3440 1896 timeam,
3462 1833 3524 1884 et
3546 1830 3796 1899 cogitem
3821 1839 3967 1901 caput

2336 1924 2613 1974 nostrum
2641 1919 2701 1973 in
2731 1919 2902 1988 cujus
2929 1935 3175 1990 corpore
3197 1918 3407 1975 fratres
3430 1936 3665 1974 sumus.
3691 1920 3773 1975 Ad
3798 1920 3961 1975 locum

2335 2010 2395 2063 in
2422 2024 2543 2080 quo
2572 2008 2821 2073 habitat,
2846 2008 2980 2064 ideo
3014 2009 3158 2063 mihi
3201 2010 3404 2080 putavi
3438 2025 3563 2064 non
3592 2025 3727 2065 esse
3757 2010 3963 2064 venien-

2335 2098 2502 2162 dum,
2528 2113 2601 2152 ne
2631 2097 3038 2167 spectaculum
3063 2096 3399 2153 faceremus
3425 2098 3746 2153 ridendum
3766 2098 3956 2162 alienis,

2337 2186 2555 2242 nostris
2568 2186 2915 2254 dolendum,
2934 2186 3109 2241 nobis
3132 2186 3510 2257 pudendum.
3531 2190 3637 2241 Per
3653 2192 3809 2241 tuam
3824 2202 3958 2241 sanc-

2338 2277 2554 2331 titatem
2588 2279 2644 2330 et
2684 2275 3036 2330 charitatem
3068 2278 3258 2330 totum
3314 2279 3473 2331 recte
3503 2276 3605 2345 agi
3640 2282 3861 2347 potest:
3897 2276 3955 2330 ab

2335 2364 2434 2420 illo
2472 2364 2696 2436 quippe
2728 2364 2942 2433 agitur,
2977 2364 3077 2435 qui
3111 2380 3216 2434 per
3245 2364 3428 2419 ﬁdem
3473 2381 3651 2421 suam
3682 2366 3888 2421 habitat
3912 2366 3955 2419 in

2334 2455 2508 2509 corde
2538 2459 2641 2509 tuo
2675 2470 2689 2519 ;
2720 2469 2902 2524 quem
2946 2452 3123 2508 credo
3163 2454 3328 2524 quod
3383 2470 3508 2511 non
3543 2455 3764 2527 spernit
3800 2454 3851 2509 in
3896 2458 3951 2517 te,

2340 2559 2477 2598 cum
2509 2541 2787 2612 agnoscit
2818 2541 2877 2597 in
2908 2558 2991 2596 se.

2407 2632 2460 2686 5.
2506 2634 2624 2701 Ego
2642 2636 2794 2685 certe
2810 2631 2866 2684 in
2882 2630 2993 2685 hac
3011 2646 3195 2685 causa
3206 2630 3353 2702 quid
3369 2631 3588 2687 melius
3604 2631 3845 2687 facerem
3858 2646 3947 2686 non

2335 2720 2557 2783 inveni,
2585 2734 2771 2789 quam
2788 2717 3093 2774 utveniam
3113 2724 3373 2789 peterem
3394 2735 3431 2774 a
3446 2720 3651 2785 fratre,
3668 2719 3948 2793 quilmsum

2337 2824 2399 2863 se
2414 2809 2735 2864 litterarum
2763 2823 3031 2862 mearum
3047 2808 3364 2879 asperitate
3379 2815 3748 2881 conquestus
3760 2814 3853 2864 est.
3872 2808 3947 2862 Fa-

2334 2897 2447 2953 ciet
2467 2901 2522 2951 et
2545 2896 2693 2967 ipse,
2713 2901 2775 2950 ut
2792 2911 2986 2967 spero,
3016 2896 3177 2967 quod
3202 2896 3313 2951 sibi
3338 2896 3622 2969 imperari
3645 2898 3797 2953 novit
3814 2896 3879 2951 ab
3895 2910 3947 2949 eo

2330 2985 2431 3057 qui
2463 3000 2563 3057 per
2602 2984 2953 3056 Apostolum
2985 2984 3236 3055 loquens
3294 2986 3377 3041 ait
3407 3002 3420 3040 :
3483 2989 3775 3043 Donantes
3804 2985 3947 3041 vobis-

2330 3077 2606 3144 metipsis,
2624 3076 2673 3131 si
2700 3077 2823 3146 quis
2842 3074 3130 3131 adversus
3157 3076 3417 3147 aliquem
3457 3077 3634 3134 habet
3663 3077 3941 3148 querelam,

2328 3164 2479 3219 sicut
2496 3170 2551 3220 et
2582 3166 2736 3220 Deus
2750 3164 2811 3219 in
2836 3164 3077 3219 Christo
3095 3164 3341 3219 donavit
3368 3182 3437 3221 vo
3447 3167 3535 3222 bis
3549 3163 3939 3237 (Coloss.m,l3).

2326 3253 2531 3309 Estote
2560 3269 2693 3323 ergo
2720 3251 3046 3308 imitatores
3071 3253 3192 3317 Dei,
3219 3254 3369 3309 sicut
3402 3252 3938 3322 ﬁliidilectissimi,et

2326 3343 2627 3398 ambulate
2654 3342 2717 3396 in
2750 3342 3060 3406 charitate,
3092 3343 3245 3397 sicut
3263 3350 3311 3398 et
3346 3343 3621 3400 Christus
3652 3346 3845 3400 dilexit
3863 3354 3940 3395 nos

2326 3431 2598 3501 (Eph.v,l
2612 3430 2779 3502 ,2).ln
2793 3430 2904 3485 hac
2920 3431 3209 3487 charitate
3223 3431 3689 3497 ambulantes,si
3704 3430 3833 3504 quid
3844 3430 3938 3485 dili-

2325 3520 2557 3588 gentius
2576 3535 2919 3591 possumus,
2948 3518 3022 3573 de
3037 3519 3327 3590 spirituali
3359 3536 3615 3593 corpore
3627 3521 3780 3593 quod
3807 3522 3855 3575 in
3873 3533 3937 3573 re-

2324 3609 2691 3664 surrectione
2722 3606 3103 3673 habebimus,
3145 3609 3527 3666 concorditer
3557 3611 3927 3683 inquiramus:

2320 3698 2463 3769 quia
2477 3698 2590 3752 etsi
2604 3696 2749 3767 quid
2767 3696 2937 3752 aliter
2950 3696 3367 3769 sapimus,hoc
3383 3714 3632 3773 quoque
3646 3700 3806 3756 nobis
3817 3697 3932 3751 Deus

2318 3786 2621 3851 revelabit,
2666 3786 2713 3840 si
2739 3786 2798 3840 in
2823 3784 2921 3840 illo
2943 3801 3299 3841 maneamus
3328 3788 3621 3859 (Philipp.
3651 3805 3728 3852 ιιι,
3756 3793 3825 3851 15,
3854 3784 3929 3853 t6).

2321 3877 2430 3940 Qui
2460 3880 2657 3929 autem
2675 3875 2945 3930 manetin
2960 3874 3265 3941 charitate,
3291 3876 3351 3930 in
3368 3877 3491 3932 Deo
3521 3880 3733 3942 manet,
3750 3882 3798 3931 et
3813 3875 3929 3928 Deus

2319 3965 2379 4019 in
2403 3964 2499 4019 illo
2524 3967 2726 4019 manet
2748 3980 2760 4017 :
2779 3962 2924 4035 quia
2941 3964 3093 4018 Deus
3111 3964 3373 4021 charitas
3394 3974 3484 4023 est
3506 3968 3551 4037 (Ι
3572 3968 3738 4023 Joan.
3758 3962 3923 4031 miti);

2318 4055 2439 4109 sive
2465 4058 2751 4124 tanquam
2776 4052 2904 4123 ejus
2936 4052 3067 4107 fons
3089 4052 3468 4110 ineﬂ‘abiliter
3491 4055 3806 4117 existendo,
3832 4053 3923 4106 sive

2316 4143 2475 4198 illam
2510 4142 2683 4197 nobis
2716 4157 2819 4213 per
2843 4142 3129 4213 Spiritum
3163 4160 3340 4198 suum
3373 4144 3704 4215 largiendo.
3737 4144 3787 4199 Si
3812 4154 3922 4208 ergo

2316 4232 2515 4287 doceri
2539 4236 2729 4302 potest
2754 4230 2918 4301 quod
2946 4229 3103 4286 chari
3114 4237 3201 4287 tas
3221 4234 3632 4304 corporalibus
3654 4232 3823 4289 oculis
3845 4228 3921 4283 ali-

2315 4322 2561 4392 quando
2606 4319 2903 4375 videbitur
2937 4337 2949 4386 ;
2982 4325 3190 4390 poterit
3247 4321 3515 4379 fortassis
3567 4328 3624 4380 et
3651 4323 3831 4378 Deus:
3884 4316 3918 4370 si

2315 4414 2515 4464 autem
2569 4409 2680 4464 ista
2743 4424 3055 4480 nunquam
3090 4410 3297 4479 poterit
3330 4428 3343 4478 ;
3371 4412 3563 4468 multo
3597 4412 3781 4467 minus
3816 4410 3915 4479 ipse

2313 4497 2446 4554 fons
2498 4499 2651 4568 ejus,
2696 4496 2784 4551 vel
2838 4498 2884 4551 si
2910 4497 3057 4568 quid
3087 4498 3204 4553 dici
3246 4500 3630 4558 excellentius
3660 4508 3710 4555 et
3737 4512 3912 4555 conve-

2314 4586 2570 4642 nientius
2597 4588 2669 4641 de
2701 4590 2866 4641 tanta
2894 4602 2954 4641 re
2978 4592 3189 4657 potest.

2385 4678 2623 4732 CAPUT.
2658 4676 2701 4729 Il
2727 4706 2790 4715 —
2812 4674 2865 4729 6.
2896 4676 3348 4747 Magniquidam
3374 4680 3544 4736 viriet
3562 4681 3617 4735 in
3637 4673 3904 4749 Scripturis

2312 4765 2533 4822 sanctis
2555 4764 2903 4826 doctissimi,
2922 4765 3022 4835 qui
3046 4765 3371 4836 plurimum
3389 4767 3700 4825 Ecclesiam
3718 4771 3764 4821 el
3778 4765 3905 4819 bona

2312 4854 2509 4909 studia
2531 4852 2794 4908 ﬁdelium
2820 4852 3153 4909 suislitteris
3176 4855 3657 4926 adjuverunt,ubi
3678 4856 3753 4910 eis
3773 4864 3904 4908 occa-

2309 4943 2398 4999 sio
2415 4943 2557 4999 data
2577 4949 2681 5007 est,
2707 4942 2983 4997 dixerunt
3004 4941 3365 5001 invisibilem
3388 4948 3566 5001 Deum
3586 4940 3903 5001 invisibiliter

2307 5031 2630 5098 videri;hoc
2643 5036 2729 5086 est
2744 5046 2847 5101 per
2860 5046 2994 5085 eam
3010 5036 3287 5088 naturam
3303 5050 3439 5105 quas
3454 5036 3511 5090 in
3525 5033 3688 5090 nobis
3701 5039 3897 5103 quoque

2305 5119 2617 5175 invisibilis
2630 5118 3417 5183 est,mundascilicetmente
3432 5123 3521 5180 vel
3535 5121 3896 5179 corde.Beatus

2305 5208 2659 5264 Ambrosius
2705 5208 2779 5263 de
2812 5207 3047 5263 Christo
3080 5225 3217 5264 cum
3259 5217 3477 5281 ageret,
3528 5211 3823 5266 secundum
3847 5200 3890 5255 id

2304 5298 2467 5371 quod
2499 5297 2756 5352 Verbum
2787 5302 2897 5365 est,
2928 5297 3059 5352 Non
3081 5300 3235 5355 enim
3267 5300 3691 5369 corporalibus,
3713 5290 3885 5364 inquit,

2301 5388 2403 5443 sed
2422 5386 2837 5457 spiritualibus
2851 5386 3034 5442 oculis
3045 5387 3213 5443 Iesus
3245 5388 3494 5445 videtur.
3513 5392 3570 5444 Et
3594 5384 3748 5459 paulo
3764 5383 3883 5453 posis

2298 5477 2434 5531 Non
2453 5492 2579 5532 eum
2616 5475 2910 5539 viderunt,
2934 5476 3350 5547 inquitJuda’i
3366 5491 3388 5549 ,‘
3414 5479 3743 5535 obcaecatum
3764 5467 3880 5526 enim

2298 5566 2727 5634 eratinsipiens
2749 5580 2850 5619 cor
2886 5580 3087 5621 eorum
3112 5565 3261 5636 (Lib.
3304 5568 3405 5624 lin
3430 5569 3556 5623 Luc.
3583 5564 3643 5623 il:
3666 5563 3781 5618 hinc
3806 5570 3877 5610 Os-

2298 5654 2547 5710 tendens
2580 5654 2736 5708 unde
2760 5654 3046 5710 videatur.
3077 5655 3221 5711 item
3247 5672 3383 5712 cum
3399 5657 3470 5713 de
3493 5658 3682 5713 sancto
3702 5643 3874 5721 Spiritu

4012 4212 4021 4239 Ὗ

4004 4794 4007 4950 l
