4098 6166
193 123 308 180 625

186 234 557 308 loqueretur,
586 234 945 306 Interposuit
974 233 1407 290 verbaDomiui
1444 232 1859 290 dicentiszlto-

182 325 350 396 gabo
388 326 649 389 Patrem,
681 329 733 380 et
769 323 955 381 alium
990 325 1377 380 Paracletum
1446 323 1612 380 dabit
1670 321 1856 388 vobis,

180 415 295 486 qui
326 414 624 471 vobiscum
662 413 736 469 sit
762 415 823 468 in
861 418 1148 469 aeternum
1184 434 1205 483 ;
1235 413 1529 482 Spiritum
1563 412 1852 475 veritatis,

179 519 364 574 quem
391 504 486 559 hic
512 504 768 560 mund-us
796 519 914 559 non
931 509 1121 572 potest
1144 505 1431 573 accipere,
1455 504 1597 574 quia
1627 518 1744 558 non
1774 500 1857 557 vi-

177 594 281 648 det
308 609 468 659 eum,
492 608 598 649 nec
625 593 917 663 cognoscit
932 609 1062 649 eum
1090 593 1284 657 (Joan.
1315 609 1437 658 xw,
1462 594 1549 657 16,
1589 592 1694 663 17).
1729 592 1850 648 Me-

174 682 303 738 rito
337 698 481 753 ergo
504 698 585 747 se,
608 682 819 754 inquit,
852 684 914 738 in
947 699 1204 754 corpore
1232 682 1682 750 demonstravit,
1711 697 1851 753 quo-

170 771 351 828 niam
376 772 442 827 in
472 771 806 828 divinitatis
823 772 1161 829 substantia
1182 789 1301 828 non
1317 772 1568 828 videtur.
1592 771 1849 826 Vidimus

169 861 503 927 Spiritum,
530 861 633 917 sed
656 862 719 916 in
749 861 937 929 specie
962 862 1306 931 corporali:
1336 860 1635 917 videamus
1661 865 1716 915 et
1735 860 1848 914 Pa-

168 957 369 1015 trem;
396 951 500 1007 sed
525 951 668 1023 quia
696 951 1024 1007 viderenon
1051 967 1378 1020 possumus,
1404 950 1745 1007 audiamus.
1784 952 1848 1004 Et

167 1040 365 1112 paulo
395 1046 545 1111 post,
575 1040 905 1097 Audiamus
933 1057 1093 1111 ergo,
1115 1041 1326 1113 inquit,
1353 1039 1845 1107 Patrem;invisi-

167 1130 313 1184 bilis
345 1130 504 1185 enim
528 1132 712 1186 Pater
737 1131 875 1199 ;sed
900 1138 950 1187 et
965 1130 1159 1187 Filius
1174 1130 1488 1186 invisibilis
1519 1129 1841 1185 secundum

164 1218 609 1289 divinitatem;
670 1221 852 1276 Deum
912 1219 1068 1277 enim
1136 1235 1303 1276 nemo
1373 1219 1519 1275 vidit
1577 1233 1841 1288 unquam

165 1308 211 1378 (Ι
237 1308 424 1364 Joan.
454 1325 534 1375 ιν,
564 1309 653 1375 12)
686 1325 697 1362 :
730 1325 859 1365 cum
883 1324 1022 1378 ergo
1045 1309 1236 1364 Filius
1260 1310 1334 1364 sit
1360 1307 1613 1373 Deus,in
1636 1322 1700 1363 eo
1728 1307 1841 1362 uti-

161 1412 284 1469 que
315 1398 481 1470 quod
517 1400 674 1455 Deus
722 1404 775 1454 et
806 1399 1018 1465 Filius,
1068 1413 1188 1454 non
1238 1398 1473 1455 videtur
1516 1396 1675 1467 (Lib.
1716 1401 1748 1451 2
1776 1397 1837 1453 in

164 1486 313 1543 Luc.
351 1503 442 1551 1n,
472 1487 585 1559 22).

233 1582 290 1632 7.
329 1577 589 1632 Sanctus
603 1582 803 1632 autem
823 1575 1223 1649 Hieronymus
1247 1576 1328 1632 ait
1361 1591 1372 1629 :
1414 1575 1620 1631 Videre
1650 1576 1834 1632 Deum

156 1665 344 1721 sicuti
366 1673 453 1722 est
488 1669 550 1722 in
572 1672 796 1722 natura
823 1680 954 1731 sua,
972 1666 1181 1721 oculus
1208 1664 1460 1721 hominis
1475 1680 1593 1720 non
1613 1668 1828 1733 potest:

158 1770 281 1810 non
315 1756 518 1810 solum
552 1755 744 1819 homo,
776 1770 883 1811 nec
915 1755 1150 1825 Angeli,
1171 1769 1277 1811 nec
1316 1754 1560 1818 Throni,
1591 1768 1698 1810 nec
1727 1754 1832 1811 Po-

160 1846 427 1907 testates,
455 1859 562 1900 nec
598 1843 1064 1906 Dominationes,
1094 1859 1201 1899 nec
1232 1858 1402 1898 omne
1431 1858 1640 1898 nomen
1672 1845 1831 1914 quod

154 1933 522 1988 nominatur
550 1955 570 2001 ,-
603 1948 787 2005 neque
831 1932 985 1988 enim
1024 1938 1308 1988 creatura
1336 1938 1523 2000 potest
1566 1934 1830 2003 aspicere

158 2022 509 2079 Creatorem
532 2038 726 2078 suum.
755 2022 850 2077 His
866 2023 1059 2077 verbis
1074 2023 1160 2077 vir
1172 2021 1558 2077 doctissimus
1574 2022 1717 2077 satis
1738 2038 1827 2077 os-

155 2111 350 2167 tendit
380 2112 527 2183 quid
560 2112 741 2167 etiam
770 2111 843 2167 de
874 2110 1073 2167 futuro
1106 2110 1326 2166 saeculo
1360 2111 1625 2175 senserit,
1658 2111 1825 2182 quod

154 2200 231 2255 ad
248 2200 419 2256 hanc
451 2216 576 2256 rem
606 2200 1294 2265 attinet.Quautumlibet
1316 2199 1476 2255 enim
1507 2199 1662 2254 oculi
1693 2215 1825 2255 cor-

152 2290 322 2361 poris
358 2289 550 2344 nostri
576 2293 878 2345 mutentur
906 2291 965 2344 in
993 2289 1228 2354 melius,
1258 2288 1618 2359 Angelorum
1632 2289 1821 2344 oculis

150 2378 586 2450 aequabuntur.
622 2379 930 2434 Hicautem
964 2378 1195 2450 etipsis,
1228 2383 1284 2433 et
1310 2377 1600 2432 universae
1629 2378 1820 2433 omni-

152 2481 231 2522 no
260 2466 488 2523 ccelesti
517 2473 801 2524 creaturae
820 2467 1178 2523 invisibilem
1208 2472 1481 2522 naturam
1510 2466 1659 2522 dixit
1684 2482 1816 2524 esse

151 2557 478 2612 Creatoris.
511 2558 623 2612 Aut
646 2557 692 2611 si
723 2561 779 2612 et
798 2557 937 2612 hinc
963 2557 1026 2612 ﬁt
1047 2557 1320 2629 quaestio,
1346 2560 1405 2611 et
1430 2555 1677 2613 infertur
1700 2557 1818 2615 ulla

148 2644 474 2709 dubitatio,
492 2651 689 2702 utrum
706 2661 826 2701 non
855 2646 1046 2701 simus
1064 2645 1492 2715 futuriAngelis
1519 2646 1814 2718 potiores;

147 2734 349 2805 ipsius
380 2735 615 2790 Domini
647 2739 734 2791 est
757 2735 897 2791 hinc
920 2739 1123 2806 aperta
1155 2736 1469 2804 sententia,
1499 2735 1598 2790 ubi
1632 2736 1712 2790 ait
1741 2736 1817 2793 de

144 2826 571 2879 resurrecturis
614 2824 675 2879 in
714 2839 965 2893 regnum
1002 2845 1013 2876 :
1056 2824 1255 2879 Erunt
1284 2825 1541 2895 aequales
1569 2825 1815 2895 Angelis

146 2914 244 2969 Dei
287 2915 466 2985 (Luc.
496 2930 592 2977 xx,
637 2914 747 2986 36).
786 2913 949 2968 Unde
989 2913 1146 2968 idem
1178 2913 1305 2984 ipse
1337 2923 1579 2968 sanctus
1620 2914 1813 2969 Hiero-

146 3018 380 3073 nymus
419 3001 560 3058 alibi
591 3003 675 3057 sic
704 3002 847 3057 dicit
877 3018 888 3055 :
925 3001 1100 3057 Homo
1130 3002 1318 3072 igitur
1339 3002 1448 3057 Dei
1487 3002 1699 3072 faciem
1734 3002 1814 3057 vi-

144 3092 289 3148 dere
316 3107 437 3147 non
448 3097 671 3161 potest;
704 3092 1126 3162 Angeliautem
1147 3091 1321 3147 etiam
1343 3092 1725 3148 minimarum
1748 3093 1811 3148 in

143 3181 427 3237 Ecclesia
439 3196 667 3249 semper
682 3181 883 3237 vident
908 3182 1117 3249 faciem
1138 3182 1240 3236 Dei
1251 3179 1488 3251 (Matth.
1517 3197 1678 3245 xvm,
1698 3183 1804 3255 10).

144 3271 218 3326 Et
252 3285 425 3325 nunc
470 3273 530 3325 in
562 3271 797 3339 speculo
829 3270 1112 3336 videmus,
1166 3270 1230 3325 in
1278 3272 1583 3341 unigmate
1615 3294 1634 3341 ,-
1666 3277 1808 3327 tunc

142 3364 345 3416 autem
374 3359 530 3429 facie
560 3360 640 3415 ad
667 3359 885 3429 faciem
917 3360 963 3429 (l
1009 3360 1137 3415 Cor.
1167 3376 1288 3425 xm,
1324 3362 1429 3424 t2),
1464 3361 1702 3431 quando
1740 3361 1808 3417 de

144 3448 485 3504 hominibus
516 3449 578 3503 in
603 3449 859 3519 Angelos
872 3449 1319 3517 profecerimus,
1352 3456 1406 3506 et
1443 3451 1805 3519 potuerimus

144 3552 280 3593 cum
313 3539 598 3605 Apostolo
610 3538 984 3603 dicere,«Nos
997 3543 1189 3595 autem
1205 3554 1402 3595 omnes
1420 3542 1613 3595 revela
1622 3546 1682 3595 ta
1707 3541 1804 3610 fa-

144 3627 227 3682 cie
238 3626 497 3697 gloriam
512 3627 750 3683 Domini
758 3629 1127 3697 speculantes
1138 3628 1202 3683 in
1217 3629 1471 3685 eamdem
1486 3629 1799 3699 imaginem

144 3716 661 3785 transformamur
676 3732 713 3773 a
738 3718 935 3787 gloria
950 3717 1012 3772 in
1026 3718 1298 3787 gloriam,
1325 3724 1609 3790 tanquam
1638 3735 1675 3775 a
1693 3720 1801 3776 Do-

143 3806 297 3860 mini
308 3804 531 3873 Spiritu
564 3828 584 3854 ι
616 3807 686 3876 (ll
712 3806 933 3871 Camn,
957 3807 1044 3876 18)
1068 3808 1236 3877 ,-licet
1261 3808 1480 3877 faciem
1498 3809 1601 3863 Dei
1609 3811 1800 3877 juxta

141 3902 516 3951 naturasuae
545 3898 966 3965 proprietatem
996 3897 1170 3951 nulla
1190 3896 1388 3952 videat
1419 3904 1720 3962 creatura,
1745 3904 1797 3954 et

141 3989 291 4038 tunc
330 3990 518 4040 mente
547 3992 854 4054 cernatur,
894 3986 1135 4056 quando
1166 3985 1487 4041 invisibilis
1529 3988 1800 4044 creditur

140 4071 295 4142 (Lib.
335 4076 355 4126 l
392 4071 454 4127 in
484 4072 621 4128 Isai.
658 4072 726 4144 t).

208 4164 267 4215 8.
290 4162 356 4215 ln
386 4161 477 4216 his
500 4161 696 4217 verbis
718 4162 980 4217 hominis
1004 4163 1123 4228 Dei,
1152 4163 1339 4219 multa
1355 4164 1796 4223 consideranda

138 4254 298 4304 sunt.
321 4249 764 4322 Primum,quia
778 4251 1111 4307 secundum
1145 4253 1585 4323 apertissimam
1604 4257 1795 4311 Domi-

137 4339 192 4392 ni
221 4338 580 4393 sententiam
610 4340 788 4396 etiam
818 4341 945 4411 ipse
963 4341 1137 4397 sentit
1162 4346 1304 4397 tunc
1318 4358 1427 4397 nos
1454 4343 1688 4399 visuros
1712 4345 1796 4399 fa-

136 4428 289 4482 ciem
308 4427 574 4493 Dei,cum
590 4429 647 4483 in
663 4430 919 4499 Angelos
936 4430 1451 4501 profecerimus,id
1468 4438 1571 4499 est,
1591 4450 1792 4506 aequa-

136 4514 220 4571 les
276 4516 518 4585 Angelis
570 4517 706 4574 facti
765 4519 1049 4575 fuerimus
1102 4521 1307 4593 ;quod
1341 4522 1448 4578 erit
1480 4522 1682 4595 utique
1730 4524 1789 4579 in

136 4606 571 4662 resurrectione
604 4612 999 4664 mortuorum.
1032 4610 1249 4665 Deinde
1272 4611 1604 4682 apostolico
1634 4612 1791 4667 testi-

139 4696 344 4751 monio
361 4696 505 4751 satis
538 4698 900 4769 aperuitnon
916 4699 1218 4754 exterioris
1242 4700 1346 4754 sed
1380 4700 1790 4757 interiorisho-

137 4783 318 4839 minis
358 4784 569 4841 faciem
602 4786 1071 4857 intelligendam,
1106 4805 1244 4844 cum
1270 4790 1606 4845 videbimus
1638 4790 1786 4846 facie

137 4874 211 4929 ad
239 4873 450 4929 faciem
477 4874 578 4929 :de
601 4875 750 4931 facie
772 4878 996 4949 quippe
1015 4878 1209 4933 cordis
1227 4878 1585 4950 loquebatur
1604 4880 1788 4952 Apos-

137 4962 313 5028 tolus,
338 4978 475 5018 cum
507 4964 728 5020 diceret
757 4966 921 5037 quod
954 4967 1090 5022 hinc
1117 4970 1634 5035 commemoravit,
1667 4970 1786 5026 Nos

136 5057 331 5108 autem
373 5054 634 5111 revelata
658 5056 818 5124 facie
844 5056 1096 5126 gloriam
1136 5058 1372 5114 Domini
1393 5060 1782 5127 speculantes,

135 5140 195 5195 in
222 5141 479 5197 eamdem
492 5142 1348 5216 imaginemtransformamur.
1380 5148 1547 5213 Quod
1566 5150 1785 5221 siquis-

136 5246 318 5302 quam
350 5230 605 5297 dubitat,
637 5241 939 5291 recenseat
961 5237 1239 5292 eumdem
1270 5236 1493 5306 locum,
1515 5242 1573 5294 et
1604 5245 1786 5295 atten-

135 5319 238 5373 dat
270 5319 429 5374 unde
458 5323 777 5393 Apostolus
809 5324 1167 5395 loquebatur
1194 5346 1207 5395 ;
1244 5327 1316 5381 de
1352 5327 1644 5383 velamine
1679 5330 1785 5385 sci-

134 5406 261 5465 licet
304 5408 468 5481 quod
518 5418 719 5468 manet
750 5414 807 5468 in
857 5414 1108 5471 lectione
1152 5417 1369 5471 Veteris
1399 5420 1778 5484 Testamenti,

135 5496 323 5553 donec
350 5499 607 5572 quisque
640 5507 902 5559 transeat
931 5506 1007 5559 ad
1040 5505 1355 5571 Christum,
1392 5510 1455 5561 ut
1483 5507 1784 5564 auferatur

138 5586 426 5645 velamen.
458 5590 778 5663 lbiquippe
794 5593 952 5659 dicit,
983 5594 1100 5650 Nos
1123 5603 1317 5651 autem
1340 5597 1602 5653 revelata
1622 5598 1784 5667 facie

1454 116 1965 179 EPISTOLARUM
2003 121 2289 187 CLASSlS
2317 134 2413 190 III.

3523 144 3625 202 626

1965 235 2216 304 gloriam
2246 243 2490 301 Domini
2516 248 2889 316 speculantes
2917 264 3050 321 quae
3079 250 3262 311 facies
3292 251 3354 308 in
3401 252 3619 310 Iudaeis

1966 339 2088 381 non
2115 335 2240 386 erat
2268 334 2530 391 revelata
2557 353 2569 392 :
2596 337 2670 393 de
2700 337 2919 409 quibus
2951 339 3111 406 dicit,
3147 342 3418 399 Velamen
3443 358 3620 413 super

1965 428 2067 469 cor
2093 431 2290 476 eorum
2318 423 2575 491 positum
2609 432 2712 495 est,
2758 430 2819 481 ut
2848 428 3127 484 ostendat
3156 430 3353 485 cordis
3400 431 3614 488 faciem

1964 504 2138 560 nobis
2170 523 2297 565 esse
2319 512 2663 580 revelatam,
2692 514 2987 571 velamine
3004 516 3228 572 ablato.
3258 520 3614 588 Prostremo,

1962 607 2035 648 ne
2060 596 2385 670 quisquam
2411 601 2527 657 ista
2542 602 2739 657 minus
2765 605 3023 671 intuens,
3053 607 3374 678 minusque
3396 609 3615 665 discer-

1959 696 2127 746 nens,
2159 686 2450 744 visibilem
2495 692 2679 746 Deum
2710 692 2802 747 vel
2832 693 3073 763 Angelis
3108 695 3199 749 vel
3231 695 3609 764 hominibus,

1957 788 2095 828 cum
2113 777 2377 847 aequales
2399 781 2637 850 Angelis
2655 781 2794 837 facti
2811 781 3122 849 fuerimus,
3139 784 3260 840 sive
3274 800 3435 841 nunc
3452 802 3609 855 esse,

1956 863 2075 917 sive
2096 863 2364 923 futurum
2392 884 2519 924 esse
2543 871 2825 935 crederet,
2848 872 3292 930 evidentissima
3316 875 3461 947 quid
3483 892 3611 932 sen-

1955 950 2405 1025 tiretexpressit,
2433 958 2637 1014 dicens
2651 960 3043 1031 quodfaciem
3068 962 3176 1018 Dei
3183 963 3607 1032 juxtanaturw

1951 1056 2068 1096 sum
2079 1046 2456 1112 propietatem
2472 1050 2581 1102 nul
2589 1049 2646 1103 la
2662 1048 2857 1105 videat
2872 1056 3176 1116 creatura,
3198 1055 3251 1107 et
3267 1058 3409 1109 tunc
3421 1060 3608 1110 mente

1952 1138 2257 1196 cernatur,
2270 1134 2499 1204 quando
2511 1135 2823 1192 invisibilis
2836 1138 3299 1196 creditur.Unde
3313 1141 3610 1198 sufﬁcien-

1951 1222 2037 1273 ter
2063 1221 2434 1291 signiﬁcavit,
2466 1225 2713 1296 quando
2736 1226 2901 1281 visus
2926 1228 3107 1283 estab
3136 1229 3486 1285 hominibus
3503 1246 3608 1303 per

1948 1308 2155 1363 oculos
2170 1311 2458 1382 corporis,
2476 1316 2766 1385 tanquam
2795 1315 2921 1385 ipse
2936 1331 3283 1386 corporeus,
3319 1333 3439 1373 non
3464 1334 3603 1374 eum

1948 1398 2279 1453 secundum
2298 1405 2662 1456 naturaasuas
2676 1403 3103 1474 proprietatem
3119 1404 3302 1460 fuisse
3316 1405 3404 1461 vis
3415 1407 3604 1472 um,in

1944 1500 2066 1556 qua
2079 1491 2215 1542 tunc
2231 1494 2425 1544 mente
2440 1491 2717 1557 cernitur,
2735 1493 2978 1563 quando
2992 1493 3305 1549 invisibilis
3319 1496 3599 1551 creditur.

1945 1575 2171 1639 Quibus
2184 1577 2633 1644 invisibilis,nisi
2650 1581 2990 1651 aspectibus
3005 1582 3414 1653 corporalibus
3429 1584 3602 1639 etiam

1943 1663 2304 1733 caelestibus,
2322 1667 2670 1739 sicutsupra
2688 1670 2762 1725 de
2780 1669 3021 1740 Angelis
3051 1676 3106 1726 et
3122 1672 3513 1728 Potestatibus
3545 1680 3601 1729 et

1942 1754 2455 1812 Dominationibus
2473 1756 2619 1812 dixit
2643 1757 2671 1813 ‘l
2691 1764 2915 1829 quanto
2949 1761 3143 1829 magis
3177 1761 3592 1817 terrestribus!

2009 1842 2060 1898 9.
2090 1844 2252 1899 Unde
2274 1844 2390 1900 alio
2410 1845 2542 1901 loco
2565 1846 2897 1902 evidentius
2920 1848 3084 1915 dicit,
3113 1849 3246 1905 Non
3268 1850 3461 1906 solum
3489 1850 3599 1907 Pa-

1937 1929 2044 1985 tris
2073 1932 2465 1998 divinitatem,
2509 1934 2604 1989 sed
2651 1950 2758 1991 nec
2806 1936 2946 1991 Filii
2976 1937 3211 2007 quidem
3245 1944 3299 1993 et
3334 1938 3597 2006 Spiritus

1934 2022 2145 2085 sancti,
2176 2038 2303 2092 quae
2333 2038 2451 2078 una
2481 2024 2542 2078 in
2574 2024 2865 2080 Trinitate
2894 2031 3111 2081 natura
3144 2032 3248 2090 est,
3282 2041 3451 2094 posse
3466 2043 3596 2083 ocu-

1938 2110 2021 2163 los
2062 2111 2262 2165 carnis
2296 2111 2575 2178 aspicere,
2603 2112 2703 2166 sed
2727 2112 2923 2168 oculos
2960 2115 3172 2169 mentis
3220 2132 3240 2169 :
3286 2115 3357 2171 de
3384 2114 3594 2186 quibus

1931 2196 2056 2265 ipse
2080 2198 2362 2255 Salvator
2386 2200 2492 2263 ait,
2539 2220 2566 2251 ‹‹
2600 2201 2776 2257 Beati
2808 2202 3024 2256 mundo
3056 2203 3227 2258 corde
3254 2223 3277 2273 ;
3307 2204 3591 2274 quoniam

1930 2286 2045 2354 ipsi
2071 2288 2247 2343 Deum
2276 2287 2549 2344 videbunt
2590 2308 2618 2340 »
2659 2289 2809 2360 (Lib.
2854 2294 2883 2345 3
2922 2289 2986 2345 in
3014 2290 3155 2347 Isai.
3193 2294 3258 2359 t).
3293 2292 3446 2357 Quid
3474 2291 3590 2349 hac

1932 2376 2410 2433 manifestatione
2430 2378 2685 2433 lucidius
2707 2380 2734 2432 ‘?
2766 2379 2822 2433 Si
2854 2380 3014 2435 enim
3046 2381 3467 2437 tantummodo
3498 2381 3591 2438 di-

1926 2464 2127 2531 xisset,
2157 2466 2275 2521 Nec
2306 2466 2507 2531 Patris,
2538 2482 2647 2522 nec
2675 2467 2818 2532 Filii,
2846 2483 2953 2523 nec
2994 2468 3247 2540 Spiritus
3278 2470 3468 2525 sancti
3494 2469 3586 2525 di-

1926 2553 2226 2609 vinitatem
2242 2569 2418 2625 posse
2437 2555 2647 2611 oculus
2660 2557 2855 2611 carnis
2877 2557 3279 2627 aspicere,nec
3302 2557 3586 2629 deinceps

1923 2641 2274 2707 addidisset,
2307 2644 2411 2699 sed
2439 2646 2636 2701 oculos
2668 2646 2873 2701 mentis
2905 2666 2925 2713 ,-
2962 2644 3109 2700 forte
3126 2646 3422 2701 diceretur
3450 2662 3583 2702 car-

1925 2746 2063 2786 nem
2088 2732 2216 2802 jam
2230 2748 2349 2787 non
2373 2749 2501 2789 esse
2520 2733 2971 2804 appellandam,
2992 2750 3130 2789 cum
3161 2750 3374 2806 corpus
3404 2734 3582 2792 fuerit

1925 2819 2229 2890 spirituale
2263 2838 2274 2877 :
2311 2822 2593 2877 addendo
2633 2838 2797 2893 ergo,
2830 2826 2887 2878 et
2916 2822 3196 2888 dicendo,
3244 2824 3349 2880 sed
3378 2826 3582 2880 oculos

1923 2910 2153 2974 mentis,
2188 2911 2267 2965 ab
2313 2912 2477 2966 omni
2508 2926 2724 2981 genere
2757 2912 3024 2982 corporis
3055 2911 3335 2967 alienavit
3361 2912 3581 2984 hujus-

1925 2998 2089 3054 modi
2123 2998 2429 3055 visionem.
2449 3003 2524 3054 Ne
2541 2999 2677 3070 quis
2703 3005 2903 3054 autem
2931 3006 3166 3070 putaret
3185 3016 3323 3055 eum
3345 3006 3577 3057 tantum

1920 3085 1994 3141 de
2026 3088 2301 3157 praesenti
2342 3091 2610 3159 tempore
2636 3087 2925 3152 locutum,
2959 3087 3215 3158 subjecit
3250 3089 3430 3144 etiam
3463 3091 3577 3146 Do-

1920 3175 2064 3231 mini
2098 3176 2525 3242 testimonium,
2559 3177 2766 3232 volens
2804 3177 3118 3233 ostendere
3148 3192 3300 3249 quos
3343 3175 3574 3232 dixerat

1918 3264 2126 3319 oculos
2161 3268 2373 3320 mentis
2403 3282 2416 3331 ;
2448 3281 2571 3337 quo
2598 3266 2938 3321 testimonio
2979 3281 3099 3321 non
3142 3265 3449 3338 praesentis
3466 3264 3573 3320 sed

1917 3354 2129 3408 futuras
2156 3354 2399 3409 visionis
2432 3354 2758 3427 promissio
2786 3353 3122 3410 declaratur
3156 3370 3168 3408 :
3204 3354 3371 3411 Beati
3400 3369 3569 3409 mun-

1915 3443 1989 3498 do
2011 3444 2215 3512 corde,-
2230 3444 2511 3515 quoniam
2528 3445 2641 3513 ipsi
2662 3446 2839 3499 Deum
2866 3443 3144 3500 videbunt
3160 3443 3400 3515 (Matth.
3414 3459 3472 3508 v,
3487 3442 3565 3513 8).

1993 3536 2070 3587 lO.
2110 3533 2493 3587 Beatissimus
2526 3548 2769 3603 quoque
2799 3532 3179 3595 Athanasius,
3214 3530 3564 3588 Alexandri-

1914 3636 2026 3675 nus
2064 3621 2404 3691 episcopus,
2434 3636 2570 3675 cum
2605 3625 2806 3689 ageret
2835 3620 3123 3675 adversus
3153 3620 3425 3685 Arianos,
3458 3620 3564 3692 qui

1912 3710 2331 3765 tantummodo
2366 3713 2551 3764 Deum
2578 3712 2805 3765 Patrem
2841 3708 3199 3763 invisibilem
3226 3710 3452 3771 dicunt,
3482 3710 3568 3764 Fi-

1910 3798 2055 3854 lium
2104 3815 2244 3854 vero
2275 3804 2331 3853 et
2372 3797 2651 3867 Spiritum
2698 3803 2974 3851 sanctum
3029 3797 3297 3851 visibiles
3329 3801 3560 3867 putant,

1909 3887 2204 3957 aequalem
2246 3887 2541 3943 Trinitatis
2601 3885 3066 3941 invisibilitatem
3112 3884 3561 3957 Scripturarum

1910 3982 2253 4032 sanctarum
2290 3974 2667 4039 testimoniis,
2700 3979 2756 4029 et
2793 3974 3101 4043 diligentia
3132 3989 3258 4029 sum
3291 3973 3560 4044 disputa-

1909 4065 2083 4120 tionis
2122 4065 2393 4129 asseruit,
2438 4063 2862 4119 instantissime
2903 4063 3161 4119 suadens
3194 4065 3378 4118 Deum
3431 4076 3560 4117 non

1905 4169 2034 4210 esse
2065 4154 2253 4209 visum
2279 4154 2394 4209 nisi
2421 4154 2836 4225 assumptione
2863 4158 3184 4211 creaturas:
3220 4150 3558 4208 secundum

1908 4243 2147 4299 Deitatis
2196 4248 2396 4299 autem
2439 4258 2563 4297 suae
2603 4242 3030 4314 proprietatem
3070 4241 3318 4296 omnino
3370 4242 3557 4295 Deum

1904 4347 2031 4387 esse
2058 4331 2436 4394 invisibilem,
2466 4331 2525 4385 id
2546 4336 2634 4385 est
2667 4333 2915 4395 Patrem,
2949 4336 3004 4385 et
3032 4328 3259 4393 Filium,
3296 4334 3352 4383 et
3378 4326 3559 4398 Spiri-

1904 4426 2048 4484 tum,
2067 4426 2340 4477 sanctum
2366 4419 2477 4474 nisi
2502 4424 2797 4490 quantum
2823 4424 3017 4473 mente
3044 4432 3114 4472 ac
3146 4417 3354 4487 spiritu
3385 4415 3554 4470 nosci

1901 4515 2111 4582 potest.
2128 4509 2437 4577 Gregorius
2450 4509 2651 4572 etiam,
2677 4511 2919 4562 sanctus
2949 4505 3270 4576 episcopus
3284 4502 3555 4560 Orienta-

1897 4597 1970 4654 lis
2008 4600 2109 4668 (a),
2143 4596 2519 4668 apertissime
2542 4594 2684 4649 dicit
2706 4596 2890 4649 Deum
2919 4599 3132 4648 natura
3165 4590 3549 4657 invisibilem,

1897 4687 2145 4759 quando
2160 4684 2426 4756 patribus
2440 4681 3087 4752 visusest,sicutMoysi,
3104 4696 3243 4737 cum
3257 4696 3378 4752 quo
3398 4679 3551 4737 facie

1897 4777 1971 4832 ad
1988 4775 2195 4830 faciem
2214 4770 2765 4844 loquebatur,alicuj
2777 4787 2845 4825 us
2861 4768 3282 4841 conspicabilis
3298 4770 3551 4825 materias

1897 4863 2286 4934 dispositione
2310 4866 2641 4931 assumpta,
2676 4859 2844 4915 salva
2875 4875 2984 4915 sua
3008 4858 3417 4914 invisibilitate
3467 4858 3551 4913 vi-

1897 4954 2021 5009 deri
2056 4951 2336 5023 potuisse.
2367 4952 2483 5005 Hoc
2504 4954 2592 5004 est
2614 4949 2778 5021 quod
2803 4952 2982 5004 etiam
3014 4952 3215 5003 noster
3242 4946 3385 5001 dicit
3411 4947 3547 5000 Am-

1896 5042 2152 5103 brosius,
2168 5040 2466 5095 etPatrem
2486 5045 2541 5094 et
2562 5038 2770 5094 Filium
2793 5043 2849 5093 et
2880 5037 3163 5108 Spiritum
3183 5041 3455 5091 sanctum
3477 5050 3547 5089 ea

1895 5131 2089 5204 specie
2105 5130 2286 5185 videri
2300 5144 2485 5202 quam
2503 5128 2776 5184 voluntas
2790 5127 3182 5197 elegerit,non
3199 5131 3415 5180 natura
3432 5123 3547 5179 for-

1957 5288 2029 5347 (a)
2063 5286 2121 5334 In
2147 5282 2595 5347 omnibuslibris‘
2618 5281 2867 5347 habetur,
2903 5277 3194 5347 Orientalis.
3223 5275 3542 5347 Quanquam

1894 5339 2225 5400 eruditorum
2250 5345 2451 5409 judicio
2484 5342 2813 5409 probabilius
2839 5344 2919 5389 est
2940 5340 3239 5409 orationem
3265 5339 3429 5394 illam,
3466 5339 3543 5388 in-

1892 5417 1973 5462 ter
2006 5424 2169 5470 opera
2194 5402 2429 5471 Gregorii
2481 5402 2795 5473 Nazianeeni
2821 5402 3293 5473 quadragesimum
3322 5414 3542 5473 nonam,

1929 5489 2006 5522 uae
2038 5463 2119 5521 hic
2163 5463 2372 5525 citatﬁr,
2410 5482 2525 5518 esse
2552 5468 2700 5517 latini
2734 5463 3003 5525 scriptoris
3034 5463 3279 5521 ffortean
3323 5463 3543 5513 alterius

1937 5536 2129 5597 regorii
2174 5535 2227 5581 in
2275 5533 2530 5596 Hispaina
2560 5530 2796 5639 episcogi
2843 5527 3173 5583 Eliberitani,
3210 5527 3301 5591 qui
3336 5527 3544 5576 circiter

1937 5599 2129 5639 milium
2159 5596 2413 5639 smculum
2451 5596 2704 5639 (martum
2777 5590 2979 5639 orcbat.

1894 5590 2129 5648 medium
2159 5590 2413 5644 smculufn
2451 5590 2704 5656 quartum
2738 5590 2979 5640 ﬂorebat.
