4136 6172
511 149 616 204 627
1805 144 1863 200 S.
1892 142 2172 201 AUGUST

2326 142 2654 201 EPISCOPI
3160 144 3171 163 ’
3803 148 3896 205 628

511 273 761 330 maverit
782 274 877 345 (In
906 274 1044 329 Luc.
1062 287 1111 328 c.
1138 278 1176 337 1,
1204 271 1324 341 ll):
1352 273 1415 326 ut
1434 269 1652 326 etillud
1669 270 1980 337 verumsit,
2003 268 2171 341 quod

514 363 696 420 Deum
730 378 890 419 nemo
935 362 1079 417 vidit
1112 376 1376 431 unquam
1419 360 1611 431 (Joan.
1654 378 1691 429 1,
1750 360 1855 431 t8),
1889 375 2024 431 quae
2054 373 2170 413 vox

515 453 704 524 ipsius
740 451 970 506 Domini
994 450 1199 505 Christi
1225 455 1315 505 est
1340 469 1353 516 ;
1379 455 1454 515 et,
1482 451 1661 518 Quem
1683 464 1851 506 nemo
1871 448 2169 505 hominum

512 542 675 605 vidit,
704 555 809 595 nec
823 539 1014 595 videre
1025 544 1209 608 potest
1231 541 1273 611 (Ι
1305 540 1547 608 Timm,
1568 542 1675 610 16),
1698 555 1834 610 quae
1862 554 1970 592 vox
1988 537 2172 608 Apos-

515 631 634 696 toli,
664 630 785 683 imo
813 629 861 700 ej
877 644 943 683 us
968 644 1070 699 per
1087 628 1661 699 Apostolumtlhristt
1691 633 1817 693 est;
1851 626 2018 682 etilla
2050 641 2169 681 non

514 717 906 789 repudientur
939 717 1274 771 testimonia
1302 717 1742 787 Scripturarum
1768 715 1987 787 quibus
2020 718 2172 769 Deus

513 806 676 861 visus
710 821 839 860 esse
866 809 1159 869 narratur,
1194 805 1336 876 quia
1367 812 1422 859 et
1448 804 1767 859 invisibilis
1798 809 1883 857 est
1908 818 2011 875 per
2040 817 2173 873 pro-

515 896 711 967 prium
739 893 979 949 Deitatis
1012 898 1313 959 naturam,
1341 898 1399 948 et
1423 909 1561 948 cum
1595 893 1720 949 vult
1764 892 1952 947 videri
1982 896 2174 962 potest

515 1000 621 1056 per
652 988 1051 1053 assumptam,
1088 983 1240 1038 sicut
1271 983 1321 1037 ei
1366 983 1672 1054 placuerit,
1705 987 2063 1037 creaturam.

593 1073 813 1127 CAPUT
837 1072 925 1126 Ill.
955 1103 1021 1111 —
1044 1073 1134 1128 ll.
1163 1075 1340 1127 Porro
1374 1071 1420 1125 si
1451 1077 1676 1127 naturas
1703 1070 1894 1142 ipsius
1921 1074 2008 1125 est
2028 1068 2172 1124 invi-

519 1161 769 1216 sibilitas
802 1161 956 1215 sicut
977 1159 1527 1231 incorruptibilitas.
1557 1176 1680 1214 non
1711 1158 2034 1215 mutabitur
2064 1157 2174 1212 uti-

514 1266 632 1323 que
664 1250 722 1304 in
756 1249 955 1305 futuro
1007 1249 1227 1304 saeculo
1272 1249 1376 1305 illa
1421 1254 1659 1315 natura,
1691 1255 1753 1304 ut
1779 1248 1853 1304 de
1886 1247 2171 1303 invisibili

516 1338 769 1395 visibilis
803 1339 906 1394 fiat
939 1354 952 1403 ;
981 1339 1125 1410 quia
1156 1354 1351 1410 neque
1387 1339 1603 1411 poterit
1632 1340 1707 1393 de
1739 1337 2169 1408 incorruptibili

517 1427 918 1499 corruptibilis
950 1426 1073 1481 ﬁeri
1107 1444 1117 1482 :
1158 1428 1336 1482 simul
1363 1428 1522 1482 enim
1571 1432 1628 1482 et
1659 1426 2171 1482 incommutabilis

517 1522 627 1571 est.
661 1519 723 1571 Et
751 1519 954 1587 utique
989 1522 1264 1571 naturam
1296 1516 1426 1586 ejus
1455 1515 1899 1571 commendavit
1924 1519 2173 1585 Aposto-

517 1605 633 1670 lus,
660 1620 795 1659 cum
830 1604 950 1659 duo
981 1604 1094 1660 ista
1121 1604 1298 1659 simul
1329 1612 1598 1674 poneret,
1624 1604 1827 1659 dicens
1859 1619 1870 1657 :
1899 1603 2037 1673 Regi
2066 1618 2171 1658 au-

519 1700 633 1749 tem
676 1694 1027 1748 saeculorum
1058 1692 1360 1757 invisibili,
1397 1693 1864 1762 incorruptibili,
1897 1692 2005 1746 soli
2054 1693 2169 1746 Deo

518 1784 711 1839 honor
738 1788 787 1837 et
818 1782 1009 1853 gloria
1043 1784 1102 1837 in
1119 1784 1695 1839 szeculasaeculorum
1732 1782 1773 1853 (Ι
1810 1783 1953 1837 Tim.
1989 1798 2023 1846 1,
2062 1780 2166 1851 t7).

519 1872 684 1927 Unde
714 1887 836 1927 non
865 1871 1061 1927 audeo
1081 1887 1193 1940 ego
1219 1871 1299 1927 ita
1318 1872 1702 1943 distinguere,
1726 1875 1786 1926 ut
1816 1869 2016 1925 dicam
2047 1869 2170 1923 :In-

516 1959 885 2031 corruptibili
917 1959 1161 2030 quidem
1205 1961 1262 2014 in
1296 1960 1514 2015 saecula
1545 1966 1941 2029 saeculorum;
1975 1957 2171 2012 invisi-

513 2047 617 2102 bili
648 2053 848 2102 autem
879 2063 1003 2103 non
1029 2047 1091 2102 in
1122 2048 1341 2105 saecula
1370 2047 1750 2112 saeculorum,
1786 2047 1892 2102 sed
1934 2051 2168 2102 tantum

513 2136 574 2191 in
596 2136 710 2191 hoc
732 2137 971 2191 saeculo.
995 2138 1209 2191 Verum
1230 2138 1373 2208 quia
1390 2152 1499 2191 nec
1525 2137 1636 2192 ista
1659 2135 1998 2192 testimonia
2018 2134 2169 2189 falsa

513 2240 648 2280 esse
680 2231 957 2296 possunt,
993 2226 1166 2281 Beati
1195 2226 1412 2282 mundo
1461 2226 1639 2282 corde
1668 2242 1685 2280 :
1734 2224 2011 2297 quoniam
2055 2222 2171 2291 ipsi

514 2316 694 2371 Deum
721 2315 992 2371 videbunt
1034 2332 1051 2380 ;
1083 2321 1158 2380 et,
1190 2315 1419 2371 Scimus
1442 2315 1581 2386 quia
1612 2330 1745 2370 cum
1788 2314 2166 2383 apparuerit,

509 2402 728 2459 similes
757 2403 809 2459 ei
835 2404 1096 2468 erimus;
1124 2406 1409 2474 quoniam
1453 2403 1778 2459 videbimus
1815 2418 1946 2457 eum
1992 2402 2171 2456 sicuti

514 2498 595 2548 est
629 2492 866 2561 (lJoan.
894 2508 976 2555 ιιι,
1010 2491 1063 2562 '2)
1092 2508 1102 2539 :
1133 2507 1351 2563 negare
1375 2507 1492 2546 non
1519 2507 1841 2563 possumus
1876 2490 2029 2545 ﬁlios
2072 2489 2169 2544 Dei

514 2580 746 2634 visuros
780 2582 984 2643 Deum,
1020 2580 1125 2633 sed
1154 2580 1306 2634 sicut
1337 2580 1608 2634 videntur
1638 2578 1982 2645 invisibilia,
2015 2577 2170 2633 sicut

516 2668 781 2737 seipsum
829 2673 1205 2722 ostensurum
1242 2667 1629 2738 promittebat
1672 2668 1777 2740 qui
1818 2666 2165 2723 hominibus

515 2755 1112 2826 apparebatincarue
1147 2756 1940 2828 visibilis,quandodicebat,
1969 2758 2030 2811 Et
2062 2771 2167 2825 ego

514 2844 751 2914 diligam
783 2860 932 2910 eum,
964 2852 1016 2901 et
1058 2845 1356 2900 ostendam
1381 2845 1666 2914 meipsum
1696 2846 1793 2900 illi
1819 2846 2014 2915 (Joan.
2047 2861 2165 2910 xw,

514 2936 627 3003 21),
651 2948 788 2988 cum
816 2938 951 2988 ante
981 2933 1188 2989 oculos
1228 2934 1542 2989 hominum
1576 2934 1938 3007 conspicuus
1968 2934 2171 3006 loque-

513 3026 693 3076 retur.
736 3022 900 3077 Unde
931 3027 1131 3078 autem
1160 3022 1484 3079 invisibilia
1512 3024 1804 3087 videntur,
1841 3023 1955 3078 nisi
1982 3023 2171 3079 oculis

514 3110 711 3165 cordis
736 3110 763 3165 ‘i
784 3110 857 3165 de
875 3112 1091 3182 quibus
1116 3112 1296 3181 paulo
1315 3117 1454 3167 ante
1481 3111 1756 3183 dixiquid
1773 3112 2170 3184 Hieronymus

515 3199 764 3254 senserit
794 3200 870 3254 ad
900 3199 1232 3255 videndum
1261 3200 1474 3255 Deum.

587 3290 673 3342 12.
702 3288 841 3343 Hinc
866 3290 1152 3344 estetiam
1183 3289 1347 3360 quod
1373 3293 1741 3344 memoratus
1770 3289 2174 3345 Mediolanen-

520 3376 603 3432 sis
632 3377 955 3448 episcopus
980 3379 1037 3431 in
1063 3378 1197 3448 ipsa
1228 3376 1659 3433 resurrectione
1689 3378 1971 3433 dixitnon
2004 3378 2173 3434 facile

518 3480 653 3519 esse
682 3464 877 3519 videre
913 3468 1119 3532 Deum,
1152 3466 1263 3520 nisi
1294 3465 1365 3519 iis
1400 3466 1505 3537 qui
1536 3466 1769 3521 mundo
1804 3466 1980 3521 corde
2012 3467 2127 3523 sint
2157 3483 2172 3533 ;

516 3558 573 3607 et
622 3552 756 3607 ideo
788 3553 1073 3623 scriptum
1115 3569 1243 3608 esse
1277 3571 1288 3609 :
1326 3555 1498 3610 Beati
1536 3556 1752 3609 mundo
1783 3556 1978 3621 corde,
2027 3571 2169 3626 quo-

516 3643 678 3696 niam
711 3642 825 3709 ipsi
854 3644 1032 3698 Deum
1067 3643 1371 3700 videbunt.
1409 3644 1672 3709 Quantos
1705 3644 1922 3709 beatos,
1955 3644 2168 3717 inquit,

510 3731 645 3799 jam
676 3739 1116 3803 numeraverat,
1152 3738 1204 3788 et
1247 3739 1437 3789 tamen
1462 3733 1540 3789 eis
1575 3734 1817 3790 videndi
1847 3735 2029 3789 Deum
2056 3751 2170 3790 non

519 3820 873 3889 promiserat
895 3822 1251 3888 facultatem
1292 3823 1310 3875 l
1346 3822 1566 3878 Deinde
1597 3823 1692 3893 adj
1706 3824 1871 3893 ungit
1902 3830 1956 3877 et
1980 3823 2121 3879 dicit
2153 3844 2172 3879 .-

518 3908 589 3965 Si
615 3924 754 3978 ergo
783 3909 826 3963 ii
855 3910 958 3981 qui
979 3911 1201 3966 mundo
1240 3917 1379 3966 sunt
1410 3914 1602 3979 corde,
1646 3913 1831 3968 Deum
1865 3913 2169 3979 videbunt,

521 3997 725 4067 utique
753 3998 864 4053 alii
889 4014 1009 4053 non
1041 3999 1340 4054 videbunt.
1385 4002 1448 4054 Et
1480 4017 1552 4056 ne
1594 4000 1741 4056 alios
1772 4000 1903 4055 illos
1945 4002 2175 4073 accipe-

521 4102 744 4152 remus,
760 4088 833 4141 de
850 4088 1069 4158 quibus
1090 4088 1316 4144 dictum
1335 4095 1443 4153 est,
1475 4092 1973 4159 Beatipauperes,
1997 4093 2177 4148 Beati

524 4174 708 4241 mites,
752 4177 1039 4230 continuo
1088 4176 1395 4245 subjunxit
1443 4196 1459 4232 :
1499 4180 1699 4249 Neque
1744 4180 1895 4235 enim
1944 4181 2177 4250 indigni

524 4264 713 4319 Deum
743 4264 1033 4319 ridebunt.
1073 4265 1357 4333 lndignos
1385 4268 1588 4338 utique
1615 4268 1745 4323 illos
1777 4269 1981 4323 volens
2014 4270 2178 4325 intel-

523 4351 768 4424 ligi,qui
786 4352 1273 4425 licetresurgant,
1305 4358 1486 4411 Deum
1510 4356 1703 4412 videre
1731 4372 1849 4412 non
1867 4364 2174 4428 poterunt;

526 4441 813 4513 quoniam
827 4442 903 4497 ad
916 4442 1359 4499 damnationem
1378 4450 1705 4513 resurgant,
1720 4446 1863 4517 quia
1877 4463 1982 4517 per
1996 4447 2176 4504 ﬁdem

527 4545 732 4585 veram
760 4546 894 4602 qum
909 4547 1013 4602 per
1028 4532 1406 4588 dilectionem
1422 4538 1739 4606 operature
1759 4537 1960 4605 (Galat
1974 4579 1987 4591 .
2028 4553 2079 4600 v,
2098 4538 2171 4608 6),

529 4634 631 4673 cor
659 4620 953 4675 mundare
984 4622 1321 4677 noluerunt.
1356 4625 1421 4677 Et
1450 4623 1585 4678 ideo
1613 4624 1881 4696 sequitur
1901 4631 1957 4680 et
1988 4625 2131 4681 dicit
2161 4645 2173 4684 :

528 4708 732 4778 Neque
748 4708 797 4763 is
819 4710 923 4779 qui
952 4712 1135 4765 Deum
1164 4712 1360 4767 videre
1380 4713 1655 4783 noluerit,
1671 4720 1859 4781 potest
1891 4715 2076 4770 Deum
2097 4715 2181 4770 vi-

528 4797 685 4852 dere.
718 4797 935 4852 Deinde
961 4799 1103 4869 quia
1124 4800 1476 4856 occurrebat
1502 4803 1681 4857 etiam
1717 4802 1936 4873 impios
1968 4819 2179 4859 omnes

530 4884 674 4941 velle
707 4885 903 4941 videre
937 4888 1141 4952 Deum,
1177 4888 1374 4944 statim
1418 4894 1479 4944 ut
1508 4890 1844 4945 ostenderet
1875 4907 2063 4963 quare
2094 4892 2179 4947 di-

532 4974 696 5044 xerit,
744 4974 843 5045 qui
870 4974 1053 5031 Deum
1097 4977 1299 5033 videre
1343 4980 1623 5046 noluerit,
1666 4981 1809 5051 quia
1852 4980 2051 5051 utique
2082 4980 2180 5036 illo

532 5064 716 5121 modo
730 5079 852 5119 non
882 5064 1202 5121 vultDeum
1220 5067 1418 5122 videre
1441 5068 1686 5138 impius,
1717 5069 1860 5140 quia
1884 5085 1984 5124 cor
2012 5086 2183 5125 mun-

533 5153 677 5209 dare
711 5168 832 5209 non
866 5154 1010 5220 vult,
1044 5171 1164 5226 quo
1208 5155 1302 5210 ille
1342 5156 1523 5211 videri
1557 5158 1785 5226 poterit,
1816 5163 2049 5213 secutus
2081 5158 2178 5214 ad-

532 5242 728 5314 junxit
750 5242 898 5298 etait
927 5258 937 5297 :
972 5244 1092 5300 Nec
1119 5244 1182 5298 in
1216 5246 1341 5300 loco
1368 5246 1523 5300 Deus
1551 5245 1805 5311 videtur,
1838 5247 1940 5302 sed
1967 5248 2183 5303 mundo

536 5332 707 5388 corde
730 5348 749 5395 ;
779 5347 885 5389 nec
908 5334 1317 5402 corporalibus
1331 5334 1517 5390 oculis
1548 5335 1703 5390 Deus
1732 5336 2043 5407 quaeritur,
2080 5352 2183 5393 nec

537 5420 1049 5476 circumscribitur
1062 5421 1183 5478 visu
1204 5430 1489 5489 nec,tactu
1517 5428 1770 5489 tenetur,
1803 5440 1909 5480 nec
1934 5426 2184 5481 auditur

540 5508 751 5577 aifatu,
784 5525 890 5565 nec
910 5511 1162 5567 sentitur
1186 5513 1415 5570 incessu
1438 5513 1530 5583 (In
1566 5514 1707 5568 Luc.
1748 5528 1796 5568 c.
1834 5532 1871 5579 1,
1910 5513 2013 5585 11).
2045 5514 2181 5580 Qui-

540 5594 652 5651 bus
682 5596 874 5651 verbis
890 5598 1102 5656 beatiis
1125 5601 1472 5658 Ambrosius
1493 5601 1669 5658 voluit
1688 5602 1761 5659 ad
1774 5617 2013 5659 monere
2037 5602 2177 5677 quid

2279 268 2541 325 debeant
2568 267 2847 325 homines
2876 282 3217 341 praeparare
3243 267 3347 339 qui
3387 266 3590 325 volunt
3622 270 3789 327 Deum
3821 272 3893 329 vi-

2281 359 2420 413 dere
2457 374 2470 424 ;
2502 359 2617 413 hoc
2647 364 2752 424 est,
2782 372 2885 412 cor
2925 356 3218 413 mundare
3236 371 3341 428 per
3365 355 3536 412 ﬁdem
3569 373 3697 429 quae
3720 361 3895 429 perdi-

2280 447 2591 502 lectionem
2623 451 2925 519 operatur,
2957 446 3119 501 dono
3143 446 3391 516 Spiritus
3416 445 3623 511 sancti,
3651 447 3796 502 unde
3821 449 3896 520 pi-

2282 552 2437 607 gnus
2492 536 2860 607 accepimus,
2905 550 3027 606 quo
3059 534 3219 590 illam
3260 533 3552 590 visionem
3593 534 3896 593 desiderare

2280 625 2625 681 noverimus
2652 625 2721 693 (ll
2756 627 2890 681 Cor.
2922 641 2973 690 v,
3010 623 3151 695 4-8).

2352 714 2575 770 CAPUT
2604 715 2693 770 IV.
2727 745 2793 755 -—
2818 715 2902 770 13.
2930 716 3076 769 Nam
3108 713 3182 768 de
3217 711 3501 768 membris
3530 712 3651 778 Dei,
3671 728 3793 785 quae
3820 730 3901 770 as-

2282 802 2452 857 sidue
2465 803 2767 874 Scriptura
2798 805 3254 867 commemorat,
3280 816 3354 856 ne
3375 802 3691 873 quisquam
3720 817 3899 857 secun-

2281 892 2427 946 dum
2446 892 2648 947 carnis
2672 892 2856 962 hujus
2876 890 3137 949 formam
3155 896 3211 946 et
3236 890 3494 959 ﬁguram
3523 905 3630 944 nos
3648 906 3771 945 esse
3799 906 3901 947 cre-

2281 982 2445 1036 deret
2476 981 2699 1036 similes
2742 984 2879 1050 Deo,
2925 986 3247 1052 propterea
3289 978 3501 1034 eadem
3547 979 3831 1050 Scriptura
3855 985 3902 1036 et

2282 1069 2411 1125 alas
2460 1070 2682 1125 habere
2734 1071 2917 1124 Deum
2949 1068 3099 1124 dixit
3124 1068 3318 1139 (Psal.
3370 1082 3490 1134 xv1,
3531 1067 3606 1138 8),
3638 1083 3782 1138 quas
3810 1083 3901 1123 nos

2285 1160 2485 1231 utique
2504 1174 2624 1213 non
2652 1158 2969 1213 habemus.
2988 1158 3146 1214 Sicut
3167 1173 3309 1227 ergo
3329 1156 3601 1212 alascum
3630 1156 3899 1223 audimus,

2281 1248 2710 1320 protectionem
2765 1246 3197 1315 intelligimus:
3255 1245 3339 1300 sic
3378 1248 3437 1299 et
3465 1260 3603 1300 cum
3655 1244 3904 1300 audimus

2282 1351 2520 1401 manus,
2554 1335 2963 1407 operationem
2995 1334 3321 1403 intelligere
3347 1333 3640 1389 debemus
3674 1338 3763 1397 ;et
3787 1349 3903 1388 cum

2282 1425 2593 1490 audimus;
2612 1424 2818 1496 pedes,
2835 1423 3360 1495 prmsentationem
3388 1440 3403 1491 ;
3423 1428 3630 1478 etcum
3659 1421 3904 1477 audimus

2281 1513 2491 1569 oculos
2532 1513 2824 1569 visionem
2871 1528 2993 1585 qua
3023 1511 3325 1583 cognoscit
3360 1530 3372 1579 ;
3407 1516 3466 1567 et
3498 1526 3631 1566 cum
3652 1510 3903 1566 audimus

2282 1602 2517 1667 faciem,
2547 1601 2821 1657 notitiam
2836 1617 2957 1673 qua
2983 1600 3326 1666 innotescit;
3345 1601 3464 1656 etsi
3490 1598 3637 1671 quid
3666 1599 3813 1654 aliud
3828 1613 3906 1655 ea-

2281 1692 2420 1747 dem
2449 1692 2754 1762 Scriptura
2780 1691 2893 1745 tale
2917 1694 3373 1754 commemorat,
3390 1695 3539 1760 puto
3562 1688 3906 1761 spiritualiter

2279 1779 2752 1849 intelligendum.
2769 1778 3096 1850 Nequehoc
3109 1793 3222 1848 ego
3246 1783 3501 1842 tantum,
3517 1782 3737 1847 autego
3749 1777 3903 1847 prior,

2281 1869 2385 1924 sed
2408 1884 2619 1924 omnes
2643 1868 2743 1939 qui
2768 1866 3198 1939 qualicumque
3220 1865 3521 1939 spirituali
3552 1864 3905 1936 intelligentia

2282 1958 2558 2013 resistunt
2586 1958 2670 2011 eis
2705 1957 2807 2029 qui
2835 1956 2913 2011 ob
2939 1957 3053 2011 hoc
3071 1953 3705 2027 Anthropomorphitaa
3746 1953 3905 2009 nomi-

2282 2052 2520 2103 nantur.
2549 2048 2627 2101 Ex
2645 2061 2905 2117 quorum
2923 2044 3130 2099 litteris
3158 2061 3230 2099 ne
3246 2044 3442 2101 multa
3464 2056 3902 2100 commemoran-

2281 2136 2360 2192 do
2379 2135 2638 2206 majores
2669 2150 2871 2189 moras
2902 2134 3139 2199 faciam,
3156 2134 3269 2189 hoc
3288 2150 3483 2189 unum
3504 2132 3687 2189 sancti
3702 2132 3905 2188 Hieron-

2279 2225 2407 2299 ymi
2428 2225 2761 2295 interpono,
2797 2223 3101 2278 utnoverit
3128 2222 3239 2277 iste
3267 2222 3475 2289 frater,
3503 2237 3623 2278 non
3650 2237 3707 2277 se
3728 2220 3793 2277 de
3813 2220 3904 2276 hac

2283 2331 2343 2370 re
2371 2329 2464 2369 me
2486 2329 2622 2367 cum
2658 2312 2850 2381 magis
2881 2328 3067 2383 quam
3084 2328 3223 2367 cum
3246 2311 3561 2383 prioribus
3577 2327 3743 2383 agere
3762 2309 3904 2366 debe-

2281 2402 2422 2470 re,si
2454 2401 2598 2474 quid
2632 2416 2770 2456 eum
2802 2406 3012 2456 contra
3046 2405 3367 2471 permovet.

2350 2493 2439 2547 14.
2469 2492 2614 2546 Cum
2646 2504 2788 2559 ergo
2836 2489 2932 2544 ille
2958 2490 3048 2544 vir
3083 2490 3144 2545 in
3179 2489 3508 2562 Scripturis
3540 2489 3903 2550 doctissimus,

2278 2580 2581 2653 psalmum
2606 2584 2929 2649 exponeret
2951 2578 3051 2633 ubi
3075 2578 3300 2634 dictum
3331 2584 3445 2651 est,
3473 2577 3900 2649 Intelligiteergo

2277 2670 2383 2741 qui
2407 2668 2752 2736 insipientes
2782 2668 2913 2723 estis
2961 2667 3019 2721 in
3049 2667 3289 2736 populo,
3329 2674 3384 2723 et
3418 2667 3583 2723 stulti
3613 2665 3900 2739 aliquando

2278 2758 2485 2826 sapite.
2523 2758 2638 2824 Qui
2662 2756 2961 2822 plantavit
3001 2771 3231 2824 aurem,
3264 2772 3391 2812 non
3425 2756 3627 2813 audiet
3656 2755 3795 2811 ?aut
3821 2752 3902 2825 qui

2274 2847 2453 2916 ﬁnxit
2482 2847 2745 2908 oculum,
2781 2861 2900 2901 non
2944 2845 3282 2902 considerat
3317 2844 3345 2907 ‘i
3383 2846 3534 2901 inter
3563 2850 3778 2914 caetera,
3807 2842 3901 2897 Iste

2281 2937 2463 3000 locus,
2500 2934 2710 3007 inquit,
2743 2934 3025 2990 adversus
3056 2950 3149 2990 eos
3180 2934 3445 2991 maxime
3469 2935 3640 3004 facit,
3683 2932 3777 3004 qui
3803 2933 3897 2985 An-

2280 3023 3090 3095 thropomorphitaesuntgui
3101 3024 3309 3079 dicunt
3336 3024 3522 3080 Deum
3540 3022 3897 3079 haberemem-
3942 3040 3952 3059 -

2282 3115 2389 3171 bra
2418 3129 2549 3186 qua:
2577 3114 2757 3168 etiam
2793 3128 2899 3169 nos
2932 3112 3235 3170 habemus.
3275 3113 3452 3170 Verbi
3489 3128 3684 3176 causa,
3708 3110 3895 3166 dicitur

2282 3206 2434 3260 Deus
2476 3202 2684 3259 habere
2714 3203 2936 3266 oculos,
2970 3201 3112 3273 quia
3145 3202 3307 3258 oculi
3336 3202 3587 3259 Domini
3615 3198 3894 3270 respiciunt

2280 3292 2481 3348 omnia
2506 3309 2525 3356 ;
2553 3307 2761 3346 manus
2778 3291 3014 3346 Domini
3034 3290 3180 3360 facit
3206 3292 3414 3347 omnia
3441 3312 3455 3347 :
3480 3311 3510 3343 «
3538 3291 3616 3346 Et
3633 3286 3849 3348 audivit,
3873 3304 3890 3333 ι

2278 3382 2492 3453 inquit,
2527 3400 2555 3432 «
2584 3381 2783 3437 Adam
2803 3396 3005 3436 sonum
3034 3380 3252 3448 pedum
3286 3381 3527 3437 Domini
3556 3376 3893 3436 deambulan-

2280 3471 2352 3526 tis
2392 3471 2452 3526 in
2484 3470 2764 3539 paradiso
2796 3490 2819 3520 υ
2856 3470 3021 3541 (Gen.
3058 3485 3136 3532 ιιι.
3167 3470 3224 3539 8)
3259 3486 3271 3523 :
3302 3469 3430 3525 hac
3461 3468 3790 3539 simpliciter
3814 3478 3897 3520 au-

2280 3560 2471 3621 diunt,
2503 3566 2555 3615 et
2578 3559 2873 3614 humanas
2887 3560 2962 3613 im
2974 3558 3321 3614 becillitates
3334 3559 3420 3614 ad
3438 3554 3895 3628 Deimagniﬁcen-

2281 3648 2425 3704 tiam
2484 3649 2772 3715 referunt.
2832 3647 2961 3717 Ego
2993 3652 3191 3703 autem
3247 3646 3383 3702 dico
3410 3646 3563 3717 quod
3603 3647 3743 3701 Deus
3772 3646 3895 3697 totus

2281 3738 2483 3792 oculus
2511 3743 2610 3800 est,
2646 3742 2801 3791 totus
2816 3750 3028 3791 manus
3047 3741 3153 3801 est,
3190 3741 3347 3791 totus
3376 3752 3481 3805 pes
3495 3740 3597 3793 est.
3621 3735 3899 3790 Totusocu-

2284 3829 2375 3883 lus
2414 3833 2519 3891 est,
2563 3827 2700 3896 quia
2737 3825 2932 3879 omnia
2977 3825 3152 3880 videt.
3195 3826 3373 3880 Totus
3408 3840 3622 3881 manus
3663 3828 3758 3887 est,
3792 3816 3897 3890 quia

2281 3918 2481 3972 omnia
2526 3917 2829 3983 operatur.
2878 3915 3058 3969 Totus
3106 3929 3208 3982 pes
3256 3918 3365 3978 est,
3407 3915 3552 3986 quia
3584 3913 3781 3983 ubique
3805 3911 3892 3964 est.

2280 4006 2443 4075 Ergo
2466 4004 2656 4059 videte
2681 4003 2826 4073 quid
2852 4002 3023 4058 dicat.
3044 4024 3069 4051 ‹‹
3101 4003 3213 4070 Qui
3242 4004 3457 4072 planta
3470 4006 3550 4059 vit
3572 4016 3783 4063 aurem,
3803 4008 3899 4051 non

2283 4091 2526 4150 audiet?
2560 4096 2663 4148 aut
2689 4093 2787 4161 qui
2814 4092 3228 4170 ﬁnwitoculos,
3256 4107 3370 4146 non
3407 4090 3730 4147 considerat
3760 4082 3900 4141 ῩιΕε

2284 4198 2403 4238 ηοη
2433 4182 2614 4253 dixit,
2655 4181 2768 4248 Qui
2794 4181 3097 4249 plantavit
3132 4196 3361 4249 aurem,
3416 4197 3555 4251 ergo
3579 4182 3697 4249 ipse
3724 4188 3896 4233 aurem

2284 4288 2399 4326 non
2432 4270 2604 4326 habet
2636 4292 2656 4339 ;
2685 4286 2797 4325 non
2827 4270 3005 4334 dixit,
3037 4271 3197 4340 Ergo
3223 4271 3348 4339 ipse
3378 4271 3575 4326 oculos
3588 4284 3697 4324 non
3719 4262 3901 4321 habet:

2284 4360 2381 4416 sed
2411 4360 2554 4431 quid
2594 4359 2751 4415 dixit
2777 4358 2803 4413 ?
2834 4378 2861 4409 (ι
2906 4358 3015 4424 Qui
3048 4359 3354 4427 plantavit
3403 4374 3627 4421 aurem,
3674 4370 3781 4411 non
3821 4365 3902 4404 au-

2286 4448 2399 4505 diet
2430 4448 2458 4503 ‘t
2487 4449 2589 4520 qui
2615 4448 2793 4515 ﬁnxit
2816 4450 3038 4510 oculos,
3064 4464 3185 4503 non
3218 4448 3555 4504 considerat
3588 4448 3655 4503 ?»
3684 4438 3901 4499 membra

2290 4539 2444 4603 tulit,
2478 4538 2819 4606 efﬁcientias
2851 4536 3005 4593 dedit
3040 4537 3133 4609 (In
3162 4538 3327 4593 Psal.
3360 4552 3525 4605 xcm,
3557 4535 3608 4601 8,
3642 4536 3713 4604 9).

2364 4631 2446 4680 15.
2481 4627 2614 4681 llaec
2644 4626 2849 4681 omnia
2869 4625 2942 4680 de
2964 4626 3170 4680 litteris
3196 4641 3404 4682 eorum
3434 4632 3491 4682 et
3522 4623 3836 4680 Latinorum
3855 4618 3898 4668 et

2291 4717 2649 4780 Graecorum,
2683 4714 2784 4785 qui
2814 4714 3038 4785 priores
3066 4714 3240 4770 nobis
3271 4716 3328 4770 in
3361 4713 3653 4771 catholica
3682 4703 3901 4766 Ecclesia

2288 4805 2555 4859 viventes
2585 4802 2791 4858 divina
2814 4802 3053 4874 eloquia
3075 4808 3501 4866 tractaverunt,
3526 4802 3655 4857 ideo
3680 4806 3895 4854 comme-

2293 4892 2585 4947 moranda
2604 4892 2924 4947 arbitratus
2952 4908 3107 4955 sum,
3129 4894 3355 4947 utsciat
3376 4891 3490 4947 iste
3515 4890 3702 4953 frater,
3727 4877 3898 4953 siquid

2292 4980 2457 5037 aliter
2486 4996 2672 5052 quam
2703 4981 2793 5035 isti
2826 4981 3023 5047 sentit,
3044 4980 3321 5052 deposita
3351 4978 3737 5035 dissensionis
3759 4982 3900 5027 ama—

2291 5069 2571 5137 ritudine,
2595 5076 2650 5125 et
2674 5069 2947 5125 fraternae
2964 5070 3267 5126 charitatis
3288 5070 3576 5125 suavitate
3603 5066 3815 5121 servata
3832 5062 3899 5110 at-

2291 5175 2409 5230 que
2450 5159 2508 5213 in
2557 5158 2850 5231 integrum
2901 5158 3190 5226 restituta,
3226 5157 3490 5229 diligenti
3519 5162 3574 5213 et
3620 5144 3897 5221 tranquilla

2293 5247 2767 5304 consideratione
2794 5248 3183 5319 quterendum
3216 5248 3304 5303 vel
3336 5244 3681 5302 discendum
3706 5237 3783 5293 vel
3806 5233 3896 5288 do-

2292 5337 2572 5392 cendum.
2601 5339 2802 5409 Neque
2832 5337 2991 5391 enim
3032 5336 3439 5408 quorumlibet
3484 5328 3891 5403 disputationes,

2292 5426 2571 5499 quamvis
2603 5425 3032 5481 catholicorum
3076 5432 3131 5481 et
3174 5426 3549 5481 laudatorum
3596 5415 3889 5475 hominum,

2292 5513 2452 5569 velut
2482 5515 2811 5585 Scripturas
2826 5514 3149 5570 canonicas
3166 5514 3383 5571 habere
3402 5512 3700 5574 debemus,
3728 5507 3780 5558 ut
3804 5512 3888 5553 no-

2292 5601 2384 5658 bis
2402 5618 2523 5659 non
2540 5603 2713 5659 liceat
2733 5602 2900 5661 salva
2929 5602 3373 5660 honoriﬁcentia
3402 5597 3660 5675 quasillis
3679 5590 3885 5647 debetur

4040 4678 4049 4731 ἐ

4042 4758 4047 4815 ὲ
