4098 6166
146 148 250 205 629

140 273 508 343 hominibus,
526 273 755 346 aliquid
778 275 837 331 in
855 290 1064 332 eorum
1087 276 1320 349 scriptis
1345 276 1686 349 improbare
1708 280 1789 333 at-

138 379 253 435 que
266 379 567 435 respuere,
587 364 632 418 si
660 362 808 421 forte
829 365 1235 421 invenerimus
1266 366 1431 438 quod
1462 367 1631 423 aliter
1661 382 1790 422 sen-

135 453 322 508 serint
349 468 535 525 quam
564 452 774 508 veritas
803 453 1005 519 habet,
1030 454 1233 510 divino
1259 455 1556 525 adjutorio
1590 456 1678 511 vel
1710 455 1787 511 ab

133 541 265 597 aliis
286 541 602 607 intellecta,
630 542 716 597 vel
744 559 780 599 a
802 543 998 598 nobis.
1031 544 1185 599 Talis
1200 560 1342 613 ergo
1362 561 1495 600 sum
1518 545 1577 600 in
1609 546 1791 616 scrip-

134 639 227 685 tus
257 630 519 686 aliorum
542 654 561 701 ,-
584 631 724 687 tales
755 632 887 687 volo
918 648 1049 688 esse
1079 633 1468 690 intellectores
1492 650 1786 690 meorum.

136 719 405 792 Denique
418 720 477 775 in
494 720 565 775 iis
580 720 861 777 omnibus
873 737 1009 793 qum
1035 721 1110 777 de
1126 722 1430 793 opusculis
1443 728 1789 778 sanctorum

130 812 316 880 atque
346 808 662 864 doctorum
698 811 1214 876 commemoravit,
1247 811 1566 877 Ambrosii,
1598 814 1788 867 Hiero-

129 896 323 969 nymi,
357 896 688 966 Athanasii,
724 899 1002 968 Gregorii,
1041 907 1098 955 et
1138 901 1186 955 si
1215 916 1336 972 qua
1363 902 1616 956 aliorum
1650 901 1790 958 talia

126 984 328 1055 legere
360 985 529 1057 potui
570 1002 702 1059 quas
745 1003 1223 1044 commemorare
1260 989 1504 1058 longum
1562 990 1786 1061 putavi,

132 1077 324 1131 Deum
360 1090 480 1130 non
529 1090 664 1131 esse
695 1091 933 1147 corpus,
988 1092 1097 1132 nec
1138 1077 1343 1133 formas
1373 1078 1656 1133 humanae
1688 1078 1791 1134 ha-

127 1163 272 1218 bere
314 1163 612 1231 membra,
648 1180 756 1220 nec
808 1181 948 1221 eum
985 1181 1121 1221 esse
1159 1182 1264 1238 per
1292 1166 1561 1222 locorum
1596 1168 1789 1237 spatia

124 1251 517 1317 divisibilem,
561 1258 616 1309 et
657 1270 786 1309 esse
831 1260 1045 1310 natura
1088 1255 1654 1311 incommutabiliter
1704 1256 1789 1311 in-

126 1340 453 1406 visibilem,
484 1357 593 1397 nec
624 1358 729 1413 per
760 1344 1039 1399 eamdem
1087 1350 1366 1399 naturam
1405 1350 1583 1417 atque
1618 1345 1788 1400 subs-

125 1429 411 1496 tantiam,
450 1431 555 1486 sed
576 1436 886 1503 assumpta
931 1432 1147 1489 visibili
1171 1434 1365 1503 specie
1409 1434 1560 1490 sicut
1600 1434 1789 1490 voluit

127 1519 495 1591 apparuisse
526 1520 595 1575 iis
641 1520 859 1592 quibus
890 1523 1184 1593 apparuit,
1228 1523 1475 1594 quando
1523 1538 1627 1595 per
1657 1539 1789 1579 cor-

124 1608 289 1680 poris
320 1607 534 1664 oculos
554 1609 613 1664 in
643 1609 957 1681 Scripturis
981 1611 1205 1666 sanctis
1232 1612 1398 1666 visus
1426 1627 1557 1667 esse
1586 1628 1789 1669 narra-

129 1702 235 1761 tur,
266 1697 332 1752 in
358 1697 660 1768 adjutorio
683 1699 1788 1774 Dominiinconcussecredo,etquan-

126 1791 252 1842 tum
283 1789 416 1858 ipse
443 1786 933 1859 donatintelligo.

190 1876 429 1932 CAPUT
446 1876 514 1932 V.
533 1906 600 1917 —
617 1878 699 1931 16.
723 1879 798 1931 De
811 1877 1099 1948 spirituali
1116 1882 1317 1934 autem
1336 1894 1605 1951 corpore,
1622 1880 1786 1951 quod

126 1964 184 2020 in
213 1964 657 2020 resurrectione
698 1965 1085 2033 habebimus,
1127 1973 1417 2039 quantam
1469 1969 1664 2039 capiat
1726 1970 1785 2025 in

126 2054 347 2109 melius
360 2056 890 2110 commutationem
910 2072 920 2111 :
940 2061 1137 2111 utrum
1151 2057 1207 2111 in
1226 2056 1663 2129 simplicitatem
1679 2061 1786 2130 spi-

125 2143 268 2198 ritus
295 2143 494 2206 cedat,
512 2146 575 2198 ut
596 2148 752 2199 totus
779 2144 962 2200 homo
981 2147 1105 2215 jam
1124 2146 1364 2216 spiritus
1382 2146 1453 2201 sit
1479 2162 1492 2211 ;
1520 2162 1597 2202 an
1620 2148 1783 2218 quod

125 2232 323 2300 magis
340 2237 507 2303 puto,
537 2232 639 2288 sed
658 2232 930 2288 nondum
946 2233 1121 2305 plena
1134 2233 1355 2290 fiducia
1376 2235 1687 2300 confirmo,
1705 2236 1787 2293 ita

124 2320 393 2375 futurum
416 2322 494 2376 sit
513 2321 813 2391 spirituale
830 2337 1068 2393 corpus,
1092 2328 1150 2378 ut
1170 2322 1782 2394 propterineﬂabilem

122 2410 447 2481 quamdam
460 2409 800 2466 facilitatem
814 2411 1110 2482 spirituale
1123 2411 1579 2479 dicatur,servet
1595 2417 1781 2469 tamen

123 2499 534 2555 substantiam
561 2500 956 2571 corporalem,
984 2517 1121 2572 quas
1146 2517 1253 2573 per
1285 2501 1552 2572 seipsam
1584 2502 1783 2558 vivere

125 2605 193 2645 ac
220 2590 451 2645 sentire
489 2605 605 2644 non
637 2591 840 2660 possit,
869 2590 975 2645 sed
1005 2606 1105 2661 per
1133 2591 1300 2646 illum
1331 2591 1433 2662 qui
1484 2606 1556 2646 ea
1600 2591 1783 2647 utitur

124 2680 410 2750 spiritum
434 2695 447 2745 ;
480 2694 677 2751 neque
706 2679 867 2735 enim
896 2684 951 2735 et
971 2695 1147 2742 nunc.
1172 2680 1316 2752 quia
1338 2695 1553 2751 corpus
1570 2680 1783 2736 dicitur

122 2768 417 2831 animale,
446 2768 654 2825 eadem
689 2773 777 2824 est
807 2769 1018 2823 animae
1049 2774 1265 2823 natura
1295 2784 1432 2839 quas
1462 2770 1730 2839 corporis
1765 2785 1777 2824 :

123 2862 176 2912 et
194 2863 402 2913 utrum
417 2858 764 2930 sicorporis,
783 2858 1062 2929 quamvis
1080 2857 1204 2928 jam
1221 2857 1574 2913 immortalis
1600 2864 1782 2930 atque

121 2945 613 3017 incorruptibilis,
649 2951 864 3002 natura
923 2945 1279 3011 servabitur,
1336 2946 1582 3016 adjuvet
1638 2952 1782 3003 tunc

121 3034 358 3106 aliquid
389 3035 666 3106 spiritum
695 3035 772 3091 ad
800 3034 1125 3089 videndum
1158 3035 1290 3107 ipsa
1313 3034 1583 3103 visibilia,
1608 3035 1665 3090 id
1693 3040 1783 3090 est

122 3123 488 3195 corporalia,
521 3124 670 3179 sicut
700 3138 859 3179 nunc
884 3125 999 3179 tale
1025 3122 1252 3195 aliquid
1284 3123 1393 3178 nisi
1425 3140 1530 3195 per
1560 3140 1780 3195 corpus

119 3212 327 3268 videre
358 3227 480 3267 non
512 3227 953 3284 possumus;an
985 3228 1122 3268 vero
1153 3212 1333 3268 etiam
1365 3218 1502 3267 tunc
1521 3212 1649 3268 sine
1672 3228 1780 3267 or-

118 3316 283 3373 gano
297 3302 568 3372 corporis
582 3301 1028 3372 valeatspiritus
1043 3308 1242 3356 noster
1254 3316 1431 3356 nosse
1445 3300 1780 3371 corporalia

120 3391 517 3463 (nequeenim
536 3396 592 3447 et
613 3394 763 3447 Deus
777 3391 1033 3463 taliaper
1051 3406 1263 3445 sensus
1276 3390 1542 3462 corporis
1558 3391 1737 3462 novit)
1762 3409 1774 3459 ;

120 3484 175 3535 et
212 3480 413 3536 multa
438 3480 551 3535 alia
585 3496 719 3553 quas
752 3481 809 3534 in
849 3481 961 3535 hac
990 3480 1321 3551 quastione
1350 3495 1588 3534 movere
1640 3495 1778 3551 pos-

121 3575 287 3634 sunt,
316 3569 507 3625 fateor
526 3585 621 3625 me
639 3569 911 3625 nondum
945 3568 1161 3625 alicubi
1182 3568 1421 3638 legisse,
1442 3568 1609 3640 quod
1631 3569 1778 3624 mihi

121 3658 402 3714 sufﬁcere
439 3658 846 3714 existimarem
882 3658 1002 3714 sive
1035 3657 1111 3713 ad
1142 3657 1499 3713 discendum
1547 3657 1671 3713 sive
1702 3658 1778 3714 ad

119 3748 490 3804 docendum.

186 3842 283 3894 17.
316 3842 396 3892 Ac
428 3852 533 3908 per
560 3836 674 3892 hoc
708 3836 755 3892 si
787 3851 905 3891 non
937 3835 1209 3906 displicet
1240 3836 1377 3891 huic
1430 3835 1593 3890 fratri
1645 3851 1780 3891 mea

119 3926 581 3998 qualiscumque
613 3926 865 3989 cautela,
892 3926 1126 3980 interim
1154 3930 1397 3995 pr0pter
1434 3924 1597 3996 quod
1631 3925 1777 3980 scri-

121 4022 294 4086 ptum
315 4022 423 4080 est,
451 4016 735 4082 Quoniam
752 4015 1072 4071 videbimus
1095 4030 1224 4069 eum
1250 4014 1425 4069 sicuti
1443 4020 1524 4069 est
1546 4014 1772 4085 (lJoan.

122 4120 200 4167 iu,
237 4106 317 4174 2),
338 4108 637 4176 quantum
672 4119 1017 4175 possumus,
1053 4118 1155 4159 cor
1175 4102 1471 4157 mundum
1503 4103 1579 4157 ad
1613 4102 1774 4159 illam

119 4192 413 4248 visionem
448 4193 577 4263 ipso
608 4192 933 4264 adjuvante
956 4207 1387 4263 praeparemus.
1427 4194 1502 4246 De
1529 4207 1777 4263 corpore

120 4288 327 4338 autem
355 4280 645 4352 spirituali
662 4281 927 4353 pacatius
942 4280 1772 4351 etdiligentiusinquiramus,

121 4387 193 4427 ne
215 4370 367 4428 forte
399 4371 626 4443 aliquid
658 4375 882 4427 certum
916 4386 985 4425 ac
1016 4368 1338 4441 liquidum,
1380 4370 1429 4424 si
1461 4369 1632 4425 uobis
1663 4369 1777 4425 hoc

125 4461 261 4515 utile
290 4476 429 4515 esse
483 4460 664 4525 novit,
698 4459 1032 4515 secundum
1084 4458 1418 4529 Scripturas
1446 4475 1588 4513 suas
1622 4459 1776 4513 Deus

121 4551 399 4620 dignetur
428 4548 928 4605 demonstrare.Si
962 4546 1249 4603 enimhoc
1271 4549 1559 4603 invenerit
1589 4548 1777 4619 inqui-

121 4640 255 4694 sitio
285 4638 642 4709 diligentior,
674 4644 901 4693 tantam
929 4637 1193 4706 corporis
1216 4636 1474 4692 futuram
1500 4637 1777 4692 mutatio-

123 4743 283 4791 nem,
306 4725 1137 4798 utlpossit,videreinvisibilia;
1155 4740 1294 4795 non,
1314 4724 1619 4794 ut0pinor,
1645 4724 1773 4779 talis

123 4816 388 4887 potentia
402 4816 639 4886 coporis
667 4814 849 4870 menti
871 4814 1097 4870 auferet
1120 4815 1429 4878 visionem,
1452 4819 1511 4867 ut
1528 4813 1777 4867 exterior

124 4904 309 4960 homo
330 4904 527 4960 videre
557 4906 899 4960 Deumtunc
915 4904 1119 4974 possit,
1150 4918 1268 4958 non
1294 4902 1732 4974 possitinterior
1762 4919 1774 4957 :

124 4993 300 5065 quasi
329 4999 559 5049 tantum
591 4992 732 5049 foris
765 4992 841 5047 sit
872 4992 1019 5047 Deus
1048 4992 1124 5047 ad
1153 4992 1483 5055 hominem,
1539 4996 1595 5045 et
1624 4991 1778 5045 intus

123 5098 245 5139 non
277 5082 354 5138 sit
384 5083 444 5138 in
474 5083 738 5147 homine,
772 5098 910 5138 cum
942 5082 1311 5153 apertissime
1370 5083 1659 5150 scriptum
1705 5081 1779 5135 sit

126 5178 188 5227 ut
217 5172 295 5227 sit
320 5172 481 5227 Deus
506 5174 706 5228 omnia
726 5170 1128 5240 inomnibus(l
1158 5171 1290 5225 Cor.
1314 5168 1543 5240 xv,28);
1574 5174 1677 5223 aut
1698 5170 1779 5225 ita

125 5261 196 5317 sit
228 5261 390 5316 intus
416 5260 509 5315 ille
538 5260 642 5333 qui
670 5260 795 5314 sine
822 5259 955 5313 ullis
988 5259 1257 5314 locorum
1292 5259 1499 5329 spatiis
1554 5257 1777 5329 ubique

127 5354 283 5406 totus
300 5349 883 5413 est,utforistantum
901 5348 1083 5402 videri
1120 5348 1196 5403 ab
1221 5348 1489 5402 exteriori
1531 5348 1777 5402 homine

128 5440 350 5510 possit,
405 5440 566 5495 intus
636 5441 837 5494 autem
889 5437 966 5493 ab
1044 5436 1308 5492 interiori
1368 5452 1487 5491 non
1542 5437 1767 5506 possit.

130 5532 272 5595 Quae
342 5530 391 5583 si
447 5527 881 5585 absurdissime
921 5527 1255 5581 sentiuntur
1306 5543 1318 5584 :
1368 5525 1559 5593 magis
1614 5525 1777 5580 enim

133 5620 324 5677 sancti
356 5619 514 5692 pleni
541 5623 713 5673 erunt
735 5617 893 5682 Duo;
930 5631 1047 5672 non
1079 5616 1290 5670 inanes
1322 5615 1674 5669 intrinsecus
1700 5615 1776 5670 ab

1393 148 1894 208 EPISTOLARUM
1933 150 2222 209 CLASSIS
2264 154 2359 210 III.

3454 153 3560 209 630

1897 276 1996 334 illo
2010 278 2543 337 circumdabuntur
2562 280 2934 337 extrinsecus
2960 300 2972 345 ;
3002 294 3112 335 nec
3124 279 3260 336 cassi
3280 279 3559 336 intrinse-

1896 382 2001 422 cus
2030 383 2168 424 eum
2185 384 2306 440 quo
2334 369 2491 440 pleni
2522 374 2714 439 erunt,
2741 385 2862 425 non
2885 368 3193 433 videbunt,
3227 374 3283 424 et
3311 373 3551 426 tantum

1896 454 2227 513 forinsecus
2253 458 2472 515 oculati
2502 475 2639 515 eum
2662 474 2782 531 quo
2811 457 3369 525 circumdabuntur,
3396 458 3558 515 vide-

1897 544 2047 602 bunt
2076 562 2088 600 :
2130 551 2312 602 restat
2341 552 2400 602 ut
2424 547 2657 602 interim
2681 547 2753 602 de
2784 547 3011 603 visione
3045 547 3142 601 Dei
3215 546 3553 603 secundum

1895 634 2233 690 interiorem
2273 636 2580 692 hominem
2628 637 2944 692 certissimi
2987 637 3202 691 simus.
3237 635 3292 692 Si
3349 641 3553 691 autem

1895 723 2073 779 etiam
2090 741 2307 795 corpus
2325 725 2475 780 mira
2488 725 2957 781 commutatione
2971 725 3085 781 hoc
3101 724 3372 790 valuerit,
3390 724 3554 781 aliud

1895 812 2155 879 accedet,
2185 829 2307 869 non
2336 813 2484 869 illud
2503 814 2806 870 abscedet.

1976 905 2054 957 18.
2090 902 2288 959 Melius
2318 919 2460 973 ergo
2492 903 2635 958 illud
2676 903 3056 959 afﬁrmamus
3114 902 3272 958 unde
3303 902 3553 959 minime

1895 991 2265 1056 dubitamus,
2294 993 2459 1064 quod
2489 993 2671 1048 homo
2702 992 2945 1048 interior
2970 991 3193 1048 videbit
3218 993 3426 1057 Deum,
3449 992 3555 1064 qui

1897 1080 2079 1136 modo
2102 1081 2263 1136 solus
2281 1086 2471 1152 potest
2504 1082 2698 1137 videre
2712 1082 3083 1146 charitatem,
3113 1098 3249 1153 quae
3263 1097 3403 1137 cum
3423 1080 3555 1137 lau-

1895 1169 2139 1225 daretur
2155 1170 2380 1225 dictum
2402 1174 2507 1237 est,
2532 1173 2683 1226 Deus
2703 1171 2966 1227 charitas
2986 1176 3068 1227 est
3091 1171 3135 1241 (Ι
3160 1172 3332 1227 Joan.
3362 1185 3436 1236 iv,
3466 1169 3549 1240 8):

1894 1259 2058 1314 solus
2084 1265 2281 1330 potest
2313 1260 2507 1315 videre
2534 1276 2744 1330 pacem
2765 1268 2820 1315 et
2841 1260 3396 1329 sanctiﬁcationem,
3423 1260 3554 1315 sine

1894 1364 2015 1419 qua
2037 1364 2215 1403 nemo
2230 1353 2421 1420 potest
2445 1349 2639 1404 videre
2656 1350 2841 1405 Deum
2864 1350 3072 1418 (Hebr.
3093 1364 3198 1417 χιι,
3223 1348 3325 1419 14).
3354 1352 3549 1421 Neque

1894 1437 2053 1492 enim
2084 1437 2458 1503 charitatem,
2502 1453 2735 1509 pacem,
2794 1437 3355 1503 sanctiﬁcationem,
3390 1442 3448 1493 et
3505 1437 3554 1491 si

1894 1542 2017 1598 qua
2048 1532 2185 1582 sunt
2212 1527 2447 1591 similia,
2490 1527 2647 1582 videt
2670 1527 2849 1582 modo
2878 1527 3032 1582 ullus
3055 1528 3267 1582 oculus
3311 1527 3509 1582 carnis
3537 1542 3551 1591 ;

1894 1632 2031 1687 quas
2061 1621 2259 1671 tamen
2301 1615 2507 1672 omnia
2557 1616 2684 1686 jam
2743 1615 2924 1679 videt,
2980 1623 3280 1687 quantum
3338 1618 3550 1687 potest,

1893 1706 2108 1760 mentis
2136 1704 2368 1772 oculos,
2398 1710 2563 1760 tanto
2605 1704 2810 1775 purius
2831 1708 3057 1776 quanto
3082 1705 3323 1776 purior:
3350 1702 3554 1759 utsine

1892 1793 2262 1850 dubitatione
2288 1794 2474 1849 Deum
2504 1809 2615 1849 nos
2645 1793 2878 1849 visuros
2903 1808 3031 1848 esse
3061 1793 3401 1859 credamus,
3428 1793 3553 1847 sive

1891 1884 2417 1949 iuveniamus,sive
2448 1898 2567 1938 non
2599 1882 3159 1954 inveniamusquod
3174 1882 3247 1937 de
3266 1881 3553 1954 qualitate

1896 1971 2070 2027 futuri
2084 1972 2349 2044 corporis
2362 1972 2691 2043 quaarimus
2719 1988 2731 2035 ;
2748 1974 3099 2026 cumtamen
3117 1986 3336 2040 corpus
3351 1985 3549 2024 resur-

1891 2066 2191 2117 recturum
2206 2059 2611 2116 etimmortale
2628 2064 2807 2130 atque
2822 2058 3549 2129 incorruptibilefuturum

1892 2165 2013 2205 non
2027 2150 2434 2217 ambigamus,
2463 2148 2753 2220 quoniam
2772 2148 2908 2202 hinc
2927 2153 3272 2202 sanctarum
3288 2146 3550 2216 Scriptu-

1890 2254 2092 2295 rarum
2121 2237 2442 2293 sententias
2475 2236 2880 2307 apertissimas
2899 2235 3395 2307 ﬁrmissimasque
3414 2233 3550 2289 reti-

1892 2343 2122 2383 nemus.
2135 2327 2189 2383 Si
2203 2332 2401 2381 autem
2417 2325 2525 2380 iste
2541 2324 2718 2380 frater
2731 2324 2890 2395 quod
2909 2324 2983 2379 de
2998 2322 3295 2395 spirituali
3310 2337 3550 2395 corpore

1890 2416 2089 2473 adhuc
2118 2416 2377 2486 requiro,
2406 2415 2535 2485 jam
2568 2413 2683 2468 sibi
2715 2413 2913 2468 ﬁrmat
2965 2428 3096 2468 esse
3127 2412 3547 2477 certissimum,

1889 2506 2004 2562 nisi
2044 2504 2318 2577 placidus
2340 2502 2959 2567 audiero,docentem,
2984 2501 3065 2557 ita
3103 2499 3271 2556 utille
3300 2516 3545 2572 quoque

1887 2595 2162 2667 placidus
2184 2608 2281 2648 me
2296 2592 2503 2648 audiat
2531 2592 2955 2663 inquirentem,
2974 2590 3219 2646 habebit
3240 2589 3544 2660 undejure

1889 2688 2256 2739 succenseat.
2286 2685 2451 2737 Nunc
2491 2686 2695 2736 tamen
2727 2695 2832 2751 per
2864 2679 3160 2734 Christum
3191 2678 3444 2734 obsecro
3486 2682 3549 2733 ut

1888 2774 1961 2829 de
1990 2773 2088 2827 illa
2126 2770 2445 2842 asperitate
2502 2769 2831 2824 litterarum
2896 2783 3190 2833 mearum,
3223 2784 3347 2839 qua
3406 2782 3549 2821 eum

1887 2877 2008 2917 non
2040 2860 2334 2916 immerito
2372 2858 2674 2914 offensum
2706 2872 2835 2912 esse
2866 2856 3067 2920 didici,
3096 2856 3341 2911 veniam
3400 2854 3547 2910 mihi

1888 2950 2075 3006 abillo
2093 2950 2398 3021 impetres,
2419 2953 2474 3002 et
2497 2962 2590 3001 me
2605 2945 2909 3016 rescriptis
2934 2945 3191 3000 Domino
3212 2943 3313 3014 adj
3329 2947 3548 3000 uvante

1885 3037 2173 3095 lastiﬁces.

2350 3123 2682 3179 EPISTOLA
2703 3122 2904 3178 cxmx
2933 3122 2947 3139 ·
2974 3120 3082 3192 (α).

1884 3214 2206 3285 Respondet
2233 3213 2313 3270 ad
2341 3212 2762 3285 quaestionesea:
2776 3210 3041 3273 Psalmis,
3060 3224 3135 3266 ex
3163 3208 3468 3278 Apostolo,
3492 3215 3547 3266 et

1956 3320 2032 3362 ex
2061 3303 2383 3374 Evangelia
2419 3301 2756 3370 propositas
2787 3316 2824 3356 a
2861 3299 3117 3355 Paulino
3153 3298 3448 3368 superius,
3483 3300 3547 3355 in

1955 3394 2205 3463 epistola
2235 3392 2543 3448 centesima
2576 3389 2843 3447 vicesima
2869 3389 3092 3457 prima.

1887 3483 2229 3540 Beatissimo
2257 3486 2309 3538 et
2341 3479 2752 3537 venerabiliter
2773 3476 3153 3534 desiderabili
3180 3474 3550 3532 etdesidera—

1955 3572 2147 3629 hiliter
2159 3570 2713 3637 venerabili,sancto
2730 3570 3055 3637 sancteque
3068 3565 3421 3621 charissimo
3436 3562 3547 3621 fra-

1957 3661 2025 3717 tri
2054 3666 2109 3716 et
2146 3660 2524 3730 coepiscopo,
2545 3653 3258 3720 PAULINO,AUGUSTINUS,iD
3292 3652 3545 3709 Domino

1957 3749 2233 3805 salutem.

1956 3839 2183 3895 CAPUT
2214 3836 2498 3891 PRIMUM.
2528 3864 2596 3875 -—
2627 3838 2671 3887 t.
2699 3831 2869 3898 Quod
2900 3831 2974 3886 de
3004 3829 3392 3902 perventione
3422 3833 3546 3883 tam

1882 3942 2175 4001 prospera
2204 3926 2395 3980 fratris
2435 3929 2490 3979 et
2515 3921 3005 3993 comprmsbyteri
3026 3919 3209 3974 nostri
3236 3918 3457 3983 Quinti,
3486 3921 3545 3972 et

1882 4016 1987 4089 qui
2018 4031 2156 4072 cum
2189 4030 2258 4069 eo
2286 4014 2740 4081 navigaverunt,
2775 4008 2891 4065 cito
2921 4024 3030 4064 nos
3064 4007 3350 4063 Dominus
3378 4005 3539 4061 exhi-

1883 4105 2113 4170 laravit,
2140 4101 2552 4158 nuntiantibus
2575 4099 2783 4155 litteris
2817 4096 3150 4154 Sanctitatis
3165 4100 3295 4161 tuae,
3318 4094 3541 4165 gratias

1881 4210 2066 4265 agens
2080 4193 2243 4265 eiqui
2268 4195 2493 4247 recreat
2522 4188 2795 4251 afﬂictos,
2818 4186 3147 4243 ethumiles
3174 4184 3540 4248 consolatur,

1881 4281 2202 4337 sinceritati
2232 4280 2432 4335 cordis
2470 4277 2572 4343 tui,
2606 4275 2926 4332 occasione
2956 4274 3062 4330 ﬁlii
3103 4278 3158 4330 et
3186 4271 3546 4329 condiaconi

1884 4373 2072 4426 nostri
2097 4368 2307 4425 Ruiﬁni
2325 4384 2459 4440 quas
2486 4368 2763 4438 proxima
2778 4363 3055 4427 occurrit,
3077 4378 3235 4417 nunc
3252 4360 3545 4431 rescripta

1884 4460 2201 4531 persolvo:
2229 4458 2305 4513 de
2338 4457 2528 4512 littore
2546 4469 2810 4525 namque
2841 4450 3218 4522 Hipponensi
3241 4450 3543 4521 profectus

1885 4553 1993 4604 est.
2031 4552 2089 4603 Et
2120 4545 2388 4617 approbo
2420 4542 2847 4599 misericordiae
2887 4538 3204 4595 consilium
3239 4536 3406 4609 quod
3438 4535 3542 4591 tibi

1887 4638 2172 4693 Dominus
2196 4631 2808 4705 inspiravit,mihique
2829 4628 3135 4683 insinuare
3164 4627 3444 4697 dignatus
3457 4641 3539 4679 es.

1883 4725 2014 4797 Ipse
2041 4731 2097 4780 et
2127 4724 2239 4778 hoc
2259 4723 2519 4792 adjuvet,
2544 4720 2670 4790 ipse
2701 4722 3032 4790 prosperet,
3058 4716 3163 4789 qui
3194 4715 3321 4787 jam
3336 4729 3543 4770 curam

1883 4822 2153 4870 nostram
2174 4828 2241 4866 ex
2272 4825 2492 4880 magna
2515 4813 2682 4881 parte
2711 4807 2934 4869 lenivit.
2967 4806 3110 4878 quia
3139 4808 3454 4877 pervectus
3486 4808 3546 4858 et

1884 4901 2343 4961 commendatus
2368 4907 2457 4954 est
2486 4898 2874 4953 charissimus
2905 4896 3114 4963 homo,
3169 4910 3290 4949 non
3344 4892 3540 4947 solum

1882 4992 2059 5049 bonis
2076 4989 2378 5061 operibus,
2406 4987 2511 5042 sed
2545 4987 2722 5042 etiam
2743 4985 2965 5041 sanctis
2997 4983 3374 5039 orationibus
3399 4979 3531 5033 tuis.

1956 5086 2009 5135 2.
2038 5080 2258 5135 Littera
2291 5092 2434 5132 sane
2455 5076 2863 5130 Venerationis
2886 5079 3020 5141 tuae,
3040 5072 3140 5128 ubi
3173 5070 3358 5125 multa
3381 5082 3543 5140 qum-

1886 5164 2453 5239 siisti,etquasrenda
2465 5159 3250 5232 admonuisti,etqu£erendo
3264 5155 3541 5222 docuisti,

1887 5259 1963 5315 ad
1986 5274 2079 5312 me
2094 5258 2510 5329 pervenerunt.
2534 5252 2645 5308 Sed
2663 5268 2814 5323 quas
2828 5250 2954 5322 ipse
2968 5247 3253 5303 continuo
3266 5244 3541 5316 rescripsi

1946 5374 1976 5405 ¹
2012 5373 2159 5421 Hanc
2186 5370 2552 5419 recensuimus
2579 5366 2645 5415 ad
2683 5381 2728 5414 a.
2765 5364 2853 5474 δέ.
2886 5362 2956 5411 bl.
2990 5375 3035 5410 c.
3068 5373 3144 5409 cc.
3183 5359 3241 5414 (1'.
3280 5373 3332 5423 ε.
3368 5373 3463 5422 gv.
3499 5358 3541 5421 j.

1972 5449 1997 5474 ιι
2059 5449 2099 5474 ς-
2128 5447 2207 5474 νη-
2236 5432 2373 5474 duos
2404 5432 2493 5474 bn.
2522 5430 2657 5474 duos
2680 5429 2765 5474 sb.
2840 5427 2998 5474 uost.
3033 5425 3285 5474 quatuor.
3326 5436 3375 5469 v.
3400 5425 3452 5471 et
3476 5420 3541 5471 ad

1886 5450 1938 5484 n.
1972 5420 2025 5483 r.’
2059 5449 2099 5483 s.
2128 5447 2207 5482 vc.
2236 5432 2373 5481 duos
2404 5432 2493 5479 bn.
2522 5430 2657 5478 duos
2680 5429 2765 5476 sb.
2802 5420 2998 5475 duost.
3033 5420 3307 5487 quatuor.‘
3326 5420 3452 5471 vfet
3476 5420 3543 5471 ad

1886 5500 2007 5546 Ain.
2041 5496 2170 5548 Bad.
2208 5496 2288 5543 Er.
2319 5495 2445 5543 Lov.
2950 5553 2957 5556 _
3196 5548 3251 5556 η
3339 5545 3367 5556 η
3435 5545 3445 5556 ,

1949 5545 2021 5619 (αν)
2046 5545 2189 5607 Alias
2216 5559 2274 5605 59
2307 5572 2317 5605 :
2352 5570 2471 5619 qua:
2524 5557 2704 5604 autem
2736 5552 2825 5600 149
2851 5553 2981 5608 erat,
3016 5561 3159 5598 nunc
3195 5548 3276 5601 38.
3338 5545 3545 5610 Scripta

1890 5622 2104 5671 videtur
2127 5634 2215 5670 an.
2248 5620 2356 5667 414.
