4136 6172
589 146 688 201 631

587 286 695 341 per
710 271 984 327 homines
1011 270 1361 327 eorumdem
1385 274 1729 327 sanctorum
1760 268 2111 325 solatiorum
2130 274 2237 316 no-

1878 140 1938 197 S.
1978 127 2359 193 AUGUSTINI
2400 125 2720 182 EPISCOPI
3860 128 3952 184 632

2415 257 2467 311 4.
2496 252 2668 320 Quod
2699 269 2838 311 vero
2870 254 3155 327 sequitur,
3181 250 3451 310 Saturati
3461 256 3594 307 sunt
3608 252 3834 319 porcina
3846 256 3953 327 (a);

589 370 873 425 atrorum,
904 362 1053 416 sicut
1092 360 1185 415 his
1208 364 1321 416 tuis
1354 360 1778 415 recentioribus
1800 354 2079 427 comperi,
2117 365 2238 405 non

2346 344 2467 414 iam
2481 344 2623 415 quid
2646 344 2788 399 mihi
2804 359 2872 400 ex
2896 344 3010 400 hoc
3028 342 3323 398 videretur
3340 342 3563 412 aperui.
3588 341 3698 396 Sed
3712 344 3859 414 quod
3871 346 3951 401 alii

593 456 733 506 sunt
780 450 1018 505 redditae
1058 449 1433 504 Venerationi
1460 454 1596 504 tuas.
1629 449 1693 504 In
1721 449 1943 520 quibus
1969 441 2234 516 quidem,

590 544 888 612 quatenus
902 539 979 593 ad
1006 539 1371 607 interrogata
1392 554 1483 592 res
1495 538 1827 609 ponderim,
1844 534 2101 591 recolere
2117 543 2237 585 non

590 627 749 682 valui
776 645 788 693 ;
822 641 931 680 nec
952 642 1161 681 earum
1184 627 1529 698 exemplum
1553 644 1690 682 cum
1714 624 2117 697 requisissem,
2136 617 2237 674 ubi

585 717 700 771 hoc
714 730 954 785 possem
969 716 1603 785 recognoscere,inveni
1615 759 1624 769 .
1638 716 1719 770 Ad
1737 712 2025 770 nonnulla
2039 717 2237 766 tamen

589 820 682 860 me
703 803 1293 875 respondissecertus
1308 805 1555 861 omnino
1572 821 1727 869 sum,
1762 810 1817 859 et
1842 803 1977 858 ideo
2008 814 2129 855 non
2161 796 2239 853 ad

586 894 814 961 omnia,
840 894 983 965 quia
1032 900 1093 949 ut
1121 894 1237 948 cito
1272 894 1526 959 (inirem,
1577 893 1877 949 festinatio
1927 886 2238 962 perlatoris

590 983 857 1051 urgebat.
912 981 1099 1037 Simul
1125 982 1303 1037 etiam
1333 983 1633 1046 miseram,
1665 983 1817 1037 sicut
1849 984 2140 1051 jusseras,
2186 979 2241 1030 et

586 1072 744 1127 illius
770 1072 1027 1142 epistolae
1049 1071 1413 1144 exemplum,
1442 1088 1626 1144 quam
1648 1078 1760 1126 tua;
1785 1064 2240 1137 Charitatiapud

588 1160 1007 1231 Carthaginem
1031 1160 1105 1216 de
1132 1177 1454 1231 corporum
1470 1162 1900 1217 resurrectione
1920 1158 2242 1228 rescripse-

586 1267 717 1307 ram
736 1251 781 1317 ί,
816 1250 917 1305 ubi
939 1251 1012 1305 de
1046 1266 1153 1305 usu
1174 1252 1582 1306 membrorum
1601 1257 1805 1306 exorta
1818 1254 1944 1304 erat
1965 1247 2237 1318 qurestio.

585 1343 905 1408 Nuncergo
936 1342 1121 1396 ethoc
1146 1340 1372 1403 misi,et
1402 1340 1653 1396 alterum
1684 1337 1942 1402 alterius,
1969 1336 2112 1407 quia
2131 1348 2240 1388 nec

584 1427 775 1500 ipsam
806 1428 867 1483 iu
908 1445 1126 1484 manus
1159 1434 1293 1484 tuas
1324 1431 1665 1499 pervenisse
1691 1427 1940 1497 coujeci,
1974 1441 2044 1481 eo
2074 1423 2239 1496 quod

584 1516 799 1572 iterum
831 1517 1501 1589 interrogastiqutedam
1528 1517 1809 1589 quiejam
1824 1514 1991 1570 mein
2022 1529 2091 1568 ea
2120 1529 2241 1567 res-

586 1605 866 1675 pondisse
880 1604 1011 1673 lego
1025 1611 1081 1661 et
1094 1621 1377 1675 agnosco.
1389 1606 1500 1662 Sed
1515 1606 1690 1660 istam
1708 1621 1809 1675 per
1822 1619 2001 1676 quem
2016 1602 2241 1656 direxe-

584 1692 697 1747 rim
712 1694 929 1749 nescio.
942 1694 1165 1765 Scripta
1182 1695 1407 1765 quippe
1423 1694 1731 1750 Charitatis
1746 1698 1857 1748 tuae
1872 1692 2090 1763 quibus
2104 1706 2237 1745 eam

584 1782 835 1851 reddidi,
856 1785 1009 1838 sicut
1033 1784 1211 1839 etiam
1246 1784 1383 1855 ipsa
1410 1784 1690 1848 indicat’,
1712 1782 1894 1838 missa
1925 1785 2063 1835 sunt
2095 1778 2240 1834 mihi

584 1870 663 1926 ab
696 1872 962 1943 Hippone
992 1888 1027 1928 a
1060 1874 1294 1937 nostris,
1316 1888 1455 1928 cum
1499 1889 1696 1927 essem
1755 1872 1918 1942 apud
1963 1873 2238 1924 sanctum

582 1958 823 2014 fratrem
852 1966 908 2016 et
939 1962 1362 2032 coepiscopum
1380 1967 1650 2016 nostrum
1678 1960 2043 2016 Bonifacium
2072 1958 2239 2027 (nam

583 2063 791 2103 eorum
824 2049 1178 2119 perlatorem
1211 2064 1333 2105 non
1374 2049 1535 2120 vidi),
1560 2055 1616 2105 et
1642 2049 1927 2105 continuo
1952 2047 2240 2117 rescripta

584 2151 705 2191 non
734 2136 956 2193 distuli.

655 2229 707 2281 3.
734 2227 1036 2296 Quiaergo
1060 2232 1220 2292 tunc,
1240 2226 1639 2298 sicutscripsi,
1669 2242 1790 2282 non
1823 2223 2240 2298 potueramin-

584 2314 812 2385 spicere
838 2315 1075 2371 codices
1100 2331 1325 2385 graecos
1346 2322 1585 2388 propter
1597 2316 1876 2387 quaedam
1900 2313 2119 2386 psalmi
2143 2312 2241 2368 de-

583 2403 721 2459 cimi
768 2404 937 2468 sexti,
982 2404 1213 2476 inspexi
1260 2412 1471 2475 postea
1516 2421 1668 2476 quos
1720 2405 1937 2459 inveni.
1984 2406 2047 2458 Et
2083 2418 2238 2458 unus

581 2492 862 2555 habebat,
905 2492 1070 2563 quod
1103 2498 1158 2548 et
1189 2493 1355 2549 latini
1391 2494 1595 2561 nostri,
1614 2494 1875 2559 Domine,
1889 2492 2138 2562 perdens
2168 2492 2241 2547 de

584 2588 746 2636 terra
762 2582 1080 2649 dispertire
1090 2597 1183 2637 eos
1201 2599 1215 2635 :
1232 2582 1381 2638 alius
1394 2583 1545 2637 sicut
1558 2582 1685 2654 ipse
1702 2582 1965 2653 posuisti,
1977 2583 2018 2636 A
2037 2582 2239 2650 paucis

583 2669 650 2724 de
679 2675 861 2725 terra.
892 2672 954 2724 Et
982 2670 1134 2725 illud
1165 2671 1409 2741 quidem
1441 2677 1717 2742 apertum
1749 2670 1931 2726 habet
1965 2686 2236 2732 sensum,

580 2757 822 2829 perdens
853 2759 923 2813 de
950 2766 1111 2814 terra
1126 2775 1313 2831 quam
1344 2760 1429 2814 eis
1454 2760 1689 2824 dedisti,
1717 2760 2034 2828 dispertire
2062 2774 2153 2815 eos
2180 2759 2238 2814 in

584 2846 862 2916 gentibus
893 2864 906 2902 :
942 2848 1106 2919 quod
1138 2853 1196 2903 et
1226 2847 1449 2903 factum
1463 2850 1545 2904 eis
1575 2856 1686 2915 est,
1718 2864 1856 2903 cum
1886 2850 2055 2920 gravi
2083 2848 2239 2903 bello

583 2937 1100 3009 expugnatiatque
1127 2937 1395 2992 subversi
1423 2938 1741 2994 sunt.lllud
1768 2943 1970 2993 autem
1984 2938 2238 2993 alterum

581 3025 893 3096 quomodo
924 3025 1341 3097 accipiendum
1376 3027 1467 3094 sit,
1488 3042 1609 3082 non
1638 3026 1784 3082 mihi
1816 3027 2101 3093 occurrit;
2125 3027 2236 3081 nisi

584 3114 727 3185 quia
755 3114 813 3168 in
841 3116 1289 3186 comparatione
1312 3116 1557 3187 perditae
1582 3115 1980 3172 multitudinis
2005 3131 2236 3184 eorum,

580 3202 847 3273 reliquias
879 3203 1059 3258 salvae
1086 3203 1257 3259 facta:
1284 3211 1444 3269 sunt,
1479 3206 1680 3277 utique
1702 3204 1760 3260 in
1790 3204 2000 3276 paucis
2032 3220 2068 3259 a
2105 3206 2240 3276 qui-

578 3290 693 3347 bus
725 3307 828 3346 eos
860 3291 1318 3362 dispertiendos,
1357 3294 1471 3349 hoc
1520 3299 1605 3348 est
1636 3294 1994 3349 dividendos
2056 3300 2237 3365 atque

581 3381 951 3451 separandos
966 3382 1265 3452 Scriptura
1282 3382 1721 3452 praenuntiavit,
1738 3382 1963 3447 dicens,
1981 3383 2235 3451 Domine,

582 3485 619 3526 a
647 3470 875 3537 paucis,
899 3469 958 3524 id
987 3470 1593 3542 est,areliquiisquas
1608 3488 1677 3526 ex
1712 3471 1810 3539 illa
1840 3476 2009 3542 gente
2040 3472 2237 3527 salvas

582 3557 789 3623 fecisti,
814 3559 886 3614 de
911 3566 1075 3615 terra
1104 3560 1423 3629 dispertire
1443 3576 1537 3616 eos
1567 3580 1586 3616 :
1622 3567 1682 3615 ut
1712 3567 1928 3616 terram
1950 3560 2238 3630 intelliga-

584 3662 719 3701 mus
733 3647 1055 3703 Ecclesiam
1069 3648 1587 3721 haereditatemque
1605 3649 1865 3705 fidelium
1880 3656 2053 3721 atque
2070 3666 2237 3705 sanc-

584 3739 797 3799 torum.
816 3752 950 3806 quae
977 3736 1194 3792 dicitur
1211 3744 1265 3794 et
1296 3745 1449 3793 terra
1467 3738 1816 3807 viventium,
1836 3743 2037 3811 etquae
2056 3739 2235 3795 etiam

582 3824 684 3880 illo
713 3824 845 3880 loco
873 3832 1026 3881 recte
1058 3826 1300 3897 intelligi
1320 3832 1533 3899 potest,
1560 3828 1726 3885 Beati
1738 3828 1943 3897 mites;
1974 3829 2235 3899 quoniam

586 3914 696 3986 ipsi
726 3915 1068 3974 haereditate
1098 3917 1472 3985 possidebunt
1531 3914 1752 3973 terra‘m
1805 3918 2043 3989 (Matth.
2075 3935 2127 3982 v,
2159 3918 2233 3983 4).

586 4003 733 4057 Cum
765 4009 967 4058 autem
994 4004 1220 4060 dictum
1246 4011 1421 4069 esset,
1451 4008 1497 4061 Α
1523 4008 1733 4075 paucis
1762 4007 1830 4061 de
1856 4012 2016 4061 terra
2039 4007 2239 4063 divide

586 4105 697 4153 eos,
731 4092 1002 4148 additum
1033 4098 1141 4155 est,
1172 4095 1233 4148 in
1282 4094 1398 4149 vita
1429 4110 1629 4151 eorum
1655 4116 1676 4163 ,-
1728 4100 1789 4149 ut
1820 4096 1876 4149 in
1919 4094 2235 4150 manifesto

588 4178 853 4234 futurum
881 4180 1323 4249 intelligeretur;
1343 4182 1487 4237 dum
1514 4184 1606 4237 hic
1637 4182 2239 4253 vivunt.Separantur

587 4266 750 4322 enim
782 4268 948 4323 multi
977 4270 1054 4324 ab
1085 4269 1356 4335 Ecclesia,
1405 4271 1511 4325 sed
1541 4288 1681 4327 cum
1726 4272 2081 4335 moriuntur,
2133 4274 2238 4343 qui

587 4361 939 4413 tamencum
972 4359 1848 4429 vivunt,perSacramentorum
1869 4362 2238 4417 communio-

587 4460 725 4501 nem
755 4447 1115 4519 unitatisque
1146 4447 1452 4505 catholicie
1467 4449 1739 4505 videntur
1754 4450 2025 4505 Ecclesiae
2048 4466 2236 4521 copu-

586 4535 708 4591 lati.
742 4536 838 4591 lsti
871 4552 1012 4607 ergo
1034 4537 1367 4594 divisisunt
1387 4554 1423 4594 a
1450 4538 1656 4611 paucis
1676 4539 1780 4611 qui
1806 4555 1877 4594 ex
1910 4539 2023 4594 illis
2052 4540 2236 4595 credi-

589 4624 821 4689 derunt,
854 4625 927 4680 de
960 4632 1114 4682 terra
1134 4643 1320 4697 quam
1349 4629 1503 4682 sicut
1531 4643 1743 4697 agrum
1796 4645 1973 4683 suum
2028 4630 2240 4686 excolit

592 4718 757 4782 pater
786 4715 1047 4783 agricola
1076 4732 1087 4770 :
1118 4716 1291 4770 divisi
1324 4722 1522 4772 autem
1552 4718 1610 4771 in
1630 4717 1750 4773 vita
1776 4734 1903 4781 sua,
1938 4718 1997 4773 id
2028 4726 2115 4773 est
2145 4718 2239 4773 hic

590 4802 650 4856 in
684 4802 1184 4867 manifesto,sicut
1209 4806 1499 4861 videmus.
1530 4807 1804 4879 Sequitur
1829 4814 2051 4871 autem,
2076 4809 2149 4863 Et
2169 4808 2241 4864 de

588 4890 942 4947 absconditis
967 4894 1081 4948 tuis
1112 4893 1453 4965 adimpletus
1474 4903 1554 4950 est
1572 4903 1975 4951 ventereorum
2003 4919 2022 4966 ,-
2046 4897 2101 4951 id
2130 4904 2236 4963 est,

589 4986 802 5051 praeter
821 4982 933 5037 hoc
956 4982 1121 5053 quod
1153 4983 1213 5038 in
1246 4984 1558 5039 manifesto
1589 4984 1763 5039 divisi
1789 4991 1944 5049 sunt,
1966 4986 2145 5041 etiam
2170 4987 2243 5043 de

590 5070 945 5126 absconditis
967 5072 1081 5127 tuis
1105 5087 1240 5144 quas
1262 5072 1319 5127 in
1337 5073 1567 5128 occulto
1594 5073 1793 5128 reddis
1819 5075 2196 5130 conscientiae
2218 5078 2240 5111 ³

590 5160 909 5225 malorum,
939 5161 1292 5230 adimpletus
1322 5167 1402 5218 est
1459 5169 1662 5218 venter
1690 5177 1895 5219 eorum
1925 5180 1941 5217 :
1971 5169 2238 5222 ventrem

592 5250 792 5320 posuit
822 5266 929 5321 pro
954 5250 1325 5306 internorum
1349 5251 1777 5322 latentiumque
1805 5253 2061 5309 secretis.

655 5471 812 5543 ibist:
844 5474 1277 5543 quatuorvatic:
1310 5477 1361 5523 et
1382 5474 1569 5543 _Ca_|lic._
1593 5476 2072 5543 tres,_scripseram.

653 5533 671 5603 ξ
696 5532 842 5603 Edd..
862 5532 1205 5603 indicant._A__t
1231 5538 1353 5586 Mss.
1383 5538 1593 5593 habent,
1621 5532 2060 5595 indicat—scilicet
2103 5543 2238 5603 epis-

595 5592 701 5641 tola
724 5595 1021 5655 Augustino
1050 5598 1272 5647 reddita.

656 5655 671 5684 ³
703 5655 830 5706 Bad.
869 5658 983 5706 Am.
1005 5659 1109 5716 Er.,
1140 5661 1309 5710 reddis
1352 5663 1690 5712 retributione
1712 5665 1983 5713 malorum.

2345 434 2579 489 codices
2608 432 2849 503 habent,
2878 437 2932 487 et
2953 433 3148 487 verius
3174 431 3391 486 habere
3416 429 3805 501 perhibentur,
3834 434 3952 504 quia

2345 520 2721 591 diligentiore
2745 521 3134 592 exemplaria,
3162 536 3267 591 per
3297 523 3577 576 accentus
3602 525 3794 575 notam
3825 522 3952 590 ejus-

2343 612 2481 666 dem
2497 610 2655 666 verbi
2668 612 2844 681 grteci
2857 610 3308 680 ambiguitatem
3323 624 3515 679 graeco
3529 607 3809 664 scribendi
3826 626 3955 667 more

2345 699 2699 765 dissolvunt,
2717 700 3031 755 obscurius
3056 704 3144 754 est
3172 698 3440 771 quidem,
3464 713 3560 753 sec
3586 697 3952 754 electiorisen-

2346 789 2539 844 tentias
2566 790 2794 845 videtur
2816 790 3010 861 aptius
3036 788 3369 845 convenire.
3388 786 3537 853 Quia
3561 786 3716 841 enim
3736 787 3950 853 dixerat,

2345 880 2420 934 Et
2442 879 2513 935 de
2533 879 2885 935 absconditis
2913 879 3028 934 tuis
3050 879 3406 947 adimpletus
3436 883 3521 933 est
3544 885 3743 933 venter
3762 892 3949 942 eorum,

2345 967 2563 1039 quibus
2596 968 2788 1023 verbis
2809 968 3041 1024 occulta
3072 968 3171 1022 Dei
3188 966 3419 1037 judicia
3451 965 3775 1034 signiﬁcata
3804 972 3951 1031 sunt;

2346 1057 2573 1112 occulte
2598 1058 2821 1129 quippe
2844 1061 2981 1112 sunt
3013 1056 3209 1111 miseri
3242 1057 3282 1119 ί,
3317 1055 3497 1111 etiam
3522 1055 3622 1126 qui
3654 1052 3951 1123 gaudentin

2350 1146 2550 1212 malis,
2578 1162 2729 1217 quos
2746 1145 2986 1201 tradidit
3010 1148 3160 1201 Deus
3178 1146 3240 1199 in
3261 1144 3772 1215 concupiscentiae
3792 1144 3952 1198 cordis

2348 1250 2555 1289 eorum
2588 1236 2775 1305 (Rom.
2812 1253 2846 1299 ι,
2879 1235 2972 1306 24)
3006 1250 3017 1290 :
3046 1235 3584 1306 velutquiereretur
3600 1232 3747 1287 unde
3762 1232 3955 1303 possint

2348 1323 2632 1394 cognosci
2664 1323 2847 1395 quiin
2874 1324 3231 1380 abscondito
3262 1325 3348 1379 ira
3382 1324 3481 1378 Dei
3504 1321 3799 1393 adimpleti
3826 1327 3953 1386 sunt,

2347 1418 2403 1466 et
2440 1412 2900 1483 responderetur
2924 1412 3161 1483 quodin
3188 1410 3511 1479 Evangelio
3526 1410 3742 1465 dictum
3766 1415 3860 1479 est,
3878 1410 3957 1465 E2:

2343 1502 2631 1572 fructibus
2661 1518 2861 1559 eorum
2881 1503 3329 1572 cognoscetiseos
3346 1501 3582 1573 (Matth.
3604 1516 3697 1564 vn,
3731 1501 3826 1570 16),
3846 1516 3957 1555 con-

2347 1594 2514 1647 tinuo
2546 1592 2933 1662 subjunctum
2964 1598 3069 1657 est,
3104 1591 3380 1647 Satur/lli
3411 1589 3722 1657 suntﬁliis,
3754 1590 3855 1644 hoc
3885 1594 3958 1645 est

2346 1680 2653 1745 fructibus,
2678 1680 2843 1753 quod
2864 1680 3200 1735 evidentius
3230 1680 3462 1747 dicitur,
3509 1679 3783 1750 operibus
3822 1677 3948 1733 suis.

2349 1769 2512 1825 Unde
2544 1769 2941 1840 alibilegitur,
2970 1768 3836 1838 Ecceparturivitinjustiliam,
3854 1784 3955 1823 con-

2346 1858 2497 1928 cepit
2525 1860 2810 1927 dolorem,
2829 1867 2886 1917 et
2909 1861 3137 1929 peperit
3158 1860 3537 1930 iniquitatem
3552 1858 3732 1929 (Psal.
3750 1873 3836 1925 vn,
3857 1860 3950 1926 15):

2347 1959 2402 2009 et
2414 1954 2576 2020 alibi,
2588 1952 2808 2007 Deinde
2819 1949 3311 2019 concupiscentia,
3328 1964 3463 2004 cum
3477 1946 3814 2016 conceperit,
3826 1946 3953 2015 parit

2346 2050 2650 2112 peccatum
2680 2040 2910 2111 (Jacobi
2937 2055 2973 2105 ι,
3022 2038 3126 2109 15).
3161 2037 3287 2094 Mali
3318 2036 3764 2107 ergoﬁlii,mala
3782 2051 3948 2107 opera,

2346 2132 2568 2204 quibus
2589 2136 3050 2200 cognoscuntur,
3066 2126 3237 2200 etqui
3252 2127 3326 2182 de
3339 2127 3710 2183 absconditis
3723 2127 3810 2181 Dei
3820 2124 3951 2196 judi-

2344 2221 2447 2277 ciis
2477 2220 2722 2277 internis
2750 2219 3181 2291 cogitationum
3198 2234 3448 2273 suarum
3475 2222 3754 2290 tanquam
3772 2216 3825 2271 in
3838 2230 3948 2270 ven-

2348 2316 2496 2366 trem
2528 2309 2835 2381 adimpleti
2888 2313 3045 2363 sunt.
3083 2309 3246 2363 Bona
3271 2322 3481 2377 opera,
3530 2305 3668 2362 boni
3704 2304 3796 2359 ﬁlii
3820 2308 3947 2358 sunt.

2349 2399 2512 2457 Unde
2544 2399 2622 2455 ad
2666 2414 2955 2470 sponsam
3000 2397 3319 2453 Ecclesiam
3364 2396 3583 2453 dicitur
3614 2411 3625 2450 :
3658 2397 3849 2452 Dentes
3882 2393 3951 2447 tui

2346 2490 2495 2546 sicut
2521 2504 2672 2559 grex
2714 2488 3088 2544 detonsarum
3117 2486 3436 2543 ascendens
3470 2487 3543 2542 de
3572 2487 3814 2547 lavacro,
3856 2498 3948 2553 qua:

2346 2594 2543 2634 omnes
2598 2578 2859 2648 geminos
2907 2582 3137 2639 creant,
3170 2583 3223 2632 et
3248 2576 3465 2632 sterilis
3505 2590 3621 2630 non
3649 2580 3726 2630 est
3755 2574 3811 2629 in
3859 2570 3948 2627 illis

2348 2666 2547 2737 (Cant.
2584 2683 2658 2729 IV,
2692 2668 2771 2736 2).
2805 2670 2864 2719 In
2896 2681 3020 2736 quo
3051 2666 3290 2734 gemino
3321 2663 3449 2719 fetu
3491 2663 3783 2733 geminum
3826 2675 3947 2731 opus

2346 2756 2676 2811 dilectionis
2702 2754 3064 2823 agnoscitur,
3090 2754 3322 2809 Domini
3352 2754 3453 2810 Dei
3478 2752 3709 2818 scilicet,
3726 2757 3775 2805 et
3791 2746 3950 2822 proxi-

2349 2845 2430 2899 mi
2457 2865 2470 2899 :
2504 2844 2564 2898 in
2594 2843 2815 2916 quibus
2837 2842 3076 2899 duobus
3098 2842 3411 2914 praeceptis
3440 2847 3561 2899 tota
3576 2844 3681 2897 Lex
3704 2838 3947 2912 pendatet

2346 2933 2645 3005 Prophetas
2666 2933 2903 3004 (Matth.
2936 2949 3077 2999 xxn,
3105 2934 3215 3001 40).

2418 3028 2469 3077 5.
2486 3022 2595 3077 Iste
2609 3026 2810 3077 autem
2837 3037 3067 3087 sensus,
3082 3037 3204 3093 quo
3233 3021 3314 3079 ita
3329 3022 3647 3094 exponitur
3665 3019 3814 3092 quod
3834 3016 3945 3073 scri-

2345 3118 2514 3184 ptum
2548 3115 2653 3175 est,
2685 3111 2962 3167 Saturati
2986 3119 3119 3167 sunt
3146 3113 3308 3180 ﬁliis,
3332 3129 3453 3169 non
3479 3112 3619 3168 mihi
3643 3112 3940 3167 occurrerat,

2345 3218 2483 3258 cum
2514 3207 2649 3256 ante
2679 3200 3065 3256 rescriberem
3101 3223 3113 3267 ;
3148 3202 3251 3257 sed
3282 3203 3555 3258 recensui
3583 3200 3941 3257 brevissimam

2344 3289 2670 3358 quamdam
2689 3289 2957 3359 ejusdem
2975 3290 3192 3362 psalmi
3210 3291 3832 3362 expositionem,quam
3846 3288 3942 3357 jam

2344 3378 2487 3433 olim
2514 3379 2973 3444 dictaveram,et
2988 3380 3101 3435 hoc
3128 3381 3271 3435 satis
3286 3380 3541 3436 breviter
3566 3397 3600 3437 a
3624 3395 3711 3435 me
3730 3377 3941 3451 positum

2344 3468 2555 3538 reperi.
2592 3469 3012 3539 lnspexietiam
3035 3468 3270 3524 codices
3295 3475 3740 3539 graecos,utrum
3755 3466 3943 3521 dativus

2344 3572 2521 3611 casus
2545 3562 2716 3623 esset,
2732 3558 2895 3629 quod
2909 3558 3137 3614 dictum
3154 3566 3262 3624 est,
3275 3560 3436 3628 ﬁliis,
3452 3576 3529 3615 an
3548 3558 3835 3629 genitivus,
3851 3564 3941 3623 quo

2343 3645 2442 3700 illa
2468 3645 2675 3714 lingua
2708 3647 2886 3701 utitur
2901 3662 3006 3717 pro
3023 3648 3302 3711 ablativo,
3331 3648 3599 3704 etinveni
3629 3645 3938 3717 genitivum:

2345 3735 2510 3807 quod
2534 3735 2581 3789 si
2606 3734 2681 3789 ad
2706 3734 2955 3791 verbum
2980 3736 3481 3808 interpretaretur,
3514 3738 3785 3808 scriptum
3804 3734 3939 3791 esset.

2348 3825 2600 3880 Saturati
2632 3829 2770 3880 sunt
2809 3824 3107 3891 ﬁliorum;
3140 3826 3243 3881 sed
3258 3832 3413 3882 recte
3434 3833 3717 3897 interpres
3746 3824 3940 3878 senten-

2348 3914 2487 3968 tiam
2516 3918 2753 3969 secutus
2769 3921 2878 3979 est,
2908 3914 3159 3971 etlatino
3185 3931 3348 3971 more
3376 3916 3541 3980 dixit,
3574 3910 3940 3971 Saturatisunt

2342 4002 2507 4070 ﬁliis.
2540 4004 2710 4068 Quod
2746 4019 2884 4059 vero
2898 4005 3269 4076 sequitur,Et
3300 4007 3670 4078 reliquerunt
3700 3998 3939 4072 reliquias

2342 4094 2613 4163 parvulis
2634 4093 2773 4159 suis,
2802 4094 3073 4149 existimo
3108 4095 3388 4165 parvulos
3410 4093 3776 4167 accipiendos
3793 4084 3941 4143 mani-

2346 4182 2527 4238 festos
2553 4184 2745 4237 carnis
2787 4181 2954 4238 filios.
2997 4185 3158 4239 Unde
3190 4185 3370 4240 etiam
3412 4184 3732 4240 secundum
3778 4180 3936 4234 istam.

2347 4287 2468 4326 non
2491 4271 2564 4325 de
2598 4273 2859 4342 porcina,
2895 4273 2999 4327 sed
3025 4273 3097 4327 de
3125 4273 3260 4329 ﬁliis
3306 4274 3750 4347 expositionem,
3780 4270 3939 4323 manet

2348 4360 2445 4415 illa
2477 4363 2765 4417 sententia
2796 4380 2911 4434 qua
2959 4364 3259 4428 dixerunt,
3308 4363 3568 4434 Sanguis
3599 4362 3767 4429 hujus
3799 4368 3941 4424 super

2347 4466 2450 4505 nos
2478 4458 2528 4505 et
2556 4466 2732 4520 super
2760 4453 2916 4519 ﬁlios
2945 4460 3177 4508 nostros
3209 4453 3323 4524 (Id.
3355 4470 3527 4523 xxvn,
3549 4454 3638 4519 25)
3670 4469 3680 4505 :
3711 4452 3784 4505 ita
3809 4447 3938 4501 enim

2347 4540 2711 4610 reliquerunt
2730 4556 2980 4611 cperum
3002 4558 3249 4596 suorum
3275 4543 3552 4616 reliquias
3566 4539 3806 4615 parvulis
3822 4533 3936 4589 suis.

2420 4632 2471 4683 6.
2490 4630 2550 4683 In
2568 4628 2776 4699 quinto
2790 4629 3025 4685 decimo
3040 4636 3237 4687 autem
3263 4633 3516 4703 psalmo,
3534 4630 3685 4703 quod
3704 4628 3939 4696 scriptum

2348 4724 2453 4782 est,
2484 4717 2849 4783 Miriﬁcavit,
2885 4718 2993 4782 vel,
3023 4720 3290 4788 Miriﬁcet
3319 4736 3514 4778 omnes
3528 4721 3940 4776 voluntatessuas

2347 4808 2506 4862 inter
2527 4806 2682 4873 illos,
2714 4807 2855 4861 nihil
2887 4809 3157 4879 prohibet
3184 4811 3500 4880 intelleligi,
3537 4810 3654 4865 imo
3690 4813 3740 4861 et
3766 4814 3939 4860 conve-

2350 4896 2605 4951 nientius
2641 4897 2889 4963 videtur,
2927 4914 3069 4961 non,
3102 4900 3257 4955 inter
3284 4901 3433 4969 illos,
3463 4899 3583 4964 sed,
3616 4898 3673 4953 in
3699 4894 3817 4951 illis.
3865 4887 3936 4943 Sic

2350 4986 2507 5040 enim
2532 4988 2706 5054 graeci
2723 4986 2958 5042 codices
2973 4988 3197 5044 habent
3222 5008 3233 5047 :
3260 5006 3413 5061 saepe
3432 4995 3623 5045 autem
3636 4982 3782 5058 quod
3798 4978 3935 5035 habet

2350 5076 2449 5131 illa
2473 5076 2697 5145 lingua,
2714 5077 2774 5132 in
2801 5078 2944 5141 illis,
2967 5080 3147 5134 nostri
3172 5078 3647 5152 interpretantur,
3665 5067 3931 5129 interillos.

2354 5166 2453 5220 ubi
2474 5166 2701 5221 videtur
2723 5168 3027 5222 sententia:
3059 5170 3395 5226 convenire.
3422 5168 3773 5239 Accipiamus
3800 5170 3930 5224 ergo,

2349 5256 2589 5313 Sanctis
2619 5256 2722 5327 qui
2745 5264 2879 5311 sunt
2919 5257 2981 5312 in
3020 5264 3181 5313 terra
3234 5260 3376 5328 ejus,
3423 5252 3738 5324 miriﬁcavit
3776 5255 3931 5303 omnes

2350 5346 2673 5401 voluntates
2703 5360 2837 5399 suas
2864 5346 2924 5400 in
2954 5346 3073 5401 illis
3094 5367 3116 5416 ,-
3144 5348 3307 5417 quod
3338 5347 3594 5418 plerique
3620 5340 3827 5396 codices
3849 5331 3927 5385 ha-

2349 5433 2521 5490 bent:
2552 5440 2606 5489 et
2620 5434 3040 5505 intelligamus.
3060 5436 3399 5493 valuntates
3414 5436 3552 5506 ejus,
3570 5441 3794 5487 munera
3824 5433 3931 5491 gra-

2412 5608 2421 5632 ¹
2459 5604 2586 5657 Bad.
2618 5608 2732 5652 Ain.
2758 5606 2836 5653 Er.
2862 5606 3194 5661 etMss.duo,
3227 5607 3419 5655 occulta
3439 5588 3925 5668 quippesuntmfuff-

2412 5670 2479 5727 (a)
2512 5668 2606 5717 l’ro
2638 5668 2779 5725 uibn,
2818 5671 2920 5717 ubn
2941 5668 3134 5733 legisse
3170 5670 3377 5720 videtur
3399 5664 3487 5733 qui
3513 5664 3655 5716 vertit
3683 5664 3921 5724 porcina"!-
