4098 6166
218 122 330 180 633

220 249 339 315 tim,
367 263 505 321 quin
531 248 712 319 gratis
724 246 889 305 datia
909 252 1156 320 est,qua
1185 248 1389 318 voluit,
1407 264 1527 305 non
1543 250 1686 321 quia
1705 247 1879 305 debe-

216 338 422 393 batur.
442 338 604 394 Unde
630 337 924 406 est,Scuto
950 338 1113 394 bonae
1136 339 1428 395 voluntati
1453 344 1565 394 tuw
1586 336 1885 394 coronasti

211 428 532 497 nos(Psal.
559 443 615 492 v,
644 427 735 498 13)
764 444 778 493 ;
808 434 882 492 et,
907 427 979 483 In
1009 429 1313 485 voluntate
1341 435 1445 484 tua
1470 427 1773 483 deduxisti
1792 441 1883 482 me

212 513 407 582 (Psal.
436 530 613 580 Lxxu,
644 516 735 585 24)
772 530 786 579 ;
820 521 896 577 et,
943 515 1289 572 Voluntarie
1331 516 1537 585 genuit
1569 530 1674 570 nos
1708 514 1880 571 verbo

214 603 494 662 veritatis
521 602 745 672 (Jacobi
774 619 811 669 ι,
859 602 943 673 18)
977 622 992 673 ;
1035 610 1111 671 et,
1147 603 1420 660 Pluviam
1472 604 1882 661 voluntariam

212 707 558 762 segregans,
594 694 766 757 Deus,
802 692 1138 749 haereditati
1168 698 1281 749 tua:
1313 694 1502 764 (Psal.
1534 708 1704 757 vau,
1746 694 1833 760 10)
1865 707 1878 756 ;

213 786 293 846 et,
330 781 614 837 Dividens
653 782 905 850 propria
945 781 1260 852 unicuique
1283 790 1460 850 prout
1506 783 1630 837 vult
1664 784 1702 850 (Ι
1742 783 1877 837 Cor.

209 885 319 935 xu,
355 870 439 941 ll)
470 887 483 935 ;
516 870 1202 926 etaliainnumerabilia.
1237 871 1504 938 Proinde,
1539 871 1880 939 Miriﬁcavit

207 974 417 1014 omnes
450 960 781 1015 voluntates
806 975 945 1016 suas
980 962 1041 1016 in
1081 961 1231 1025 illis,
1272 961 1331 1015 in
1363 961 1588 1033 quibus
1652 960 1767 1014 nisi
1819 960 1878 1014 in

209 1049 442 1103 sanctis
467 1049 570 1121 qui
600 1048 659 1103 in
696 1054 843 1104 terra
868 1050 1149 1121 suntejus
1181 1050 1208 1104 ?
1242 1051 1296 1105 Si
1324 1050 1485 1106 enim
1519 1054 1693 1117 terra,
1728 1048 1881 1104 sicut

208 1152 404 1207 supra
433 1137 829 1206 ostendimus,
869 1144 1064 1210 potest
1096 1139 1284 1211 accipi
1334 1139 1393 1194 in
1426 1138 1609 1203 bono,
1676 1144 1735 1193 et
1778 1137 1879 1193 ubi

210 1240 339 1281 non
366 1225 643 1281 additum
674 1232 782 1292 est,
817 1229 977 1297 ejus;
999 1234 1227 1299 quanto
1264 1229 1457 1298 magis
1488 1228 1586 1283 ubi
1640 1227 1876 1293 dicitur,

209 1321 381 1370 terra
402 1317 531 1385 ejus
558 1316 576 1369 Ι
606 1314 783 1370 Miras
810 1332 952 1386 ergo
976 1316 1110 1372 fecit
1138 1332 1349 1372 omnes
1376 1318 1713 1372 voluntates
1738 1332 1877 1372 suas

208 1403 271 1459 in
307 1402 423 1458 illis
449 1420 460 1458 :
486 1404 671 1459 miras
703 1405 949 1460 omnino
990 1405 1145 1473 fecit,
1194 1406 1338 1477 quia
1370 1422 1471 1462 eos
1500 1421 1569 1461 ex
1598 1406 1879 1476 despera-

210 1494 380 1549 tione
414 1492 759 1549 mirabiliter
785 1493 1075 1550 liberavit.

284 1588 340 1636 7.
368 1584 453 1638 Ex
485 1582 598 1638 hac
628 1582 1025 1639 admiratione
1055 1584 1350 1640 exclamat
1369 1584 1806 1656 Apostostolus,
1832 1584 1879 1639 Ο

210 1672 483 1729 altitudo
501 1672 853 1728 divitiarum
872 1675 1176 1742 sapientiae
1186 1674 1510 1730 etscientiav
1526 1676 1633 1730 Dei
1652 1675 1671 1728 Ι
1695 1690 1879 1745 supra

206 1762 448 1833 quippe
470 1760 718 1826 dixerat,
750 1761 1058 1818 Conclusit
1073 1766 1225 1819 enim
1247 1766 1400 1819 Deus
1415 1766 1643 1820 omnes1
1668 1764 1729 1819 in
1744 1765 1877 1833 inﬁ-

206 1851 488 1918 delitate,
520 1857 584 1905 ut
617 1851 880 1906 omnium
914 1852 1271 1907 misereatur
1302 1854 1489 1922 (Rom.
1527 1869 1607 1917 x1,
1640 1852 1727 1918 33,
1765 1852 1874 1924 32).

208 1942 367 1995 Nam
395 1939 511 1994 hoc
538 1940 713 1995 etiam
742 1939 836 1995 hic
860 1940 1128 2012 sequitur
1152 1958 1165 1995 :
1193 1940 1614 2009 Mulliplicatae
1633 1949 1772 1997 sunt
1792 1943 1877 1996 in-

206 2029 530 2098 ﬁrmitates
574 2044 772 2084 eorum
806 2044 829 2098 ,'
854 2037 1057 2097 postea
1088 2030 1594 2085 acceleraverunt.
1630 2030 1879 2085 Inﬁrmi-

210 2123 370 2173 tates
415 2118 617 2189 posuit
656 2133 763 2188 pro
786 2118 1064 2188 peccatis,
1100 2118 1250 2173 sicut
1271 2118 1346 2173 ad
1372 2121 1672 2174 Romanos
1697 2120 1880 2190 Apos-

213 2206 381 2263 tolus
413 2205 577 2272 dicit,
608 2206 673 2262 Si
701 2206 855 2263 enim
879 2207 1170 2273 Christus,
1205 2223 1337 2263 cum
1372 2207 1601 2275 inﬁrmi
1627 2222 1879 2263 essemus

207 2296 420 2352 adhuc
439 2297 627 2365 juxta
660 2302 886 2364 tempus
934 2312 1045 2365 pro
1077 2297 1274 2365 impiis
1306 2304 1571 2351 mortuus
1603 2304 1687 2353 est
1717 2315 1737 2353 :
1767 2296 1878 2352 hos

207 2384 367 2440 dixit
386 2384 659 2439 inﬁrmos
681 2400 834 2456 quos
852 2385 1089 2456 impios.
1118 2386 1335 2441 Deinde
1358 2385 1539 2454 paulo
1563 2394 1700 2457 post
1718 2402 1882 2441 eam-

208 2471 357 2528 dem
376 2473 733 2528 sententiam
750 2478 1042 2545 repetens,
1062 2474 1464 2540 Commendat,
1482 2475 1693 2547 inquit,
1708 2490 1878 2531 suam

208 2562 573 2618 charitatem
592 2563 749 2618 Deus
776 2565 835 2618 in
853 2564 1037 2629 nobis,
1068 2564 1343 2634 quoniam
1368 2580 1499 2620 cum
1527 2564 1727 2620 adhuc
1749 2579 1880 2633 pec-

210 2658 449 2708 catores
481 2666 752 2716 essemus,
789 2651 1050 2708 Christus
1098 2669 1209 2722 pro
1254 2654 1419 2709 nobis
1451 2662 1718 2709 mortuus
1746 2660 1829 2710 est
1859 2670 1876 2708 :

206 2756 371 2813 quos
389 2740 662 2796 inﬁrmos
687 2756 891 2812 supra,
917 2757 1018 2797 eos
1042 2742 1137 2798 hic
1162 2748 1507 2813 peccatores
1530 2741 1875 2815 appellavit.

210 2831 363 2886 Item
396 2831 455 2884 in
488 2830 994 2899 consequentibus
1028 2831 1144 2886 hoc
1174 2832 1332 2887 idem
1364 2832 1497 2887 aliis
1527 2832 1725 2888 verbis
1752 2848 1879 2888 ver-

218 2935 387 2983 sans,
416 2920 485 2975 Si
513 2918 665 2975 enim
695 2934 827 2975 cum
866 2920 1096 2977 inimici
1121 2936 1393 2985 essemus,
1425 2922 1635 2993 inquit,
1669 2936 1879 2978 recon-

214 3008 416 3064 ciliati
448 3022 649 3063 sumus
681 3008 799 3063 Deo
828 3023 937 3077 per
964 3016 1209 3065 mortem
1240 3010 1386 3065 Filii
1409 3014 1535 3080 ejus
1585 3010 1699 3081 (Id.
1734 3026 1788 3076 v,
1823 3014 1873 3075 6,

212 3100 265 3163 8,
298 3096 412 3164 10).
438 3101 517 3151 Ac
549 3112 655 3167 per
674 3097 789 3152 hoc
818 3097 877 3152 in
905 3113 976 3153 eo
1006 3099 1169 3170 quod
1193 3099 1417 3154 dictum
1451 3105 1558 3165 est,
1587 3100 1878 3168 Multipli-

217 3192 372 3241 σωκ
401 3192 540 3240 sunt
572 3186 953 3253 inﬁrmitates
984 3202 1206 3253 eorum,
1244 3187 1650 3255 intelliguntur
1678 3188 1878 3244 multi-

217 3274 442 3347 plicata
483 3281 729 3345 peccata
777 3290 1005 3330 eorum.
1040 3278 1148 3331 Lex
1199 3277 1357 3331 enim
1408 3276 1780 3343 subintravit,
1815 3283 1878 3333 ut

214 3362 561 3418 abundaret
592 3362 877 3418 delictum
913 3380 924 3417 :
957 3365 1060 3419 sed
1092 3364 1382 3436 quoniam
1419 3364 1518 3420 ubi
1550 3365 1882 3422 abundavit

211 3451 527 3517 delictum,
558 3452 1073 3523 superabundavit
1099 3453 1288 3523 gratia
1318 3453 1585 3525 (Ibidem,
1610 3454 1723 3526 20),
1744 3456 1877 3511 ideo

208 3548 419 3611 postea
446 3542 956 3598 acceleraverunt.
984 3541 1111 3597 Non
1157 3543 1315 3597 enim
1348 3544 1508 3598 venit
1538 3542 1631 3598 ille
1663 3559 1877 3600 vocare

205 3631 428 3701 justos,
463 3630 566 3685 sed
600 3636 943 3701 peccatores
976 3652 989 3685 :
1030 3632 1174 3702 quia
1220 3648 1341 3687 non
1389 3638 1480 3687 est
1525 3648 1679 3704 Opus
1712 3634 1875 3688 sanis

209 3719 511 3784 medicus,
532 3720 636 3775 sed
658 3720 1092 3790 tegrotantibus
1110 3722 1351 3790 (Matth.
1378 3739 1454 3787 ix,
1480 3724 1672 3793 13,12)
1697 3738 1876 3795 ;quo-

207 3824 346 3864 rum
398 3807 618 3863 scilicet
651 3810 1061 3881 multiplicata;
1093 3814 1229 3865 sunt
1255 3810 1651 3870 inﬁrmitates.
1687 3818 1747 3867 ut
1792 3810 1878 3866 eis

209 3896 503 3952 sanandis
534 3902 687 3953 esset
723 3899 1060 3954 necessaria
1107 3905 1281 3954 tantm
1314 3900 1521 3966 gratiae
1555 3898 1876 3968 medicina,

209 3992 267 4041 et
289 3984 386 4040 cui
404 3985 786 4041 dimittuntur
811 3992 1057 4058 peccata
1084 3988 1289 4052 multa,
1305 3987 1576 4059 diligeret
1598 3988 1874 4044 multum.

283 4075 335 4127 8.
360 4074 481 4129 Hoc
507 4074 655 4129 cinis
674 4091 870 4131 vaccae
894 4081 949 4131 et
966 4076 1231 4148 aspersio
1250 4074 1581 4145 sanguinis,
1601 4081 1655 4131 et
1671 4092 1880 4132 cruen-

211 4168 410 4219 tarum
446 4164 859 4235 multiplicatio
892 4166 1266 4221 victimarum
1307 4166 1705 4237 signiﬁcabat,
1753 4182 1875 4223 non

210 4251 533 4308 efﬁciebat.
565 4252 700 4309 ldeo
718 4254 999 4327 deinceps
1016 4255 1177 4319 dicit,
1196 4255 1330 4311 Non
1356 4257 1729 4326 congregabo
1750 4271 1880 4312 con-

209 4342 521 4398 venticula
550 4357 751 4399 eorum
774 4344 841 4399 de
868 4346 1285 4414 sanguinibus,
1316 4344 1375 4399 id
1406 4351 1494 4401 est
1523 4344 1760 4400 illorum
1789 4361 1879 4401 sa-

208 4430 573 4487 criﬁciorum
598 4447 732 4503 quas
758 4432 1224 4489 immolabantur
1248 4434 1305 4488 in
1339 4433 1534 4505 ﬁgura
1565 4434 1876 4503 sanguinis

210 4520 445 4575 Christi.
477 4521 600 4577 Nec
630 4537 851 4578 memor
880 4537 979 4578 ero
1009 4524 1313 4578 nominum
1346 4538 1547 4579 eorum
1578 4538 1687 4591 per
1718 4523 1875 4579 labia

209 4624 364 4666 mea.
398 4609 655 4665 Nomina
683 4611 907 4682 quippe
952 4611 1187 4667 illorum
1219 4616 1388 4667 erant
1426 4613 1486 4666 in
1516 4611 1876 4683 multiplica-

210 4699 369 4754 tione
396 4698 814 4755 inﬁrmitatum
844 4719 859 4769 ;
897 4699 1303 4766 fornicatores,
1332 4700 1506 4756 idolis
1530 4702 1874 4767 servientes,

212 4787 493 4859 adulteri,
538 4788 769 4855 molles,
804 4790 1211 4845 masculorum
1254 4790 1691 4855 concubitores,
1719 4789 1877 4844 fures

214 4876 397 4941 avari,
420 4882 708 4948 raptores,
734 4879 971 4944 ebriosi,
994 4879 1290 4943 maledici,
1312 4885 1369 4934 et
1390 4879 1759 4950 quicumque
1778 4878 1877 4933 alii

215 4981 471 5035 regnum
508 4966 605 5021 Dei
638 4982 758 5021 non
791 4967 1203 5037 possidebunt.
1236 4967 1349 5024 Sed
1396 4967 1494 5022 ubi
1527 4966 1877 5023 abundante

215 5061 483 5127 peccato,
516 5055 1023 5127 superabundavit
1051 5056 1259 5126 gratia,
1293 5063 1494 5126 postea
1513 5057 1878 5112 accelerave-

214 5150 379 5198 runt.
416 5146 549 5199 Ηωο
598 5144 847 5216 quidem
894 5145 1144 5208 fuerunt,
1188 5144 1293 5201 sed
1344 5146 1529 5201 abluti
1580 5150 1736 5210 sunt,
1771 5145 1877 5201 sed

215 5231 570 5288 sanctiﬁcati
586 5233 1311 5305 sunt,sedjustiﬁcatisunt
1330 5235 1388 5290 in
1406 5235 1636 5290 nomine
1648 5234 1875 5290 Domini

214 5321 353 5377 Jesu
382 5321 613 5387 Christi,
633 5327 689 5377 et
710 5321 767 5376 in
785 5323 1000 5394 Spiritu
1028 5323 1121 5377 Dei
1148 5324 1336 5380 nostri
1359 5324 1404 5394 (Ι
1424 5325 1551 5380 Cor.
1582 5340 1656 5390 νε,
1689 5326 1872 5392 9-1ί);

216 5408 351 5466 ideo
395 5425 517 5466 non
550 5426 784 5466 memor
811 5412 918 5467 erit
951 5413 1266 5468 nominum
1297 5412 1536 5468 illorum
1570 5428 1676 5483 per
1714 5412 1877 5469 labia

277 5528 289 5560 ¹
309 5526 435 5591 Mss.
461 5530 565 5591 tres
588 5528 896 5591 recentioris
918 5529 1108 5584 (etatis,
1128 5529 1303 5576 omnia
1324 5529 1377 5575 in
1397 5528 1699 5589 inﬁdelitate
1719 5545 1736 5575 :
1757 5542 1875 5591 quae

219 5594 298 5654 est
323 5590 480 5638 lectio
510 5590 750 5653 Vulgata:
772 5592 1053 5645 versiouis.
1086 5592 1253 5640 Atalti
1272 5592 1398 5640 Cdd.
1429 5604 1625 5654 magno
1653 5590 1877 5640 numero

220 5652 435 5709 habent,
450 5652 1043 5717 omnem'uxtagrtncum
1057 5657 1260 5705 textum
1275 5652 1872 5719 Apostoli,'touspantas.

1456 120 1960 179 EPISTOLABUM
1999 120 2286 180 CLASSIS
2327 123 2429 182 III.

3545 123 3653 181 634

1990 264 2118 303 sua.
2139 250 2291 305 Sane
2313 249 2547 305 codices
2569 247 3006 305 emendatiores
3027 250 3085 304 et
3105 246 3373 305 electoris
3396 249 3649 306 auctori-

1991 336 2145 401 tatis,
2182 354 2300 395 non
2332 338 2579 403 habent,
2624 339 2953 395 voluntates
2980 352 3137 402 suas,
3163 337 3289 403 sed,
3315 338 3648 395 voluntates

1987 441 2144 481 meas
2159 449 2179 497 ,-
2200 428 2366 499 quod
2397 428 2767 483 tantumdem
2791 427 2966 491 valet,
2987 427 3128 498 quia
3149 442 3219 483 ex
3247 442 3502 498 persona
3526 426 3646 483 Filii

1988 515 2224 571 dicitur.
2250 516 2379 587 Ipse
2409 517 2633 589 quippe
2662 516 2945 588 loquitur,
2969 531 3150 587 quem
3190 516 3374 571 verba
3404 516 3504 572 illa
3533 516 3649 572 evi-

1990 604 2198 660 denter
2223 606 2803 677 osteudunt,quibus
2823 604 3267 675 etApostoliusi
3290 610 3427 660 sunt
3457 624 3469 661 :
3498 606 3646 666 Non

1988 693 2359 766 derelinques
2406 695 2668 751 animam
2703 710 2888 750 meam
2920 694 2982 748 in
3024 694 3287 763 inferno,
3341 709 3447 750 nec
3478 693 3648 749 dabis

1987 789 2261 839 sanctum
2296 790 2461 839 tuum
2492 785 2690 840 videre
2719 782 3158 851 corruptionem
3193 782 3346 854 (Act.
3382 801 3438 851 ιι,
3476 787 3562 852 3t,
3592 790 3648 840 et

1987 888 2109 937 xm,
2138 872 2249 944 35).
2283 873 2502 928 Eadem
2531 878 2671 927 sunt
2700 872 2897 944 utique
2932 887 3177 926 munera
3222 872 3424 941 gratias
3458 872 3644 927 Patris

1988 967 2043 1016 et
2077 961 2195 1017 Filii
2227 967 2282 1017 et
2310 962 2561 1033 Spiritus
2593 963 2781 1016 sancti
2815 978 2828 1026 ;
2858 966 2914 1016 et
2945 960 3079 1015 ideo
3109 960 3435 1017 rectissime
3478 964 3533 1016 et
3562 960 3643 1017 Fi-

1991 1050 2107 1104 lius
2139 1065 2242 1105 eas
2278 1055 2468 1122 potest
2496 1050 2692 1106 dicere
2724 1052 3062 1107 voluntates
3092 1065 3252 1105 suas.

2057 1165 2109 1219 9.
2147 1167 2316 1230 Quod
2359 1182 2495 1221 vero
2529 1167 2587 1221 in
2621 1166 2854 1237 psalmo
2886 1165 3389 1237 quinquagesimo
3432 1170 3647 1221 octavo

1986 1252 2059 1307 de
2084 1254 2308 1308 Judaeis
2340 1254 2703 1324 intelligitur,
2734 1254 2986 1309 dicente.
3005 1255 3095 1310 Ne
3124 1255 3405 1311 occideris
3433 1270 3546 1317 eos,
3574 1269 3650 1309 ne

1985 1343 2227 1413 quando
2250 1344 2683 1399 obliviscantur
2702 1345 2872 1413 Legis
2896 1350 3033 1412 tuae,
3056 1343 3473 1398 convenienter
3504 1342 3648 1402 mihi

1984 1430 2216 1487 videtur
2251 1433 2497 1504 intelligi
2526 1433 2607 1487 ita
2637 1448 2763 1487 esse
2812 1433 3278 1504 praenuntiatum
3314 1452 3325 1487 :
3367 1432 3646 1487 eamdem

1986 1526 2224 1589 gentem
2262 1522 2438 1577 etiam
2467 1521 2829 1577 debellatam
2854 1526 3033 1593 atque
3059 1521 3434 1585 subversam,
3460 1521 3519 1576 in
3546 1537 3650 1592 po-

1985 1609 2109 1681 puli
2162 1610 2399 1665 victoris
2449 1610 2899 1678 superstitiones
2946 1625 3066 1665 non
3098 1609 3281 1667 fuisse
3320 1624 3645 1674 cessuram,

1988 1698 2093 1753 sed
2125 1699 2184 1754 in
2231 1701 2405 1756 veteri
2438 1700 2591 1769 Lege
2633 1716 3005 1764 mansuram,
3041 1705 3103 1755 ut
3138 1699 3302 1771 apud
3332 1715 3464 1755 eam
3496 1703 3650 1755 esset

1984 1788 2391 1844 testimonium
2406 1789 2851 1861 Scripturarum
2869 1794 2988 1845 toto
3003 1789 3145 1845 orbe
3164 1787 3645 1854 terrarum,unde

1985 1877 2245 1933 Ecclesia
2294 1878 2485 1934 fuerat
2523 1878 2852 1935 evocanda.
2888 1878 3057 1933 Nullo
3085 1878 3244 1933 enim
3276 1877 3640 1933 evidentiore

1978 1965 2345 2022 documento
2364 1967 2698 2022 ostenditur
2729 1966 3031 2035 gentibus,
3054 1967 3219 2037 quod
3250 1965 3645 2021 saluberrime

1988 2054 2331 2120 advertitur,
2366 2071 2486 2110 non
2515 2056 2890 2127 inopinatum
2923 2061 2979 2110 et
3008 2056 3385 2125 repentinum
3415 2053 3643 2125 aliquid

1986 2143 2325 2200 institutum
2385 2145 2593 2216 spiritu
2667 2144 3151 2216 praesumptionis
3217 2144 3523 2208 humanae,
3584 2148 3648 2198 ut

1988 2230 2197 2287 Christi
2226 2249 2448 2288 nomen
2481 2234 2540 2289 in
2572 2249 2675 2305 spe
2708 2234 2913 2288 salutis
2941 2238 3177 2288 aeternae
3210 2238 3370 2287 tanta
3397 2232 3647 2288 auctori-

1986 2326 2101 2376 tate
2121 2322 2487 2393 praepolleat,
2518 2323 2619 2377 sed
2643 2322 2785 2378 olim
2817 2322 3001 2378 fuisse
3025 2320 3440 2393 prophetatum
3465 2326 3647 2392 atque

1986 2412 2416 2483 conscriptum.
2451 2414 2598 2467 Nam
2639 2413 2769 2483 ipsa
2802 2411 3115 2483 prophetia
3161 2409 3307 2482 quid
3339 2409 3503 2465 aliud
3534 2409 3649 2465 nisi

1988 2516 2023 2555 a
2050 2500 2267 2555 nostris
2302 2505 2604 2571 putaretur
2639 2516 2769 2555 esse
2813 2499 3086 2565 conﬁcta,
3116 2498 3163 2553 si
3200 2514 3319 2554 non
3347 2498 3421 2553 de
3449 2498 3649 2554 inimi-

1988 2604 2195 2644 corum
2241 2588 2551 2644 codicibus
2582 2588 2936 2659 probaretur
2970 2588 2997 2643 ‘l
3046 2589 3197 2654 ldeo,
3230 2587 3318 2642 Ne
3363 2587 3647 2643 occideris

1985 2694 2117 2743 eos;
2150 2694 2221 2733 ne
2244 2678 2430 2750 ipsius
2460 2679 2653 2747 gentis
2685 2694 2905 2734 nomen
2926 2676 3298 2741 exstinxeris,
3332 2677 3647 2748 nequando

1986 2768 2425 2824 obliviscantur
2466 2769 2632 2837 Legis
2660 2774 2777 2823 tua?
2798 2788 2816 2824 :
2847 2766 3011 2839 quod
3043 2768 3243 2837 utique
3274 2765 3459 2830 ﬁeret,
3491 2766 3537 2820 si
3568 2765 3647 2821 ri-

1988 2861 2080 2910 tus
2108 2861 2163 2911 et
2211 2872 2383 2911 sacra
2437 2856 2753 2911 Gentilium
2808 2855 3000 2910 colere
3045 2853 3342 2923 compulsi
3382 2855 3643 2926 penitus,

1985 2944 2428 3017 qualecumque
2453 2960 2671 2999 nomen
2701 2943 2995 3014 religionis
3018 2943 3411 2998 suae'minime
3440 2944 3649 2999 retine-

1984 3039 2134 3088 rent.
2160 3033 2330 3098 Quod
2366 3033 2421 3087 in
2443 3049 2648 3088 eorum
2670 3032 2867 3102 ﬁgura
2892 3032 3069 3087 etiam
3087 3031 3161 3086 de
3180 3031 3319 3085 Cain
3355 3031 3646 3102 scriptum

1985 3126 2096 3187 est,
2121 3122 2285 3193 quod
2309 3121 2612 3177 constituit
2630 3122 2687 3175 in
2716 3137 2786 3176 eo
2815 3121 3100 3176 Dominus
3128 3119 3391 3188 signum,
3412 3134 3484 3173 ne
3511 3120 3647 3190 quis

1985 3210 2283 3266 occideret
2335 3226 2472 3265 eum
2531 3210 2700 3281 (Gen.
2760 3226 2832 3276 IV,
2888 3209 3000 3281 15).
3061 3209 3320 3279 Denique
3378 3223 3517 3263 cum
3566 3207 3644 3263 dl-

1984 3302 2194 3366 xisset,
2234 3301 2325 3356 Ne
2375 3300 2662 3356 occideris
2712 3315 2826 3365 eos,
2857 3298 3172 3371 nequando
3221 3297 3648 3353 obliviscantur

1986 3390 2159 3461 Legis
2192 3397 2351 3461 tute;
2383 3390 2541 3444 velut
2570 3395 2959 3461 quiereretur,
2983 3387 3131 3461 quid
3148 3388 3222 3443 de
3243 3385 3354 3442 illis
3386 3390 3541 3441 esset
3565 3384 3648 3442 fa-

1986 3478 2289 3541 ciendum,
2318 3482 2381 3533 ut
2399 3479 2457 3533 in
2476 3478 2716 3550 aliquos
2744 3494 2888 3533 usus
2911 3476 3230 3533 testimonii
3254 3474 3507 3530 veritatis
3525 3489 3649 3530 non

1986 3567 2356 3630 occidantur,
2391 3567 2450 3621 id
2483 3573 2587 3633 est,
2619 3582 2737 3621 non
2770 3564 3222 3622 consumanturi
3268 3579 3463 3635 neque
3492 3562 3649 3619 obli-

1987 3656 2294 3711 viscantur
2322 3655 2483 3727 Legis
2504 3656 2603 3709 Dei
2632 3672 2644 3723 ;
2675 3656 2958 3710 continuo
2984 3653 3292 3725 subjunxit
3317 3669 3330 3705 :
3356 3654 3643 3723 Disperge

1986 3746 2125 3800 illos
2155 3745 2217 3800 in
2249 3744 2467 3800 virtute
2489 3748 2611 3799 tua.
2643 3744 2697 3799 Si
2729 3744 2885 3797 enim
2912 3743 2970 3797 in
3004 3759 3125 3797 uno
3154 3742 3286 3798 loco
3310 3746 3511 3797 essent
3533 3746 3640 3796 ter-

1987 3850 2209 3897 rarum,
2241 3848 2360 3888 non
2388 3832 2739 3902 adjuvarent
2785 3831 3122 3886 testimonio
3154 3828 3637 3902 praedicationem

1992 3922 2314 3993 Evangelii,
2345 3937 2477 3993 quae
2504 3919 2819 3975 fructiﬁcat
2846 3925 2967 3976 toto
2992 3919 3136 3975 orbe
3168 3925 3477 3974 terrarum.
3505 3917 3642 3973 Ideo

1988 4014 2261 4083 disperge
2302 4012 2439 4068 illos
2466 4011 2530 4066 in
2562 4011 2782 4067 virtute
2812 4015 2936 4078 tua,
2981 4014 3043 4064 ut
3081 4010 3209 4081 ejus
3249 4007 3438 4080 ipsius
3470 4007 3644 4079 cujus

1989 4104 2223 4159 fuerunt
2249 4106 2584 4173 negatores,
2616 4105 3045 4171 persecutores,
3066 4097 3486 4161 interfectores,
3522 4095 3641 4151 ubi-

1988 4208 2106 4266 que
2135 4193 2253 4247 sint
2282 4195 2461 4246 testes
2493 4205 2597 4261 per
2628 4189 2821 4261 ipsam
2852 4191 3086 4257 Legem,
3120 4202 3307 4260 quam
3339 4202 3459 4243 non
3498 4184 3644 4241 obli-

1988 4282 2318 4346 viscuntur,
2348 4279 2405 4335 in
2439 4295 2561 4351 qua
2591 4282 2681 4334 est
2722 4278 2814 4333 ille
2859 4278 3274 4350 prophetatus,
3305 4292 3489 4345 quem
3521 4289 3643 4331 non

1988 4376 2337 4443 sequuntur.
2366 4368 2563 4441 Neque
2607 4369 2764 4422 enim
2798 4367 2879 4422 eis
2922 4366 3151 4438 aliquid
3181 4365 3443 4437 prodest,
3475 4363 3641 4436 quod

1988 4477 2121 4517 eam
2151 4474 2271 4515 non
2302 4457 2732 4514 obliviscuntur
2762 4474 2773 4513 :
2809 4455 2968 4510 aliud
3006 4458 3092 4509 est
3121 4453 3279 4508 enim
3309 4453 3504 4521 legem
3544 4450 3645 4506 Dei

1986 4548 2207 4604 habere
2234 4547 2293 4601 in
2323 4545 2631 4610 memoria,
2660 4543 2823 4599 aliud
2856 4544 2914 4597 in
2940 4542 3237 4598 intellectu
3267 4539 3569 4597 eteﬁ‘ectu.

2059 4665 2144 4718 lO.
2181 4667 2241 4718 In
2272 4661 2650 4731 sexagesimo
2684 4664 2880 4715 autem
2916 4657 3171 4729 septimo
3196 4657 3451 4729 psalmo,
3474 4656 3641 4729 quod

1987 4752 2205 4824 quaeris
2237 4750 2381 4823 quid
2428 4750 2521 4817 sit,
2569 4750 2975 4805 Verumtamen
3030 4749 3185 4803 Deus
3224 4747 3644 4819 conquassabit

1988 4842 2187 4909 capita
2204 4840 2575 4895 inimicorum
2588 4853 2852 4901 suorum,
2881 4838 3155 4893 verticem
3171 4836 3383 4905 capilli
3401 4850 3635 4905 peram-

1990 4929 2324 4986 bulanlium
2359 4930 2419 4985 in
2444 4928 2674 4985 delictis
2706 4928 2867 4999 suis;
2892 4942 3010 4983 non
3047 4926 3192 4982 mihi
3220 4926 3452 4981 videtur
3477 4922 3641 4979 aliud

1988 5019 2212 5075 dictum
2244 5034 2452 5091 quam,
2486 5017 2641 5073 Deus
2668 5016 3096 5088 conquassabit
3148 5014 3342 5085 capita
3374 5013 3642 5068 inimico-

1987 5125 2120 5164 rum
2165 5124 2412 5163 suorum
2445 5106 2701 5163 nimium
2734 5104 3230 5177 superbientium,
3272 5101 3526 5157 nimium
3580 5115 3642 5157 se

1986 5197 2388 5253 extollentium
2414 5197 2470 5251 in
2490 5195 2716 5250 delictis
2742 5193 2883 5248 suis.
2908 5195 3011 5248 Per
3034 5188 3405 5263 hyperbolen
3417 5186 3641 5262 quippe

1987 5286 2348 5356 signiﬁcavit
2396 5284 2740 5356 superbiam
2786 5288 3017 5337 tantum
3050 5296 3112 5334 se
3156 5278 3552 5342 extollentem,
3587 5282 3643 5334 et

1988 5381 2155 5432 tanta
2194 5375 2445 5431 elatione
2481 5373 2874 5435 incedentem,
2905 5368 3078 5441 quasi
3125 5366 3318 5439 capilli
3364 5367 3641 5422 verticem

1987 5464 2467 5536 perambulando
2514 5461 2787 5517 calcaret.
2842 5463 2985 5515 Item
3027 5458 3088 5513 in
3140 5456 3349 5514 eodem
3411 5455 3644 5529 psalmo

1985 5553 2142 5624 quod
2171 5554 2457 5624 scriptum
2503 5556 2608 5613 est,
2646 5550 2873 5617 Lingua
2906 5563 3118 5603 canum
3160 5553 3396 5602 tuorum
3424 5561 3499 5602 ea:
3526 5545 3640 5601 ini-

1987 5642 2151 5699 micis
2174 5642 2248 5698 ab
2277 5646 2399 5712 ipso
2422 5658 2440 5705 ;
2468 5654 2589 5697 non
2618 5654 2850 5712 semper
2876 5638 2935 5695 in
2961 5635 3118 5694 malo
3143 5634 3475 5710 accipiendi
3507 5640 3643 5690 sunt
