4098 6166
513 119 621 179 635

516 258 719 301 canes.
751 241 1029 316 Alioquin
1060 256 1179 298 non
1224 239 1799 313 reprehenderentur
1831 240 1993 313 apud
2024 255 2168 312 pro-

515 333 759 405 phetam
792 348 973 389 canes
1005 330 1152 386 muti
1178 329 1511 385 nescientes
1543 329 1782 398 latrare,
1815 336 1869 386 et
1890 335 2166 386 amantes

516 422 841 479 dormitare
868 421 1033 493 (Isai.
1056 435 1167 485 ιη,
1199 418 1281 491 lO)
1314 435 1326 473 :
1358 418 1626 490 profecto
1653 419 1814 475 enim
1834 418 2168 474 laudabiles

519 527 695 568 canes
725 514 942 573 essent,
977 507 1025 563 si
1059 513 1114 563 et
1146 507 1362 564 latrare
1388 508 1624 575 scirent,
1653 514 1709 563 et
1739 509 1983 580 vigilare
2006 524 2169 565 ama-

516 606 665 656 rent.
695 601 760 654 Et
784 603 938 653 certe
972 597 1049 652 illi
1082 598 1324 653 trecenti
1359 598 1421 654 in
1452 613 1705 654 numero
1736 614 1842 669 per
1866 599 2057 653 crucis
2084 597 2171 653 lit-

518 693 704 746 teram
744 687 1151 743 sacratissimo
1179 702 1301 742 non
1340 687 1695 757 eligerentur
1737 688 1813 743 ad
1860 687 2170 743 victoriam

514 778 877 842 faciendam,
916 776 1018 850 qui
1049 782 1343 850 tanquam
1370 793 1549 833 canes
1579 777 1913 833 lamberent
1943 793 2169 849 aquam

516 866 738 939 (Judic.
785 882 881 933 vn,
919 867 995 934 7),
1026 866 1137 921 nisi
1166 866 1391 937 aliquid
1421 881 1711 935 magnum
1743 865 2168 935 significarent.

517 955 773 1026 Vigilant
799 955 962 1011 enim
982 960 1038 1011 et
1063 956 1281 1012 latrant
1306 955 1449 1011 boni
1480 971 1683 1021 canes,
1708 961 1762 1011 et
1779 971 1887 1028 pro
1912 955 2094 1011 domo
2116 960 2172 1011 et

516 1061 626 1117 pro
657 1044 927 1114 domino,
960 1048 1016 1099 et
1047 1059 1153 1115 pro
1184 1059 1361 1114 grege
1387 1050 1443 1099 et
1469 1060 1575 1115 pro
1612 1050 1870 1115 pastore.
1904 1044 2170 1116 Denique

519 1138 579 1189 et
602 1133 697 1190 hic
731 1134 790 1188 in
825 1132 1092 1189 Ecclesia;
1126 1133 1428 1201 laudibus,
1462 1149 1600 1188 cum
1632 1133 1945 1205 prophetia
1971 1149 2174 1188 exere-

518 1227 697 1288 retur,
721 1222 926 1291 lingua
943 1238 1161 1277 canum
1182 1228 1269 1277 est
1291 1227 1783 1289 commemorata,
1804 1238 1923 1278 non
1942 1222 2169 1278 dentes.

524 1312 782 1367 Tuorum
809 1316 1007 1367 autem
1031 1326 1270 1376 canum,
1296 1311 1462 1377 dixit,
1483 1326 1558 1368 ex
1578 1310 1855 1377 inimicis,
1882 1310 1943 1365 id
1975 1316 2084 1375 est,
2111 1316 2172 1366 ut

521 1395 628 1469 qui
657 1401 826 1452 erant
850 1396 1074 1451 inimici
1108 1396 1185 1452 tui
1220 1398 1431 1452 ﬁerent
1459 1412 1639 1451 canes
1669 1396 1773 1465 tui,
1808 1402 1863 1452 et
1892 1397 2176 1452 latrarent

521 1500 631 1559 pro
645 1489 719 1549 te,
747 1485 849 1556 qui
873 1484 1199 1540 saeviebant
1224 1486 1281 1540 in
1308 1491 1381 1540 te.
1408 1485 1649 1541 Addidit
1674 1491 1894 1551 autem,
1922 1486 1997 1541 ab
2022 1485 2169 1553 ipso,

521 1578 585 1629 ut
615 1589 734 1629 non
766 1590 801 1629 a
828 1574 1037 1644 seipsis
1080 1574 1193 1629 hoc
1232 1572 1453 1629 factum
1501 1573 1915 1644 intelligerent,
1947 1574 2052 1630 sed
2097 1574 2171 1631 ab

522 1662 670 1733 ipso,
703 1661 760 1716 id
794 1667 885 1717 est
916 1662 1325 1718 misericordia
1356 1663 1485 1734 ejus
1518 1668 1575 1718 et
1605 1664 1815 1731 gratia.

596 1750 820 1806 CAPUT
852 1752 917 1806 ll.
949 1780 1017 1792 -—
1050 1756 1133 1806 ll.
1177 1755 1255 1807 De
1284 1751 1589 1823 prophetis
1618 1752 1781 1823 quod
1814 1752 1892 1807 ait
1926 1757 2171 1823 Aposto-

521 1838 633 1905 lus,
666 1839 957 1907 Quosdam
987 1840 1220 1911 quidem
1252 1841 1412 1897 dedit
1435 1843 1589 1897 Deus
1614 1840 1676 1895 in
1708 1842 1976 1897 Ecclesia
1999 1857 2175 1910 apos-

525 1928 689 1994 tolos,
720 1930 1001 2000 quosdam
1025 1936 1221 1985 autem
1248 1930 1569 1999 prophetas
1598 1930 1778 2000 (Eph.
1812 1946 1889 1996 lv,
1926 1931 2032 2001 tt),
2062 1930 2174 1985 hoc

525 2016 787 2087 intelligo
817 2019 980 2090 quod
1007 2018 1133 2089 ipse
1161 2018 1467 2090 scripsisti,
1497 2019 1819 2091 prophetas
1850 2035 1952 2073 eos
1985 2019 2173 2074 dictos

524 2106 635 2162 isto
660 2106 813 2172 loco,
848 2123 918 2162 ex
944 2107 1170 2178 quibus
1218 2108 1460 2177 Agabus
1491 2114 1616 2165 erat
1645 2108 1802 2178 (Act.
1832 2125 1908 2175 ιι,
1942 2111 2030 2175 27,
2058 2110 2171 2179 28),

524 2211 646 2252 non
668 2194 797 2251 illos
817 2196 919 2267 qui
953 2202 1266 2252 venturum
1301 2196 1360 2252 in
1378 2213 1556 2252 carne
1582 2197 1899 2252 Dominum
1922 2198 2174 2269 prophe-

525 2289 819 2343 laverunt.
845 2286 1245 2357 Evangelistas
1264 2302 1405 2341 vero
1430 2286 1793 2351 invenimus,
1822 2303 1975 2359 quos
2000 2304 2169 2358 apos-

526 2373 679 2429 tolos
707 2373 889 2429 fuisse
930 2390 1052 2430 non
1098 2375 1393 2445 legimus;
1426 2374 1577 2430 sicut
1619 2374 1856 2431 fuerunt
1902 2378 2086 2431 Lucas
2119 2382 2174 2433 et

524 2465 770 2519 Marcus.
804 2464 1076 2519 Pastores
1106 2468 1304 2519 autem
1332 2470 1387 2519 et
1415 2464 1709 2529 doctores,
1736 2480 1888 2535 quos
1917 2465 2174 2520 maxime

526 2557 590 2607 ut
618 2551 1011 2608 discernerem
1059 2551 1319 2616 voluisti,
1352 2552 1595 2607 eosdem
1639 2558 1785 2624 puto
1830 2569 1979 2619 esse,
2026 2552 2175 2608 sicut

525 2646 579 2696 et
611 2639 711 2695 tibi
743 2639 937 2695 visum
977 2644 1081 2704 est,
1119 2644 1182 2696 ut
1215 2656 1335 2696 non
1366 2640 1515 2696 alios
1543 2647 1825 2712 pastores,
1861 2642 2008 2697 alios
2037 2642 2175 2697 doc-

526 2732 681 2783 tores
711 2726 1115 2797 intelligamus
1150 2744 1163 2793 ;
1194 2728 1451 2783 sedideo
1482 2745 1619 2784 cum
1645 2729 2013 2798 praedixisset
2042 2746 2175 2800 pas-

524 2819 705 2879 tores,
731 2816 1121 2887 subjunxisse
1152 2817 1449 2880 doctores,
1479 2822 1539 2873 ut
1559 2817 1947 2888 intelligerent
1976 2823 2169 2890 pasto»

525 2920 620 2961 res
649 2905 727 2961 ad
775 2905 1039 2962 ofﬁcium
1080 2923 1257 2961 suum
1309 2907 1601 2979 pertinere
1651 2908 2001 2964 doctrinam.
2038 2908 2174 2964 Ideo

527 2996 687 3051 enim
716 3010 837 3052 non
864 2996 965 3065 ait,
994 2996 1300 3062 Quosdam
1323 3002 1521 3052 autem
1553 3002 1844 3068 pastores,
1877 2997 2169 3070 quosdam

524 3101 667 3142 vero
692 3085 966 3143 doctores
1000 3107 1012 3151 ;
1046 3102 1184 3142 cum
1215 3088 1525 3157 superiora
1566 3088 1695 3158 ipso
1722 3086 2035 3143 locutionis
2072 3104 2176 3159 ge-

524 3190 663 3231 nere
693 3174 1085 3245 distingueret
1112 3175 1384 3241 dicendo,
1420 3176 1714 3242 Quosdam
1744 3176 1978 3246 quidem
2005 3192 2177 3246 apos-

523 3265 691 3334 tolos,
745 3265 1029 3337 quosdam
1083 3271 1279 3321 autem
1307 3264 1655 3335 prophetas,
1693 3265 1979 3335 quosdam
2039 3280 2175 3322 vero

527 3354 921 3424 evangelistas
939 3372 959 3408 :
979 3353 1083 3408 sed
1106 3352 1218 3407 hoc
1246 3358 1535 3426 tanquam
1561 3370 1748 3409 unum
1779 3354 2005 3426 aliquid
2031 3355 2177 3410 duo-

523 3440 636 3497 bus
663 3441 1010 3497 nominibus
1037 3441 1351 3513 amplexus
1377 3446 1483 3508 est,
1503 3443 1789 3514 quosdam
1816 3450 2013 3500 autem
2045 3460 2175 3514 pas-

528 3533 677 3587 tores
707 3536 760 3585 et
790 3530 1070 3586 doctores.

600 3620 683 3673 l2.
736 3618 836 3674 llla
870 3618 1044 3689 plane
1074 3617 1418 3674 difﬁcillime
1464 3618 1900 3685 discernuntur,
1952 3620 2055 3675 ubi
2098 3621 2177 3676 ad

525 3706 897 3763 Timotheum
956 3708 1221 3764 scribens
1252 3710 1350 3775 ait,
1386 3708 1634 3765 Obsecro
1672 3709 1875 3781 itaque
1914 3712 2175 3778 primum

527 3796 783 3853 omnium
832 3797 967 3866 ﬁeri
1002 3798 1454 3862 obsecrationes,
1486 3798 1801 3865 orationes,
1833 3799 2180 3869 interpella-

528 3888 725 3951 tiones,
751 3890 1091 3957 gratiarum
1110 3890 1367 3944 actiones
1393 3890 1433 3954 (1
1464 3889 1608 3943 Tim.
1635 3905 1690 3951 ιι,
1731 3889 1799 3959 t).
1838 3889 2177 3944 Secundum

525 3992 787 4049 graecum
828 3976 987 4031 enim
1026 3976 1332 4048 eloquium
1390 3977 1783 4033 discernenda
1813 3985 1994 4033 sunt:
2037 3994 2179 4034 nam

523 4066 707 4121 nostri
739 4065 1084 4136 interpretes
1119 4065 1213 4120 vix
1244 4066 1639 4136 reperiuntur,
1673 4066 1775 4137 qui
1806 4081 1875 4120 ea
1922 4066 2179 4135 diligen-

524 4157 612 4208 ter
635 4157 692 4208 et
708 4152 957 4207 scienter
974 4152 1286 4208 transferre
1300 4153 1656 4208 curaverint.
1679 4157 1821 4209 Ecce
1845 4155 2003 4209 enim
2033 4155 2184 4210 sicut

525 4254 596 4296 ea
612 4240 739 4312 ipse
754 4240 1024 4312 posuisti,
1052 4240 1300 4297 Obsecro
1318 4242 1452 4311 ﬁeri
1480 4241 1933 4307 obsecrationes,
1950 4259 2071 4299 non
2088 4259 2182 4300 eo-

525 4327 664 4386 dem
691 4328 876 4385 verbo
908 4334 1227 4401 utrumque
1257 4330 1403 4386 dixit
1439 4330 1787 4402 Apostolus,
1828 4332 1932 4403 qui
1980 4333 2182 4405 utique

521 4434 710 4491 graece
724 4418 887 4475 illam
903 4419 1136 4489 scripsit
1151 4420 1487 4491 epistolam;
1503 4420 1604 4475 sed
1620 4435 1729 4492 pro
1750 4436 1821 4476 eo
1837 4422 2001 4493 quod
2025 4422 2084 4477 in
2104 4422 2185 4478 la—

521 4508 635 4565 tino
648 4514 753 4574 est,
764 4508 1131 4579 0bsecro,ille
1146 4525 1336 4581 graece
1349 4509 1944 4583 dixit,napaxa).di.Pro
1958 4526 2028 4567 eo
2045 4527 2182 4567 vero

524 4598 689 4670 quod
705 4597 926 4653 latinus
944 4605 1135 4653 vester
1154 4598 1359 4665 habet,
1379 4598 1828 4664 obsecrationes,
1849 4598 1943 4655 ille
1962 4601 2180 4672 posuit,

527 4683 756 4747 διήσεις.
775 4686 1022 4742 Proinde
1048 4686 1145 4741 alii
1167 4687 1402 4742 codices
1421 4689 1479 4743 in
1498 4688 1722 4760 quibus
1744 4696 1798 4744 et
1822 4689 2001 4745 nostri
2022 4696 2177 4759 sunt,

523 4789 647 4832 non
675 4774 919 4844 habent,
951 4775 1395 4841 obsecrationes,
1422 4777 1546 4841 sed,
1571 4778 2031 4846 deprecationes.
2051 4779 2181 4835 Tria

523 4878 701 4937 porro
730 4879 861 4937 quae
904 4869 1254 4935 sequuntur,
1287 4866 1603 4927 orationes.
1642 4866 2175 4935 interpellationes,

520 4955 856 5028 gratiorum
913 4954 1192 5019 actiones,
1254 4952 1519 5026 plerique
1585 4953 1753 5010 latini
1806 4956 2041 5012 codices
2096 4956 2178 5011 sic

517 5044 764 5102 habent.

599 5137 680 5190 t3.
704 5132 868 5190 Unde
884 5132 931 5188 si
954 5130 1207 5188 velimus
1240 5130 1571 5187 secundum
1594 5131 1793 5188 latinas
1808 5132 2027 5204 linguae
2046 5150 2175 5206 pro-

520 5222 796 5293 prietates
836 5221 949 5278 ista
980 5220 1313 5278 discernere
1360 5236 1525 5277 more
1555 5220 1861 5293 loquendi,
1909 5228 2172 5279 nostram

520 5309 606 5365 vel
624 5311 1130 5384 qualemcumque
1152 5309 1510 5367 sententiam
1536 5309 1787 5367 fortasse
1808 5310 2172 5384 tenebimus;

521 5398 627 5453 sed
665 5400 883 5455 mirum
912 5401 959 5456 si
989 5401 1343 5457 sententiam
1377 5398 1550 5470 graeci
1589 5401 1882 5455 sermonis
1914 5400 2007 5457 vel
2036 5417 2174 5457 con-

519 5487 848 5543 suetudinis
878 5489 1304 5546 obtinebimus.
1350 5489 1771 5558 Precationem,
1806 5494 1862 5546 et
1890 5489 2175 5563 depreca-

519 5574 765 5643 tionem,
791 5576 959 5635 multi
989 5579 1177 5636 nostri
1205 5579 1319 5641 hoc
1342 5579 1500 5639 idem
1531 5583 1763 5655 putant,
1797 5582 1851 5636 et
1880 5580 1993 5638 hoc
2024 5596 2171 5657 quo-

1816 114 1875 171 S.
1919 112 2309 172 AUGUSTINI
2346 112 2672 171 EPISCOPI

3811 110 3906 168 636

2272 240 2503 297 tidiano
2530 256 2642 296 usu
2668 240 2796 311 jam
2823 238 3073 296 omnino
3095 236 3427 311 praevaluit.
3464 235 3584 303 Qui
3611 237 3807 292 autem
3824 235 3926 292 dis-

2274 330 2514 386 tinctius
2546 329 2721 386 latine
2752 328 2932 385 locuti
2954 334 3110 393 sunt,
3135 326 3594 400 precationibus
3632 325 3929 381 utebantur

2272 417 2333 473 in
2363 419 2644 489 optandis
2702 418 2896 483 bonis,
2944 416 3475 489 deprecationibus
3513 429 3660 469 vero
3689 415 3749 469 in
3782 414 3928 470 devi-

2275 508 2470 562 tandis
2493 509 2684 564 malis.
2720 507 2945 563 Precari
2977 507 3139 561 enim
3160 504 3449 561 dicebant
3474 518 3612 559 esse
3646 504 3934 574 precando

2274 596 2436 653 bona
2460 604 2666 667 optare
2696 613 2711 663 ;
2746 595 3064 667 imprecari
3088 594 3270 659 mala,
3296 593 3468 667 quod
3501 591 3692 662 vulgo
3714 592 3835 662 jam
3864 591 3937 646 di-

2276 686 2445 751 citur,
2468 685 2822 741 maledicere
2845 702 2857 739 :
2880 684 3189 756 deprecari
3204 689 3429 747 autem,
3455 681 3626 737 mala
3651 682 3938 752 precando

2274 774 2587 846 depellere.
2624 775 2738 831 Sed
2765 776 3050 830 usitatum
3076 772 3205 843 jam
3240 771 3539 844 loquendi
3570 770 3824 825 modum
3849 784 3939 839 po-

2278 865 2390 919 tius
2416 880 2779 937 sequamur;
2813 870 2870 919 et
2895 864 3015 919 sive
3039 861 3411 933 precationes
3434 860 3569 915 sive
3594 859 3939 928 deprecatio-

2275 969 2377 1010 nes
2410 953 2831 1018 invenerimus,
2864 969 3017 1024 quas
3066 951 3249 1008 Graeci
3300 948 3525 1011 δεήσεις
3562 953 3801 1011 vocant,
3833 963 3939 1003 non

2277 1048 2556 1116 putemus
2587 1042 3037 1098 emendandum
3069 1057 3217 1096 esse.
3248 1040 3577 1097 Orationes
3610 1053 3775 1103 vero,
3804 1053 3940 1108 quas

2277 1148 2501 1203 graecus
2548 1133 2728 1188 habet
2778 1133 3106 1206 προσευχάς,
3163 1129 3546 1198 distinguere
3597 1143 3635 1182 a
3686 1125 3941 1198 precibus

2277 1222 2366 1278 vel
2406 1221 2850 1293 precationibus
2880 1221 3129 1277 omnino
3180 1217 3424 1273 difﬁcile
3458 1221 3575 1272 est.
3612 1213 3787 1281 Quod
3817 1229 3939 1269 vero

2276 1310 2526 1383 quidam
2558 1310 2792 1365 codices
2824 1325 2943 1365 non
2967 1309 3209 1375 habent,
3225 1307 3556 1369 orationes,
3585 1304 3714 1367 sed,
3743 1303 3945 1359 adora-

2280 1402 2485 1468 tiones,
2518 1400 2660 1471 quia
2686 1414 2806 1455 non
2855 1399 3081 1454 dictum
3131 1402 3221 1453 est
3258 1397 3319 1451 in
3364 1410 3580 1468 graeco
3634 1392 3818 1464 εὐχάς,
3851 1390 3942 1446 sed

2278 1491 2585 1562 προσευχάς
2618 1505 2629 1543 :
2666 1504 2785 1544 non
2831 1488 3086 1544 arbitror
3134 1486 3388 1543 scienter
3438 1485 3940 1554 interpretatum;

2280 1580 2586 1652 προσευχάς
2610 1579 2769 1633 enim
2792 1577 3087 1633 orationes
3112 1576 3227 1631 dici
3254 1591 3290 1630 a
3315 1574 3547 1631 Graecis
3572 1571 3939 1627 notissimum

2279 1674 2384 1725 est.
2416 1671 2480 1723 Et
2508 1668 2709 1739 utique
2739 1666 2899 1722 aliud
2926 1672 3017 1722 est
3040 1680 3229 1727 orare.
3265 1664 3430 1720 aliud
3469 1662 3757 1718 adorare.
3793 1659 3939 1713 Deni-

2278 1773 2395 1830 que
2422 1773 2543 1812 non
2575 1757 2686 1812 isto
2719 1756 2921 1821 verbo,
2952 1754 3056 1810 sed
3096 1754 3212 1809 alio
3244 1753 3463 1822 legitur
3492 1752 3559 1807 in
3594 1764 3812 1819 graeco,
3843 1749 3937 1801 Do-

2281 1847 2505 1902 minum
2549 1847 2733 1902 Deum
2783 1852 2949 1900 tuum
2993 1844 3277 1900 adorabis
3312 1840 3559 1913 (Matth.
3594 1855 3672 1900 lv,
3704 1836 3791 1907 10)
3829 1840 3933 1901 ;et,

2279 1936 2560 1991 Adorabo
2589 1935 2669 1991 ad
2694 1934 2974 2001 templum
3009 1939 3280 1989 sanctum
3317 1939 3491 1986 tuum
3527 1930 3727 2001 (Psal.
3756 1942 3807 1989 v,
3843 1924 3931 1994 8);

2279 2031 2335 2080 et
2365 2024 2412 2079 si
2442 2040 2566 2096 qua
2595 2023 2834 2080 similia.

2356 2118 2438 2171 14.
2465 2117 2571 2169 Pro
2602 2111 3177 2182 interpellationibus
3204 2115 3403 2165 autem
3433 2106 3612 2180 quod
3646 2102 3928 2161 nostriha-

2280 2206 2439 2270 bent,
2478 2202 2809 2257 secundum
2844 2200 3103 2265 codices,
3144 2198 3345 2263 credo,
3378 2203 3643 2261 vestros,
3680 2192 3924 2264 postula-

2281 2296 2464 2350 tiones
2490 2290 2760 2363 posuisti.
2805 2292 2937 2344 Hsec
2967 2288 3198 2343 interim
3238 2288 3380 2356 duo,
3438 2285 3505 2342 id
3535 2290 3633 2341 est
3661 2282 3822 2355 quod
3842 2279 3925 2334 alii

2278 2380 2728 2453 postulationes,
2743 2379 2837 2433 alii
2852 2378 3200 2446 interpellat
3208 2376 3365 2433 ion‘es
3378 2370 3762 2445 interpretati
3784 2373 3920 2432 sunt,

2283 2487 2469 2527 unum
2505 2469 2756 2524 verbum
2785 2468 3101 2523 transferre
3145 2466 3459 2522 voluerunt
3503 2462 3677 2535 quod
3718 2472 3921 2531 grmcus

2279 2560 2475 2625 habet,
2503 2558 2767 2621 ἐντεύξεις.
2815 2560 2878 2612 Et
2909 2556 3168 2627 profecto
3198 2554 3486 2619 advertis,
3512 2559 3571 2609 et
3597 2550 3753 2607 nosti
3782 2543 3921 2603 aliud

2279 2664 2409 2705 esse
2440 2647 2830 2718 interpellare,
2864 2645 3024 2701 aliud
3070 2644 3394 2717 postulare.
3428 2645 3570 2698 Non
3603 2640 3764 2696 enim
3794 2634 3922 2690 sole-

2282 2755 2416 2793 mus
2438 2737 2654 2801 dicere,
2688 2735 2991 2791 Postulant
3019 2733 3472 2805 interpellaturi,
3509 2730 3643 2795 sed,
3672 2723 3923 2796 Interpel-

2280 2827 2404 2882 lant
2425 2826 2777 2898 postulaturi
2810 2842 2822 2879 :
2849 2829 3256 2880 verumtamen
3275 2839 3347 2878 ex
3368 2822 3679 2877 vicinitate
3700 2815 3915 2871 verbum

2283 2920 2659 2987 usurpatum,
2683 2914 2779 2969 cui
2798 2914 3215 2986 propinquitas
3245 2912 3675 2983 ipsaimpetrat
3694 2903 3921 2961 intellec-

2283 3010 2430 3069 tum,
2458 3019 2576 3060 non
2600 3008 2688 3058 est
2710 3002 2871 3057 velut
2896 3002 3167 3057 censoria
3206 3001 3519 3057 notatione
3550 2994 3917 3068 culpandum.

2282 3097 2426 3150 Nam
2468 3097 2523 3148 et
2573 3092 2648 3147 de
2680 3092 2811 3162 ipso
2858 3091 3111 3146 Domino
3148 3091 3284 3146 Jesu
3324 3088 3558 3145 Christo
3589 3086 3811 3142 dictum
3845 3083 3921 3134 est

2281 3182 2448 3255 quod
2482 3181 2822 3250 interpellat
2860 3196 2969 3250 pro
3000 3179 3165 3235 nobis
3197 3180 3385 3249 (Rom.
3428 3194 3553 3243 vm,
3597 3177 3725 3241 34):
3764 3184 3917 3226 num-

2282 3272 2575 3343 quidnam
2621 3270 2987 3338 inlerpellat,
3022 3274 3203 3323 etnon
3246 3268 3425 3323 etiam
3473 3260 3777 3338 postulat?
3813 3258 3916 3312 lmo

2286 3375 2420 3415 vero
2445 3358 2586 3430 quia
2612 3356 2889 3429 postulat,
2910 3373 3019 3428 pro
3042 3372 3112 3411 eo
3137 3355 3395 3427 positum
3430 3359 3545 3418 est,
3578 3346 3911 3417 interpellat.

2284 3448 2595 3503 Evidenter
2636 3448 2860 3518 quippe
2892 3446 3033 3501 alibi
3069 3445 3143 3500 de
3192 3461 3262 3499 eo
3298 3444 3519 3499 dicitur
3552 3460 3563 3496 :
3603 3441 3680 3497 Et
3723 3439 3770 3493 si
3805 3433 3913 3506 quis

2281 3537 2636 3606 peccaverit,
2666 3536 3020 3591 advocatum
3058 3524 3336 3590 habemus
3359 3533 3529 3601 apud
3560 3532 3815 3589 Patrem,
3835 3522 3912 3576 Jev

2283 3640 2412 3680 sum
2438 3624 2740 3680 Christum
2749 3625 3004 3692 justum,
3033 3628 3087 3678 et
3110 3622 3233 3691 ipse
3260 3628 3341 3677 est
3365 3620 3639 3677 exoratio
3666 3630 3773 3686 pro
3796 3622 3909 3680 pec-

2286 3714 2434 3769 catis
2464 3714 2683 3769 nostris
2722 3712 2764 3783 (l
2795 3713 2972 3767 Joan.
3014 3728 3073 3776 ll,
3109 3713 3160 3777 l,
3212 3713 3290 3779 2).
3326 3712 3691 3782 Quanquam
3726 3702 3912 3758 fortas-

2287 3804 2370 3858 sis
2398 3802 2633 3857 codices
2663 3801 2825 3872 apud
2854 3817 2961 3855 vos
3001 3801 3180 3855 etiam
3207 3801 3266 3854 in
3310 3815 3379 3854 eo
3409 3799 3544 3854 loco
3578 3796 3653 3851 de
3689 3789 3907 3849 Domino

2284 3893 2419 3947 Jesu
2448 3892 2674 3946 Christo
2696 3906 2814 3944 non
2839 3889 3082 3958 habent,
3105 3889 3450 3957 interpellat
3473 3902 3590 3956 pro
3606 3882 3783 3949 nobis,
3802 3874 3908 3935 sed.

2286 3982 2547 4052 postulat
2577 3996 2688 4050 pro
2713 3980 2877 4035 nobis
2899 3998 2918 4035 :
2950 3980 3007 4033 in
3036 3994 3230 4047 graaco
3260 3977 3442 4042 enim,
3479 3992 3603 4049 quo
3637 3971 3803 4028 verbo
3831 3964 3908 4019 hic

2288 4071 2494 4141 positae
2514 4074 2653 4124 sunt
2679 4068 3210 4137 interpellationes,
3227 4083 3379 4139 quas
3402 4067 3534 4138 ipse
3554 4057 3792 4136 posuisti
3801 4067 3907 4124 pos-

2291 4158 2629 4220 tulationes.
2658 4157 2857 4229 ipsum
2889 4162 2944 4212 et
2965 4156 3078 4211 illic
3113 4156 3361 4211 verbum
3384 4160 3489 4221 est,
3522 4153 3624 4209 ubi
3655 4148 3906 4217 scriptum

2289 4254 2396 4313 est,
2418 4247 2764 4316 interpellat
2784 4262 2895 4315 pro
2922 4246 3106 4302 nobis.

2364 4338 2447 4393 15.
2482 4338 2626 4392 Cum
2659 4336 2834 4405 igitur
2863 4340 2919 4390 et
2943 4335 3045 4408 qui
3074 4338 3351 4407 precatur
3393 4339 3541 4400 oret,
3576 4336 3632 4387 et
3656 4325 3752 4400 qui
3799 4320 3905 4408 ora!

2289 4431 2581 4499 precetur,
2609 4430 2665 4481 et
2695 4425 2796 4497 qui
2824 4407 3160 4495 interpellat
3193 4427 3394 4490 Deum,
3430 4427 3506 4479 ad
3527 4423 3640 4478 hoc
3665 4407 3902 4499 interpel-

2290 4497 2368 4571 let
2391 4520 2452 4571 ut
2479 4521 2606 4570 oret
2637 4519 2695 4569 et
2723 4520 2994 4585 precetur
3018 4532 3033 4580 ;
3056 4514 3201 4585 quid
3234 4514 3343 4569 sibi
3369 4513 3493 4568 vult
3523 4508 3682 4584 quod
3709 4506 3808 4560 ista
3834 4497 3902 4552 ita

2288 4606 2485 4678 posuit
2509 4604 2854 4677 Apostolus,
2876 4610 2939 4659 ut
2958 4620 3079 4659 non
3101 4604 3173 4659 sit
3202 4618 3410 4658 eorum
3438 4593 3785 4671 negligenda
3802 4587 3900 4678 (lis-

2286 4675 2490 4749 tinctio
2517 4694 2545 4749 ‘t
2565 4675 2832 4765 Excepto
2872 4693 3071 4766 itaque
3102 4691 3347 4748 nomine
3377 4688 3652 4763 generali,
3683 4689 3735 4739 et
3761 4675 3900 4769 salva

2284 4782 2568 4855 loquendi
2602 4782 3052 4847 consuetudine,
3085 4781 3416 4838 secundum
3455 4792 3639 4850 quam
3682 4771 3789 4825 sive

2286 4854 2387 4928 cas
2434 4872 2853 4942 precationem,
2891 4873 3009 4926 sive
3049 4872 3397 4935 orationem,
3432 4870 3557 4923 sive
3584 4854 3896 4928 interpella-

2285 4962 2519 5027 tionem,
2584 4961 2672 5017 vel
2731 4961 3216 5030 postulationem,
3274 4975 3394 5014 una
3450 4958 3767 5023 eademque
3817 4952 3893 4995 1⁵⁸³

2285 5050 2628 5122 intelligitur
2655 5067 2668 5115 ;
2703 5049 2906 5121 aliqua
2932 5050 3108 5105 etiam
3140 5047 3512 5119 singulorum
3541 5046 3771 5102 istorum
3787 5040 3892 5102 ριό·

2284 5140 2504 5211 prietas
2536 5138 2894 5211 inquirenda
2923 5144 3049 5204 est;
3083 5137 3189 5193 sed
3219 5137 3294 5193 ad
3318 5152 3455 5193 eam
3481 5132 3702 5207 liquido
3723 5128 3891 5211 perve-

2282 5205 2408 5283 nire
2435 5205 2671 5283 difﬁcile
2701 5231 2791 5282 est
2831 5246 2844 5285 :
2878 5226 3063 5283 multa
3107 5226 3333 5299 quippe
3364 5225 3504 5281 hinc
3533 5205 3643 5279 dici
3678 5205 3887 5289 possunt

2280 5333 2415 5389 quas
2455 5315 2857 5389 improbanda
2890 5332 3009 5371 non
3042 5316 3177 5371 sint.

2358 5410 2441 5462 l6.
2477 5375 2590 5462 sed
2621 5406 2776 5475 eligo
2810 5406 2863 5460 in
2906 5405 2996 5460 his
3028 5404 3225 5460 verbis
3253 5405 3366 5460 hoc
3399 5402 3723 5470 intelligere.
3751 5375 3883 5458 quod

2281 5496 2479 5553 omnis
2518 5494 2609 5551 vel
2639 5510 2789 5567 pene
2823 5494 3013 5551 omnis
3045 5493 3377 5566 frequentat
3410 5489 3677 5553 Ecclesia,
3709 5481 3884 5567 ulﬁf‘e'

2282 5584 2541 5643 cationes
2574 5585 2942 5657 accipiamus
2982 5582 3194 5648 dictas,
3235 5598 3389 5655 quas
3419 5582 3659 5638 facimus
3684 5572 3735 5627 in
3763 5558 3879 5618 cele-
