4098 6166
192 96 295 154 637

188 221 456 279 bratione
480 221 1023 283 Sacramentorum,
1049 222 1375 291 antequam
1396 214 1543 272 illud
1572 212 1737 287 quod
1755 214 1842 267 est

183 313 239 367 in
264 310 503 367 Domini
534 309 1003 380 mensaincipiat
1031 306 1301 363 benedici
1325 323 1337 361 :
1367 305 1679 366 orationes,
1706 312 1839 356 cum

181 399 555 456 benedicitur
588 402 640 453 et
680 397 1104 462 sanctiﬁcatur,
1137 400 1193 452 et
1243 396 1319 451 ad
1361 391 1842 451 distribuendum

179 488 637 551 comminuitur,
665 502 849 559 quam
883 491 1069 542 totam
1103 486 1444 557 petitionem
1496 482 1616 538 fere
1646 479 1843 536 omnis

110 577 443 635 (Ecclesia
490 576 795 632 dominica
839 574 1107 630 oratione
1147 574 1467 630 concludit.
1524 570 1615 625 Ad
1661 583 1842 642 quem

175 665 549 724 intellectum
582 666 761 720 etiam
811 664 970 719 verbi
1015 664 1192 733 graeci
1223 665 1391 733 origo
1422 677 1531 717 nos
1573 659 1840 730 adjuvat.

175 758 324 811 Nam
356 771 498 809 eam
552 770 737 826 quam
792 753 998 808 dicunt
1031 753 1216 823 εὐχὴν,
1251 768 1385 808 raro
1428 752 1509 806 ita
1542 749 1844 819 Scriptura

174 846 427 917 ponitut
456 843 819 913 intelligatur
845 842 1070 898 oratio:
1086 842 1188 897 sed
1214 841 1566 914 plerumque
1588 835 1843 893 etmulto

174 932 457 989 usitatius
472 939 678 988 votum
696 931 957 1003 appellat
978 932 1166 1003 εὐχήν,
1180 934 1487 1005 προσιυχὴν
1503 942 1661 994 vero,
1678 924 1843 998 quod

172 1022 435 1078 verbum
452 1021 530 1077 ita
545 1021 809 1091 positum
822 1027 910 1076 est
927 1020 1083 1076 unde
1100 1026 1449 1084 tractamus,
1465 1031 1702 1088 semper
1714 1029 1843 1071 ora-

174 1112 393 1168 tionem
429 1116 625 1166 vocat.
658 1110 821 1166 Unde
850 1111 1006 1166 hanc
1033 1110 1193 1165 verbi
1224 1109 1536 1180 originem,
1569 1108 1721 1161 sicut
1750 1120 1845 1158 su-

173 1201 379 1272 perius
444 1199 589 1270 dixi,
650 1199 917 1255 nonnulli
974 1199 1174 1254 minus
1241 1198 1467 1253 erudite
1522 1196 1842 1262 intuentes,

173 1294 492 1361 προσευχήν
523 1304 643 1344 non
677 1288 1025 1351 orationem,
1062 1287 1167 1343 sed
1196 1286 1608 1343 adorationem
1648 1282 1843 1339 dicere

173 1378 524 1444 voluerunt,
544 1394 679 1450 quae
701 1378 900 1449 potius
930 1379 1288 1452 προσκύνησις
1315 1376 1554 1431 dicitur:
1573 1373 1677 1429 sed
1699 1372 1845 1445 quia

174 1467 371 1524 oratio
406 1468 709 1523 interdum
738 1472 984 1523 vocatur
1014 1467 1166 1539 εὐχή,
1200 1466 1476 1523 adoratio
1517 1467 1725 1536 putata
1753 1467 1846 1518 est

174 1561 481 1628 προσευχὴ.
501 1558 677 1612 Porro
694 1556 742 1610 si
770 1556 1065 1619 usitatius,
1083 1554 1300 1619 utdixi,
1318 1555 1375 1610 in
1404 1552 1716 1624 Scripturis
1738 1568 1844 1606 vo-

174 1648 298 1700 tum
330 1644 674 1717 appellatur
700 1645 855 1716 εὐχή,
885 1651 1133 1716 excepto
1159 1645 1399 1700 nomine
1426 1641 1689 1712 generali
1711 1656 1842 1697 ora-

174 1735 377 1800 tionis,
396 1750 470 1790 ea
505 1734 739 1806 proprie
764 1733 1141 1805 intelligenda
1159 1738 1246 1788 est
1266 1733 1678 1804 oratio,quam
1707 1729 1841 1786 faci-

94 1811 121 1903 ζ
171 1839 309 1878 mus
338 1822 424 1878 ad
463 1826 695 1887 votum,
728 1822 787 1877 id
825 1826 914 1878 est
938 1826 1068 1894 πρὸς
1100 1821 1284 1893 εὐχήν.
1317 1821 1615 1876 Voventur
1640 1824 1841 1875 autem

100 1910 111 1983 ξ
172 1912 387 1967 omnia
419 1927 556 1983 quae
588 1911 916 1967 offeruntur
950 1914 1088 1976 Deo,
1123 1910 1388 1966 maxime
1420 1910 1609 1965 sancti
1643 1908 1843 1964 altaris

100 1966 109 2061 ξ
170 1966 405 2057 oblatio
416 1966 573 2072 ;‘quo
597 1966 984 2057 Sacramento
1006 1966 1369 2072 praedicatur
1394 2002 1666 2053 nostrum
1700 1995 1841 2051 illud

172 2096 385 2144 votum
412 2089 769 2152 maximum,
794 2104 913 2160 quo
947 2104 1058 2143 nos
1083 2088 1356 2143 vovimus
1383 2086 1441 2142 in
1468 2086 1695 2142 Christo
1712 2099 1844 2139 esse

100 2194 107 2253 ξ
172 2177 744 2249 mansuros,utique
771 2177 829 2232 in
861 2192 1154 2247 compage
1185 2176 1454 2247 corporis
1488 2174 1845 2230 Christi.Cu-

88 2264 105 2337 ζ
165 2267 264 2338 jus
300 2267 391 2322 rei
424 2272 867 2322 sacramentum
903 2272 1009 2333 est,
1038 2265 1205 2337 quod
1238 2280 1392 2320 unus
1423 2264 1624 2336 panis,
1656 2278 1843 2318 unum

84 2352 93 2405 ᾖ
170 2372 400 2429 corpus
432 2356 602 2410 multi
639 2372 848 2410 sumus
875 2356 915 2426 (l
960 2356 1089 2411 Cor.
1128 2371 1188 2419 x,
1236 2354 1341 2425 I7).
1378 2354 1516 2408 Ideo
1558 2352 1617 2407 in
1660 2351 1843 2423 hujus

70 2444 85 2505 Ξ
172 2444 677 2501 sanctiﬁcationis
707 2444 1166 2516 praeparatione,
1188 2442 1461 2499 existimo
1493 2440 1846 2513 Apostolum

165 2534 429 2605 jussisse
461 2534 699 2605 proprie
722 2534 844 2589 ﬁeri
866 2535 1185 2608 προσευχάς,
1202 2532 1261 2588 id
1286 2537 1377 2588 est
1397 2530 1714 2596 orationes,
1730 2528 1842 2592 vel,

174 2630 236 2679 ut
262 2621 544 2678 nonnulli
564 2623 763 2678 minus
782 2624 963 2693 perite
987 2621 1350 2691 interpretati
1372 2626 1529 2684 sunt,
1544 2620 1847 2677 adoratio-

176 2728 276 2770 nes
294 2730 314 2779 ;
331 2711 449 2765 hoc
471 2719 559 2767 est
578 2714 736 2766 enim
755 2711 831 2767 ad
856 2718 1082 2777 votum,
1098 2711 1261 2783 quod
1278 2711 1553 2767 usitatius
1577 2711 1635 2764 in
1657 2708 1845 2781 Scrip-

175 2802 330 2857 turis
351 2806 732 2872 nuncupatur
745 2799 900 2872 εὐχή.
917 2800 1438 2869 lnterpetlaliones
1460 2803 1681 2864 autem,
1698 2798 1843 2862 sive,

176 2897 237 2946 ut
268 2890 458 2947 vestri
489 2890 728 2945 codices
763 2890 1004 2952 habent,
1039 2889 1494 2957 postulationes,
1526 2887 1679 2943 ﬁunt
1706 2902 1845 2942 cum

177 2980 452 3053 populus
487 2978 863 3035 benedicitur
903 2996 916 3034 :
968 2984 1106 3034 tunc
1146 2979 1305 3034 enim
1347 2977 1660 3043 antistites,
1688 2974 1848 3032 velut

177 3069 486 3135 advocati,
514 3072 824 3140 susceptos
853 3084 997 3123 suos
1030 3084 1135 3139 per
1158 3083 1370 3123 manus
1396 3065 1843 3137 impositionem

181 3158 763 3213 misericordissima
789 3156 1045 3213 offerunt
1071 3157 1365 3230 potestati.
1393 3155 1619 3220 Quibus
1646 3169 1847 3225 perac-

181 3248 277 3314 tis,
292 3252 350 3301 et
365 3247 722 3318 participato
740 3252 900 3302 tanto
927 3248 1333 3309 Sacramento,
1346 3244 1675 3315 gratiarum
1693 3242 1847 3299 actio

180 3342 401 3392 cuncta
440 3335 763 3400 concludit,
794 3352 980 3409 quam
1023 3336 1084 3391 in
1119 3335 1209 3391 his
1254 3335 1432 3390 etiam
1474 3332 1667 3389 verbis
1709 3331 1847 3388 ulti-

182 3441 352 3481 mam
379 3425 829 3481 commendavit
855 3424 1195 3497 Apostolus.

256 3516 346 3569 17.
384 3516 517 3569 Hinc
546 3520 745 3569 autem
777 3531 959 3570 causa
986 3513 1287 3585 prtecipua
1318 3512 1425 3567 fuit
1450 3511 1562 3567 ista
1586 3509 1848 3574 dicendi,

184 3608 251 3658 ut
292 3602 389 3658 his
427 3603 681 3658 breviter
719 3603 1043 3675 perstrictis
1089 3608 1268 3674 atque
1320 3599 1693 3671 signiﬁcatis,
1726 3613 1849 3654 non

187 3697 498 3764 putaretur
514 3691 942 3761 negligendum
965 3707 1093 3747 esse
1116 3692 1280 3763 quod
1305 3690 1592 3762 sequitur,
1606 3705 1715 3758 pro
1732 3705 1852 3744 om-

186 3782 363 3837 nibus
396 3780 748 3845 hominibus,
768 3797 880 3850 pro
903 3780 1225 3852 regibus,et
1250 3780 1340 3836 his
1370 3779 1473 3851 qui
1492 3778 1555 3833 in
1582 3778 1845 3833 sublimi-

189 3876 307 3927 tate
318 3877 551 3936 sunt,ut
566 3872 823 3942 quietam
844 3877 895 3926 et
913 3869 1308 3942 tranquillam
1323 3869 1503 3924 vitam
1519 3882 1693 3937 agam
1703 3882 1768 3921 us
1785 3867 1848 3922 in

189 3960 352 4015 omni
365 3960 586 4029 pietate
601 3965 653 4015 et
677 3959 1001 4015 charitate:
1024 3974 1097 4013 ne
1122 3957 1467 4030 quisquam,
1484 3955 1634 4011 sicut
1661 3971 1721 4010 se
1748 3955 1848 4011 ha-

189 4047 287 4103 bet
301 4048 590 4103 humante
608 4047 989 4117 cogitationis
1007 4045 1712 4114 inﬁrmitas,existimaret
1730 4059 1850 4100 non

190 4152 321 4192 esse
355 4138 468 4193 ista
499 4137 770 4192 facienda
801 4152 910 4209 pro
936 4136 1026 4191 his
1058 4153 1092 4191 a
1122 4135 1344 4208 quibus
1374 4133 1849 4206 persecutionem

192 4226 535 4299 patiebatur
569 4226 845 4291 Ecclesia,
880 4242 1017 4281 cum
1050 4224 1322 4280 membra
1350 4223 1555 4279 Christi
1587 4238 1659 4278 ex
1684 4222 1851 4278 omni

192 4320 386 4371 essent
413 4315 729 4369 hominum
762 4330 977 4384 genere
1008 4314 1358 4382 colligenda.
1387 4312 1551 4368 Unde
1582 4312 1853 4384 adjungit

193 4410 245 4459 et
275 4403 423 4459 dicit
456 4419 467 4457 :
504 4404 630 4459 Hoc
672 4406 826 4460 enim
861 4406 1072 4460 bonum
1119 4410 1173 4459 et
1202 4408 1503 4472 acceptum
1535 4407 1617 4458 est
1650 4416 1851 4457 coram

194 4492 507 4549 Salvatore
525 4498 723 4548 nostro
743 4495 880 4559 Deo,
900 4492 1004 4564 qui
1016 4506 1207 4547 omnes
1227 4491 1487 4547 homines
1511 4491 1635 4546 vult
1656 4491 1851 4545 salvos

192 4582 345 4649 ﬁeri,
378 4586 432 4637 et
460 4580 521 4636 in
554 4582 915 4650 agnitionem
950 4581 1216 4637 veritatis
1248 4580 1466 4635 venire.
1494 4578 1559 4633 Et
1590 4594 1661 4633 ne
1692 4578 1852 4650 quis-

194 4686 382 4743 quam
409 4670 630 4727 diceret
658 4686 834 4743 posse
859 4686 987 4725 esse
1019 4669 1227 4725 salutis
1254 4669 1413 4724 viam
1445 4667 1507 4722 in
1531 4667 1689 4722 bona
1714 4681 1851 4722 con-

196 4760 532 4815 versatione
577 4766 633 4815 et
678 4761 848 4815 unius
898 4760 996 4815 Dei
1034 4757 1460 4830 omnipotentis
1501 4756 1683 4820 cultu,
1726 4756 1852 4810 sine

196 4848 655 4921 participatione
688 4850 953 4921 corporis
976 4854 1032 4904 et
1064 4846 1373 4916 sanguinis
1401 4844 1612 4901 Christi
1640 4860 1653 4911 ;
1690 4845 1853 4901 Unus

196 4939 354 4994 enim
391 4938 567 5002 Deus,
603 4938 820 5009 inquit,
850 4944 903 4994 et
936 4953 1089 4993 unus
1118 4935 1408 4992 mediator
1438 4933 1544 4990 Dei
1585 4939 1639 4990 et
1671 4933 1853 4989 homi-

198 5043 339 5082 num
373 5028 540 5083 homo
572 5027 847 5084 Christus
874 5028 1045 5083 Jesus
1079 5044 1098 5081 :
1132 5031 1192 5081 ut
1220 5024 1367 5080 illud
1397 5024 1559 5097 quod
1600 5022 1849 5088 dixerat,

198 5131 397 5172 omnes
442 5116 699 5172 homines
738 5116 862 5171 vult
898 5116 1092 5172 salvos
1126 5114 1279 5183 ﬁeri,
1308 5113 1472 5169 nullo
1511 5112 1628 5169 alio
1671 5112 1852 5167 modo

200 5206 563 5274 intelligatur
615 5205 908 5277 praestari,
964 5204 1077 5259 nisi
1121 5218 1226 5276 per
1278 5202 1689 5268 mediatorem,
1733 5216 1853 5256 non

201 5297 411 5361 Deum,
448 5295 612 5366 quod
650 5309 887 5365 semper
924 5293 1178 5348 Verbum
1212 5296 1359 5359 erat,
1393 5290 1499 5347 sed
1542 5290 1851 5346 hominem

202 5383 497 5440 Christum
526 5384 747 5449 Jesum,
782 5399 918 5439 cum
953 5383 1202 5437 Verbum
1232 5397 1372 5438 caro
1405 5381 1629 5438 factum
1656 5382 1766 5444 est,
1800 5385 1856 5435 et

199 5472 495 5530 habitavit
518 5472 579 5529 in
611 5472 785 5529 nobis
816 5474 1003 5542 (Joan.
1028 5486 1066 5537 1,
1105 5472 1211 5543 14).

278 5567 359 5618 t8.
383 5562 549 5619 Unde
573 5562 837 5619 necillud
854 5560 1351 5633 moveatte,quod
1375 5555 1849 5614 deludeaisidem

1362 128 1363 131 η
1439 81 1945 145 EPISTOLARUM
1986 83 2278 151 CLASSIS
2319 95 2411 152 III.

3502 97 3613 156 638

1952 217 2257 285 apostolus
2286 222 2369 279 ait
2397 239 2411 278 :
2436 222 2771 280 Secundum
2800 222 3201 294 Evangelium
3227 223 3465 296 quidem
3494 223 3617 281 ini-

1950 306 2090 362 mici
2106 316 2354 378 propter
2382 327 2481 368 vos
2500 330 2520 377 ;
2546 313 2866 369 secundum
2902 313 3245 370 electionem
3288 319 3485 370 autem
3518 314 3615 369 di-

1953 396 2091 452 lecti
2106 404 2354 469 propter
2378 405 2581 471 patres
2609 401 2795 473 (Rom.
2828 417 2909 465 xu,
2942 401 3054 473 28).
3087 402 3351 458 Altitudo
3382 402 3611 475 quippe

1950 483 2054 540 illa
2074 486 2410 545 divitiarum
2446 491 2749 562 sapientia;
2771 495 2827 547 et
2848 490 3105 547 scientia:
3136 490 3260 556 Dei,
3290 496 3345 547 et
3372 491 3472 547 illa
3494 491 3612 547 ins-

1951 574 2266 633 crutabilia
2309 578 2533 649 judicia
2566 580 2713 650 eius,
2750 584 2805 635 et
2841 578 3284 649 investigabiles
3313 580 3425 635 viae
3455 580 3609 650 ejus,

1951 662 2107 719 hanc
2132 664 2410 724 ﬁdelibus
2436 668 2720 724 cordibus
2743 684 3027 737 magnam
3055 668 3333 737 ingerunt
3353 667 3612 725 admira-

1954 752 2195 819 tionem,
2229 757 2334 827 qui
2382 758 2458 813 de
2489 757 2645 812 illius
2688 757 2977 829 sapientia
3010 756 3394 828 pertendente
3424 773 3459 812 a
3490 755 3611 812 ﬁne

1952 856 2145 913 usque
2182 844 2259 898 ad
2290 845 2471 902 ﬁnem
2507 846 2749 911 fortiter,
2778 851 2833 901 et
2878 845 3085 900 omnia
3115 844 3371 900 suaviter
3411 844 3613 917 dispo-

1950 936 2125 987 nente
2158 933 2316 1003 (Sap.
2351 950 2473 1000 vui,
2516 936 2563 1007 t)
2596 951 2716 990 non
2748 934 3046 999 dubitant,
3076 933 3223 1006 quid
3263 933 3335 988 sit
3368 934 3530 1006 quod
3561 934 3615 989 ei

1950 1019 2142 1092 placet
2169 1026 2231 1076 ut
2256 1016 2604 1091 nascantur,
2637 1028 2910 1079 crescant
2934 1039 3000 1078 ac
3032 1021 3499 1095 multiplicantur
3527 1022 3611 1088 hi,

1950 1125 2105 1181 quos
2121 1111 2227 1166 etsi
2260 1112 2450 1168 malos
2471 1114 2595 1183 ipse
2619 1128 2738 1168 non
2766 1112 2919 1176 fecit,
2946 1116 3147 1167 tamen
3177 1111 3614 1167 malosfuturos

1950 1213 2078 1254 esse
2105 1200 2619 1270 praescivit.Nimis
2644 1201 2804 1257 enim
2825 1199 3141 1256 consilium
3164 1200 3292 1269 ejus
3318 1200 3377 1254 in
3407 1199 3613 1256 abdito

1951 1292 2058 1351 est,
2103 1304 2225 1361 quo
2273 1290 2451 1345 etiam
2499 1289 2674 1347 malis
2715 1289 2867 1346 bene
2923 1288 3102 1344 utitur
3143 1288 3221 1343 ad
3261 1292 3611 1360 provectum

1947 1375 2269 1442 bonorum,
2303 1379 2483 1434 etiam
2510 1380 2569 1434 in
2610 1380 2724 1435 hoc
2753 1378 3079 1434 miriﬁcans
3111 1376 3611 1449 omnipotentiam

1953 1466 2232 1522 bonitatis
2276 1484 2400 1523 suae
2447 1486 2459 1527 :
2508 1467 2652 1541 quia
2701 1467 2855 1523 sicut
2902 1465 3138 1522 illorum
3198 1465 3475 1536 nequitias
3524 1468 3613 1521 est

1950 1555 2109 1611 male
2145 1556 2225 1611 uti
2266 1556 2440 1612 bouis
2475 1556 2755 1628 operibus
2790 1557 2939 1628 ejus,
2973 1554 3057 1611 sic
3096 1554 3258 1610 illius
3302 1554 3611 1625 sapientiai

1951 1650 2039 1699 est
2070 1644 2221 1700 bene
2252 1646 2332 1700 uti
2364 1645 2540 1701 malis
2571 1645 2851 1717 operibus
2882 1659 3113 1701 eorum.

2029 1738 2109 1789 t9.
2145 1736 2306 1789 Hanc
2337 1735 2513 1804 igitur
2542 1734 2918 1790 altitudinem
2951 1731 3311 1789 sacramenti
3343 1731 3427 1787 sic
3447 1746 3615 1787 com-

1952 1823 2200 1880 mendat
2228 1824 2545 1895 Apostolus
2570 1840 2583 1875 :
2616 1824 2768 1880 Nolo
2792 1839 2890 1880 vos
2910 1823 3211 1893 ignorare,
3237 1822 3487 1890 fratres,
3504 1819 3613 1876 hoc

1948 1919 2410 1977 sacramentum,
2433 1919 2497 1968 ut
2524 1928 2643 1969 non
2667 1913 2795 1968 sitis
2826 1912 2989 1969 vobis
3011 1910 3319 1980 sapientes,
3339 1911 3482 1981 quia
3507 1925 3613 1964 ca:-

1950 2001 2095 2058 citas
2122 2008 2389 2071 exparte
2416 2002 2479 2057 in
2510 2002 2702 2058 Israel
2728 2002 2898 2070 facta
2943 2006 3048 2065 est,
3081 1999 3264 2055 donec
3297 1996 3610 2067 plenitudo

1951 2091 2226 2147 Gentium
2266 2090 2540 2156 intraret,
2584 2096 2635 2146 et
2665 2090 2717 2145 si
2761 2088 2951 2145 omnis
2980 2087 3165 2144 Israel
3192 2088 3397 2143 salvus
3442 2087 3609 2155 ﬁeret

1952 2180 2140 2251 (Rom.
2173 2195 2251 2244 xu,
2281 2182 2366 2242 25,
2396 2180 2509 2250 26).
2542 2179 2642 2236 Ex
2664 2184 2858 2248 parte,
2885 2177 3052 2242 dixit,
3080 2176 3225 2249 quia
3251 2190 3373 2231 non
3400 2189 3611 2231 omnes

1950 2268 2227 2324 excaecati
2251 2271 2418 2323 sunt:
2444 2273 2613 2324 erant
2638 2268 2798 2323 enim
2829 2282 2900 2322 ex
2926 2264 3038 2321 illis
3063 2266 3167 2337 qui
3197 2264 3494 2321 Christum
3517 2278 3612 2318 co-

1952 2361 2306 2427 gnoverunt.
2331 2356 2639 2412 Plenitudo
2660 2361 2859 2412 autem
2891 2354 3167 2410 Gentium
3197 2353 3258 2408 in
3284 2352 3379 2409 his
3408 2352 3608 2417 intrat,

1952 2446 2055 2519 qui
2085 2444 2418 2502 secundum
2449 2446 2824 2518 propositum
2858 2443 3049 2501 vocati
3084 2446 3261 2510 sunt;
3295 2446 3352 2497 et
3371 2442 3454 2497 sic
3483 2456 3611 2497 om-

1953 2536 2046 2591 nis
2076 2534 2255 2591 Israel
2278 2534 2480 2591 salvus
2509 2535 2628 2599 ﬁet,
2642 2534 2788 2607 quia
2813 2539 2867 2589 et
2899 2550 2967 2588 ex
2998 2531 3219 2588 Judaeis
3248 2535 3302 2587 et
3318 2545 3388 2586 ex
3421 2529 3615 2586 Genti-

1951 2625 2087 2691 bus,
2129 2626 2231 2697 qui
2275 2624 2607 2680 secundum
2653 2622 3023 2696 propositum
3073 2620 3265 2677 vocati
3298 2624 3458 2685 sunt,
3498 2618 3612 2690 ipsi

1952 2730 2131 2770 verus
2157 2715 2172 2748 ¹
2203 2720 2344 2769 sunt
2371 2712 2565 2777 Israel,
2588 2712 2661 2767 de
2693 2728 2816 2784 quo
2839 2712 2980 2767 dicit
2997 2710 3157 2766 idem
3179 2707 3610 2781 Apostolus,Et

1950 2819 2131 2873 super
2150 2803 2338 2859 Israel
2360 2802 2471 2858 Dei
2497 2802 2717 2873 (Galat.
2734 2817 2813 2865 v1,
2838 2801 2923 2872 l6)
2949 2817 2962 2855 :
2987 2799 3120 2855 illos
3144 2802 3342 2854 autem
3361 2796 3506 2853 dicit
3536 2796 3614 2850 Is-

1952 2892 2076 2948 rael
2089 2892 2420 2947 secundum
2438 2906 2706 2960 carnem;
2729 2889 2949 2953 Videte,
2964 2886 3174 2959 inquit.
3191 2886 3613 2953 Israel,secun-

1953 2983 2093 3038 dum
2118 2996 2357 3037 carnem
2387 2980 2434 3051 (Ι
2464 2980 2602 3036 Cor.
2631 2995 2689 3043 ι,
2724 2978 2829 3049 18).
2856 2977 3075 3032 Deinde
3096 2974 3415 3047 interponit
3444 2973 3610 3029 testi-

1955 3070 2226 3126 monium
2259 3068 2587 3141 pr0phetm,
2631 3066 2826 3124 Veniet
2860 3081 2935 3124 ex
2963 3065 3119 3132 Sion,
3153 3065 3258 3136 qui
3295 3062 3483 3132 eripia
3512 3067 3611 3119 tet

1953 3164 2186 3218 avertat
2208 3158 2568 3228 impietatem
2591 3158 2667 3214 ab
2687 3155 2884 3226 Jacob;
2909 3154 3089 3212 ethoc
3112 3154 3235 3210 illis
3264 3167 3301 3209 a
3324 3167 3416 3209 me
3436 3156 3609 3207 testa-

1954 3255 2109 3305 ment
2117 3263 2374 3315 um,cum
2388 3247 2688 3303 abstulero
2698 3251 2945 3315 peccata
2957 3259 3156 3301 eorum
3174 3241 3335 3313 (Isai.
3356 3256 3468 3306 ιιι,
3481 3240 3573 3311 20)
3592 3257 3606 3295 :

1954 3354 2075 3396 non
2111 3338 2308 3411 utique
2337 3336 2607 3394 omnium
2640 3335 3012 3400 Judmorum,
3038 3332 3144 3389 sed
3168 3330 3523 3387 dilectarum
3552 3330 3603 3385 ².

2027 3431 2113 3484 20.
2139 3428 2283 3482 Hinc
2296 3426 2674 3497 adjungitea,
2694 3441 2831 3497 quae
2848 3421 3199 3495 inquirenda
3223 3417 3613 3493 posuisti,Se-

1954 3518 2217 3574 cundum
2252 3515 2636 3586 Evangelium
2667 3514 2906 3586 quidem
2946 3511 3169 3568 inimici
3202 3516 3451 3580 propter
3477 3522 3604 3564 vos.

1955 3608 2216 3663 Pretium
2259 3607 2481 3677 quippe
2512 3602 2943 3674 redemptionis
2983 3604 3199 3656 nostra;
3243 3598 3490 3668 sanguis
3528 3600 3616 3653 est

1956 3697 2164 3755 Christi
2183 3695 2283 3768 qui
2316 3694 2518 3765 utique
2536 3692 2773 3749 nonnisi
2800 3691 2878 3747 ab
2905 3688 3162 3745 inimicis
3185 3688 3375 3759 potuit
3399 3685 3613 3743 occidi.

1956 3788 2055 3841 Hic
2087 3790 2175 3840 est
2202 3783 2295 3838 ille
2330 3799 2473 3837 usus
2503 3780 2801 3836 malorum
2832 3780 2890 3835 in
2916 3782 3260 3850 provectum
3288 3776 3617 3830 bonorum.

1956 3874 2125 3940 Quod
2148 3888 2287 3928 vero
2305 3869 2929 3943 adjungit,secundum
2952 3867 3290 3924 electionem
3309 3869 3505 3920 autem
3527 3862 3619 3917 di-

1959 3964 2095 4022 lecti
2104 3970 2350 4033 propter
2368 3967 2590 4031 patres,
2606 3959 2746 4014 hinc
2767 3956 3158 4014 ostenditnon
3172 3954 3301 4010 illos
3314 3951 3612 4016 inimicos,

1958 4055 2063 4110 sed
2086 4053 2306 4109 electos
2328 4065 2461 4106 esse
2482 4048 2748 4105 dilectos.
2774 4047 2889 4105 Sed
2917 4046 3229 4119 Scriptum
3258 4058 3391 4099 mos
3413 4046 3504 4098 est
3532 4039 3614 4097 ita

1956 4142 2121 4216 loqui
2143 4142 2217 4198 de
2236 4147 2399 4214 parte
2422 4144 2714 4212 tanquam
2737 4137 2810 4193 de
2829 4140 2953 4193 toto
2978 4158 2992 4190 :
3019 4135 3172 4191 sicut
3193 4131 3527 4190 Corinthios
3552 4130 3615 4187 in

1958 4234 2165 4307 primis
2198 4230 2474 4302 Epistolis
2506 4245 2629 4285 sum
2660 4227 2952 4300 partibus,
2986 4226 3066 4281 ita
3090 4224 3297 4281 laudat
3322 4226 3615 4295 tanquam

1957 4337 2169 4380 omnes
2190 4320 2335 4377 tales
2364 4319 2500 4383 sint,
2516 4334 2653 4373 cum
2672 4320 2871 4373 essent
2892 4312 3228 4371 laudabiles
3244 4310 3493 4383 quidam
3518 4324 3611 4365 eo-

1956 4427 2127 4476 rum;
2159 4416 2215 4465 et
2246 4413 2452 4480 postea
2488 4408 2546 4461 in
2578 4404 2883 4461 nonnullis
2917 4401 3191 4475 Epistolas
3223 4399 3411 4470 ipsius
3439 4396 3610 4464 locis,

1956 4502 2040 4557 ita
2064 4496 2443 4571 reprehendit
2468 4500 2758 4565 tanquam
2793 4508 3003 4548 omnes
3032 4486 3361 4561 culpabiles
3392 4489 3612 4553 essent,

1958 4594 2197 4661 propter
2225 4584 2523 4658 quosdam
2545 4581 2649 4654 qui
2682 4582 2826 4637 tales
2851 4583 3038 4636 erant.
3065 4578 3250 4634 Istam
3275 4575 3613 4631 divinarum

1960 4677 2397 4747 Scripturarum
2422 4669 2921 4728 consuetudinem
2947 4683 3052 4741 per
3072 4681 3250 4723 omne
3272 4680 3490 4738 corpus
3506 4662 3616 4720 Lit-

1961 4772 2216 4824 terarum
2240 4765 2369 4836 ejus
2386 4760 2741 4817 creberrime
2768 4754 3356 4832 sparsam,quisquis
3368 4753 3617 4823 diligen-

1958 4860 2043 4913 ter
2072 4853 2408 4918 adverterit,
2428 4851 2614 4906 multa
2644 4848 2913 4905 dissolvit
2928 4864 3060 4921 quae
3081 4846 3233 4903 inter
3255 4860 3319 4899 se
3339 4843 3613 4900 videntur

1958 4959 2091 5002 esse
2116 4942 2434 4999 contraria.
2450 4940 2728 4997 Inimicos
2745 4954 2887 5010 ergo
2911 4938 3061 4995 alios
3089 4936 3245 5000 dicit,
3261 4933 3410 4990 alios
3437 4930 3614 4986 dilec-

1961 5042 2079 5092 tos:
2099 5032 2205 5089 sed
2227 5033 2369 5105 quia
2396 5031 2455 5086 in
2478 5046 2595 5085 uno
2624 5028 2849 5101 populo
2873 5030 3063 5093 erant,
3088 5024 3248 5081 velut
3267 5020 3511 5079 eosdem
3528 5018 3615 5091 ip.

1958 5140 2059 5181 sos
2090 5122 2285 5179 dicere
2318 5119 2570 5176 videtur.
2596 5120 2956 5190 Quanquam
2983 5120 3039 5171 et
3070 5130 3141 5169 ex
3172 5111 3320 5184 ipsis
3353 5107 3610 5165 inimicis

1959 5214 2062 5287 qui
2079 5210 2497 5269 cruciﬁxerunt
2511 5207 2854 5271 Dominum,
2871 5203 3136 5277 plerique
3159 5198 3430 5257 conversi
3449 5202 3610 5263 sunt,

1959 5285 2019 5360 et
2044 5304 2453 5374 apparuerunt
2472 5296 2659 5355 electi.
2675 5299 2835 5352 Tunc
2858 5292 3044 5357 electi,
3070 5289 3313 5364 quando
3337 5285 3613 5344 conversi

1958 5396 2254 5466 quantum
2282 5388 2359 5444 ad
2391 5386 2596 5443 salutis
2620 5384 2855 5442 initium
2886 5384 3216 5455 :quantum
3243 5392 3385 5435 vero
3404 5376 3483 5435 ad
3512 5374 3616 5434 Dei

2020 5500 2035 5532 ¹
2072 5498 2152 5547 Ita
2184 5497 2239 5545 in
2264 5496 2393 5549 Mss.
2422 5493 2513 5544 ubi
2543 5494 2598 5543 in
2633 5491 2771 5555 Edd.
2804 5488 3101 5555 legebatur,
3128 5486 3316 5555 verius.

2020 5563 2039 5595 ³
2075 5559 2226 5618 Edd.,
2260 5548 2544 5609 eiecturum.
2574 5556 2639 5605 At
2658 5554 2787 5611 Mss,
2819 5548 3038 5619 habent,
3068 5551 3155 5602 sed
3184 5548 3499 5601 dilectarum.
