4098 6166
553 159 658 218 639

550 284 1014 356 praescientiam,
1035 300 1152 342 non
1177 289 1318 342 tunc
1344 286 1533 354 electi,
1555 289 1658 345 sed
1682 294 1817 346 ante
1846 282 2207 345 constitutio-

549 388 689 430 nem
707 375 935 439 mundi,
961 375 1109 430 sicut
1134 375 1292 431 idem
1316 376 1456 433 dicit
1479 379 1810 450 apostolus,
1835 375 2000 450 quod
2022 374 2210 440 elege-

550 464 626 518 rit
645 479 757 519 nos
790 467 926 517 ante
958 463 1167 518 mundi
1194 467 1674 523 constitutionem
1704 467 1935 538 (Ep/LI.
1966 466 2039 536 4).
2060 466 2208 517 Duo-

550 553 664 607 bus
688 552 887 621 itaque
923 552 1263 624 modis,ipsi
1287 555 1509 611 inimici
1531 559 1635 629 qui
1656 556 1881 612 dilecti:
1916 554 2034 609 sive
2063 551 2208 623 quia

548 640 609 695 in
637 654 756 693 uno
782 640 1003 710 populo
1033 643 1265 714 utrique
1298 643 1564 711 fuerant;
1596 645 1719 700 sive
1748 647 1889 716 quia
1915 660 1986 698 ex
2016 640 2208 697 inimi-

548 728 630 782 cis
649 727 1030 784 saavientibus
1055 747 1241 802 usque
1256 733 1329 787 ad
1357 736 1708 805 sanguinem
1724 730 2206 803 Christi,quidam

548 832 756 872 eorum
777 816 971 873 dilecti
994 818 1131 874 facti
1155 827 1322 876 erant
1345 823 1678 878 secundum
1700 823 2047 878 electionem
2070 834 2206 891 qum

547 905 771 961 latebat
817 906 877 962 in
920 910 1293 979 praescientia
1330 912 1449 966 Dei.
1478 913 1563 966 Ad
1610 912 1723 967 hoc
1771 911 1930 967 enim
1979 908 2207 964 addidit

544 1001 794 1063 prapter
813 1002 1055 1064 patres;
1085 1000 1227 1069 quia
1257 1000 1315 1054 id
1343 1001 1505 1071 quod
1539 1001 1805 1071 patribus
1832 999 2203 1071 promissum

549 1088 637 1138 est
656 1084 970 1153 oportebat
994 1087 1246 1157 impleri,
1271 1088 1422 1144 sicut
1444 1090 1600 1145 circa
1620 1106 1798 1162 quem
1826 1086 2099 1159 Epistolas
2128 1085 2201 1140 ad

549 1174 848 1227 Romanos
870 1173 950 1229 ait
972 1174 1140 1230 :Dico
1161 1178 1314 1233 enim
1339 1178 1640 1234 Christum
1666 1178 2001 1234 ministrum
2018 1175 2207 1246 fuisse

550 1260 1010 1318 circumcisionis
1025 1272 1271 1334 propter
1288 1268 1591 1324 veritatem
1612 1270 1735 1333 Dei,
1756 1268 1835 1324 ad
1852 1268 2208 1333 conﬁrman-

548 1349 655 1404 dus
674 1352 1091 1419 promissiones
1105 1363 1373 1423 patrum.
1394 1357 1599 1413 Gentes
1627 1363 1821 1412 autem
1846 1370 2025 1424 super
2044 1355 2204 1410 mise-

548 1439 811 1495 ricordia
826 1442 1166 1511 gloriﬁcare
1178 1444 1357 1501 Deum
1381 1446 1560 1515 (Rom.
1585 1462 1679 1515 xv,
1702 1450 1753 1510 8,
1769 1446 1841 1516 9).
1862 1444 2204 1501 Secundum

548 1528 714 1583 istam
731 1529 1201 1588 misericordiam
1216 1533 1439 1589 dictum
1457 1541 1561 1600 est,
1576 1535 1803 1590 inimici
1810 1537 2057 1603 propter
2072 1548 2168 1588 vos
2182 1548 2202 1584 .-

549 1616 703 1687 quod
718 1622 774 1672 et
787 1635 967 1690 supra
980 1619 1221 1686 dixerat,
1235 1624 1482 1679 Illorum
1498 1624 1713 1680 delicto
1726 1624 1883 1678 salus
1900 1620 2200 1678 Gentibus.

624 1707 711 1759 21.
742 1708 887 1762 Cum
912 1715 1111 1764 autem
1135 1710 1736 1772 dixisset,secundum
1763 1711 2093 1767 electionem
2116 1709 2199 1764 di-

555 1795 689 1850 lecti
711 1803 959 1865 propter
984 1805 1205 1866 patres,
1229 1800 1477 1863 addidit,
1506 1802 1639 1856 Sine
1666 1802 2013 1867 pwnitentia
2044 1799 2200 1855 enim

550 1890 689 1939 sunt
707 1885 865 1941 dona
882 1890 933 1940 el
954 1890 1181 1943 vacatio
1200 1890 1325 1944 Dei.
1346 1890 1526 1945 Vides
1539 1896 1692 1945 certe
1710 1890 1838 1945 illos
1854 1888 2197 1958 signiﬁcari,

550 1974 653 2043 qui
694 1974 987 2044 pertinent
1021 1977 1095 2032 ad
1147 1992 1466 2033 numerum
1506 1980 2082 2048 prmdestinatorum.
2120 1976 2200 2032 De

550 2062 772 2132 quibus
785 2062 899 2118 alio
914 2064 1043 2120 loco
1057 2066 1453 2129 dicit,Scimus
1466 2069 1604 2139 quia
1618 2068 1999 2137 diligentibus
2014 2069 2196 2122 Deum

542 2153 743 2206 omnia
783 2160 1182 2221 cooperantur
1224 2158 1285 2210 in
1326 2156 1563 2221 bonum,
1604 2157 1692 2213 his
1733 2157 1833 2228 qui
1875 2157 2197 2212 secundum

537 2240 901 2308 propositum
935 2246 1128 2299 vocati
1161 2250 1296 2299 sunt
1330 2246 1375 2302 ί.
1417 2246 1570 2300 Multi
1614 2248 1771 2300 enim
1816 2251 1952 2300 sunt
1982 2246 2195 2309 vocati,

540 2327 718 2397 pauci
746 2344 886 2385 vero
913 2329 1079 2386 electi
1101 2332 1342 2403 (Matth.
1372 2350 1511 2402 xxn,
1542 2335 1627 2405 14)
1661 2350 1672 2388 :
1703 2334 1805 2404 qui
1838 2349 1976 2388 vero
2008 2332 2194 2398 electi,

539 2415 649 2485 ipsi
679 2424 816 2472 sunt
843 2420 1179 2474 secundum
1213 2423 1589 2491 propositum
1618 2423 1847 2490 vocati;
1879 2421 1937 2475 in
1974 2420 2196 2492 quibus

540 2506 639 2559 Dei
674 2506 881 2575 procul
912 2507 1096 2562 dubio
1126 2508 1501 2579 praescientia
1530 2509 1650 2564 falli
1684 2525 1799 2563 non
1836 2515 2045 2580 potest.
2082 2510 2195 2564 Hos

538 2593 838 2660 praescivit
860 2602 911 2649 et
932 2596 1369 2665 praedestinavit
1390 2599 1722 2667 conformes
1748 2598 2026 2667 imaginis
2052 2599 2197 2653 Filii

537 2682 650 2746 sui,
682 2688 749 2737 ut
790 2687 863 2737 sit
889 2684 1012 2752 ipse
1046 2686 1474 2755 primogenitus
1520 2689 1580 2742 in
1623 2688 1827 2742 multis
1860 2687 2184 2756 fratribus.

539 2770 692 2837 Quos
716 2777 912 2827 autem
936 2774 1405 2841 prcedestinavit,
1426 2776 1562 2832 illos
1587 2784 1639 2832 et
1666 2776 1914 2831 vocavit.
1940 2776 2073 2830 Haec
2096 2791 2195 2831 vo-

537 2859 691 2914 catio
713 2864 803 2915 est
823 2861 1155 2917 secundum
1183 2866 1585 2936 propositum;
1611 2866 1736 2920 haec
1754 2870 1841 2919 est
1861 2865 1985 2919 sine
2007 2865 2193 2936 paeni-

537 2948 739 3004 tentia.
789 2950 937 3016 Quos
983 2958 1180 3008 autem
1226 2954 1474 3020 vocavit,
1505 2955 1641 3009 illos
1684 2962 1738 3010 et
1778 2954 2137 3023 justiﬁcavit
2173 2973 2193 3010 .-

533 3051 677 3108 quos
695 3045 893 3095 autem
909 3040 1288 3111 justiﬁcavit,
1310 3043 1445 3098 illos
1468 3050 1521 3099 et
1542 3043 1925 3114 gloriﬁcavit.
1954 3043 2021 3098 Si
2049 3043 2191 3098 Deus

532 3142 642 3196 pro
672 3127 857 3193 nobis,
891 3130 1021 3199 quis
1052 3138 1259 3187 contra
1291 3148 1394 3187 nos
1426 3132 1610 3203 (Hom.
1646 3150 1697 3197 v,
1727 3132 1912 3202 28-31)
1934 3131 1961 3186 ‘t

606 3220 694 3271 22.
720 3219 845 3271 Non
873 3219 1083 3273 suntin
1101 3220 1212 3275 ista
1234 3222 1563 3285 vocatione,
1589 3222 1691 3291 qui
1714 3220 1770 3277 in
1790 3220 1907 3275 ﬁde
1927 3236 2061 3291 quae
2086 3236 2191 3291 per

533 3303 917 3360 dilectionem
935 3313 1218 3377 operatur
1241 3308 1465 3379 (Galat.
1485 3327 1538 3374 v,
1565 3313 1644 3379 6),
1668 3308 1898 3364 etiamsi
1919 3308 2188 3379 aliquan-

532 3398 662 3449 tum
688 3394 1023 3461 ambulant,
1042 3412 1160 3451 non
1186 3403 1569 3466 perseverant
1602 3414 1789 3468 usque
1818 3398 1876 3451 in
1904 3398 2107 3454 ﬁnem.
2129 3399 2191 3451 Et

534 3483 737 3553 utique
767 3488 1089 3554 potuerunt
1120 3486 1267 3556 rapi,
1298 3501 1370 3540 ne
1398 3486 1623 3541 malitia
1649 3491 1903 3541 mutaret
1934 3485 2190 3540 intellec-

532 3577 656 3625 tum
690 3588 899 3628 eorum
929 3571 1082 3642 (Sap.
1116 3589 1193 3640 1v,
1224 3575 1392 3641 tl),si
1427 3576 1499 3630 ad
1530 3574 1691 3630 illam
1722 3574 2190 3647 praedestinatio-

529 3674 671 3714 nem
703 3666 759 3716 et
785 3663 1183 3727 vocationem,
1206 3678 1341 3735 quas
1370 3664 1702 3719 secundum
1731 3665 2103 3735 propositum
2134 3667 2189 3718 et

532 3749 659 3803 sine
704 3751 1052 3821 paenitentia
1082 3758 1190 3818 est,
1236 3754 1613 3823 pertinerent.
1641 3756 1711 3809 At
1751 3770 1823 3808 ne
1867 3754 2186 3826 quisquam

530 3846 933 3911 praesumptor
960 3842 1040 3897 ita
1058 3842 1130 3897 de
1155 3843 1402 3898 occultis
1421 3843 1648 3914 judicet
1679 3843 1904 3910 alienis,
1926 3848 1983 3897 ut
2005 3842 2182 3907 dicat,

530 3928 668 3985 ldeo
694 3945 814 4004 non
848 3931 999 4001 rapti
1035 3939 1173 3987 sunt
1201 3949 1271 3987 ex
1312 3933 1423 3987 hac
1457 3934 1589 3999 vita,
1630 3939 1956 4004 antequam
1988 3936 2186 3986 essent

528 4016 668 4071 ﬁdei
702 4002 1054 4084 desertores,
1091 4021 1235 4090 quia
1275 4021 1334 4073 in
1380 4021 1592 4075 eadem
1630 4023 1747 4076 vita
1780 4002 1898 4075 non
1936 4020 2187 4074 ﬁdeliter

530 4104 942 4172 ambulabant,
968 4112 1023 4162 et
1049 4108 1162 4162 hac
1189 4108 1247 4162 in
1273 4125 1479 4163 eorum
1507 4109 1788 4165 cordibus
1812 4115 2055 4165 noverat
2079 4112 2186 4164 Do-

530 4193 753 4256 minus,
784 4196 1065 4265 quamvis
1095 4195 1443 4251 hominibus
1469 4197 1636 4253 aliter
1657 4203 1970 4269 appareret
2000 4214 2012 4252 :
2038 4197 2185 4270 quid

530 4280 796 4337 dicturus
847 4286 937 4338 est
982 4284 1055 4338 de
1104 4284 1408 4340 infantulis
1453 4287 1737 4357 parvulis,
1778 4288 1881 4359 qui
1922 4285 2185 4358 plerique

528 4376 772 4442 accepto
791 4371 850 4427 in
872 4371 970 4429 illa
994 4377 1166 4429 aetate
1192 4374 1528 4431 christianas
1543 4376 1748 4445 gratiae
1774 4377 2177 4438 Sacramenta,

529 4476 667 4516 cum
699 4461 824 4515 sine
854 4461 1041 4518 dubio
1074 4464 1431 4534 pertinerent
1456 4464 1532 4520 ad
1565 4464 1744 4521 vitam
1779 4469 2065 4520 aeternam
2098 4479 2185 4518 re-

528 4563 838 4623 gnumque
882 4551 1181 4619 caelorum,
1223 4553 1269 4608 si
1299 4555 1584 4609 continuo
1625 4569 1696 4609 ex
1734 4554 1847 4610 hac
1879 4555 1998 4609 vita
2036 4552 2182 4608 emi-

526 4644 787 4707 grarent,
821 4639 1097 4695 sinuntur
1122 4649 1477 4707 crescere,et
1501 4643 1770 4699 nonnulli
1799 4643 1977 4698 etiam
2010 4658 2184 4713 apos-

526 4730 659 4781 tatee
690 4726 1091 4796 ﬁunt?Unde,
1121 4731 1239 4787 nisi
1266 4732 1408 4802 quia
1438 4748 1557 4787 non
1590 4733 1883 4803 pertinent
1914 4731 1987 4787 ad
2018 4731 2178 4787 illam

526 4814 1131 4887 praedestinationem,
1150 4824 1203 4875 et
1220 4820 1551 4876 secundum
1577 4821 1951 4893 propositum
1970 4837 2038 4876 ac
2057 4821 2182 4876 sine

525 4904 874 4977 pcenitentia
898 4909 1267 4964 vocationem
1284 4909 1312 4963 ?
1330 4908 1444 4965 Cur
1466 4916 1666 4965 autem
1689 4911 1765 4965 ad
1777 4926 1911 4967 eam
1934 4911 2032 4966 alii
2059 4927 2183 4981 per-

525 4996 770 5059 tineant,
794 4994 890 5050 alii
924 5011 1042 5051 non
1073 4998 1423 5068 pertineant,
1448 4998 1679 5055 occulta
1705 5016 1889 5055 causa
1918 5015 2047 5055 esse
2077 5015 2185 5070 po-

524 5088 651 5148 test,
678 5086 901 5156 injusta
926 5101 1054 5143 esse
1076 5102 1196 5142 non
1220 5092 1433 5158 potest.
1462 5089 1764 5160 Numquid
1787 5090 1944 5145 enim
1968 5088 2181 5159 iniqui-

527 5176 617 5228 tas
643 5174 804 5245 apud
834 5178 1018 5230 Deum
1058 5174 1085 5231 οἰ
1114 5176 1280 5233 Absit
1313 5178 1504 5248 (Rom.
1533 5195 1610 5241 1x,
1659 5180 1762 5249 14).
1798 5181 1943 5233 Nam
1976 5184 2030 5232 et
2068 5177 2179 5233 hoc

527 5261 603 5316 ad
624 5262 783 5318 illam
808 5265 1059 5335 pertinet
1076 5265 2048 5339 altitudinemjudiciorum,quam
2073 5267 2180 5321 mi-

524 5363 664 5405 rans
696 5357 989 5425 tanquam
1019 5357 1259 5427 expavit
1285 5355 1627 5428 Apostolus.
1656 5356 1795 5412 Ideo
1825 5356 2048 5428 quippe
2080 5356 2179 5411 illa

520 5435 746 5506 judicia
789 5448 984 5510 vocat,
1018 5459 1091 5499 ne
1136 5445 1456 5517 quisquam
1490 5444 1628 5502 talia
1667 5446 1791 5501 ﬁeri
1842 5450 2025 5516 putet,
2058 5446 2177 5502 sive

588 5562 603 5594 ί
642 5562 828 5630 Excusi
873 5572 994 5630 post
1029 5572 1192 5619 vocati
1236 5576 1371 5628 sunt,
1414 5570 1621 5620 addunt
1667 5572 1874 5630 sancti;
1915 5586 2033 5630 qute
2074 5588 2174 5624 vox

526 5624 678 5675 abest
703 5624 769 5674 ab
795 5624 1043 5678 omnibus
1064 5632 1186 5681 Mss.
1220 5638 1271 5683 et
1292 5646 1322 5682 a
1347 5624 1519 5699 graeco
1550 5638 1695 5686 textu
1725 5624 1987 5697 Apostoli.

1830 161 1890 218 s.
1932 146 2315 214 AUGUSTINI
2358 148 2673 212 EPISCOPI
3656 108 3665 111 ’
3810 171 3897 229 ω)

2314 275 2621 350 iniquitate
2646 284 2765 341 sive
2792 287 3118 345 temeritate
3146 286 3433 352 facientis,
3452 286 3573 344 sive
3596 305 3732 347 casu
3753 298 3802 350 et
3822 295 3913 352 for-

2315 365 2460 422 tuito
2498 367 2840 429 labentibus
2880 376 3013 431 ullis
3065 376 3332 449 partibus
3372 383 3495 433 tam
3536 378 3911 451 dispositorum

2314 455 2427 510 sub
2459 462 2618 515 tanta
2648 464 2943 534 sapientia
2977 467 3072 521 Dei
3107 466 3484 521 saeculorum.

2382 547 2470 600 23.
2508 550 2565 601 In
2596 549 2852 619 Epistola
2882 570 3058 625 porro
3090 554 3166 610 ad
3199 554 3574 610 Colossenses
3596 559 3749 628 quod
3770 562 3917 633 scrip-

2314 637 2435 687 tum
2470 641 2576 701 est,
2617 639 2798 696 Nemo
2848 657 2945 699 vos
2998 645 3243 701 seducat
3283 646 3479 700 volens
3523 645 3585 700 in
3629 647 3922 707 humilitate

2314 721 2548 791 (Coloss.
2586 743 2644 794 ιι,
2679 730 2850 802 l8).et
2879 739 3091 788 caetera
3117 749 3252 804 quae
3283 739 3922 809 sequuntur,quousque

2313 810 2415 866 tibi
2446 814 2704 873 obscura
2735 834 2861 874 esse
2892 820 3109 889 dixisti,
3141 837 3249 877 nec
3280 837 3391 891 ego
3425 822 3623 877 adhuc
3656 824 3773 880 sine
3809 826 3923 883 cali-

2313 901 2449 969 gine
2500 902 2784 977 intelligo.
2818 914 3006 981 Atque
3050 912 3277 967 utinam
3320 927 3586 983 praesens
3617 913 3689 968 de
3726 931 3810 970 me
3835 916 3924 974 ista

2312 991 2645 1059 qumsiisses
2671 1011 2683 1049 :
2715 995 2775 1051 in
2804 1013 2874 1052 eo
2900 999 3125 1070 quippe
3158 1017 3360 1065 sensu,
3392 1017 3577 1073 quem
3610 1002 3747 1057 mihi
3776 1005 3825 1059 in
3850 1005 3924 1061 his

2314 1079 2505 1135 verbis
2533 1081 2751 1139 habere
2781 1086 3008 1153 videor,
3034 1088 3377 1145 adhibenda
3410 1096 3503 1145 est
3524 1092 3790 1161 quaedam
3814 1110 3924 1165 pro-

2312 1169 2607 1227 nuntiatio
2636 1174 2695 1227 in
2728 1174 2894 1231 vultu
2935 1182 2988 1231 et
3021 1177 3200 1232 modo
3242 1179 3426 1243 vocis,
3460 1179 3565 1250 qui
3596 1181 3827 1251 exprimi
3856 1183 3927 1240 lit-

2313 1258 2449 1312 teris
2477 1275 2593 1315 non
2618 1267 2830 1333 potest,
2852 1271 2916 1320 ut
2939 1281 3010 1320 ex
3034 1266 3236 1338 aliqua
3260 1273 3426 1338 parte
3455 1269 3926 1342 aperiatur;quod

2312 1345 2445 1401 ideo
2476 1348 2539 1403 tit
2567 1349 2901 1417 obscurius,
2934 1354 3076 1425 quia
3106 1370 3227 1409 non
3261 1361 3439 1421 recte,
3481 1357 3633 1411 sicut
3671 1358 3928 1422 existimo,

2310 1438 2744 1506 pronontiatur.
2775 1442 2943 1506 Quod
2973 1443 3130 1498 enim
3160 1444 3452 1515 scriptum
3475 1449 3583 1510 est,
3601 1445 3684 1501 Ne
3703 1446 3930 1518 tetigeri-

2311 1522 2397 1587 tis,
2430 1539 2505 1579 ne
2530 1529 2924 1597 gustaverilis,
2972 1546 3045 1587 ne
3092 1532 3589 1588 attaminaveritis
3620 1549 3644 1603 ,·
3680 1542 3928 1607 tanquam

2310 1621 2673 1685 praeceptum
2704 1622 2944 1687 putatur
2970 1620 3260 1690 Apostoli,
3287 1622 3493 1676 nescio
3524 1622 3669 1693 quid
3702 1628 3926 1693 tangere,

2309 1708 2569 1774 gustare,
2592 1706 2947 1763 attaminare
2972 1708 3361 1779 prohibentis.
3386 1710 3605 1766 Contra
3630 1717 3716 1765 est
3739 1721 3927 1777 autem,

2310 1791 2359 1845 si
2399 1798 2594 1847 tamen
2627 1794 2685 1849 in
2718 1799 2879 1851 tanta
2927 1797 3293 1853 obscuritate
3325 1799 3443 1855 ista
3474 1815 3597 1855 non
3631 1800 3804 1856 fallor.
3844 1802 3928 1857 Per

2306 1878 2643 1937 irrisionem
2674 1884 2899 1956 quippe
2954 1885 3134 1941 verba
3179 1888 3377 1958 posuit
3416 1904 3648 1955 eorum,
3680 1906 3715 1945 a
3741 1891 3924 1962 quibus

2306 1983 2407 2023 eos
2437 1969 2678 2027 nolebat
2708 1972 2899 2044 decipi
2929 1980 3108 2046 atque
3139 1976 3363 2041 seduci,
3401 1976 3509 2048 qui
3560 1977 3921 2033 discernentes

2305 2056 2471 2113 cibos
2496 2061 2829 2117 secundum
2854 2062 3146 2118 culturam
3178 2064 3568 2134 Angelorum,
3587 2071 3752 2137 atque
3776 2068 3843 2122 ita
3866 2067 3923 2121 de

2305 2146 2414 2201 hoc
2452 2149 2679 2204 mundo
2705 2150 3113 2217 decernentes,
3147 2153 3373 2218 dicunt,
3404 2155 3498 2210 Ne
3526 2155 3835 2225 tetigeritis,
3864 2171 3919 2211 ne

2302 2238 2705 2306 gustaveritis,
2747 2256 2821 2296 ne
2857 2241 3386 2313 attaminaveritis;
3424 2259 3565 2298 cum
3613 2245 3722 2298 sint
3748 2243 3919 2299 omnia

2304 2326 2533 2381 munda
2559 2328 2799 2383 mundis
2830 2330 2965 2399 (Tit.
3001 2346 3038 2394 ι,
3073 2332 3179 2401 t5),
3212 2336 3266 2386 et
3306 2332 3511 2387 omnis
3543 2336 3802 2387 creatura
3844 2333 3921 2387 Dei

2302 2414 2466 2470 bona
2498 2416 2570 2470 sit
2603 2417 2645 2485 (Ι
2678 2418 2823 2472 Tim.
2858 2434 2935 2483 1v,
2963 2418 3018 2489 4)
3054 2436 3066 2474 :
3097 2420 3260 2491 quod
3286 2420 3346 2474 in
3373 2420 3495 2476 alio
3532 2420 3660 2477 loco
3689 2421 3796 2492 ipse
3821 2420 3920 2475 evi-

2302 2503 2508 2558 denter
2533 2507 2936 2562 commendat.

2370 2594 2459 2647 24.
2493 2595 2696 2649 Totam
2722 2610 2862 2665 ergo
2894 2596 3080 2667 ipsius
3114 2597 3420 2654 sententias
3451 2598 3919 2654 circumstantiam

2303 2681 2612 2737 videamus
2637 2700 2650 2737 :
2680 2684 2760 2739 ita
2784 2684 2945 2740 enim
2972 2686 3239 2757 Apostoli
3270 2688 3599 2743 intentione
3626 2694 3917 2759 perspecta,

2300 2786 2546 2826 sensum
2587 2774 2733 2843 ejus,
2768 2780 3065 2846 quantum
3105 2774 3399 2841 valemus,
3446 2777 3696 2832 fortasse
3740 2775 3917 2830 tenebi-

2302 2876 2452 2915 mus.
2478 2860 2704 2928 Quibus
2736 2864 2892 2917 enim
2923 2863 3029 2919 ista
3053 2864 3275 2930 scribit,
3304 2866 3612 2921 metuebat
3636 2881 3732 2921 eos
3757 2864 3921 2918 seduci

2301 2949 2526 3004 umbris
2564 2966 2783 3016 rerum,
2817 2952 2974 3007 dulci
3006 2953 3246 3009 nomine
3295 2955 3584 3020 scientiae,
3618 2960 3673 3009 et
3710 2952 3865 3008 averti
3892 2967 3919 3005 a

2297 3036 2428 3093 luce
2448 3040 2703 3094 veritatis
2716 3056 2850 3111 quas
2870 3045 2959 3095 est
2977 3040 3036 3095 in
3052 3041 3275 3095 Christo
3297 3042 3443 3097 Jesu
3465 3043 3711 3098 Domino
3728 3046 3915 3096 nostro.

2298 3126 2459 3181 Hanc
2480 3132 2682 3183 autem
2710 3128 2822 3183 sub
2850 3130 3092 3184 nomine
3122 3129 3434 3201 sapientiae
3464 3130 3556 3185 vel
3581 3130 3821 3185 scientiae
3842 3143 3917 3182 cu-

2299 3230 2429 3270 ram
2468 3231 2761 3272 vanarum
2806 3217 3321 3290 superﬂuarumve
3352 3220 3850 3282 Observationum,
3876 3218 3917 3271 et

2298 3302 2371 3358 de
2394 3305 2810 3375 superstitione
2834 3306 3196 3378 gentilitatis,
3226 3307 3618 3380 maximeque
3644 3309 3718 3363 ab
3740 3308 3816 3362 eis
3836 3304 3917 3377 qui

2298 3393 2637 3466 Philos0phi
2665 3400 2804 3449 sunt
2828 3397 3180 3466 nuncupati,
3212 3402 3267 3452 et
3306 3413 3342 3452 a
3367 3398 3700 3462 Judaismo,
3735 3409 3917 3451 caven-

2296 3484 2436 3539 dam
2464 3500 2595 3539 esse
2620 3483 2924 3550 cernebat,
2946 3485 3024 3540 uti
3053 3491 3221 3541 erant
3250 3488 3474 3541 umbrae
3503 3486 3820 3542 futurorum
3846 3499 3914 3537 re-

2299 3574 2630 3639 movendae,
2664 3574 2953 3645 quoniam
2998 3574 3199 3629 lumen
3250 3590 3460 3630 earum
3515 3578 3642 3646 jam
3695 3574 3914 3630 Christus

2294 3662 2642 3719 advenerat.
2675 3663 2819 3717 Cum
2848 3678 2988 3731 ergo
3014 3672 3547 3720 commemorasset
3568 3670 3621 3720 et
3650 3676 3916 3720 commen-

2294 3751 2493 3806 dasset
2520 3756 2815 3823 quantum
2847 3757 3148 3807 certamen
3184 3768 3294 3824 pro
3324 3754 3407 3807 eis
3438 3753 3708 3818 haberet,
3739 3757 3789 3807 et
3829 3763 3914 3821 pro

2292 3840 2385 3895 his
2416 3842 2518 3912 qui
2547 3840 2851 3896 Laodiceae
2878 3840 3131 3911 fuerant,
3162 3848 3217 3897 et
3246 3844 3616 3915 quicumque
3648 3857 3760 3897 non
3789 3840 3914 3894 vide-

2292 3935 2426 3985 rant
2455 3930 2665 3985 faciem
2702 3931 2830 4000 ejus
2863 3932 2921 3985 in
2953 3946 3149 3997 carne,
3186 3936 3246 3985 ut
3267 3931 3552 3986 cordibus
3578 3930 3914 3986 consolaren-

2294 4024 2387 4074 tur
2413 4019 2668 4090 copulati
2688 4021 2745 4074 in
2778 4019 3081 4085 charitate,
3109 4025 3163 4074 et
3190 4020 3248 4074 in
3277 4020 3567 4075 omnibus
3594 4019 3796 4076 divitiis
3816 4016 3910 4089 ple.

2292 4109 2578 4163 nitudinis
2602 4108 2953 4169 intellectus,
2978 4109 3054 4162 ad
3083 4109 3573 4177 cognoscendum
3598 4107 3907 4181 mysterium

2296 4200 2414 4261 Dei,
2441 4198 2603 4269 quod
2631 4202 2721 4253 est
2752 4198 3033 4262 Christus,
3056 4198 3115 4252 in
3145 4214 3265 4270 quo
3292 4206 3427 4254 sunt
3449 4214 3662 4254 omnes
3683 4193 3909 4253 thesauri

2293 4288 2598 4359 sapientiae
2629 4292 2685 4343 et
2714 4286 2969 4343 scientias
3001 4286 3336 4342 absconditi
3364 4305 3379 4357 ;
3404 4288 3525 4343 Hoc
3547 4288 3696 4352 dico,
3727 4284 3905 4357 inquit,

2294 4382 2355 4432 ut
2387 4394 2548 4433 nemo
2583 4393 2680 4432 vos
2719 4378 3141 4433 circumveniat
3172 4377 3233 4432 in
3266 4379 3391 4434 veri
3418 4377 3605 4434 simili
3631 4387 3905 4433 sermone:

2291 4467 2427 4538 quia
2468 4465 2723 4522 veritatis
2767 4482 2972 4521 amore
3018 4465 3414 4536 ducebantur,
3448 4467 3574 4522 veri
3604 4461 3906 4521 similitudi-

2291 4571 2428 4611 nem
2463 4554 2572 4610 illis
2605 4555 2819 4621 timuit,
2838 4570 2910 4610 ne
2933 4554 3365 4625 deciperentur.
3401 4558 3462 4611 Et
3486 4556 3622 4610 ideo
3640 4564 3904 4610 commen-

2290 4644 2452 4701 davit
2480 4644 2539 4699 in
2573 4644 2804 4700 Christo
2838 4644 3003 4715 quod
3035 4644 3454 4699 dulcissimum
3485 4643 3782 4700 habebant
3809 4640 3908 4695 the-

2290 4750 2556 4803 saurum,
2575 4732 3116 4804 scilicetsapientim
3135 4737 3191 4788 et
3213 4734 3487 4803 scientiae,
3505 4734 3674 4803 cujus
3697 4729 3904 4787 nomine

2289 4828 2345 4880 et
2378 4823 2768 4894 promissione
2800 4822 2998 4876 induci
3029 4826 3303 4892 poterant
3331 4822 3390 4877 in
3419 4837 3696 4878 errorem.

2358 4917 2447 4968 25.
2466 4914 2617 4968 Nam
2646 4913 2754 4968 etsi
2782 4926 3046 4980 corpore,
3073 4911 3282 4982 inquit,
3312 4911 3517 4967 absens
3542 4927 3685 4975 sum,
3717 4905 3901 4975 spiritu

2289 5002 2583 5057 vobiscum
2607 5017 2735 5056 sum
2756 5023 2773 5061 :
2791 5000 3081 5070 gaudens,
3105 5008 3157 5057 et
3187 5000 3388 5057 videns
3413 5008 3661 5056 vestram
3689 4995 3898 5053 ordina-

2288 5092 2590 5159 tionem,et
2612 5091 2675 5145 id
2690 5091 2848 5162 quod
2868 5091 3020 5146 deest
3045 5090 3187 5157 ﬁdei
3209 5098 3415 5145 vestrae
3434 5089 3497 5145 in
3524 5090 3767 5146 Christo.
3786 5084 3898 5140 Ideo

2287 5179 2400 5234 illis
2434 5179 2703 5245 timebat,
2738 5180 3027 5250 quoniam
3068 5178 3213 5250 quid
3245 5180 3327 5234 eis
3357 5179 3555 5234 adhuc
3579 5179 3808 5236 deesset,
3831 5169 3896 5223 vi-

2285 5268 2654 5324 debat.Sicut
2677 5283 2815 5337 ergo
2837 5268 3163 5335 accepistis,
3178 5266 3391 5339 inquit,
3412 5268 3602 5323 Jesum
3628 5262 3893 5321 Christum

2286 5357 2601 5413 Dominum
2641 5365 2929 5422 nostrum,
2963 5358 3023 5411 in
3056 5357 3181 5426 ipso
3218 5355 3518 5412 ambulate
3536 5378 3558 5426 ,-
3586 5350 3821 5410 radicati
3847 5352 3890 5401 et

2283 5447 2744 5518 supersedi/irati
2780 5447 2842 5502 in
2885 5446 3027 5516 ipso,
3066 5454 3119 5502 et
3160 5445 3500 5513 conﬁrmati
3520 5445 3581 5500 in
3605 5443 3733 5512 ﬁde,
3762 5437 3891 5491 sicut

2284 5545 2335 5595 et
2366 5537 2672 5603 didicistis,
2707 5536 3078 5593 abundantes
3110 5536 3170 5591 in
3208 5551 3272 5591 ea
3300 5536 3632 5605 gratiarum
3661 5530 3879 5586 actione.

2284 5627 2416 5683 Vult
2445 5643 2547 5682 eos
2575 5626 2690 5681 fide
2715 5625 2945 5692 nutriri,
2971 5632 3028 5680 ut
3051 5640 3301 5698 capaces
3325 5624 3470 5680 ﬁant
3497 5612 3888 5696 participando.
