4098 6166
162 173 266 233 641

158 317 294 357 rum
331 301 755 359 thesaurorum
788 301 1097 375 sapientiae
1131 303 1187 357 et
1230 301 1516 366 scientias,
1555 300 1661 372 qui
1692 304 1831 354 sunt

156 391 507 448 absconditi
549 391 609 447 in
652 391 920 461 Christo;
954 405 1029 446 ne
1073 396 1395 462 antequam
1437 389 1556 445 sint
1594 389 1671 445 ad
1703 388 1830 444 haec

156 479 388 547 idonei,
418 480 537 536 veri
562 479 741 536 simili
767 495 1039 536 sermone
1064 480 1395 551 capiantur,
1425 483 1482 534 et
1514 495 1549 534 a
1570 477 1828 534 veritatis

156 568 376 624 itinere
408 569 673 625 devient.
693 569 911 625 Deinde
934 568 1220 640 apertius,
1238 567 1384 639 quid
1407 567 1490 622 eis
1515 567 1715 622 timeat
1737 582 1829 621 os-

154 657 451 713 tendens:
484 659 703 722 Videte,
718 658 928 729 inquit.
946 673 1017 713 ne
1037 657 1163 729 quis
1186 672 1284 712 vos
1301 656 1555 724 decipiat
1572 671 1681 723 per
1697 654 1828 725 phi-

157 747 520 815 losophiam,
536 755 588 803 et
611 749 847 803 inanem
867 746 1284 809 seductionem,
1300 746 1619 802 secundum
1643 744 1827 800 tradi-

155 835 377 892 tionem
400 835 725 901 hominum,
742 835 1063 892 secundum
1087 836 1374 892 elementa
1387 834 1616 900 mundi,
1632 840 1685 889 et
1707 848 1824 888 non

152 925 492 980 secundum
510 925 813 981 Christum
830 943 848 980 :
861 927 1003 996 quia
1018 924 1081 979 in
1104 926 1228 993 ipso
1242 924 1475 980 habitat
1496 922 1685 979 omnis
1703 923 1826 991 ple-

152 1014 377 1069 nitudo
420 1014 753 1071 divinitatis
798 1015 1211 1082 corporaliter.
1261 1013 1399 1069 Ideo
1433 1014 1828 1081 corporaliter

154 1103 334 1169 dixit,
365 1104 510 1175 quia
550 1103 628 1158 illi
671 1103 1060 1159 umbratiliter
1097 1102 1503 1169 seducebant;
1538 1103 1826 1159 translato

154 1192 354 1247 verbo
385 1193 718 1257 usus,sicut
743 1192 920 1247 etiam
946 1192 1170 1246 umbrae
1202 1208 1421 1247 nomen
1442 1192 1501 1247 in
1522 1191 1614 1247 his
1644 1191 1824 1247 rebus

155 1295 285 1336 non
310 1287 402 1335 est
424 1284 625 1352 utique
648 1280 899 1335 verbum
922 1279 1252 1351 proprium,
1269 1280 1369 1334 sed
1388 1280 1655 1352 quadam
1670 1280 1828 1334 simi-

154 1370 437 1425 litudinis
468 1370 697 1424 ratione
730 1370 1105 1425 translatum.
1124 1370 1197 1424 Et
1221 1369 1354 1425 estis
1376 1371 1441 1424 in
1462 1369 1590 1433 illo,
1614 1369 1823 1441 inquit,

158 1458 401 1528 repleti,
430 1459 533 1530 qui
564 1464 645 1514 est
677 1464 854 1527 caput
884 1457 1071 1514 omnis
1092 1458 1466 1527 principatus
1493 1464 1547 1514 et
1571 1465 1827 1527 potesta-

157 1548 257 1604 tis.
297 1550 409 1603 Per
436 1547 806 1620 principatus
837 1548 996 1602 enim
1033 1552 1087 1602 et
1127 1553 1453 1618 potestates
1485 1548 1825 1619 superstitio

161 1635 488 1692 Gentilium
520 1637 613 1691 vel
644 1636 981 1707 Philosophi
1012 1636 1398 1702 seducebant,
1432 1636 1827 1708 praedicantes

158 1725 328 1781 illam
361 1742 546 1797 quam
579 1731 792 1781 vocant
822 1724 1183 1794 theologiam
1208 1741 1313 1796 per
1334 1724 1626 1781 elementa
1649 1725 1827 1795 hujus

156 1814 602 1884 mundi.Caput
618 1820 817 1869 autem
840 1814 1110 1869 omnium
1132 1813 1449 1880 Christum,
1465 1815 1827 1886 principium

160 1903 445 1959 omnium
476 1903 664 1959 voluit
698 1902 961 1972 intelligi,
996 1903 1145 1958 sicut
1168 1902 1317 1974 ipse,
1349 1920 1484 1959 cum
1518 1905 1568 1959 ei
1601 1903 1825 1959 dictum

157 1996 340 2057 esset,
374 1993 460 2046 Tu
476 1991 606 2063 quis
629 2006 683 2047 es
704 1990 731 2045 ?
762 1991 1102 2063 respondit:
1134 1992 1640 2063 Principium,qui
1668 1995 1719 2047 et
1748 1994 1829 2047 to-

159 2096 320 2151 quor
352 2081 513 2137 vobis
546 2080 739 2152 (Joan.
769 2096 886 2145 Vill,
916 2082 1024 2148 25).
1058 2081 1273 2136 Omnia
1303 2081 1463 2136 enim
1490 2097 1597 2153 per
1626 2082 1825 2151 ipsum

160 2169 330 2226 facta
362 2176 523 2235 sunt,
558 2175 613 2225 et
643 2170 769 2224 sine
800 2169 930 2241 ipso
958 2168 1178 2224 factum
1220 2174 1309 2224 est
1348 2169 1492 2224 nihil
1524 2170 1629 2240 (Id.
1662 2185 1700 2234 1,
1733 2172 1818 2240 3).

159 2259 508 2315 Mirabiliter
538 2264 736 2313 autem
768 2257 894 2313 vult
922 2274 1024 2313 eos
1058 2274 1185 2313 esse
1211 2258 1427 2313 horum
1460 2257 1620 2312 velut
1650 2258 1828 2313 mira-

161 2347 383 2402 bilium
411 2352 871 2419 contemptores,
893 2362 1029 2402 cum
1057 2362 1159 2402 eos
1184 2346 1444 2402 ostendit
1464 2362 1683 2418 corpus
1711 2345 1828 2401 fac-

163 2442 261 2491 tos
290 2436 450 2491 illius
480 2436 711 2507 capitis,
747 2435 1005 2491 dicendo
1045 2453 1058 2491 :
1091 2436 1168 2491 Et
1209 2436 1342 2492 estis
1373 2435 1435 2491 in
1465 2435 1568 2491 illo
1599 2434 1824 2504 repleti,

164 2527 273 2598 qui
301 2533 385 2582 est
416 2532 595 2594 caput
629 2524 814 2580 omnis
836 2526 1210 2596 principatus
1242 2531 1295 2580 et
1324 2525 1652 2594 potestatis.

241 2619 331 2670 26.
350 2614 632 2685 Hincjam
662 2629 734 2668 ne
749 2613 973 2668 umbris
993 2613 1283 2668 Judaismi
1312 2614 1693 2679 seducantur,
1727 2614 1830 2669 ad-

159 2704 365 2775 jungit
391 2720 403 2757 :
432 2703 505 2758 In
537 2720 648 2775 quo
663 2704 840 2759 etiam
854 2702 1182 2759 circumcisi
1196 2704 1355 2767 estis,
1390 2703 1831 2760 circumcisione

166 2810 289 2849 non
323 2793 682 2862 manufacta
696 2792 750 2846 in
768 2791 1192 2860 exspoliatione
1204 2791 1463 2860 corporis
1478 2794 1702 2863 carnis;
1717 2791 1825 2860 vel,

168 2882 327 2937 sicut
348 2881 533 2953 aliqui
563 2880 807 2946 habent,
830 2880 893 2935 in
906 2881 1336 2949 exspoliatione
1347 2880 1611 2949 corporis
1628 2895 1832 2950 pecca-

169 2978 371 3026 torum
391 2971 616 3035 carnis,
630 2972 691 3026 in
708 2971 1154 3026 circumcisione
1168 2968 1420 3040 Christi;
1437 2969 1771 3038 conseputti
1780 2969 1832 3025 ei

168 3061 231 3116 in
257 3059 585 3129 Baptismo,
612 3060 676 3114 in
706 3074 822 3130 quo
848 3065 900 3114 et
923 3058 1678 3127 consurrexistisperﬁdem
1701 3073 1832 3127 ope-

170 3150 430 3206 rationis
444 3148 571 3215 Dei,
586 3148 689 3219 qui
702 3147 998 3204 suscitavit
1010 3147 1184 3203 illum
1198 3164 1234 3203 a
1248 3148 1515 3203 mortuis.
1536 3147 1676 3201 Vide
1689 3163 1832 3219 que—

171 3238 577 3294 madmodum
591 3236 755 3292 ethic
773 3252 992 3307 corpus
1012 3235 1215 3292 Christi
1232 3252 1334 3291 eos
1346 3236 1623 3301 ostendit,
1641 3242 1703 3290 ut
1720 3236 1833 3291 ista

172 3332 586 3391 contemnant,
602 3326 962 3381 cohaerentes
977 3329 1140 3380 tanto
1154 3325 1329 3396 capiti
1356 3340 1485 3389 suo,
1521 3324 1831 3380 mediatori

175 3416 275 3472 Dei
303 3422 360 3471 et
397 3415 712 3471 hominum
735 3413 960 3470 Christo
975 3414 1205 3479 Jesu,et
1228 3413 1458 3468 nullum
1488 3413 1709 3469 falsum
1740 3413 1833 3469 vel

176 3505 509 3561 invalidum
533 3503 795 3559 medium
811 3519 917 3575 per
933 3503 1092 3574 quod
1120 3504 1236 3556 Deo
1259 3502 1616 3569 cohaereant,
1641 3503 1835 3574 requi-

175 3599 398 3651 rentes.
414 3594 489 3649 Et
509 3608 629 3656 vos,
644 3591 858 3663 inquit,
877 3607 1009 3647 cum
1023 3593 1216 3647 essetis
1230 3591 1447 3647 mortui
1460 3591 1522 3645 in
1536 3591 1767 3647 delictis
1780 3598 1832 3647 et

176 3682 476 3754 prwputio
505 3682 706 3738 carnis
746 3685 980 3751 vestrm,-
1006 3680 1365 3751 praeputium
1414 3680 1643 3735 vocavit
1667 3680 1832 3751 quod

176 3771 551 3843 signiﬁcatur
563 3769 998 3842 praeputio,hoc
1013 3767 1323 3823 estdelicta
1336 3767 1598 3823 carnalia
1611 3769 1833 3839 quibus

122 3840 133 3853 ⁸
175 3840 797 3933 θίεροιὶεωόὶἐυώυε
831 3875 843 3913 :
888 3859 1228 3926 viviﬁcavit,
1270 3856 1480 3927 inquit.
1540 3873 1662 3912 cum
1703 3857 1830 3924 illo,

175 3952 405 4007 donans
422 3948 577 4005 vobis
590 3949 786 4005 omnia
799 3948 1036 4012 delicta,
1051 3947 1245 4003 detens
1259 3946 1418 4017 quod
1430 3946 1714 4001 adversus
1731 3961 1833 4000 nos

174 4048 303 4098 erat
317 4038 786 4109 chirographum
800 4038 860 4093 in
874 4037 1305 4108 decretis,quod
1316 4041 1442 4090 erat
1457 4034 1832 4090 contrarium

174 4129 679 4199 nobis;quiareos
695 4127 808 4181 Lex
841 4126 1262 4195 faciebat,quie
1297 4122 1737 4178 subintraverat
1772 4128 1833 4177 ut

175 4215 834 4275 abundaretdelictum.
868 4213 1349 4285 Tollens,inquit,
1382 4212 1623 4267 iltudde
1644 4212 1832 4268 medio

175 4314 228 4364 et
255 4308 514 4377 afﬁgens
530 4305 688 4359 illud
705 4305 888 4367 cruci,
912 4318 1132 4359 exuens
1145 4317 1205 4357 se
1225 4316 1426 4366 carne,
1458 4301 1833 4370 principatus

175 4402 227 4453 et
238 4401 555 4466 potestates
569 4392 946 4462 exemplavit,
972 4391 1337 4461 ﬁducialiter
1349 4390 1728 4459 triumphans
1742 4406 1833 4445 eos

176 4486 238 4541 in
252 4484 595 4552 semetipso:
612 4498 730 4537 non
749 4482 949 4553 utique
961 4480 1178 4545 bonos,
1194 4482 1295 4534 sed
1334 4479 1523 4535 malos
1536 4480 1836 4551 principa-

178 4579 274 4630 tus
295 4578 353 4629 et
382 4571 573 4627 malas
597 4576 937 4641 potestates,
968 4569 1296 4624 diabolicas
1311 4566 1836 4623 scilicetetdaemo-

178 4664 385 4719 niacas
397 4660 750 4731 exemplavit
766 4660 869 4731 (a);
887 4658 945 4713 id
959 4656 1411 4728 est,exemplum
1430 4657 1503 4711 de
1522 4657 1634 4711 illis
1649 4656 1831 4722 dedit,

182 4759 246 4807 ut
288 4748 813 4824 quemadmodum
858 4748 985 4819 ipse
1031 4762 1092 4800 se
1123 4750 1284 4801 exuit
1323 4760 1521 4811 carne,
1563 4744 1646 4799 sic
1688 4760 1831 4799 suos

181 4837 842 4897 ostenderetexuendos
864 4834 1205 4892 carnalibus
1235 4832 1415 4901 vitiis,
1449 4848 1554 4904 per
1579 4848 1713 4904 qua:
1752 4832 1833 4888 illi

181 4932 264 4986 eis
279 4930 766 4986 dominabantur.

252 5025 318 5075 27
331 5063 343 5075 .
356 5021 491 5074 Jam
506 5017 928 5087 hicdiligenter
946 5013 1183 5072 attende
1199 5012 1723 5085 quamadmodum
1750 5012 1835 5068 in-

182 5108 329 5164 ferat
358 5112 603 5180 propter
637 5107 798 5179 quod
823 5111 1038 5161 cuncta
1067 5105 1177 5159 ista
1199 5102 1831 5159 commemoravimus.

182 5199 366 5255 Nemo
379 5213 511 5269 ergo
528 5213 643 5261 vos,
660 5196 871 5268 inquit,
884 5193 1115 5265 judicet
1131 5194 1191 5249 in
1206 5192 1331 5249 cibo
1345 5209 1363 5246 :
1386 5197 1673 5264 tanquam
1698 5207 1837 5263 pro-

182 5292 385 5358 pterea
406 5288 613 5342 omnia
628 5286 726 5341 illa
739 5285 969 5347 dixerit,
994 5282 1135 5356 quia
1151 5282 1240 5337 isti
1257 5280 1721 5353 perhujusmodi
1736 5279 1837 5335 ob-

187 5376 552 5432 servationes
574 5375 1008 5431 seducebantur
1039 5389 1071 5426 a
1102 5372 1506 5441 veritate,qua
1542 5368 1713 5424 liberi
1740 5369 1838 5423 tie-

182 5464 357 5531 baut;
382 5466 455 5520 de
469 5480 590 5537 qua
602 5464 825 5521 dictum
841 5470 925 5519 est
941 5463 999 5516 in
1020 5460 1352 5531 Evangelio,
1368 5460 1444 5514 Et
1460 5459 1682 5515 veritas
1697 5457 1837 5513 tibe-

185 5554 343 5611 rabit
366 5554 597 5625 vos(Id.
642 5570 757 5620 vui,
799 5552 913 5625 32),
965 5552 1020 5606 id
1042 5555 1147 5615 est,
1176 5549 1396 5605 liberos
1431 5546 1623 5603 faciet.
1654 5546 1837 5603 Nemo

223 5654 323 5725 ’(a)
344 5660 746 5726 Edeigmatisen.

1410 164 1918 231 EPISTOLARUM
1958 171 2247 230 CLASSIS
2288 172 2382 231 IIl.

3477 178 3588 239 542

1940 312 2079 369 ergo
2095 314 2212 365 vos,
2245 299 2454 372 inquit,
2477 301 2710 372 judicet
2724 301 2783 357 in
2802 302 2945 369 cibo,
2964 310 3070 361 aut
3106 304 3170 361 in
3198 312 3361 374 potu,
3390 314 3494 365 aut
3520 307 3584 364 in

1937 394 2112 456 parte
2127 386 2247 444 diei
2252 388 2521 457 festi,aut
2534 390 2981 459 neomeniae,aut
2996 394 3384 452 sabbatorum
3394 409 3417 467 ,'
3428 397 3587 468 quod

1939 482 2020 531 est
2056 478 2269 533 umbra
2292 478 2646 547 futurorum
2686 494 2706 531 :
2746 480 2860 536 hoc
2901 486 3143 553 propter
3180 483 3581 542 Judaismum.

1943 566 2161 621 Deinde
2198 570 2719 640 sequiturpropter
2760 571 3207 641 superstitiones
3244 573 3584 640 Gentilium,

1940 655 2171 723 Corpus
2190 663 2385 712 autem
2404 657 2635 723 Christi,
2668 659 2876 729 inquit,
2909 675 3074 715 nemo
3101 677 3197 716 vos
3228 662 3536 719 convincat
3564 681 3584 718 :

1938 746 2107 813 turpe
2137 749 2244 809 est,
2269 743 2479 817 inquit,
2505 746 3183 817 etnimisincongruum,
3207 756 3265 805 et
3288 765 3585 821 agenero-

1936 831 2105 886 sitate
2132 837 2337 888 vestrae
2364 834 2651 890 libertatis
2680 834 2964 905 alienum,
2990 841 3051 891 ut
3070 852 3207 892 cum
3226 840 3349 893 sitis
3365 856 3584 912 corpus

1938 920 2166 987 Christi,
2186 922 2557 978 seducamini
2589 924 2837 990 umbris,
2866 930 2920 981 et
2950 926 3221 982 convinci
3257 928 3582 985 videamini

1934 1009 2111 1065 veluti
2142 1017 2476 1081 peccantes,
2493 1013 2538 1067 si
2553 1013 2679 1068 htec
2692 1014 3009 1069 observare
3025 1015 3342 1087 negligitis.
3362 1017 3587 1086 Corpus

1935 1113 2070 1168 ergo
2096 1099 2331 1166 Christi,
2370 1117 2534 1157 nemo
2566 1118 2663 1157 vos
2691 1105 2998 1160 convincat
3028 1106 3226 1160 volens
3246 1106 3307 1161 in
3344 1106 3587 1162 humili-

1935 1193 2054 1243 tate
2081 1188 2293 1244 cordis.
2313 1192 2429 1244 Hoc
2462 1190 2507 1244 si
2537 1206 2640 1261 per
2689 1191 2939 1247 verbum
2970 1208 3232 1261 graecum
3264 1194 3584 1261 diceretur,

1935 1276 2113 1331 etiam
2145 1277 2203 1332 in
2234 1277 2416 1333 latina
2446 1279 2878 1335 consuetudine
2900 1282 3176 1352 populari
3206 1290 3446 1340 sonaret
3472 1285 3588 1340 usi-

1936 1367 2134 1421 tatius.
2154 1368 2243 1423 Sic
2262 1368 2419 1422 enim
2438 1374 2492 1423 et
2514 1367 2691 1434 vulgo
2713 1368 3042 1441 diciturqui
3066 1370 3306 1426 divitem
3327 1372 3585 1439 affectat,

1935 1454 2280 1521 thelodives,
2306 1462 2361 1511 et
2382 1456 2483 1529 qui
2498 1456 2853 1527 sapientem,
2871 1459 3293 1530 thelosapiens,
3308 1467 3588 1520 etcastera

1934 1542 2542 1614 hujusmodizergoet
2579 1545 2674 1601 hic
2695 1546 3117 1613 thelohumilis,
3153 1550 3317 1620 quod
3353 1550 3588 1621 plenius

1934 1633 2152 1688 dicitur
2186 1633 2607 1701 thelohumilis,
2649 1636 2709 1689 id
2742 1640 2850 1701 est,
2880 1635 3089 1691 volens
3125 1637 3387 1705 humilis,
3417 1638 3591 1695 aﬂec-

1936 1727 2069 1778 tans
2092 1722 2491 1779 humilitatem
2522 1725 2715 1796 ;quod
2747 1725 3108 1796 intelligitur,
3159 1728 3366 1783 volens
3400 1729 3591 1785 videri

1936 1811 2198 1877 humilis,
2227 1812 2515 1868 affectans
2570 1814 2986 1870 humilitatem.
3018 1818 3135 1871 Hoc
3179 1816 3337 1873 enim
3371 1819 3590 1874 talibus

1936 1902 2454 1957 observationibus
2482 1903 2692 1971 agitur,
2728 1910 2911 1959 utcor
2952 1904 3214 1961 hominis
3238 1908 3397 1962 velut
3444 1908 3589 1964 reli-

1937 1990 2347 2059 gionehumile
2374 1991 2669 2046 reddatur.
2697 1992 2938 2047 Addidit
2971 1999 3168 2049 autem
3203 1998 3258 2049 et
3285 1998 3587 2053 cutturum

1934 2079 2322 2148 Angetorum,
2364 2079 2453 2134 vel
2484 2080 2633 2135 sicut
2678 2081 2855 2136 vestri
2887 2082 3123 2137 codices
3155 2082 3397 2149 habent,
3449 2086 3592 2141 reli-

1935 2168 2166 2237 gionem
2218 2169 2603 2237 Angelorum,
2637 2184 2772 2241 quas
2803 2185 2991 2240 graece
3037 2173 3290 2244 θρησκεία
3333 2173 3585 2242 dicitur;

1937 2255 2193 2325 Angelos
2215 2256 2421 2311 volens
2452 2257 2695 2329 intelligi
2730 2259 3114 2331 Principatus,
3146 2277 3301 2333 quos
3334 2261 3590 2318 elemen-

1937 2350 2130 2400 torum
2166 2344 2371 2400 mundi
2399 2345 2582 2416 hujus
2603 2349 2975 2419 praepositos,
3018 2351 3079 2405 in
3099 2349 3192 2405 his
3221 2350 3589 2409 observatio-

1936 2434 2114 2489 nibus
2146 2433 2431 2490 colendos
2470 2450 2601 2490 esse
2632 2436 3016 2493 arbitrantur.

2006 2522 2096 2578 28.
2116 2526 2300 2579 Nemo
2312 2538 2455 2593 ergo
2471 2538 2593 2589 vos,
2610 2525 2823 2597 inquit,
2838 2526 3154 2584 convincat
3166 2544 3303 2584 cum
3319 2529 3445 2585 sitis
3470 2545 3591 2587 cor-

1936 2626 2051 2683 pus
2066 2611 2297 2677 Christi,
2322 2611 2529 2668 volens
2560 2612 2744 2668 videri
2767 2615 3006 2670 humilis
3048 2616 3226 2672 corde
3258 2618 3318 2673 in
3359 2619 3591 2676 cultura

1935 2700 2461 2772 Angelorum,quae
2490 2717 2605 2757 non
2629 2702 2767 2757 vidit
2805 2705 3118 2761 inculcans
3151 2705 3231 2777 (a)
3269 2722 3282 2762 :
3312 2707 3595 2774 vel,sicut

1936 2789 2187 2861 quidam
2232 2789 2469 2845 codices
2507 2789 2750 2855 habent,
2784 2807 2914 2863 qua
2934 2794 3079 2848 vidit
3114 2796 3447 2852 inculcans.
3481 2798 3595 2852 Aut

1937 2879 2096 2933 enim
2112 2878 2200 2933 sic
2212 2878 2408 2933 dicere
2431 2878 2773 2950 voluit,quae
2796 2896 2913 2936 non
2930 2882 3074 2937 vidit
3088 2884 3433 2941 inculcans:
3451 2887 3595 2958 quia

1938 2966 2215 3021 homines
2243 2968 2354 3022 ista
2390 2966 2834 3037 suspicionibus
2856 2976 2909 3023 et
2954 2971 3343 3040 opinionibus
3374 2980 3590 3045 agunt;

1939 3070 2060 3110 non
2090 3054 2251 3127 quod
2282 3054 2666 3119 viderintista
2691 3071 2819 3111 esse
2832 3057 3589 3133 facienda.Autcerte,qua3

1939 3143 2083 3199 vidit
2112 3143 2426 3199 inculcans
2454 3161 2470 3198 :
2494 3143 2553 3198 id
2567 3150 2652 3199 est
2669 3159 2890 3214 magna
2907 3146 3277 3215 existimans,
3292 3150 3436 3221 quia
3447 3150 3594 3208 vidit

1940 3248 2007 3289 ea
2040 3233 2411 3305 quibusdam
2441 3233 2586 3289 locis
2622 3234 2925 3290 observari
2948 3235 3091 3291 alibi
3131 3237 3208 3292 ab
3241 3237 3592 3295 hominibus

1940 3338 2197 3393 quorum
2221 3322 2556 3377 auctoritati
2579 3321 2825 3378 haberet
2842 3322 3023 3379 ﬁdem
3046 3324 3213 3381 etiam
3228 3325 3457 3383 ratione
3470 3342 3592 3383 non

1938 3411 2173 3466 reddita
2190 3426 2203 3476 ;
2220 3417 2274 3466 et
2296 3410 2430 3466 ideo
2449 3410 2561 3466 sibi
2584 3426 2841 3479 magnus
2859 3411 3110 3479 videtur,
3125 3414 3269 3487 quia
3281 3416 3594 3487 eicontigit

1939 3499 2347 3571 quorumdam
2379 3515 2687 3555 sacrorum
2720 3500 2919 3556 videre
2947 3510 3191 3560 secreta.
3224 3504 3336 3560 Sed
3366 3504 3595 3576 plenior

1941 3604 2154 3644 sensus
2171 3594 2276 3653 est,
2293 3604 2424 3660 quae
2450 3604 2566 3644 non
2590 3589 2736 3645 vidit
2750 3588 3079 3655 inculcans,
3088 3594 3327 3661 [rustra
3348 3594 3595 3663 inﬂatus

1939 3684 2132 3733 mente
2148 3678 2347 3733 carnis
2375 3692 2515 3733 suae.
2533 3678 2866 3735 Mirabiliter
2887 3680 2967 3734 ibi
2990 3695 3129 3735 eum
3145 3681 3291 3736 dixit
3318 3682 3594 3739 inﬂatum

1942 3772 2138 3821 mente
2167 3766 2361 3821 carnis
2379 3782 2520 3830 suae,
2541 3767 2642 3821 ubi
2666 3766 3117 3823 thelohumilem
3135 3785 3316 3840 supra
3337 3770 3597 3826 dixerat:

1940 3855 2006 3910 ﬁt
2035 3855 2192 3909 enim
2219 3854 2381 3909 miris
2410 3854 2605 3909 modis
2631 3855 2691 3909 in
2718 3856 2923 3911 anima
2946 3856 3233 3923 hominis,
3252 3863 3313 3912 ut
3341 3858 3415 3914 de
3447 3859 3598 3915 falsa

1940 3943 2271 3998 humilitate
2304 3943 2494 4014 magis
2525 3942 2783 4009 inﬂetur,
2810 3961 2994 4016 quam
3023 3945 3073 4000 si
3104 3946 3365 4017 apertius
3397 3962 3599 4019 super-

1941 4033 2111 4089 biret.
2128 4032 2203 4087 Et
2229 4048 2347 4087 non
2372 4039 2592 4097 tenens,
2617 4032 2829 4104 inquit,
2846 4042 3045 4103 caput,
3070 4036 3234 4107 quod
3260 4036 3383 4091 vult
3404 4036 3596 4093 Chris-

1939 4128 2067 4176 tum
2088 4120 2350 4190 intelligi,
2367 4136 2441 4177 ea:
2460 4136 2574 4191 quo
2588 4138 2755 4177 omne
2768 4137 2981 4192 corpus
3002 4130 3369 4194 compactum
3395 4132 3449 4183 et
3461 4142 3599 4183 con-

1939 4226 2179 4279 nexum,
2216 4210 2731 4266 subministratum
2788 4217 2842 4267 et
2882 4214 3227 4282 copulatum
3274 4215 3478 4272 crescit
3533 4215 3598 4271 in

1939 4301 2363 4356 incrementum
2393 4300 2516 4356 Dei.
2551 4299 2617 4356 Si
2641 4315 2777 4370 ergo
2801 4308 3016 4356 mortui
3043 4303 3178 4359 estis
3203 4320 3330 4359 cum
3360 4304 3597 4360 Christo

1940 4390 2015 4445 ab
2038 4389 2334 4445 elementis
2361 4389 2543 4458 hujus
2568 4389 2781 4444 mundi
2798 4390 2974 4459 :quid
2997 4391 3195 4447 adhuc
3216 4394 3375 4448 velut
3398 4393 3597 4449 viven-

1940 4485 2023 4534 tes
2054 4478 2121 4533 de
2153 4478 2260 4533 hoc
2290 4478 2512 4532 mundo
2542 4476 2856 4533 decernitis
2878 4478 2906 4530 7

2012 4571 2100 4622 29.
2120 4567 2217 4620 His
2229 4566 2401 4620 dictis
2417 4566 2620 4620 inserit
2634 4566 2816 4620 verba
2832 4581 3036 4621 eorum
3061 4568 3162 4639 qui
3181 4567 3510 4625 decernunt
3526 4572 3597 4626 de

1940 4656 2054 4712 hoc
2078 4653 2305 4709 mundo
2328 4669 2434 4724 per
2455 4653 2563 4708 has
2590 4653 3040 4719 observationes
3073 4657 3249 4727 quasi
3272 4658 3600 4715 rationabi-

1940 4744 2046 4810 les,
2063 4742 2336 4799 affectata
2351 4742 2611 4797 vanitate
2634 4742 2981 4799 humilitatis
3000 4744 3188 4801 inﬂati
3207 4761 3218 4801 :
3234 4747 3599 4819 Netetigeri-

1944 4833 2037 4900 tis,
2067 4846 2139 4888 ne
2159 4831 2557 4902 gustaveritis,
2585 4847 2657 4888 ne
2691 4833 3212 4891 attaminaveritis.
3247 4838 3598 4894 Recolamus

1942 4922 2105 4995 quod
2126 4921 2352 4976 dictum
2377 4926 2465 4976 est
2485 4921 2779 4991 superius,
2802 4927 2862 4977 ut
2888 4922 3004 4979 hoc
3032 4925 3452 4996 intelligamus.
3468 4929 3597 4983 Non

1942 5012 2064 5067 vult
2081 5012 2237 5066 enim
2257 5026 2359 5065 eos
2376 5009 2431 5064 in
2452 5010 2543 5065 his
2556 5010 3078 5069 observationibus
3096 5014 3372 5085 judicari,
3390 5015 3490 5069 ubi
3512 5015 3599 5070 di-

1942 5101 2111 5166 citur,
2127 5101 2214 5155 Ne
2235 5098 2558 5169 tetigeritis.
2584 5115 2659 5155 ne
2680 5104 3085 5171 gustaveritis,
3107 5119 3181 5159 ne
3209 5103 3599 5162 attaminave-

1940 5190 2070 5245 ritis
2093 5206 2112 5243 :
2142 5203 2271 5260 quae
2293 5195 2428 5243 sunt
2456 5190 2676 5251 omnia,
2710 5190 2920 5261 inquit,
2949 5192 3008 5244 in
3034 5194 3469 5259 corruptionem
3493 5208 3599 5262 per

1942 5279 2302 5336 abusionem.
2318 5275 2533 5332 Omnia
2549 5277 2697 5343 haec,
2721 5277 2931 5349 inquit,
2960 5279 3149 5349 magis
3171 5278 3247 5334 ad
3270 5282 3598 5353 corruptio-

1943 5384 2081 5423 nem
2112 5367 2326 5427 valent.
2351 5381 2489 5420 cum
2514 5367 2921 5436 superstitiose
2944 5366 3021 5420 ab
3048 5367 3130 5421 eis
3157 5366 3506 5434 abstinetur,
3534 5376 3599 5426 ut

1944 5457 2027 5511 eis
2058 5455 2241 5510 homo
2272 5454 2575 5518 abutatur,
2592 5455 2651 5508 id
2675 5460 2780 5524 est,
2808 5470 2926 5509 non
2950 5455 3034 5510 eis
3052 5462 3249 5511 utatur
3272 5460 3596 5517 secundum

1940 5549 2241 5614 praecepta
2272 5550 2321 5598 et
2352 5543 2658 5599 doctrinas
2684 5542 3008 5600 hominum.
3047 5547 3166 5602 Hoc
3197 5546 3447 5619 planum
3477 5555 3593 5619 est;

2009 5650 2081 5713 (a)
2111 5648 2445 5700 Embaleubn.
