4098 6166
383 178 487 234 643

386 301 492 356 sed
518 301 683 373 quod
714 300 980 374 sequitur
1009 300 1265 356 multum
1286 301 1567 374 requiris:
1596 302 1736 369 Quae
1757 308 1892 358 sunt
1913 302 2039 373 qui-

383 390 514 446 dem
526 392 816 447 rationem
833 391 1116 446 habentia
1136 391 1443 459 sapientiae
1461 392 1520 447 in
1545 391 1970 455 observatione,
1987 396 2038 446 et

385 480 724 536 humilitate
735 479 949 541 cordis,
967 485 1020 535 et
1037 480 1341 536 vexatione
1354 483 1642 551 corporis;
1658 480 1765 544 vel,
1778 481 1927 535 sicut
1941 478 2038 533 alii

383 569 744 640 interpretati
763 575 922 636 sunt,
938 570 1018 624 ad
1035 586 1152 624 non
1168 571 1533 639 parcendum
1557 570 1946 639 corporimon
1977 569 2037 622 in

384 657 604 713 honore
616 657 818 728 aliquo
831 658 912 713 ad
921 661 1295 714 saturitatem
1310 658 1894 728 carnis.Cur,inquis,
1911 656 2039 710 haec

383 744 819 800 dicitrationem
833 745 1048 801 habere
1064 748 1526 819 sapientiaeque:
1542 749 1620 802 ita
1631 745 1997 817 reprehendit
2011 745 2039 800 ?

455 837 541 889 30.
570 835 794 899 Dicam,
811 834 976 906 quod
999 841 1053 891 et
1074 836 1202 906 ipse
1225 836 1283 891 in
1309 837 1618 908 Scripturis
1636 842 1804 908 potes
1827 835 2042 890 adver-

381 926 688 994 tere,smpe
703 925 1058 995 sapientiam
1075 925 1331 997 positam
1345 927 1525 980 etiam
1543 926 1599 980 in
1615 925 1855 980 sedibus
1872 938 2040 978 mun-

385 1012 445 1067 di
479 1013 679 1083 hujus,
713 1029 894 1084 quam
926 1013 1067 1070 dicit
1097 1015 1437 1085 expressius
1470 1013 1828 1086 sapientiam
1860 1012 2040 1082 hujus

387 1102 738 1159 mundi.Nec
752 1107 990 1158 moveat
1006 1104 1168 1174 quod
1185 1103 1280 1158 hic
1294 1121 1413 1159 non
1430 1102 2038 1167 addidit,Mundi.Non

387 1193 536 1246 enim
559 1195 618 1246 et
639 1191 756 1246 alio
777 1192 928 1257 loco,
952 1208 1087 1246 cum
1104 1193 1204 1261 ait,
1223 1193 1329 1249 Ubi
1353 1193 1625 1261 sapiens?
1643 1192 1744 1246 ubi
1772 1191 1965 1246 scriba
1998 1189 2039 1261 (Ι

390 1279 523 1336 Cor.
556 1297 591 1343 ι,
615 1280 703 1350 20)
727 1278 754 1333 Ῠ
784 1279 1035 1344 addidit,
1067 1281 1250 1351 Hujus
1286 1282 1529 1347 mundi;
1565 1286 1627 1335 ut
1655 1281 1891 1342 diceret,
1929 1278 2038 1333 Ubi

387 1369 629 1440 sapiens
662 1369 842 1439 hujus
869 1369 1076 1425 mundi
1098 1378 1180 1424 :et
1211 1376 1409 1425 tamen
1436 1371 1546 1426 hoc
1570 1369 1929 1438 intelligitur.
1950 1367 2041 1422 Sic

387 1463 442 1512 et
467 1456 575 1512 ista
608 1458 755 1512 ratio
783 1459 1108 1528 sapientiae.
1144 1459 1296 1514 Nihil
1327 1460 1484 1514 enim
1514 1459 1592 1514 ab
1618 1460 1699 1513 eis
1731 1457 1948 1512 dicitur
1981 1456 2038 1509 in

384 1545 732 1615 hujusmodi
765 1548 1186 1617 superstitiosis
1216 1547 1756 1611 observationibus,
1786 1547 1886 1600 ubi
1919 1559 2040 1599 non

390 1634 597 1689 mundi
627 1634 807 1704 hujus
847 1635 1274 1691 elementorum
1317 1643 1788 1706 naturarumque
1819 1649 2038 1697 rerum,

389 1723 540 1778 ratio
552 1723 832 1794 quaedam
847 1725 1155 1795 sapientite
1181 1726 1348 1780 reddi
1372 1726 1656 1780 videatur.
1673 1724 1820 1779 Nam
1835 1729 2038 1778 etcum

390 1810 548 1881 dicit,
568 1811 781 1868 Cavete
806 1827 879 1868 ne
901 1813 1029 1883 quis
1054 1829 1148 1868 vos
1166 1814 1422 1882 decipiat
1445 1831 1547 1883 per
1568 1813 2005 1882 philosophiam
2020 1832 2041 1879 ,-

388 1914 510 1955 non
543 1900 641 1962 ait,
658 1901 841 1970 Hujus
857 1901 1092 1956 mundi:
1111 1903 1320 1972 etquid
1340 1909 1428 1957 est
1445 1902 1826 1973 philosophia
1841 1901 2038 1966 latine,

387 1988 500 2043 nisi
524 1989 791 2044 studium
819 1991 1169 2061 sapientiae?
1199 1990 1345 2047 Sunt
1375 2006 1538 2061 ergo,
1563 1991 1774 2062 inquit,
1806 1991 1915 2045 ista
1947 2005 2041 2044 ra-

389 2077 599 2133 tionem
625 2079 849 2149 quidem
878 2079 1152 2136 habentia
1170 2081 1494 2150 sapientiae,
1513 2081 1571 2135 id
1599 2087 1704 2143 est,
1724 2081 1795 2134 de
1821 2080 2040 2151 quibus

388 2167 590 2240 aliqua
630 2169 780 2224 ratio
812 2170 1114 2233 reddatur,
1145 2171 1477 2225 secundum
1507 2170 1801 2226 elementa
1833 2169 2040 2223 mundi

387 2256 658 2328 hujus,et
678 2258 1045 2330 principatus
1074 2275 1142 2314 ac
1171 2266 1510 2330 potestates.
1546 2263 1607 2314 In
1636 2259 2043 2315 observatione

388 2350 441 2402 et
471 2346 809 2403 humilitate
838 2347 1137 2403 cordis:id
1169 2349 1328 2404 enim
1357 2355 1542 2417 agunt
1569 2349 1699 2411 ista,
1719 2354 1779 2402 ut
1809 2363 2041 2418 supers-

389 2435 601 2491 titionis
615 2435 753 2490 vitio
781 2452 881 2490 cor
901 2436 1259 2491 humilietur.
1280 2437 1374 2491 Ad
1397 2454 1513 2492 non
1529 2438 1895 2505 parcendum
1920 2452 2039 2490 cor-

387 2525 558 2593 pori:
579 2524 726 2579 dum
753 2524 1066 2579 fraudetur
1085 2526 1209 2580 istis
1233 2527 1382 2580 escis
1417 2525 1636 2596 quibus
1668 2524 2043 2596 compellitur

389 2612 851 2668 abstinere.Non
875 2614 935 2667 in
963 2614 1397 2685 honorealiquo
1419 2615 1498 2669 ad
1518 2614 1891 2670 saturitatem
1915 2629 2043 2669 car-

388 2701 480 2756 nis
526 2717 542 2754 :
584 2716 705 2756 non
747 2703 910 2773 quod
956 2702 1308 2758 honoratius
1349 2703 1447 2758 illo
1491 2704 1681 2774 magis
1718 2719 1901 2775 quam
1943 2701 2042 2758 illo

389 2788 524 2844 cibo
556 2805 694 2845 caro
721 2795 1188 2860 saturetur,cum
1221 2793 1297 2848 ad
1324 2793 1454 2863 ejus
1486 2794 1896 2848 necessitatem
1921 2807 2040 2846 non

389 2879 678 2950 pertineat
720 2879 834 2934 nisi
875 2880 1142 2952 quolibet
1192 2881 1516 2938 valetudini
1571 2888 1710 2952 apto
1759 2881 2042 2937 alimento

387 2967 552 3024 reﬁci
583 2973 761 3040 atque
792 2969 1002 3025 fulciri.

457 3057 685 3114 CAPUT
715 3059 973 3115 lll.—3t.
998 3062 1074 3115 De
1102 3060 1749 3132 Evangelio-inquisitio
1771 3065 1873 3116 tua
1895 3059 2043 3115 solet

386 3147 607 3203 multos
624 3149 1201 3220 movere,quomodo
1218 3150 1500 3206 Dominus
1516 3155 1643 3221 post
1656 3149 2043 3205 resurrectio-

387 3250 702 3302 nem,cum
728 3238 789 3293 in
821 3239 1029 3293 eodem
1055 3255 1303 3310 corpore
1326 3239 1644 3296 surrexerit
1675 3241 1715 3302 ¹,
1738 3255 1772 3294 a
1793 3239 2043 3310 quibus-

387 3325 529 3380 dam
552 3326 655 3397 qui
679 3342 817 3381 eum
835 3333 1142 3392 noverant,
1159 3328 1266 3382 utri
1279 3343 1463 3399 usque
1480 3344 1579 3382 sex
1592 3344 1657 3382 us
1671 3327 2037 3393 hominibus,

386 3419 442 3470 et
470 3415 708 3484 agnitus
726 3430 848 3469 non
880 3415 970 3478 sit,
993 3417 1303 3485 etagnitus
1330 3417 1545 3472 sit.Ubi
1573 3417 1833 3487 primum
1853 3416 2039 3486 quaeri

387 3502 534 3557 solet
580 3507 782 3558 utrum
812 3503 870 3557 in
905 3503 1032 3573 ejus
1063 3520 1332 3577 corpore,
1367 3522 1443 3561 an
1486 3507 1683 3577 potius
1713 3506 1770 3559 in
1803 3505 2036 3560 illorum

385 3590 573 3645 oculis
605 3590 830 3662 aliquid
855 3591 1076 3647 factum
1109 3594 1181 3648 sit
1211 3609 1333 3661 quo
1366 3610 1485 3649 non
1519 3599 1719 3665 posset
1753 3595 2028 3664 agnosci.

386 3680 534 3733 Cum
548 3678 1511 3750 enimlegitur,Tenebanturoculi
1523 3699 1721 3740 eorum
1746 3699 1819 3738 ne
1831 3698 2040 3753 agnos-

384 3774 584 3824 cerent
615 3783 743 3825 eum
774 3770 938 3840 (Luc.
963 3787 1122 3837 xx1v,
1160 3772 1285 3844 16);
1320 3773 1813 3844 impedimentum
1845 3773 2037 3842 quod-

384 3856 527 3913 dam
562 3860 926 3929 agnoscendi
951 3860 1180 3916 videtur
1212 3862 1270 3917 in
1299 3861 1632 3917 luminibus
1662 3863 1881 3917 factum
1908 3877 2039 3917 esse

386 3949 755 4003 cernentium
791 3964 804 4001 :
839 3965 976 4003 cum
1011 3966 1149 4004 vero
1182 3956 1383 4022 aperte
1415 3951 1556 4006 alibi
1579 3951 1812 4017 dicitur,
1844 3951 2042 4020 Appa-

385 4035 509 4091 ruit
536 4036 616 4092 eis
646 4037 708 4091 in
740 4037 860 4092 alia
887 4038 1074 4107 efﬁgie
1104 4040 1315 4109 (Marc.
1349 4056 1426 4104 vr,
1448 4041 1561 4110 1‘2),
1593 4040 1790 4110 utique
1817 4040 1874 4094 in
1909 4039 2039 4110 ipso

387 4139 636 4194 corpore
690 4125 864 4194 cujus
912 4125 1030 4180 alia
1078 4131 1201 4181 erat
1245 4128 1492 4198 efﬁgies,
1541 4127 1767 4198 aliquid
1813 4127 2038 4183 factum

385 4212 728 4283 fuisse,quo
758 4213 1182 4284 impedimento
1209 4221 1565 4281 tenerentur,
1590 4216 1647 4270 id
1681 4223 1788 4279 est,
1809 4233 2037 4271 moram

385 4301 755 4371 agnOScendi
788 4308 1130 4373 paterentur
1161 4305 1314 4360 oculi
1343 4304 1601 4359 illorum.
1639 4305 1752 4361 Sed
1783 4320 1894 4373 ego
1928 4307 2041 4360 mi-

385 4405 504 4458 ror,
520 4406 657 4446 cum
671 4391 793 4447 duo
808 4391 922 4447 sint
936 4394 992 4446 in
1009 4408 1254 4464 corpore
1272 4393 1492 4466 quibus
1506 4393 1796 4464 cujusque
1811 4395 2039 4465 species

385 4486 767 4550 agnoscatur,
792 4481 1158 4538 lineamenta
1179 4487 1234 4538 et
1255 4483 1438 4553 color,
1463 4499 1568 4538 cur
1595 4489 1731 4539 ante
1753 4500 2042 4539 resurrec-

384 4569 628 4636 tionem,
646 4571 884 4642 quodin
908 4577 1111 4627 monte
1125 4573 1205 4628 ita
1218 4571 1677 4642 transﬁguratus
1692 4578 1780 4628 est
1798 4579 1859 4628 ut
1876 4572 2042 4629 ﬁeret

385 4659 650 4714 etvultus
669 4660 797 4730 ejus
821 4660 1346 4731 splendidissimus
1365 4663 1516 4719 sicut
1543 4662 1884 4733 sol(Matth.
1899 4679 2037 4727 xvu,

380 4748 462 4819 2),
480 4749 780 4803 neminem
799 4755 1150 4806 moveteum
1170 4768 1358 4823 usque
1385 4751 1462 4807 ad
1495 4757 1722 4807 tantam
1750 4752 2041 4807 excellen-

384 4838 529 4894 tiam
547 4837 791 4908 fulgoris
805 4838 1018 4894 etlucis
1031 4840 1290 4895 colorem
1309 4841 1399 4894 sui
1413 4842 1677 4912 corporis
1697 4846 1924 4896 mutare
1941 4857 2040 4911 po-

383 4929 566 4984 tuisse
595 4944 608 4993 ;
643 4931 698 4983 et
729 4932 862 4999 post
901 4929 1395 4985 resurrectionem
1439 4935 1633 4985 movet
1663 4930 2039 5001 aliquatenus

381 5017 750 5074 lineamenta
779 5021 1009 5073 mutata
1030 5033 1177 5081 esse,
1213 5024 1273 5074 ut
1306 5035 1425 5073 non
1455 5025 1657 5090 posset
1689 5019 1956 5087 agnosci,
1985 5023 2041 5073 et

384 5124 620 5164 rursum
650 5106 864 5163 eadem
888 5108 1164 5178 potentite
1193 5107 1655 5173 facultate,sicut
1680 5112 1820 5162 tunc
1852 5109 2037 5178 pristi-

382 5212 528 5252 num
552 5196 833 5260 colorem,
857 5197 938 5251 sic
969 5200 1177 5268 etpost
1194 5197 1684 5252 resurrectionem
1714 5197 1955 5267 pristina
1979 5196 2041 5250 li-

384 5292 702 5342 neamenta
731 5302 1068 5342 revocasse.
1087 5289 1234 5342 Nam
1258 5291 1312 5340 et
1344 5286 1422 5340 illi
1454 5292 1566 5341 tres
1589 5286 1880 5356 discipuli,
1905 5292 2038 5340 ante

385 5387 642 5442 quorum
657 5375 862 5431 oculos
877 5376 932 5430 in
951 5381 1149 5430 monte
1165 5374 1624 5446 transﬁguratus
1641 5381 1749 5438 est,
1768 5390 1884 5428 non
1901 5391 2038 5428 eum

384 5464 851 5528 agnoscerent,si
866 5465 940 5519 ad
956 5481 1057 5520 eos
1079 5465 1207 5521 talis
1222 5464 1464 5520 aliunde
1481 5465 1762 5522 venisset:
1782 5463 1882 5518 sed
1898 5463 2040 5534 quia

385 5562 521 5604 cum
546 5549 647 5605 illo
667 5555 857 5618 erant,
879 5552 1078 5622 ipsum
1101 5569 1229 5610 esse
1248 5554 1571 5610 certissime
1594 5552 1946 5609 retinebant.
1972 5556 2050 5609 At'

446 5707 462 5743 ί
496 5705 581 5756 Sic
609 5705 768 5769 juxta
796 5719 981 5757 omnes
1015 5710 1207 5760 editos.
1235 5713 1290 5760 In
1321 5713 1396 5771 Β..
1425 5712 1670 5764 surrexit.
1703 5711 1771 5762 Μ.

1661 173 1721 232 S.
1757 169 2139 232 AUGUSTINI
2183 169 2506 230 EPISCOPI

3677 171 3788 232 644

2153 300 2312 354 enim
2335 314 2554 370 corpus
2576 298 2774 370 ipsum
2795 301 2939 363 erat,
2961 297 3017 353 in
3040 301 3512 371 quoresurrexit.
3531 300 3684 366 Quid
3703 301 3836 355 hoc

2147 388 2224 444 ad
2264 389 2437 444 rem?
2471 391 2619 443 Nam
2662 387 2809 442 illud
2859 388 3064 460 utique
3108 388 3306 460 ipsum
3339 406 3560 460 corpus
3601 395 3727 446 erat
3763 388 3834 444 in

2146 494 2266 550 quo
2299 479 2357 533 in
2384 484 2587 534 monte
2617 477 3080 548 transﬁguratus
3111 484 3197 534 est
3223 493 3235 544 ;
3266 484 3321 534 et
3347 480 3546 550 ipsum
3573 487 3698 534 erat
3728 480 3839 549 ju-

2145 568 2313 623 venis
2345 569 2402 623 in
2434 584 2555 640 quo
2588 573 2765 623 natus
2799 574 2884 622 est
2926 584 2938 622 :
2973 572 3030 621 et
3077 574 3272 623 tamen
3309 570 3358 622 si
3391 570 3525 641 quis
3557 586 3696 624 eum
3737 583 3842 623 re-

2147 661 2320 727 pente
2367 658 2649 726 juvenem
2709 656 2972 720 vidisset,
3010 657 3114 728 qui
3168 655 3403 712 nonnisi
3454 658 3844 713 infantulum

2146 751 2373 810 nosset,
2408 761 2528 800 non
2562 745 2766 817 utique
2811 753 3179 814 agnosceret.
3215 747 3301 800 An
3349 763 3488 802 vero
3523 747 3599 801 ad
3639 746 3848 801 linea-

2147 838 2351 889 menta
2389 835 2680 890 mutanda
2711 849 2831 889 non
2867 839 3068 906 potest
3103 835 3366 890 celeriter
3397 835 3491 890 Dei
3523 839 3844 907 potestas,

2145 923 2309 995 quod
2340 928 2531 994 potest
2565 940 2668 994 per
2705 939 3002 978 annorum
3051 939 3252 978 moras
3284 924 3546 979 hominis
3589 930 3746 979 astas
3811 923 3848 978 7

2217 1015 2306 1067 32.
2327 1013 2494 1077 Quod
2511 1018 2710 1067 autem
2734 1013 2926 1067 Mariae
2943 1012 3108 1080 dixit,
3123 1012 3269 1068 Noli
3295 1029 3383 1069 me
3397 1019 3654 1084 tangere,
3671 1028 3852 1067 non-

2143 1102 2282 1157 dum
2325 1102 2478 1157 enim
2501 1102 2741 1158 aseendi
2789 1102 2869 1157 ad
2890 1101 3122 1157 Patrem
3153 1101 3349 1170 (Joan.
3391 1120 3488 1166 xx,
3519 1103 3626 1175 l7),
3662 1102 3840 1157 nihil

2147 1191 2308 1246 aliud
2327 1207 2418 1246 me
2436 1191 2790 1247 intellexisse
2806 1192 3249 1262 noveris,quam
3267 1193 3440 1246 tu.lta
3460 1194 3617 1246 enim
3635 1191 3852 1261 signi-

2145 1281 2323 1336 ﬁcare
2361 1281 2546 1336 voluit
2578 1286 2796 1336 tactum
2833 1281 3225 1353 spiritualem,
3257 1282 3318 1336 id
3353 1288 3470 1347 est,
3498 1299 3850 1338 accessum

2145 1369 2283 1424 ﬁdei
2310 1386 2369 1424 se
2403 1370 2722 1441 requirere,
2755 1386 2876 1442 qua
2899 1369 3156 1426 creditur
3177 1387 3313 1426 eum
3347 1375 3654 1426 excelsum
3682 1387 3852 1426 esse

2146 1475 2284 1514 cum
2302 1462 2484 1514 Patre.
2509 1463 2573 1513 Et
2593 1459 2755 1531 quod
2774 1459 2849 1514 ab
2869 1458 2981 1513 illis
2997 1459 3237 1514 duobus
3253 1459 3312 1514 in
3333 1460 3611 1516 fractioue
3633 1460 3850 1533 panis

2146 1553 2234 1604 est
2263 1548 2498 1618 agnitus
2528 1549 2690 1617 (Luc.
2725 1565 2885 1611 xxxv,
2925 1552 3012 1612 30,
3049 1549 3158 1620 3t),
3192 1548 3644 1605 Sacramentum
3673 1565 3842 1604 esse

2145 1637 2347 1709 quod‘
2385 1653 2494 1692 nos
2525 1637 2584 1692 in
2626 1637 2989 1707 agnitionem
3027 1653 3200 1692 suam
3233 1645 3572 1708 congregat,
3600 1638 3845 1693 nullus

2146 1725 2324 1781 debet
2357 1726 2687 1795 ambigere.

2217 1820 2302 1871 33.
2325 1818 2401 1871 De
2417 1816 2611 1871 verbis
2625 1816 2941 1881 Simeonis,
2972 1816 3072 1871 ubi
3085 1817 3166 1872 ait
3180 1817 3393 1888 Virgini
3416 1818 3583 1872 matri
3607 1817 3846 1872 Domi-

2146 1905 2225 1969 ni,
2238 1905 2309 1959 Et
2325 1912 2482 1961 tuam
2497 1905 2674 1976 ipsius
2688 1905 2938 1961 animam
2949 1906 3333 1973 pet-transibit
3344 1907 3670 1975 framea,in
3689 1906 3843 1961 alia.

2147 1994 2397 2064 epistola
2411 1995 2580 2065 cujus
2595 1993 2936 2062 exemplum
2951 1995 3126 2050 etiam
3143 1995 3319 2049 modo
3338 1995 3488 2059 misi,
3522 1996 3638 2050 dixi
3654 1996 3840 2068 quid

2149 2083 2292 2136 mihi
2309 2082 2597 2149 videatur;
2613 2082 2778 2154 quod
2793 2085 2970 2137 etiam
2988 2082 3089 2137 tibi
3108 2085 3257 2137 inter
3270 2090 3470 2138 caetera
3483 2083 3678 2138 visum
3694 2091 3844 2142 est.

2148 2170 2382 2241 thuod
2406 2171 2698 2241 adjunxit,
2724 2172 2791 2228 Ut
2814 2171 3519 2227 denudenturmultorum
3538 2173 3839 2228 eor-dium

2148 2260 2656 2330 cogitationesUd.
2675 2277 2732 2325 n,
2749 2261 2862 2331 35),
2878 2261 2990 2315 hoc
3011 2260 3452 2328 intelligendum
3477 2268 3640 2333 puto,
3658 2264 3840 2333 quia

2148 2364 2252 2419 per
2273 2351 2502 2404 Domini
2527 2350 2887 2420 passionem,
2910 2350 3206 2404 etinsidiae
3229 2350 3586 2414 Judaeorum,
3615 2357 3671 2404 et
3707 2351 3839 2405 di-

2150 2437 2847 2508 scipuloruminﬁrmitas
2869 2438 3076 2509 patuit.
3109 2437 3565 2493 Tribulationem
3597 2439 3833 2509 igitur,

2149 2526 2331 2595 gladii
2357 2527 2599 2580 nomine
2633 2526 3031 2596 signiﬁcatam
3063 2543 3210 2590 esse,
3235 2526 3511 2581 credibile
3532 2533 3639 2596 est,
3676 2543 3836 2598 quo

2152 2620 2420 2670 materna
2435 2614 2628 2670 anima
2644 2615 2949 2669 vulnerata
2963 2614 3290 2669 estdoloris
3305 2614 3678 2685 ai‘fectu.lpse
3693 2615 3840 2672 fuit

2150 2703 2383 2772 gladius
2399 2703 2456 2758 in
2472 2719 2572 2758 ore
2586 2709 3028 2774 persecutorum
3041 2745 3054 2770 ,
3070 2704 3142 2758 de
3162 2704 3381 2774 quibus
3396 2705 3452 2758 in
3469 2705 3704 2760 Psalmo
3723 2705 3840 2761 di-

2149 2794 2330 2847 citur:
2361 2793 2436 2848 Et
2463 2792 2774 2860 gladiusin
2802 2807 2902 2848 ore
2921 2808 3122 2848 eorum
3155 2793 3338 2863 (Psal.
3371 2809 3520 2858 Lvm,
3554 2797 3628 2865 8).
3685 2795 3837 2865 ipsi

2148 2884 2306 2937 enim
2327 2889 2492 2937 erant
2508 2882 2604 2936 ﬁlii
2623 2882 3222 2951 hominum,quorum
3239 2882 3447 2937 dentes
3467 2899 3631 2937 arma
3645 2891 3699 2937 et
3717 2901 3797 2938 sa
3815 2917 3832 2926 -

2150 2971 2325 3043 gittae,
2351 2977 2405 3025 et
2424 2971 2632 3039 lingua
2654 2986 2860 3025 eorum
2888 2970 3123 3041 gladius
3147 2976 3355 3025 acutus
3379 2972 3556 3040 (Psal.
3581 2987 3697 3036 LV),
3734 2977 3836 3042 5).

2149 3063 2296 3116 Nam
2316 3060 2599 3116 etferrum
2617 3060 2778 3130 quod
2799 3058 3416 3130 pertransiitanimam
3431 3061 3670 3131 Joseph,
3693 3077 3836 3131 pro

2150 3148 2295 3204 dura
2350 3149 2727 3204 tribulatione
2784 3149 3047 3220 positum
3112 3149 3255 3203 mihi
3291 3149 3521 3204 videtur
3552 3167 3563 3203 :
3593 3157 3833 3219 aperte

2148 3239 2374 3310 quippe
2401 3237 2892 3302 dicitur,Ferrum
2909 3237 3263 3305 pertransiit
3280 3238 3537 3294 animam
3552 3240 3607 3306 ej
3613 3239 3833 3301 αδ,ἀο-

2149 3327 2492 3383 necveniret
2529 3327 2771 3383 verbum
2813 3329 2968 3396 ejus;
2992 3327 3051 3381 id
3070 3332 3176 3390 est,
3200 3327 3616 3382 tamdiufuitin
3646 3327 3834 3384 dura

2152 3416 2551 3479 tribulatione,
2574 3415 2767 3470 donec
2782 3415 3120 3486 ﬁeretquod
3143 3416 3434 3487 praedixit.
3481 3417 3616 3470 Hinc
3639 3418 3832 3473 enim

2151 3520 2408 3574 magnus
2428 3511 2517 3560 est
2540 3504 2794 3569 habitus,
2823 3504 2968 3559 etab
2992 3504 3088 3560 illa
3110 3505 3828 3561 tribulationeliberatus.

2151 3595 2261 3650 Sed
2283 3610 2354 3648 ne
2394 3594 2678 3648 humanae
2704 3594 3011 3664 sapientiae
3055 3595 3426 3658 tribueretur,
3458 3594 3618 3665 quod
3648 3598 3835 3652 venit

2149 3684 2395 3737 verbum
2417 3682 2566 3752 ejus,
2593 3681 2649 3736 id
2672 3688 2780 3747 est,
2807 3682 3028 3736 factum
3044 3684 3310 3754 estquod
3331 3682 3616 3754 praedixit,
3640 3700 3831 3740 more

2149 3788 2259 3827 suo
2275 3771 2579 3841 Scriptura
2594 3777 2799 3826 sancta
2816 3774 2931 3825 Deo
2957 3771 3094 3826 inde
3109 3772 3210 3826 dat
3243 3772 3516 3840 gloriam,
3545 3777 3594 3826 et
3623 3788 3740 3826 con
3755 3777 3833 3828 ti-

2147 3877 2269 3916 nuo
2294 3860 2629 3930 subjungit:
2658 3861 2983 3930 Eloquium
3000 3861 3593 3931 Dominiigniviteum
3610 3863 3830 3930 (Psal.

2146 3965 2258 4014 CIV,
2297 3952 2372 4014 l8,
2415 3949 2518 4020 19).

2219 4042 2305 4094 34.
2330 4041 2398 4094 Ut
2418 4038 2579 4108 potui
2600 4053 2720 4092 non
2740 4037 2898 4092 defui
2922 4038 3483 4109 interrogationibus
3499 4040 3606 4094 tuis
3627 4039 3726 4109 adj
3745 4057 3826 4096 u-

2149 4131 2240 4183 tus
2258 4127 2627 4183 orationibus
2643 4126 2780 4196 tuis,
2801 4131 2858 4181 et
2874 4128 3015 4198 ipsis
3038 4145 3190 4199 quas
3207 4129 3434 4194 misisti,
3456 4129 3832 4199 disputatio-

2151 4217 2326 4271 nibus
2342 4217 2472 4271 tuis.
2500 4217 2646 4271 Cum
2660 4217 2818 4270 enim
2834 4218 3257 4286 interrogando
3272 4218 3830 4289 disputas,etquee-

2149 4306 2227 4360 ris
2267 4305 2476 4360 acriter
2497 4311 2552 4359 et
2576 4305 2754 4360 doces
2789 4306 3107 4360 humiliter.
3142 4307 3284 4362 Utile
3305 4314 3604 4362 estautem
3638 4314 3696 4360 ut
3733 4309 3830 4364 de

2149 4393 2614 4449 obscuritatibus
2628 4393 2967 4448 divinarum
2989 4396 3448 4466 Scripturarum,
3471 4411 3623 4466 quas
3643 4411 3830 4450 exer-

2150 4483 2444 4538 citationis
2468 4489 2681 4538 nostrae
2696 4498 2880 4537 causa
2903 4486 3050 4537 Deus
3070 4499 3197 4538 esse
3211 4483 3414 4548 voluit,
3435 4483 3828 4541 multacinve-

2150 4572 2390 4627 niantur
2406 4573 2879 4637 seutentias,cum
2894 4572 3053 4627 aliud
3071 4573 3165 4628 alii
3181 4574 3435 4640 videtur,
3452 4589 3587 4645 quae
3603 4579 3824 4630 tamen

2149 4676 2360 4717 omnes
2403 4677 2564 4715 sanae
2596 4661 2732 4715 ﬁdei
2770 4662 3174 4733 doctrinaeque
3217 4665 3596 4718 concordent.
3627 4662 3822 4718 Dabis

2150 4765 2293 4806 sane
2309 4751 2545 4804 veniam
2567 4750 2698 4805 stilo
2718 4766 2852 4804 meo
2873 4751 3462 4815 multumfestinanti,
3499 4757 3560 4807 ut
3587 4753 3713 4822 jam
3750 4752 3819 4808 in

2150 4840 3319 4911 naviconstitutooccurrerempel-latori.
3354 4842 3564 4896 Filium
3605 4847 3817 4897 autem

2151 4932 2421 4983 nostrum
2437 4928 2835 4995 Paulinum,iu
2851 4929 3060 4983 Christi
3077 4929 3234 4984 chari
3247 4935 3356 4984 tate
3372 4929 3815 4994 dulcissimum,

2149 5019 2208 5073 in
2231 5017 2342 5073 hac
2361 5017 2562 5089 potius
2577 5017 2823 5088 epistola
2841 5017 3092 5072 resaluto
3120 5023 3160 5082 ³,
3191 5024 3244 5072 et
3260 5017 3469 5088 paucis
3485 5023 3547 5072 ut
3563 5019 3815 5074 festinus

2151 5107 2448 5171 exhortor,
2469 5111 2529 5161 ut
2545 5107 2962 5160 misericordiae
2980 5107 3207 5161 Domini
3224 5107 3325 5178 qui
3341 5107 3536 5162 sciens
3549 5108 3694 5162 dare
3708 5123 3816 5162 au-

2150 5196 2353 5250 xilium
2372 5197 2443 5249 de
2462 5195 2858 5259 tribulatione,
2877 5211 3010 5250 eum
3030 5197 3298 5250 turbulen
3313 5197 3537 5250 tissima
3553 5200 3813 5267 tempes-

2154 5291 2266 5341 tate
2298 5286 2524 5339 misitin
2543 5291 2801 5354 portum,
2823 5302 2938 5355 quo
2958 5290 3013 5338 tu
3037 5286 3242 5356 pelago
3259 5286 3667 5358 tranquilliora
3683 5302 3814 5358 per-

2153 5373 2769 5444 measti,ipsimariua3
2790 5375 3194 5445 tranquillitati
3217 5377 3458 5430 minime
3474 5376 3811 5440 credens,et

2151 5463 2255 5535 qui
2278 5466 2405 5533 ejus
2441 5463 2794 5518 rudimentis
2820 5463 3185 5534 excipiendis
3206 5471 3382 5534 atque
3400 5466 3735 5520 nutriendis
3757 5472 3809 5521 te

2217 5588 2226 5614 ¹
2257 5585 2378 5634 Bad.
2411 5587 2527 5649 Am.
2548 5589 2599 5634 et
2621 5585 2725 5642 Er.,
2754 5599 2849 5647 quo
2893 5599 3003 5640 nos,
3036 5585 3232 5648 quibus
3284 5585 3654 5649 suﬂ‘ragantur
3677 5587 3805 5638 Mss.

2152 5651 2385 5712 quatuor
2413 5648 2578 5712 Vatic.
2614 5651 2666 5696 et
2701 5662 2726 5697 e
2761 5649 2957 5696 nostris
2993 5649 3231 5697 totidem.

2214 5713 2231 5739 ²
2265 5711 2394 5761 Mss.
2433 5711 2654 5774 aliquot,
2683 5725 2994 5774 recognosco.
