4098 6166
199 172 320 231 645

197 300 385 371 dedit,
402 300 621 371 gratias
634 315 781 373 agas
794 307 1051 373 quantas
1062 305 1277 375 potest,
1293 303 1564 359 etomnia
1581 303 1707 373 ejus
1720 316 1857 357 ossa

194 390 434 448 dicant:
466 392 734 456 Domine,
758 391 890 462 quis
926 392 1137 448 similis
1169 394 1277 449 tibi
1302 394 1489 465 (Psal.
1513 408 1706 458 xxxiv,
1735 387 1858 461 10)?

191 480 328 535 Non
351 480 512 535 enim
543 479 815 536 uberiore
845 480 1304 551 fructulegitvel
1327 481 1491 538 audit
1526 497 1620 536 me
1637 482 1855 535 docen-

192 574 319 625 tem
343 567 837 633 acdisserentem,
860 569 1325 642 velquibuslibet
1344 568 1856 627 exhortationibus

190 658 653 723 accendentem,
671 674 855 729 quam
871 659 1170 731 inspicitte
1183 660 1498 715 viventem.
1517 658 1857 715 Resalutant

191 754 478 803 sanctam
499 752 554 801 et
576 746 1044 803 sincerissimam
1067 750 1491 819 Benignitatem
1519 754 1682 805 tuam
1723 762 1859 803 con-

190 837 354 893 servi
376 836 487 891 mei
509 836 615 908 qui
642 852 877 892 mecum
894 844 1054 893 sunt.
1077 838 1705 894 Condiaconusautem
1724 852 1857 892 nos-

187 929 286 982 ter
307 925 677 994 Peregrinus.
694 940 764 979 ex
778 942 901 997 quo
916 942 951 981 a
967 943 1060 981 me
1080 927 1381 998 profectus
1395 933 1481 983 est
1497 942 1634 981 cum
1649 931 1856 983 sancto

191 1012 381 1069 fratre
395 1018 592 1067 nostro
607 1012 864 1078 Urbano.
893 1014 1136 1087 quando
1150 1019 1531 1088 episcopatus
1555 1016 1857 1071 sarcinam

190 1100 692 1173 subireperrexit,
714 1103 982 1157 nondum
1028 1104 1313 1160 remeavit
1348 1104 1677 1176 Hipponem
1704 1103 1854 1159 :sal-

189 1206 311 1246 vos
337 1206 441 1245 eos
466 1198 664 1245 tamen
682 1191 741 1245 in
771 1191 1015 1246 nomine
1035 1192 1265 1259 Christi,
1284 1194 1555 1249 etlitteris
1579 1208 1787 1248 eorum
1802 1197 1858 1248 et

190 1278 368 1334 fama
421 1281 733 1335 nuntiante
796 1283 1235 1351 cognoscimus.
1292 1282 1855 1354 Compresbyterum

190 1368 537 1434 Paulinum,
562 1375 617 1423 et
642 1386 853 1425 omnes
876 1372 976 1442 qui
1025 1375 1129 1427 tua
1152 1372 1468 1442 prasentia
1514 1372 1571 1426 in
1604 1370 1856 1427 Domino

188 1458 605 1529 perfruuntur,
627 1472 917 1529 germano
945 1460 1280 1515 salutamus
1312 1461 1548 1517 affectu.

718 1548 1045 1606 EPISTOLA
1094 1550 1199 1604 CL'
1231 1550 1333 1621 (a).

190 1635 577 1707 Augustinus
599 1637 809 1693 Proba
830 1646 882 1693 et
898 1638 1163 1694 Julianae
1188 1638 1484 1694 nobilibus
1514 1638 1707 1695 viduis
1719 1653 1858 1709 gra-

267 1727 508 1781 tulatur
519 1726 728 1794 deﬁlia
740 1741 945 1782 earum
956 1727 1480 1799 Demetriade,qum
1494 1728 1857 1799 virginitatis

269 1816 471 1871 velum
510 1821 853 1885 acceperat;
892 1831 1070 1887 agens
1104 1818 1328 1887 gratias
1351 1833 1464 1887 pro
1504 1818 1856 1875 munusculo

266 1908 465 1961 misso.

196 1995 592 2050 Dominarum
622 1993 849 2050 honore
870 1995 1264 2064 dignissimis,
1292 1997 1503 2054 merito
1524 1998 1857 2055 illustribus

269 2087 332 2139 et
365 2083 868 2154 praestantissimis
894 2084 1130 2139 filiabus
1154 2089 1348 2142 Pacem
1378 2087 1725 2154 etJULlANE,
1751 2089 1857 2142 AU-

267 2188 553 2237 GUSTINUS,
589 2172 647 2227 in
693 2173 944 2228 Domino
975 2173 1249 2231 salutem.

268 2260 557 2332 Implestis
588 2261 807 2329 gaudio
851 2277 952 2317 cor
984 2269 1279 2334 nostrum,
1323 2270 1487 2320 tanto
1529 2266 1857 2334 jucundius

190 2355 431 2423 quanto
460 2349 719 2415 charius,
742 2356 900 2405 tanto
932 2353 1159 2421 gratius
1185 2360 1412 2424 quanto
1427 2355 1858 2412 citius.Vestrtn

191 2454 467 2511 namque
481 2440 677 2511 stirpis
699 2441 1157 2497 sanctimoniam
1180 2443 1550 2512 virginalem,
1566 2446 1857 2516 quoniam

192 2543 576 2600 quacumque
590 2528 1027 2594 innotuistis,ac
1042 2546 1145 2602 per
1158 2531 1271 2587 hoc
1287 2533 1700 2605 ubique,fama
1712 2536 1861 2590 cele-

195 2616 466 2671 berrima
483 2616 789 2688 praedicat,
822 2618 1266 2675 velocissimum
1296 2622 1558 2678 volatum
1577 2625 1705 2695 ejus
1717 2624 1861 2679 fide-

192 2705 343 2761 liore
367 2710 544 2777 atque
562 2706 1146 2763 certiorelitterarum
1170 2714 1381 2767 nuntio
1395 2714 1787 2784 praevenistis,
1804 2719 1860 2769 et

200 2794 369 2865 prius
390 2809 501 2849 nos
515 2794 731 2850 fecistis
747 2796 1041 2852 exsultare
1063 2797 1137 2852 de
1163 2801 1402 2869 cognito
1416 2806 1537 2857 tam
1553 2803 1858 2858 excellenti

199 2882 579 2953 bono,quam
601 2883 875 2939 dubitare
888 2885 961 2940 de
985 2886 1211 2941 audito.
1237 2889 1344 2953 Qui
1370 2890 1567 2945 verbis
1587 2891 1857 2962 explicet,

201 2973 308 3043 qui
334 2971 520 3043 digno
542 2974 840 3044 praeconio
864 2982 1284 3046 prosequatur,
1317 2984 1605 3049 quantum
1637 2982 1863 3037 incom-

198 3060 548 3133 parabiliter
559 3061 871 3132 gloriosius
884 3071 1060 3136 atque
1078 3064 1434 3122 fructuosius
1447 3069 1753 3126 habeatex
1769 3086 1862 3126 ve-

200 3156 327 3206 stro
339 3151 634 3221 sanguine
649 3152 901 3209 feminas
926 3153 1183 3223 virgines
1202 3155 1485 3225 Christus,
1502 3174 1688 3229 quam
1706 3161 1861 3216 viros

200 3239 480 3296 consules
504 3241 768 3296 mundus
799 3242 827 3297 Ἰ
858 3258 998 3297 nam
1047 3244 1358 3300 volumina
1411 3250 1770 3317 temporum,
1813 3249 1860 3305 si

204 3345 501 3399 magnum
528 3339 707 3402 atque
729 3332 1082 3402 praeclarum
1109 3339 1195 3388 est
1213 3335 1771 3406 nominisdignitate
1790 3340 1864 3394 si-

203 3434 393 3489 gnare
422 3435 436 3485 ;
477 3424 704 3491 quanto
729 3424 819 3475 est
854 3421 1047 3491 majus
1073 3427 1252 3494 atque
1291 3424 1635 3495 praeclarius
1665 3428 1863 3483 cordis

200 3512 261 3564 et
313 3507 584 3580 corporis
610 3507 942 3577 integritate
963 3513 1383 3567 transcendere
1408 3518 1418 3565 ι
1454 3515 1633 3585 Magis
1661 3516 1863 3589 itaque

204 3596 472 3667 gaudeat
501 3596 699 3667 puella
720 3597 936 3653 nobilis
962 3614 1196 3669 genere,
1243 3603 1500 3659 nobilior
1527 3607 1857 3674 sanctitate,

204 3685 370 3757 quod
406 3686 595 3757 sitper
615 3685 888 3742 divinum
902 3690 1270 3745 consortium
1295 3694 1659 3764 praecipuam
1678 3696 1735 3749 in
1759 3712 1864 3751 cte-

202 3774 275 3829 lis
306 3779 703 3829 consecutura
747 3775 1188 3843 sublimitatem,
1229 3795 1416 3851 quam
1468 3782 1513 3836 si
1572 3790 1728 3839 esset
1760 3801 1864 3855 per

203 3863 544 3919 humanum
576 3864 941 3920 connubium
974 3867 1201 3937 prolem
1252 3875 1661 3940 propagatura
1684 3872 1863 3928 subli-

204 3968 385 4008 mem.
413 3953 767 4007 Generosius
801 3954 1025 4025 quippe
1048 3955 1221 4025 elegit
1243 3958 1530 4015 Aniciana
1549 3963 1863 4031 posteritas

202 4045 327 4095 tam
370 4038 658 4095 illustrem
698 4041 991 4097 familiam
1022 4043 1195 4099 beare
1247 4046 1488 4116 nuptias
1514 4049 1859 4110 nesciendo.

197 4144 387 4200 quam
416 4127 810 4200 multiplicare
838 4132 1283 4202 pariendo,etin
1310 4136 1861 4206 carnejamimitari

198 4217 389 4273 vitam
416 4217 801 4288 Angelorum,
823 4235 1009 4291 quam
1024 4237 1093 4276 ex
1117 4237 1295 4277 carne
1317 4224 1516 4280 adhuc
1542 4240 1861 4283 numerum

200 4320 425 4375 augere
473 4306 841 4362 mortalium.
894 4311 1026 4364 Haec
1052 4314 1137 4365 est
1172 4311 1403 4367 uberior
1430 4312 1862 4388 fecundiorque

199 4394 599 4463 felicitas,non
634 4401 834 4452 ventre
858 4400 1345 4467 gravescere,sed
1364 4410 1559 4458 mente
1582 4406 1866 4472 grandes-

199 4500 335 4540 cere
360 4500 374 4551 ;
401 4499 519 4539 non
547 4500 667 4539 non
682 4483 998 4541 lactescere
1022 4493 1279 4559 pectore,
1298 4491 1402 4546 sed
1417 4492 1595 4548 corde
1618 4495 1865 4550 candes-

200 4588 371 4637 cere;
399 4588 519 4628 non
547 4573 877 4629 visceribus
900 4578 1243 4641 terram,sed
1266 4578 1476 4634 caelum
1491 4583 1863 4637 orationibus

202 4661 916 4735 parturire.Dominarum
938 4665 1164 4721 honore
1181 4666 1553 4736 dignissimae
1571 4669 1864 4742 filiaa,per-

202 4750 493 4807 fruamini
532 4750 593 4805 in
625 4751 721 4807 illa
752 4752 911 4824 quod
947 4754 1133 4810 defuit
1158 4757 1330 4811 vobis
1360 4775 1372 4825 ;
1400 4765 1735 4827 perseveret
1766 4777 1865 4814 us-

204 4856 326 4911 que
354 4842 415 4895 in
453 4839 660 4905 finem,
693 4840 1001 4896 adhaerens
1026 4844 1306 4913 conjugio
1345 4846 1508 4916 quod
1533 4862 1653 4901 non
1684 4847 1865 4905 habet

207 4928 413 4983 ﬁnem.
447 4928 758 4985 Imitentur
808 4945 941 4986 eam
992 4933 1194 4990 multae
1249 4934 1488 4989 famulae
1528 4934 1860 5004 dominam,

204 5016 525 5088 ignobiles,
558 5018 823 5073 nobilem
855 5019 1133 5089 fragiliter
1173 5022 1423 5078 excelsae
1454 5024 1867 5081 excelsiushu-

206 5106 412 5161 milem
431 5125 443 5175 ;
465 5107 725 5177 virgines
752 5124 888 5179 quae
911 5109 1020 5163 sibi
1044 5112 1607 5180 optantAniciorum
1637 5115 1866 5171 clarita-

208 5195 582 5264 tem,eligant
607 5198 998 5253 sanctitatem.
1034 5199 1176 5255 lllud
1194 5202 1356 5256 enim
1381 5203 1751 5275 quantalibet
1768 5220 1866 5260 cu-

204 5284 450 5357 piditate
490 5286 736 5357 quando
769 5288 1198 5358 assequentur?
1224 5290 1339 5346 hoc
1361 5297 1560 5347 autem
1594 5294 1643 5347 si
1694 5292 1866 5364 plene

206 5374 670 5445 cupierint,mox
693 5375 1023 5432 habebunt.
1048 5380 1313 5448 Protegat
1342 5396 1445 5435 vos
1468 5382 1795 5438 incolumes
1814 5388 1869 5439 et

272 5500 291 5519 ⁹
315 5498 809 5570 Contuiimushanc
827 5515 948 5551 cum
981 5518 1029 5550 a.
1061 5502 1148 5567 bg.
1172 5503 1249 5554 bl.
1282 5503 1369 5554 bn.
1400 5506 1790 5570 c._cc._tl’.g.gv.
1812 5522 1865 5556 n.

206 5576 249 5612 ι’.
281 5575 339 5628 s.
360 5562 681 5628 sb.duobus
704 5568 959 5628 t.quator
994 5580 1040 5613 ν.
1073 5562 1127 5614 εἰ
1157 5580 1279 5615 cum
1310 5569 1427 5615 Am.
1456 5568 1581 5617 Bad.
1616 5562 1860 5620 Er.'Lov.

210 5625 522 5739 sownﬁggs
538 5626 643 5738 a11'179
662 5625 1039 5741 ιίέυἷιῗέιξέἦι
1190 5633 1320 5690 erat,
1353 5644 1498 5681 nunc
1524 5632 1636 5684 242.
1660 5632 1870 5697 Scripta

1433 168 1934 234 EPISTOLARUM
1974 168 2263 227 CLASSIS
2307 166 2403 225 III.

3511 173 3623 232 646

1962 294 2249 352 feliciores
2262 295 2503 352 dextera
2518 293 3088 361 Altissimi,domina3
3099 296 3328 357 honore
3341 300 3619 373 dignissi-

1962 402 2077 441 mae
2090 390 2147 441 et
2164 385 2673 457 praestantissima
2687 384 2748 440 fil
2759 386 2851 441 ite.
2868 386 3120 456 Pignora
3135 390 3473 447 Sanctitatis
3490 407 3620 448 ves-

1963 475 2390 547 traa,praecipue
2421 474 2615 547 ipsam
2653 474 2961 531 sanctitate
2995 478 3384 548 praecipuam,
3420 481 3615 536 debito

1962 565 2174 619 vestris
2191 565 2413 619 meritis
2438 563 2655 629 ofﬁcio,
2673 564 2983 619 dilectione
3004 567 3235 621 Domini
3262 568 3613 625 salutamus.

1963 652 2280 709 Velationis
2294 652 2732 725 apophoretum
2764 654 2879 725 1(a)
2895 655 3231 725 gratissime
3250 658 3613 729 accepimus.

2484 742 2820 799 EPISTOLA
2848 744 2975 798 CLl'
3006 744 3106 815 (ὁ).

1965 831 2283 888 Caeciliano
2309 832 2602 903 signiﬁcat
2632 832 2725 887 sui
2756 847 2899 904 erga
2922 833 3095 890 illum
3122 835 3311 891 animi
3321 836 3614 905 studium,

2033 925 2398 991 veteremque
2440 920 2764 977 amicitiam
2820 921 2975 977 nihil
3029 921 3397 981 imminutam
3451 940 3616 982 esse:

2036 1008 2496 1080 haudquaquam
2543 1010 2694 1065 enim
2736 1012 3033 1079 suspicari
3070 1013 3368 1070 conscium
3422 1014 3616 1083 ipsum

2029 1098 2217 1167 fuisse
2228 1100 2415 1166 impia:
2428 1098 2800 1170 crudelisque
2809 1100 3076 1167 perﬁdia
3094 1117 3129 1157 a
3145 1103 3270 1158 viro
3280 1119 3406 1173 prae
3416 1110 3618 1173 poten-

2036 1188 2082 1242 ti
2106 1188 2364 1258 (Μαγείηο
2407 1187 2633 1258 comite)
2674 1194 3038 1255 perpetrata
3065 1191 3128 1245 in
3177 1192 3328 1249 caede
3361 1193 3616 1250 duorum

2032 1277 2321 1345 fratrum,
2382 1292 2635 1347 quorum
2680 1277 2835 1331 alter
2872 1276 3291 1347 (Marcellinus
3315 1281 3617 1353 tribunus)

2033 1365 2429 1435 integerrimis
2461 1372 2589 1421 erat
2631 1365 2891 1421 moribus
2914 1368 3222 1435 praeditus,
3262 1377 3315 1425 et
3354 1372 3616 1427 omnium

2036 1454 2507 1511 christianarum
2540 1454 2830 1510 virtutum
2846 1457 3614 1523 splendoreornatissimus.

1964 1543 2215 1599 Domino
2248 1544 2451 1599 merito
2482 1543 2711 1607 illustri,
2749 1550 2805 1600 et
2833 1545 3037 1600 debito
3078 1562 3113 1603 a
3152 1564 3248 1603 me
3270 1549 3498 1605 honore
3528 1551 3619 1606 di-

2035 1632 2324 1703 gnissimo
2357 1632 2478 1689 tilio
2500 1633 2833 1699 CECILIANO,
2877 1641 3242 1705 AUGUSTINUS,
3275 1638 3333 1693 in
3364 1639 3619 1697 Domino

2035 1721 2316 1778 salutem.

2039 1813 2086 1865 1.
2122 1810 2457 1877 Querelade
2491 1827 2583 1867 me
2612 1812 2776 1884 apud
2809 1813 3087 1869 telitteris
3105 1816 3218 1870 tuis
3240 1816 3423 1873 indita
3455 1821 3619 1875 tanto

1963 1906 2054 1956 est
2081 1899 2227 1954 mihi
2254 1899 2493 1969 gratior,
2521 1906 2742 1971 quanto
2778 1902 3011 1973 plenior
3043 1904 3364 1961 charitatis.
3392 1906 3450 1962 Si
3472 1922 3620 1977 ergo

1963 1989 2127 2062 quod
2147 1989 2301 2044 tacui
2324 2004 2581 2060 purgare
2603 1991 2957 2063 coner,quid
2970 1993 3236 2049 canabor
3254 1994 3415 2051 aliud
3429 2012 3616 2069 quam

1962 2077 2277 2134 ostendere
2294 2081 2348 2133 te
2381 2093 2497 2132 non
2512 2077 2794 2134 habuisse
2820 2095 3069 2137 causam
3082 2098 3203 2153 qua
3218 2084 3361 2139 mihi
3377 2100 3620 2140 succen-

1965 2182 2092 2222 sere
2113 2166 2404 2221 deberes?
2430 2167 2541 2223 Sed
2555 2168 2767 2223 cumid
2792 2170 2848 2223 in
2874 2175 2926 2225 te
2957 2172 3151 2241 magis
3178 2172 3618 2247 diligam,quod

1964 2256 2038 2312 de
2076 2271 2209 2311 mea
2238 2255 2544 2311 reticentia
2575 2272 2638 2311 es
2664 2256 2947 2327 dignatus
2980 2260 3223 2327 offendi,
3256 2278 3442 2335 quam
3470 2263 3621 2319 inter

1965 2350 2098 2401 tuas
2130 2360 2304 2400 curas
2319 2344 2465 2400 nihil
2493 2347 2775 2401 momenti
2803 2347 3028 2403 habere
3057 2350 3458 2423 credideram;
3483 2368 3621 2409 cau-

1966 2450 2100 2489 sam
2132 2450 2332 2489 meam
2359 2433 2656 2500 deseram,
2675 2435 2723 2489 si
2749 2451 2842 2489 me
2867 2451 3125 2508 purgare
3146 2441 3532 2498 contendero.
3562 2442 3622 2499 Si

1965 2524 2125 2579 enim
2141 2522 2435 2592 indignari
2453 2538 2571 2578 non
2584 2522 2859 2589 debuisti,
2875 2526 3015 2596 quia
3038 2540 3158 2582 non
3181 2527 3258 2583 ad
3283 2534 3336 2583 te
3362 2528 3621 2601 scripse-

1966 2611 2078 2666 rim
2105 2628 2122 2681 ;
2159 2610 2305 2665 nihil
2330 2626 2422 2665 me
2463 2611 2701 2682 pendis,
2730 2611 2836 2683 qui
2862 2612 3148 2685 loquarne
3168 2631 3243 2671 an
3274 2622 3504 2674 taceam
3533 2620 3620 2674 in-

1966 2699 2305 2756 differenter
2336 2699 2513 2755 feras.
2541 2700 2717 2756 Porro
2747 2703 2893 2773 quia
2922 2719 3027 2758 me
3071 2706 3330 2761 tacuisse
3376 2706 3625 2763 moleste

1968 2789 2170 2849 tulisti,
2192 2788 2525 2858 indignatio
2556 2790 2687 2854 ista,
2723 2790 3055 2861 indignatio
3084 2808 3205 2849 non
3228 2800 3333 2850 est.
3365 2799 3491 2852 Non
3514 2798 3626 2853 ita-

1967 2894 2086 2950 que
2120 2882 2244 2933 tam
2274 2877 2449 2933 doleo
2479 2893 2701 2933 menon
2738 2880 3279 2953 praebuisse,quam
3307 2887 3543 2955 gaudeo
3568 2891 3624 2943 te

1968 2972 2243 3022 nostrum
2262 2966 2631 3021 desiderasse
2646 2982 3009 3023 sermonem.
3026 2972 3173 3026 Nam
3206 2978 3461 3029 veterem
3476 2976 3623 3030 ami-

1969 3072 2128 3120 cum,
2171 3061 2224 3111 et
2254 3055 2420 3127 quod
2452 3055 2563 3110 abs
2596 3061 2648 3111 te
2692 3058 2895 3126 taceri,
2938 3058 3045 3114 sed
3076 3076 3112 3116 a
3158 3060 3333 3116 nobis
3386 3069 3623 3135 oportet

1971 3144 2241 3215 agnosci,
2262 3144 2441 3200 talem
2472 3159 2542 3198 ac
2576 3150 2807 3200 tantum
2821 3146 3432 3221 virumin'peregrinis
3460 3154 3622 3225 posi-

1969 3237 2119 3299 tum,
2153 3233 2430 3306 curisque
2460 3233 3303 3311 publicislaborantem,quod
3319 3243 3623 3299 memoriae

1968 3323 2205 3389 fuerim,
2219 3323 2431 3378 honori
2453 3323 2597 3379 mihi
2620 3328 2857 3388 est,non
2878 3330 3426 3400 mmmoriJgnosce
3443 3332 3626 3401 igitur

1970 3413 2169 3482 agenti
2201 3413 2421 3481 gratias
2442 3412 2601 3484 quod
2636 3428 2731 3467 me
2760 3414 3075 3484 indignum
3124 3433 3244 3474 non
3266 3420 3491 3491 putasti
3527 3421 3622 3477 cui

1970 3517 2352 3558 succenseres
2392 3500 2626 3557 tacenti.
2659 3505 2825 3559 Nunc
2855 3504 3013 3559 enim
3048 3506 3199 3563 inter
3230 3512 3313 3565 tot
3344 3514 3400 3566 et
3454 3514 3623 3566 tanta

1972 3591 2232 3660 negotia,
2261 3606 2382 3645 non
2412 3595 2529 3656 tua,
2564 3590 2670 3646 sed
2695 3591 3035 3663 publica,id
3062 3602 3149 3650 est
3178 3598 3472 3662 omnium,
3502 3614 3625 3655 non

1973 3680 2170 3735 solum
2193 3695 2482 3735 onerosas
2514 3694 2635 3734 non
2668 3696 3029 3744 esse,verum
3058 3684 3235 3740 etiam
3266 3692 3467 3755 gratas
3498 3702 3627 3743 esse

1974 3785 2145 3839 posse
2170 3769 2390 3824 litteras
2430 3783 2595 3823 meas
2622 3769 2844 3824 credidi
2870 3769 3296 3830 benevolentia:
3329 3780 3464 3842 tute,
3496 3791 3622 3848 qua

1972 3857 2351 3915 exellentiam
2383 3857 2591 3911 vincis.

2042 3952 2095 4003 2.
2130 3949 2275 4003 Cum
2296 3946 2456 4001 enim
2488 3946 2856 4017 accepissem
2882 3946 3026 4004 mihi
3055 3965 3091 4006 a
3116 3949 3398 4007 fratribus
3415 3953 3632 4024 episto-

1972 4036 2095 4093 lam
2127 4036 2370 4091 missam
2400 4036 2591 4090 sancti
2622 4038 2680 4090 et
2710 4038 3028 4109 prmoipuis
3050 4040 3275 4096 meritis
3305 4042 3630 4099 venerandi

1970 4141 2144 4197 papae
2179 4124 2527 4192 Innocentii,
2551 4140 2733 4196 quam
2767 4142 2871 4198 per
2897 4130 3068 4183 tuam
3102 4131 3514 4188 Prmstantiam
3543 4132 3623 4189 ad

1972 4230 2067 4270 me
2094 4215 2299 4271 datam
2330 4214 2501 4269 certis
2540 4213 2883 4272 declaratur
2916 4216 3190 4287 indiciis;
3230 4219 3371 4277 ideo
3400 4220 3631 4278 nullam

1972 4308 2140 4359 tuam
2178 4305 2465 4375 paginam
2503 4303 2680 4359 simul
2731 4305 3045 4362 advectam
3097 4324 3229 4364 esse
3276 4315 3630 4381 putaveram

1972 4394 2138 4466 quod
2170 4393 2538 4449 scribendiet
2562 4394 3373 4468 rescribendicuranolueris,
3400 4400 3633 4468 gravio-

1971 4483 2139 4538 ribus
2163 4483 2343 4538 rebus
2375 4487 2725 4554 occupatus,
2749 4482 3066 4554 obstringi.
3084 4489 3231 4542 Nam
3260 4488 3465 4559 utique
3492 4504 3629 4545 con-

1973 4578 2313 4627 sentaneum
2328 4571 2639 4626 videbatur
2661 4577 2720 4628 ut
2745 4572 2848 4645 qui
2879 4573 3023 4629 mihi
3054 4576 3247 4631 sancti
3274 4576 3383 4634 viri
3408 4578 3630 4650 scripta

1972 4661 2255 4729 dignatus
2301 4675 2365 4714 es
2396 4661 2647 4726 mittere,
2690 4677 2761 4717 ea
2829 4679 3129 4720 sumerem
3178 4666 3466 4738 adjuncta
3490 4684 3631 4725 cum

1974 4749 2111 4806 tuis.
2157 4749 2297 4803 Hinc
2326 4764 2466 4821 ergo
2492 4753 2821 4806 statueram
2862 4767 2982 4808 non
3024 4769 3157 4810 esse
3212 4758 3379 4813 oneri
3408 4757 3631 4816 litteras

1977 4853 2141 4893 meas
2180 4837 2383 4892 animo
2411 4842 2535 4901 tuo,
2564 4838 2679 4893 nisi
2706 4844 2864 4895 esset
2896 4856 3140 4900 necesse
3162 4847 3632 4904 commendandi

2039 4948 2054 4978 ¹
2083 4945 2199 4993 Mss.
2239 4945 2499 5009 plerique,
2532 4946 2915 5009 apOpheretum.

2036 5009 2111 5070 (a)
2132 5009 2240 5077 Hoc
2255 5009 2470 5077 nomine
2483 5009 3062 5077 significatursolemne
3074 5013 3290 5077 aliquod
3309 5027 3556 5063 munusa
3576 5016 3634 5065 In

1978 5086 2003 5117 ι
2027 5071 2403 5140 magnisvotis,
2425 5072 2828 5140 ait_Ainbrosiu_s
2845 5071 3198 5140 Commentjh
3211 5077 3452 5140 Ephcs.3.
3473 5078 3636 5127 maxi-

1979 5150 2004 5181 ‹
2028 5133 2331 5201 ωαόἃηὶυγ
2353 5133 2717 5201 apophoreta,
2736 5137 3066 5201 sTurnebus
3086 5139 3171 5201 isic
3194 5133 3335 5189 dicta
3348 5143 3500 5201 putat
3521 5155 3635 5191 mu-

1978 5209 2108 5245 nera
2132 5210 2252 5262 qua:
2283 5197 2538 5246 darentur
2566 5199 2826 5255 convivis,
2878 5204 2938 5247 ut
2973 5213 3035 5248 ea
3067 5200 3287 5249 domum
3341 5197 3634 5262 referrent;

2016 5274 2138 5308 uem
2164 5261 2449 5323 inmorem
2486 5262 2776 5323 respiciens
2822 5262 2981 5309 etiam
3002 5263 3335 5321 Ambrosius,
3378 5266 3452 5313 sic
3488 5261 3636 5316 exor-

2016 5274 2138 5308 uem
2164 5274 2217 5307 in
2246 5274 2449 5308 morem
2486 5274 2776 5323 respic1ens
2822 5274 2981 5309 etiam
3002 5274 3335 5321 ambrosms,
3378 5278 3452 5313 sic
3488 5280 3635 5316 exor-

1978 5274 2123 5370 ditur
2156 5321 2581 5386 exhortationem
2612 5323 2679 5371 ad
2718 5324 2953 5386 virgines
2982 5338 2993 5372 :
3023 5340 3047 5369 ‹
3099 5323 3197 5382 Qui
3223 5327 3290 5375 ad
3326 5328 3635 5379 convivium

1979 5396 2238 5447 magnum
2289 5385 2603 5443 invitantur,
2639 5385 2969 5450 apophoreta
3028 5400 3211 5436 secum
3259 5389 3453 5440 referre
3510 5406 3637 5442 con-

1980 5450 2286 5501 sueverunt,
2322 5468 2339 5488 ο
2380 5451 2479 5496 etc.

2040 5508 2383 5620 'ﬂléecotgnita
2412 5510 2478 5559 ad
2510 5509 2829 5559 Vaticanum
2854 5510 3145 5575 exemplar,
3179 5513 3234 5563 in
3268 5529 3376 5581 quo
3407 5515 3519 5569 solo
3560 5531 3641 5569 re-

2040 5586 2046 5617 ι
2159 5584 2215 5620 es
2251 5614 2261 5620 .

1980 5584 2133 5634 perta
2159 5584 2261 5624 eat.

2043 5633 2116 5710 (rb)
2137 5634 2296 5710 alias
2438 5647 2601 5710 aqua?
2651 5636 2849 5710 autem_
2866 5637 2963 5710 _i_5f
2994 5640 3124 5699 erat,
3158 5652 3302 5693 nunc
3331 5642 3378 5693 3.
3431 5642 3641 5710 Scripta

1982 5698 2211 5747 exeunte
2230 5708 2299 5747 an
2324 5697 2435 5755 413,
2458 5700 2554 5748 aut
2587 5698 2806 5749 ineunte
2827 5699 2937 5751 414.
