4098 6166
515 172 623 230 647

513 298 765 370 alicujus
796 298 1005 369 gratia,
1038 297 1132 353 cui
1164 296 1276 352 hoc
1299 309 1519 364 negare
1550 310 1673 352 non
1696 312 1941 368 possem
1993 297 2165 353 inter-

514 388 795 445 cessionis
822 387 1018 443 ofﬁcio
1053 405 1066 455 ;
1106 401 1241 457 qum
1274 384 1420 441 solet
1470 390 1677 442 nostra
1713 401 1842 442 esse
1883 387 2164 442 omnibus

514 477 882 533 concedendi
912 475 1304 542 consuetudo,
1329 480 1385 530 et
1412 475 1912 546 quaedam,etiam
1946 476 2165 547 impor-

514 570 677 630 tuna,
721 580 842 620 non
898 570 1099 620 tamen
1131 564 1562 635 improbanda,
1591 564 1908 635 professio.
1957 564 2163 637 Itaque

513 653 622 709 feci
656 668 825 707 :nam
843 653 1105 708 amicum
1140 668 1342 708 meum
1382 650 2163 723 commendavibenignitati

510 746 626 799 tuae
656 760 674 809 ;
706 759 868 814 aquo
890 744 1069 799 etiam
1091 760 1200 799 sua
1224 742 1649 816 rescriptajam
1676 745 1925 817 sumpsi,
1951 749 2165 814 agente

512 833 758 902 gratias,
790 849 944 905 quas
971 838 1027 889 et
1054 834 1178 905 ipse
1210 848 1345 903 ago.

583 926 637 978 3.
661 922 717 978 Si
747 921 892 993 quid
906 929 1103 977 autem
1129 922 1201 977 de
1234 927 1287 977 te
1311 921 1443 978 mali
1464 922 1891 987 existimarem,
1918 937 2166 994 praeser-

512 1014 615 1066 tim
639 1011 696 1066 in
720 1026 789 1067 ea
819 1027 1003 1066 causa
1033 1011 1116 1081 (α)
1149 1026 1334 1082 quam
1360 1012 1535 1066 etiam
1556 1027 1675 1066 non
1707 1015 2166 1082 expressam,ta-

511 1115 650 1155 men
678 1100 823 1155 mihi
856 1104 953 1154 tua
985 1099 1241 1171 epistola
1267 1099 1577 1155 redolebat
1604 1100 1865 1165 ;absitut
1891 1101 1967 1155 ad
1984 1106 2038 1155 te
2055 1100 2165 1155 tale

511 1188 735 1261 aliquid
767 1188 1109 1253 scriberem,
1136 1188 1230 1243 ubi
1258 1188 1444 1243 ullum
1475 1188 1565 1242 vel
1596 1188 1739 1243 mihi
1768 1188 1859 1243 vel
1880 1189 2165 1260 cuiquam

510 1277 868 1333 beneﬁcium
888 1277 1563 1349 postularem.Autenim
1579 1277 2165 1343 conticesrerem,ob-

512 1383 756 1423 servans
787 1372 1017 1438 tempus
1044 1366 1143 1421 ubi
1185 1372 1239 1421 te
1266 1383 1504 1439 possem
1536 1366 1757 1422 habere
1776 1372 2162 1439 prasentem;

512 1461 612 1511 aut
641 1457 687 1511 si
708 1456 915 1512 litteris
948 1455 1253 1525 agendum
1280 1461 1576 1527 putarem,
1620 1455 1765 1510 illud
1794 1456 1996 1527 potius
2024 1470 2167 1525 age-

509 1560 656 1610 rem,
690 1550 745 1600 et
766 1546 847 1599 sic
870 1560 1131 1613 agerem,
1165 1544 1504 1600 utdolorem
1529 1544 1914 1599 manifestare
1928 1545 2165 1616 vixpos-

510 1649 623 1689 ses.
653 1636 799 1690 Nam
814 1634 946 1688 ideo
979 1638 1118 1704 post
1140 1633 1289 1688 illius
1322 1633 1573 1704 impiam
1598 1633 2165 1705 crudelemqueper-

508 1720 715 1778 ﬂdiam
748 1722 865 1793 (cui
895 1722 1072 1777 etiam
1090 1727 1371 1794 pertnam
1400 1722 1719 1777 nobiscum
1741 1722 2158 1793 participatam

509 1811 968 1868 sollicitudinem
1002 1811 1215 1867 frustra
1231 1811 2163 1877 vehementerinstitimus,neillo

507 1917 610 1957 cor
622 1907 888 1956 nostrum
913 1901 1116 1955 dolore
1140 1900 1682 1971 percelleret,suam
1702 1916 1840 1956 vero
1853 1901 2165 1955 conscien-

504 1990 647 2045 tiam
677 1994 839 2045 tanto
870 1988 1090 2044 scelere
1116 1990 1481 2058 trucidaret),
1515 1988 1801 2045 continuo
1816 2004 1947 2043 sum
1981 1989 2164 2044 aCar-

506 2079 745 2148 thagine
771 2077 1090 2149 profectus.
1127 2078 1423 2133 occultato
1452 2078 1741 2134 abscessu
1784 2092 1941 2143 meo,
1974 2093 2048 2132 ne
2082 2081 2164 2132 tot

511 2184 581 2224 ac
607 2168 752 2223 tanti
772 2167 875 2239 qui
906 2167 1035 2238 ejus
1066 2168 1217 2223 intra
1231 2167 1541 2222 ecclesiam
1574 2166 1840 2236 gladium
1872 2165 2160 2221 formida-

508 2256 674 2323 bant,
707 2256 981 2312 violentis
1032 2256 1264 2312 fletibus
1296 2261 1353 2311 et
1378 2256 1694 2326 gemitibus
1726 2272 1821 2310 me
1875 2259 2158 2320 tenerent,

508 2350 786 2419 putantes
799 2361 991 2401 meam
1020 2346 1128 2400 sibi
1147 2344 1374 2415 aliquid
1390 2360 1572 2416 posse
1588 2344 1875 2415 prodesse
1902 2359 2163 2415 praesen-

511 2436 678 2501 tiam,
708 2440 770 2491 ut
801 2450 983 2506 quem
1007 2434 1148 2490 satis
1178 2434 1357 2502 digne
1372 2448 1479 2503 pro
1509 2433 1637 2503 ejus
1659 2433 1862 2487 anima
1882 2432 2162 2502 objurga-

508 2540 571 2580 re
594 2539 714 2579 non
728 2539 992 2595 possem,
1011 2538 1120 2593 pro
1144 2522 1379 2577 illorum
1403 2520 1755 2593 corporibus
1784 2520 1961 2575 etiam
1994 2535 2164 2590 roga-

510 2627 572 2668 re
596 2611 1003 2682 compellerer.
1030 2612 1220 2676 Quam
1235 2615 1434 2665 tamen
1464 2625 1670 2664 eorum
1687 2607 2056 2679 corporalem
2072 2623 2163 2663 sa-

508 2700 693 2757 lutem
724 2700 864 2755 satis
885 2700 1139 2771 parietes
1153 2698 1418 2754 ecclesias
1443 2698 1946 2767 muniebant.Ego
1960 2702 2160 2753 autem

509 2790 674 2845 duris
702 2787 1374 2859 coarctabaraugustiis,
1402 2786 1566 2860 quod
1607 2802 1802 2857 neque
1826 2786 1920 2842 ille
1944 2802 2037 2841 me
2059 2802 2162 2858 pa-

508 2881 746 2943 teretur,
760 2877 998 2949 qualem
1031 2881 1357 2948 oporteret;
1377 2882 1433 2931 et
1453 2876 1698 2946 insuper
1710 2875 1901 2931 facere
1919 2890 2163 2944 cogerer

509 2966 674 3039 quod
687 2982 806 3022 non
820 2966 1073 3021 deceret.
1098 2964 1382 3020 Dolebam
1398 2965 1574 3020 etiam
1594 2964 1849 3034 graviter
1866 2964 2055 3020 vicem
2070 2980 2161 3019 ve-

508 3056 788 3113 nerabilis
818 3054 1159 3128 coepiscopi
1177 3055 1290 3110 mei
1317 3060 1493 3110 tanta:
1510 3055 1752 3110 rectoris
1780 3054 2158 3120 Ecclesiae,ad

509 3146 677 3217 cujus
690 3146 980 3218 pertinere
993 3143 2018 3214 dicebaturofficium,posthominis
2037 3148 2159 3199 tam

506 3234 787 3291 nefariam
807 3234 1107 3290 fallaciam
1129 3233 1328 3289 adhuc
1341 3248 1401 3287 se
1418 3232 1683 3304 praebere
1716 3232 2022 3298 humilem,
2038 3248 2161 3304 quo

507 3324 736 3379 cmteris
790 3326 1149 3395 parceretur.
1193 3321 1442 3385 Fateor;
1471 3336 1607 3375 cum
1650 3326 1884 3375 tantum
1928 3322 2160 3376 malum

509 3412 673 3468 nullo
690 3410 945 3482 pectoris
983 3408 1196 3464 robore
1218 3409 1547 3479 potuissem
1579 3408 1846 3475 tolerare,
1875 3410 2150 3466 discessi.

578 3504 635 3558 4.
657 3500 1197 3555 Heecessetetnunc
1212 3496 1423 3552 silentii
1438 3497 1552 3552 mei
1567 3512 1751 3553 causa
1766 3500 1928 3569 apud
1946 3504 2159 3569 te,quaa

508 3588 618 3644 fuit
645 3594 782 3644 tunc
802 3586 1180 3642 discessionis
1207 3601 1375 3652 mem,
1412 3586 1460 3641 si
1492 3591 1546 3641 te
1568 3586 1731 3657 apud
1760 3586 1925 3641 illum
1965 3589 2159 3658 egisse

509 3676 833 3744 crederem,
849 3681 910 3731 ut
936 3680 1053 3731 tam
1079 3674 1338 3731 nefarias
1359 3674 1831 3745 ulciscereturinj
1846 3677 2160 3733 urias.Cre-

568 3802 640 3863 (α)
672 3801 937 3864 Loquitur
957 3798 1021 3849 de
1043 3812 1205 3864 causa
1227 3799 1535 3864 Marcellini,
1557 3800 1667 3863 qui,
1695 3801 1784 3864 uti
1799 3800 2157 3864 Hieronymus

508 3862 692 3914 versus
714 3862 978 3912 ﬁnemlib.
1005 3864 1032 3910 3
1053 3863 1315 3913 adversus
1350 3862 1657 3925 Pelagianos
1689 3863 1889 3919 scribit,
1915 3883 1939 3910 ι
1963 3862 2062 3913 snb
2083 3866 2157 3913 in-

506 3944 532 3973 a
560 3927 703 3975 vidia
724 3926 1027 3989 tyrannidis
1045 3924 1371 3975 Heracliante
1394 3926 1463 3989 ab
1484 3924 1756 3989 haereticis
1783 3927 2041 3975 innocens
2063 3941 2159 3976 cae-

508 4006 535 4036 ι
562 4003 653 4037 sus
676 3988 759 4038 est
784 4004 793 4035 :
826 4005 848 4033 ιι
872 3990 994 4037 Sive
1015 4002 1195 4049 quem,
1226 3992 1359 4035 teste
1380 3988 1564 4036 Orosio
1588 3990 1641 4035 in
1669 3988 1741 4036 lib
1757 3990 1803 4043 7,
1832 4002 1875 4037 c.
1909 3990 1986 4045 42,
2012 3990 2158 4039 «Ma-

509 4069 535 4098 ι
562 4052 712 4099 rinus
745 4063 925 4099 comes
955 4049 1096 4111 apud
1122 4049 1791 4111 Carthaginem(incertum
1817 4055 1897 4098 est
1924 4052 2033 4099 zelo
2070 4054 2156 4100 sti-

509 4129 534 4158 «
566 4113 811 4175 mulatus
835 4124 901 4175 an
919 4124 1063 4175 _auro
1089 4114 1394 4175 corruptus)
1444 4112 1637 4175 occidit
1660 4126 1670 4158 :
1691 4130 1714 4156 »
1760 4113 2157 4175 impellentibus

506 4174 693 4238 procul
725 4173 890 4238 dubio
919 4173 1474 4238 Donatistis,quo_rum
1501 4174 1683 4238 odium
1712 4173 2007 4238 incurrerat
2027 4176 2156 4224 inte-

546 4236 771 4307 errimus
796 4234 959 4307 judex
980 4234 1273 4307 “sententia
1301 4236 1559 4307 adversus
1591 4236 1733 4307 ipsos
1759 4236 1905 4307 dicta
1931 4238 1988 4307 in‘
2031 4240 2156 4307 @ar-

507 4298 810 4361 thaginensi
837 4298 1119 4361 collatione
1146 4312 1157 4350 ;
1192 4310 1354 4361 quam
1398 4298 1719 4361 sententiam
1752 4298 1997 4348 videlicet
2025 4299 2155 4348 dum

506 4359 886 4432 imperatorum
906 4360 1118 4432 decreto
1150 4359 1505 4432 roborandam
1531 4363 1697 4432 curat,
1732 4364 1958 4432 mortem
1983 4363 2154 4432 ipsius

505 4422 801 4474 moliuntur
830 4423 1061 4471 haeretici
1091 4423 1251 4471 hacce
1276 4422 1455 4471 oblata
1483 4424 1778 4472 occasione.
1813 4422 2156 4474 Heraclianus

504 4487 694 4557 Africa:
720 4486 1163 4557 comesdeﬁciens
1187 4484 1253 4534 ab
1268 4486 1535 4557 ﬁlionorio,
1551 4487 1930 4557 _navigav_it_in_
1948 4487 2156 4557 Italiam

506 4564 628 4599 cum
659 4549 863 4613 ingenti
885 4548 1071 4605 classe,
1094 4562 1236 4613 anno
1263 4548 1454 4613 Christi
1472 4550 1576 4613 ius
1602 4548 1719 4613 :qui
1745 4549 1811 4598 ad
1846 4549 2038 4598 Urbem
2070 4551 2153 4599 de-

544 4614 680 4662 osito
714 4610 946 4661 exercitu
977 4610 1325 4666 contendens,
1353 4611 1541 4659 Marini
1572 4610 1781 4660 comitis
1812 4626 2037 4660 occursu
2085 4613 2153 4661 ad

554 4675 806 4737 triculum
838 4678 1135 4737 superatus
1164 4674 1348 4735 fugam
1379 4674 1619 4737 arripuit,
1654 4675 1915 4737 rediitque
1941 4675 2153 4724 Cartha-

506 4738 686 4801 ginem
720 4751 731 4794 ;
758 4736 849 4801 ubi
873 4736 1068 4801 captus
1084 4736 1321 4801 demum,
1355 4740 1411 4801 et
1435 4736 1607 4801 capite
1634 4736 1854 4799 punitus
1870 4738 1984 4785 fuit.
2016 4739 2151 4786 Tum

507 4798 633 4849 vero
669 4798 1047 4861 perduellionis
1065 4799 1237 4847 socios
1267 4799 1319 4845 in
1346 4799 1521 4847 Africa
1549 4798 1901 4861 persequente
1932 4801 2150 4857 Marino,

508 4860 1329 4926 comprehenditurMarcellinus
1346 4874 1454 4926 una
1471 4860 1591 4926 cum
1611 4860 1887 4926 squfratre
1908 4866 1959 4911 et
1980 4864 2151 4911 securi

504 4922 818 4999 percutitur,
839 4922 1328 4999 falso‘insimulatus
1354 4922 1668 4999 Heracliano
1696 4923 1909 4980 favisse,
1927 4926 2003 4972 uti
2023 4926 2151 4999 satis

504 4984 821 5050 intelligitur
846 5000 918 5050 ex,
944 4986 1269 5050 Hieronymo
1304 4998 1469 5050 supra
1492 4984 1726 5050 laudato,
1760 5000 1857 5035 nec
1898 5000 2003 5035 non
2037 4988 2151 5036 istis

500 5048 786 5116 Augustini
814 5048 1124 5116 verbishic,
1142 5061 1194 5095 n.
1223 5049 1249 5095 4
1272 5062 1280 5095 :
1305 5065 1329 5093 «
1355 5048 1543 5116 Omnia
1570 5048 1622 5116 in
1655 5052 1895 5116 tempore
1916 5050 2150 5116 ist_o__suf-

505 5132 529 5160 «
559 5111 927 5178 Ῑῖαεθὺαῃῳτ,
952 5114 1011 5178 ut
1048 5112 1233 5178 etiam
1259 5123 1363 5178 uno
1394 5112 1547 5178 teste,
1579 5113 1836 5178 tanquam
1886 5111 2150 5178 invidioso

505 5193 531 5221 α
555 5181 607 5226 et
635 5171 875 5227 credibili
909 5175 1149 5230 crimine,
1196 5173 1307 5221 sine
1333 5171 1571 5235 jubentis
1607 5171 1909 5221 discrimine
1932 5174 2151 5235 quilibet

504 5256 529 5283 α
550 5240 612 5287 de
648 5239 822 5289 medio
854 5238 1146 5287 tolleretur.
1184 5253 1207 5281 ι
1236 5238 1492 5285 Caeterum
1526 5234 1761 5283 Marinus
1790 5234 2047 5283 continuo
2074 5251 2151 5285 re-

502 5307 721 5351 vocatus
767 5316 828 5349 ex
860 5301 1050 5356 Africa,
1094 5312 1315 5347 munere
1350 5298 1495 5345 omni
1545 5301 1735 5345 exutus
1766 5297 1867 5345 fuit
1902 5302 1951 5345 et
1986 5299 2148 5347 vitam

500 5364 1001 5470 Privataminglorie
1025 5361 1376 5425 agerejussus
1394 5364 1490 5415 est.
1513 5374 1575 5408 ex
1597 5360 1799 5409 Orosio.
1823 5360 2013 5409 Contra
2028 5376 2150 5411 vero

523 5438 585 5470 ex
606 5425 673 5470 ab
705 5427 937 5470 Honorio
958 5427 1082 5470 data
1098 5428 1177 5470 est
1207 5426 1288 5470 die
1310 5426 1367 5470 30
1389 5437 1511 5470 ana.
1527 5436 1612 5470 an.
1642 5423 2071 5470 “Lnrmciniens
2094 5428 2150 5470 ut

523 5438 585 5472 ex
606 5425 673 5473 ab
704 5423 937 5475 Honorio
958 5423 1082 5475 data
1098 5428 1177 5473 est
1197 5423 1288 5472 die
1310 5426 1367 5471 30
1389 5437 1511 5485 aug.
1527 5436 1612 5485 an,
1642 5423 2071 5485 414,prmcipiens
2094 5428 2152 5473 ut

500 5500 620 5549 quae
651 5505 680 5549 «ν
702 5489 917 5549 notione
941 5492 993 5537 et
1014 5486 1371 5536 sollicitudine
1397 5484 1683 5534 Marcellini
1707 5484 2013 5548 spectabilis
2046 5502 2152 5537 me-

503 5564 529 5596 ι
551 5548 734 5597 moria:
754 5548 846 5595 viri
872 5554 1058 5597 contra
1081 5550 1384 5598 Donatistas
1407 5552 1560 5609 gesta
1576 5550 2040 5609 sunt.perpetuam
2060 5550 2149 5598 ha-

502 5611 709 5660 «beant
756 5611 1063 5659 ﬁrmitatem
1096 5624 1160 5659 ς»
1196 5613 1248 5659 in
1288 5610 1380 5661 lib.
1414 5610 1472 5659 16
1508 5610 1633 5661 Cod.
1666 5610 1885 5669 Theod.,
1918 5612 1998 5661 tit.
2030 5613 2057 5661 5
2085 5613 2149 5662 de

499 5672 794 5728 Hmreticis,
816 5670 918 5732 leg.
951 5672 1009 5717 55
1021 5708 1032 5720 .

1796 172 1852 229 S.
1890 166 2275 229 AUGUSTiNl
2317 170 2637 230 EPISCOPI
3766 180 3855 242 648

2273 297 2423 354 dunt
2441 300 2551 355 ista
2570 299 2669 373 qui
2704 300 2978 356 nesciunt
2998 299 3330 373 quomodo,
3354 304 3409 358 et
3438 302 3678 374 quoties,
3701 312 3871 379 etquae

2274 386 2446 442 nobis
2459 387 2693 458 dixeris,
2711 403 2849 443 cum
2866 390 3047 445 anxia
3060 404 3203 445 cura
3218 405 3630 461 perageremus
3647 398 3875 466 utquan-

2274 480 2332 531 to
2347 476 2447 531 tibi
2464 477 2812 533 familiarius
2825 478 3406 551 inhaerebat,quanto
3420 480 3494 535 ad
3508 496 3636 535 eum
3651 482 3879 540 crebrius

2272 564 2626 630 ventitabas,
2656 573 2885 639 quanto
2910 568 3128 639 saepius
3160 583 3295 623 cum
3323 568 3449 624 solo
3467 570 3877 641 colloquebaris,

2275 659 2440 710 tanto
2454 656 2648 725 magis
2662 656 3415 713 curaretexistimationem
3432 662 3609 731 tuam;
3626 674 3693 715 ne
3706 660 3882 734 bisqui

2276 743 2355 797 tui
2381 743 2735 799 dicebantur
2764 744 2988 800 inimici
3016 745 3192 800 talem
3220 747 3447 801 exitum
3481 746 3735 810 daret,ut
3762 750 3883 805 nihil

2274 847 2410 887 cum
2453 832 2552 888 illo
2573 832 2737 889 aliud
2768 833 2961 902 egisse
2986 836 3298 904 putareris.
3344 835 3515 900 Quod
3540 835 3768 908 quidem
3795 854 3884 895 nec

2273 935 2385 990 ego
2410 922 2607 987 credo,
2633 938 2741 977 nec
2771 921 2978 977 fratres
3007 922 3122 978 mei
3149 924 3319 994 quite
3351 922 3415 979 in
3438 922 3683 995 loquelis
3702 926 3876 981 audie-

2275 1014 2431 1075 runt,
2464 1015 2518 1066 et
2548 1010 2755 1067 auditu
2770 1016 2948 1083 atque
2978 1012 3143 1066 omni
3175 1018 3325 1067 nutu
3347 1012 3790 1083 videruntsigna
3805 1014 3888 1070 be-

2274 1099 2436 1168 nigni
2471 1100 2723 1170 pectoris
2754 1100 2855 1155 tui.
2884 1101 3016 1165 Sed,
3042 1099 3291 1156 obsecro
3320 1106 3394 1166 te,
3422 1102 3659 1171 ignosce
3678 1104 3887 1157 creden-

2274 1189 2465 1243 tibus:
2498 1188 2772 1244 homines
2794 1190 2957 1245 enim
2984 1193 3144 1254 sunt,
3180 1193 3238 1244 et
3263 1190 3323 1245 in
3354 1190 3573 1245 animis
3608 1190 3888 1247 hominum

2274 1281 2452 1333 tanta:
2471 1277 2714 1334 latebrae
2740 1284 2899 1345 sunt,
2932 1284 2985 1333 et
3013 1278 3158 1333 tanti
3188 1284 3762 1348 recessus,utomnes
3785 1297 3889 1335 sus-

2275 1367 2481 1437 piciosi
2494 1383 2633 1422 cum
2654 1368 2861 1423 merito
2876 1367 3333 1438 culpentur,etia
3348 1366 3891 1423 mlaudariarbitren-

2274 1461 2367 1511 tur
2397 1472 2458 1511 se
2479 1456 2717 1522 debere,
2753 1456 2917 1529 quod
2944 1457 3102 1511 cauti
3129 1456 3267 1511 sint.
3303 1457 3513 1512 Causas
3545 1456 3795 1524 stabant;
3829 1458 3889 1512 ab

2272 1559 2393 1601 uno
2408 1560 2611 1600 eorum
2627 1561 2781 1616 quos
2804 1545 2984 1600 teneri
3018 1544 3112 1599 ille
3142 1549 3385 1616 repente
3404 1550 3888 1616 praeceperat,gra-

2272 1634 2583 1689 vissimam
2614 1639 2668 1689 te
2699 1649 2947 1706 passum
2981 1634 3158 1689 fuisse
3197 1634 3484 1705 injuriam
3534 1649 3882 1691 noveramus.

2273 1721 2889 1795 Fraterquoqueejus,
2924 1724 3118 1795 inquo
3154 1723 3484 1779 Ecclesiam
3513 1723 3761 1778 maxime
3780 1739 3889 1794 per-

2272 1817 2511 1867 secutus
2537 1818 2645 1879 est,
2681 1813 2883 1867 nescio
2908 1813 3056 1885 quid
3077 1813 3301 1868 duriter
3314 1812 3492 1884 quasi
3510 1811 3888 1882 proferenstibi

2270 1888 2656 1973 respondisse
2686 1902 3011 1956 dicebatur.
3047 1900 3421 1957 Putabantur
3447 1900 3550 1956 tibi
3584 1901 3755 1955 ambo
3786 1916 3889 1955 esse

2271 1991 2549 2060 suspecti.
2568 1989 2848 2045 Postulati
2864 2006 2999 2045 cum
3015 1989 3327 2055 abiissent,
3350 1995 3403 2045 te
3417 1988 3533 2044 illic
3555 1993 3885 2053 remanente,

2269 2083 2327 2133 et
2358 2094 2492 2133 cum
2518 2078 2617 2134 illo
2648 2079 2946 2145 secretius,
2980 2082 3046 2133 ut
3068 2077 3389 2142 ferebatur,
3405 2077 3702 2148 loquente,
3726 2077 3887 2131 subito

2262 2168 2417 2241 jussi
2432 2174 2569 2223 sunt
2583 2168 2847 2223 detineri.
2860 2168 3194 2223 Amicitiam
3210 2172 3473 2223 vestram
3494 2182 3610 2221 non
3627 2172 3884 2220 recentem

2270 2257 2373 2313 sed
2401 2263 2679 2319 veterem,
2709 2256 3676 2328 hominesloquebantur.Famam
3702 2254 3887 2309 conﬁr-

2268 2345 2477 2401 mabat
2502 2350 2666 2401 tanta
2694 2344 3064 2417 conjunctio,
3087 2347 3143 2399 et
3172 2350 3295 2399 tam
3310 2344 3558 2399 assidua
3574 2342 3748 2399 solius
3774 2358 3885 2396 cum

2269 2434 2396 2491 solo
2426 2434 2864 2490 sermocinatio.
2889 2436 3150 2490 Potestas
3184 2433 3341 2489 illius
3372 2449 3598 2502 magna
3616 2437 3743 2488 tunc
3766 2435 3885 2486 erat.
3914 2490 3915 2493 η

2269 2524 2597 2580 Calumniee
2623 2523 2874 2579 facilitas
2887 2523 3177 2578 radiabat.
3207 2526 3334 2578 Non
3358 2529 3485 2578 erat
3499 2521 3719 2593 grande
3731 2534 3885 2588 nego-

2267 2613 2411 2667 tium
2445 2613 2751 2684 procurari
2793 2612 3074 2682 aliquem,
3115 2610 3219 2683 qui
3273 2611 3499 2667 diceret
3534 2609 3691 2682 quod
3724 2607 3882 2664 salute

2267 2703 2564 2773 promissa
2593 2701 2915 2757 dicendum
2948 2699 3041 2755 ille
3064 2698 3437 2755 mandasset.
3456 2698 3667 2755 Omnia
3689 2698 3742 2752 in
3770 2702 3886 2751 tem-

2268 2808 2411 2863 pore
2426 2792 2527 2847 iste
2540 2790 3303 2861 suifragabantur,utetiam
3321 2806 3445 2845 uno
3465 2793 3883 2858 teste,tanquam

2267 2880 2569 2936 invidioso
2604 2886 2661 2935 et
2704 2878 2975 2935 credibili
3021 2878 3293 2942 crimine,
3323 2877 3740 2949 Esinejubentis
3791 2873 3886 2928 dis-

2267 2970 2513 3025 crimine
2542 2969 2796 3042 quilibet
2815 2969 2884 3023 de
2926 2968 3122 3023 medio
3153 2967 3475 3023 tolleretur.

2341 3064 2389 3113 5.
2406 3060 2523 3114 Nos
2551 3060 2795 3127 interea,
2808 3057 3097 3129 quoniam
3114 3072 3318 3112 rumor
3330 3061 3457 3112 erat
3472 3056 3633 3128 quod
3647 3053 3884 3111 ecclesia-

2268 3148 2415 3203 stica
2445 3163 2661 3203 manus
2679 3151 2997 3217 posseteos
3030 3145 3276 3216 eripere,
3310 3144 3479 3200 falsis
3508 3140 3883 3215 promissioni-

2266 3237 2380 3292 bus
2426 3236 2822 3303 ludebamur;
2857 3239 2920 3290 ut
2950 3234 3047 3289 illo
3075 3250 3195 3289 non
3228 3233 3427 3289 solum
3458 3232 3625 3306 quasi
3657 3231 3876 3295 volente,

2267 3326 2369 3380 sed
2396 3326 2576 3381 etiam
2596 3324 2878 3390 instante,
2895 3338 3001 3394 pro
3024 3323 3105 3377 eis
3121 3322 3197 3378 ad
3213 3322 3574 3379 Comitatum
3599 3320 3883 3392 episcopus

2269 3416 2610 3482 mitteretur,
2635 3428 2709 3468 ea
2731 3412 3152 3483 pollicitatione
3185 3411 3535 3483 interposita
3558 3405 3880 3481 episcopali-

2266 3504 2380 3559 bus
2406 3503 2673 3567 auribus,
2704 3501 2863 3573 quod
2896 3501 3087 3556 donec
3120 3500 3345 3573 aliquid
3391 3516 3501 3573 pro
3532 3501 3613 3555 eis
3639 3498 3746 3554 illic
3770 3510 3883 3564 age-

2264 3597 2443 3656 retur,
2478 3590 2704 3644 nullum
2737 3605 2931 3645 causae
2968 3588 3204 3644 illorum
3250 3589 3606 3644 excitaretur
3635 3599 3878 3641 examen.

2266 3684 2568 3736 Postremo
2614 3678 2803 3750 pridie
2841 3694 3026 3750 quam
3085 3677 3422 3743 ferirentur,
3458 3676 3613 3733 venit
3663 3674 3737 3731 ad
3789 3687 3879 3727 nos

2265 3768 2605 3825 Prasstantia
2628 3773 2765 3833 tua;
2815 3783 2983 3838 spem
3034 3766 3269 3831 dedisti,
3307 3766 3549 3838 qualem
3598 3775 3878 3835 nunquam

2265 3866 2443 3915 antea
2478 3858 2751 3922 dederas,
2778 3856 2941 3929 quod
2956 3855 3173 3910 eostibi
3208 3861 3411 3926 posset
3439 3855 3881 3924 concederepro-

2263 3948 2661 4013 fecturo,cum
2682 3946 3035 4016 illigraviter
3050 3945 3499 4016 prudenterque
3529 3944 3785 4005 dixisses,
3813 3944 3880 3993 to-

2264 4042 2387 4092 tum
2420 4036 2578 4108 quod
2608 4042 2802 4090 tecum
2825 4039 2946 4089 tam
2980 4033 3221 4090 assidue
3236 4032 3589 4089 familiarius
3607 4028 3879 4086 secretius-

2262 4140 2378 4196 que
2408 4125 2766 4196 loqueretur,
2801 4138 2915 4177 non
2947 4129 2998 4177 te
3022 4121 3319 4177 honorare
3343 4123 3544 4192 potius
3572 4134 3747 4191 quam
3769 4130 3878 4184 gra-

2262 4216 2459 4284 vare,‘
2491 4219 2669 4284 atque
2694 4212 2771 4267 ad
2820 4212 2879 4266 id
2906 4212 3122 4275 valere,
3156 4210 3321 4281 quod
3359 4209 3792 4266 communicato
3834 4207 3879 4256 et

2261 4307 2619 4375 pertractata
2647 4303 2793 4357 inter
2811 4316 2917 4354 vos
2960 4301 3165 4355 mortis
3200 4315 3409 4355 eorum
3432 4298 3691 4362 consilio,
3724 4306 3877 4350 nemo

2261 4392 2563 4447 dubitaret
2604 4390 2749 4462 quid
2784 4389 3067 4461 posthaec
3110 4389 3317 4444 omnia
3358 4394 3713 4461 sequeretur.
3753 4384 3875 4447 Quae

2262 4496 2395 4535 cum
2422 4486 2475 4535 te
2504 4480 2727 4535 dixisse
2759 4479 2931 4534 nobis
2972 4478 3289 4543 indicares,
3339 4480 3491 4533 inter
3532 4472 3874 4531 narrandum

2260 4585 2523 4641 namque
2554 4568 2877 4623 tendensin
2910 4584 3048 4623 eum
3071 4566 3271 4622 locum
3297 4567 3396 4621 ubi
3428 4566 3874 4622 celebrantursa-

2260 4664 2566 4714 cramenta
2593 4658 2878 4722 ﬁdelium,
2905 4656 3281 4728 stupentibus
3310 4656 3481 4711 nobis
3510 4657 3588 4711 ita
3607 4650 3807 4725 jurasti
3829 4651 3872 4701 te

2260 4749 2376 4805 ista
2397 4749 2632 4814 dixisse,
2659 4754 2717 4803 ut
2750 4763 2870 4803 non
2900 4746 3091 4802 solum
3126 4752 3286 4811 tunc,
3318 4745 3708 4801 verumetiam
3734 4751 3870 4795 nunc

2258 4844 2396 4909 post
2426 4844 2546 4893 tam
2565 4838 2930 4893 horrendum
2954 4836 3328 4905 inopinatum
3346 4835 3586 4899 exitum,
3614 4845 3742 4887 cum
3758 4832 3869 4882 tuos

2257 4943 2467 4982 omnes
2496 4931 2674 4981 nutus
2714 4925 2929 4989 recolo,
2966 4924 3142 4979 nimis
3159 4924 3300 4979 mihi
3329 4924 3645 4995 impudens
3673 4916 3865 4976 videar,

2259 5016 2397 5071 side
2426 5021 2479 5071 te
2512 5015 2738 5087 aliquid
2766 5013 3181 5070 malicredam.
3217 5012 3443 5078 Quibus
3471 5011 3586 5067 tuis
3616 5001 3867 5063 verbissic

2256 5120 2395 5159 eum
2438 5111 2776 5176 permotum
2807 5104 2985 5158 fuisse
3011 5102 3275 5166 dicebas,
3294 5100 3457 5173 quod
3474 5089 3867 5154 velutfamilia-

2254 5209 2316 5248 re
2339 5194 2615 5248 viaticum
2656 5192 2752 5247 tibi
2786 5208 2993 5246 eorum
3017 5192 3350 5247 donaturus
3376 5194 3533 5244 esset
3560 5186 3803 5243 salutem.

2328 5288 2378 5338 6.
2398 5283 2559 5338 Unde
2589 5288 2766 5336 testor
2783 5281 3080 5336 Dilectioni
3112 5286 3249 5344 tuas,
3282 5284 3522 5351 postero
3550 5276 3660 5339 die,
3682 5284 3790 5343 quo
3813 5263 3864 5321 il-

2254 5372 2371 5427 lius
2403 5370 2811 5442 parturitionis
2842 5369 3264 5426 nefariusfetus
3279 5373 3367 5423 est
3392 5356 3862 5450 ortus,cumess.e.t

2257 5462 2430 5516 nobis
2460 5467 2695 5531 repente
2711 5461 3049 5515 nuntiatum
3067 5460 3194 5514 illos
3208 5475 3237 5514 e
3264 5473 3494 5514 carcere
3507 5455 3578 5512 ad
3593 5466 3717 5509 eum
3730 5443 3862 5518 judi-

2258 5566 2385 5605 cem
2401 5551 2634 5616 ductos,
2655 5566 3009 5622 quanquam
3025 5550 3351 5621 perturbati
3376 5547 3672 5605 fuerimus,
3689 5545 3856 5594 tamen

2322 5679 2337 5710 ί
2356 5676 2992 5742 Lov.,Loqueremur,non
3006 5682 3050 5727 te
3065 5675 3317 5726 honorari
3325 5674 3648 5739 potiusquam
3657 5655 3855 5731 gravari.
