4136 6172
157 173 260 230 649

154 293 656 369 egoconsiderans
687 296 889 366 etqum
914 291 1089 349 nobis
1103 292 1293 365 pridie
1318 292 1577 360 dixeras,
1600 296 1652 348 et
1692 290 1795 364 qui

150 390 300 444 esset
335 388 470 457 post
488 383 652 438 illum
691 388 1007 438 exorturus
1036 381 1480 455 dies,quoniam
1513 381 1663 437 beati
1690 383 1795 453 Cy-

148 473 337 549 priani
362 477 486 528 erat
502 471 773 542 pridiana
788 470 1135 526 solemnitas
1154 471 1256 542 (a),
1274 470 1612 527 existimavi
1630 465 1797 541 quod

147 565 321 619 etiam
344 560 583 630 elegerit
604 560 785 623 diem,
815 574 939 630 quo
969 565 1025 614 et
1047 559 1151 615 tibi
1182 560 1487 630 postulata
1507 558 1797 615 concede-

146 658 249 717 ret,
272 656 327 706 et
373 650 711 705 universam
742 648 951 703 Christi
988 648 1311 704 Ecclesiam
1344 653 1585 720 repente
1608 646 1795 703 laetiﬁ-

145 756 306 805 cans,
340 738 419 795 ad
449 738 649 793 locum
678 737 825 792 tanti
859 736 1142 809 martyris
1171 737 1495 793 ascendere
1522 736 1793 801 voluerit,

145 828 427 902 parcendi
447 827 813 896 benignitate
842 841 1030 898 quam
1043 826 1353 882 occidendi
1375 829 1673 899 potestate
1695 841 1799 880 su-

144 918 416 985 blimior;
448 932 587 972 cum
620 930 755 971 ecce
786 914 963 971 nobis
990 916 1234 971 nuntius
1266 916 1453 982 irruit,
1481 930 1603 987 quo
1630 915 1797 987 prius

142 1021 455 1080 percussos
480 1020 608 1060 esse
634 1019 971 1069 nossemus,
991 1019 1182 1076 quam
1196 1004 1509 1077 quomodo
1522 1004 1799 1061 audiren-

146 1103 235 1153 tur
252 1110 524 1169 quaarere
555 1092 908 1150 valeremus.
940 1095 1219 1149 Provisus
1236 1094 1398 1150 enim
1427 1098 1553 1149 erat
1584 1099 1639 1149 et
1660 1108 1799 1165 pro-

142 1186 339 1241 ximus
364 1183 552 1247 locus,
587 1198 707 1238 non
749 1182 1058 1253 suppliciis
1091 1183 1407 1239 hominum
1453 1182 1796 1253 deputatus,

143 1274 244 1330 sed
294 1276 650 1329 ornamento
691 1272 894 1344 potius
936 1272 1209 1335 civitatis,
1242 1272 1343 1327 ubi
1374 1272 1586 1328 merito
1618 1271 1801 1327 credi-

148 1370 237 1418 tur
267 1366 586 1434 propterea
632 1360 936 1432 quosdam
964 1365 1103 1417 ante
1135 1359 1364 1432 aliquot
1393 1360 1522 1416 dies
1547 1360 1801 1433 jussisse

145 1451 414 1515 mactari,
450 1465 522 1505 ne
548 1450 609 1505 in
635 1449 763 1505 istis
786 1448 1084 1504 invidiosa
1140 1448 1376 1505 novitas
1425 1455 1615 1505 esset:
1646 1464 1801 1520 quos

147 1539 467 1597 consilium
490 1537 703 1594 fuitsic
719 1553 895 1609 posse
924 1536 1156 1609 subripi
1185 1537 1541 1606 Ecclesiaa,si
1562 1552 1683 1593 non
1706 1553 1799 1592 so-

145 1630 262 1685 lum
296 1628 495 1683 subito
520 1626 1069 1698 feririjuberentur,
1098 1642 1306 1682 verum
1337 1627 1515 1682 etiam
1564 1626 1624 1682 in
1672 1626 1802 1683 loco

149 1718 423 1790 proximo
453 1714 787 1772 ferirentur.
815 1715 965 1771 Satis
998 1718 1197 1786 itaque
1224 1715 1511 1771 indicavit
1540 1716 1588 1771 ei
1630 1716 1804 1771 matri

145 1822 203 1863 se
231 1807 455 1861 inferre
480 1821 603 1861 non
632 1805 897 1860 timuisse
926 1805 1278 1873 cruciatum,
1303 1805 1473 1874 cujus
1502 1804 1695 1860 timuit
1716 1805 1807 1859 in-

146 1900 525 1961 terventum;
563 1894 835 1950 Ecclesiae
895 1894 1114 1950 scilicet
1157 1898 1405 1960 sanctae,
1441 1893 1591 1949 inter
1636 1894 1806 1965 cujus

145 1985 357 2042 ﬁdeles
385 1986 444 2040 in
476 1985 606 2055 ejus
634 1984 862 2053 gremio
892 1983 1233 2054 baptizatos
1265 1988 1321 2038 et
1364 1983 1563 2054 ipsum
1603 1984 1807 2055 utique

146 2090 535 2132 noveramus.
569 2073 709 2128 Post
733 2072 896 2127 hunc
928 2073 1105 2142 igitur
1133 2072 1279 2127 tanti
1314 2072 1637 2128 moliminis
1691 2074 1809 2128 exi-

148 2170 458 2227 tum,cum
486 2168 607 2218 tam
640 2161 955 2232 diligenter
982 2161 1301 2216 nobiscum
1333 2168 1534 2217 actum
1564 2166 1810 2227 esset,ut

146 2255 332 2312 etiam
371 2268 475 2323 per
500 2258 574 2316 te,
616 2250 724 2306 etsi
744 2250 1042 2305 nesciente
1066 2257 1139 2313 te,
1173 2265 1325 2322 pene
1356 2250 1546 2305 securi
1572 2255 1629 2305 et
1661 2264 1810 2321 pene

147 2344 293 2399 certi
313 2340 390 2397 de
406 2341 596 2395 salute
629 2338 864 2394 illorum
892 2338 1080 2411 pridie
1092 2337 1372 2393 ﬁeremus
1400 2354 1412 2405 ;
1439 2339 1576 2410 quis
1590 2353 1711 2395 non
1732 2342 1810 2395 ta-

146 2432 322 2495 lium,
354 2429 549 2502 qualis
577 2429 891 2483 hominum
927 2427 1245 2483 multitudo
1273 2432 1376 2493 est,
1404 2427 1810 2483 indubitatum

147 2520 426 2583 haberet,
459 2517 641 2573 etiam
673 2534 707 2573 a
738 2522 791 2572 te
822 2516 996 2572 nobis
1020 2515 1201 2571 verba
1231 2516 1393 2582 data,
1413 2516 1526 2571 illis
1548 2516 1812 2572 animam

149 2610 425 2667 ablatam
452 2607 480 2661 ‘I
512 2606 667 2671 Ideo,
718 2604 870 2660 sicut
900 2605 1044 2671 dixi,
1080 2605 1167 2660 vir
1210 2603 1390 2672 bone,
1418 2605 1652 2660 etiamsi
1701 2619 1813 2660 nos

146 2699 266 2755 hoc
300 2712 422 2752 non
451 2695 771 2759 credimus,
812 2695 1052 2766 ignosce
1091 2693 1497 2749 credentibus.

213 2794 272 2842 7.
308 2784 476 2840 Absit
502 2783 965 2847 autemacorde,
988 2788 1042 2838 et
1063 2782 1499 2854 qualicumque
1514 2783 1633 2839 vita
1658 2797 1813 2851 mea,

153 2883 213 2933 ut
258 2873 428 2945 apud
452 2879 504 2929 te
554 2888 662 2944 pro
687 2872 890 2943 aliquo
926 2871 1376 2939 intercederem,
1406 2870 1500 2927 vel
1538 2887 1573 2926 a
1603 2876 1657 2926 te
1688 2872 1814 2927 cui-

152 2981 347 3038 quam
376 2962 736 3018 beneﬁcium
768 2959 1157 3032 postularem,
1183 2960 1311 3015 site
1342 2960 1647 3015 crederem
1673 2959 1816 3016 tanti

153 3054 345 3125 hujus
378 3052 540 3115 mali,
565 3055 621 3106 et
641 3056 762 3106 tam
792 3049 1208 3105 consceleratte
1228 3049 1590 3104 crudelitatis
1612 3053 1819 3105 aucto-

152 3160 311 3201 rem.
348 3141 461 3198 Sed
488 3139 665 3212 plane
705 3139 913 3201 fateor,
957 3139 1005 3193 si
1033 3138 1212 3193 etiam
1254 3137 1504 3209 posthac
1535 3138 1594 3193 in
1626 3153 1698 3194 ea
1734 3138 1817 3194 fa-

155 3230 501 3289 miliaritate
532 3228 674 3283 estis
715 3228 774 3282 in
805 3243 929 3299 qua
959 3232 1136 3283 antea
1167 3226 1379 3289 fuistis,
1417 3242 1563 3297 pace
1608 3232 1709 3283 tua
1748 3227 1820 3282 sit

152 3322 311 3378 liber
340 3318 514 3376 dolor
545 3335 559 3384 ;
590 3316 848 3373 multum
868 3332 978 3372 nos
995 3315 1160 3388 quod
1189 3315 1544 3371 nolebamus
1561 3314 1820 3387 compel-

152 3411 273 3467 litis
294 3407 556 3465 credere.
583 3408 679 3461 Est
695 3410 895 3462 autem
910 3410 1385 3460 consentaneum
1416 3410 1476 3459 ut
1496 3419 1691 3477 neque
1706 3405 1820 3460 hoc

152 3499 428 3565 credam,
454 3496 557 3569 qui
589 3495 663 3549 de
688 3500 739 3551 te
768 3493 867 3550 illa
893 3509 1013 3550 non
1034 3492 1233 3549 credo.
1265 3493 1503 3548 Amicus
1538 3500 1673 3549 tuus
1697 3493 1823 3549 ino-

152 3590 368 3662 pinato
395 3599 672 3640 successu
729 3582 1053 3655 repentium
1103 3582 1413 3654 potestatis
1460 3597 1581 3637 non
1626 3581 1823 3653 magis

155 3679 512 3751 persecutus
542 3678 627 3728 est
660 3672 898 3730 illorum
930 3672 1133 3735 vitam,
1168 3686 1350 3742 quam
1383 3676 1547 3726 tuam
1569 3670 1820 3727 famam.

154 3770 275 3823 Nec
314 3765 433 3820 ista
456 3764 734 3833 loquens,
765 3761 905 3816 odia
936 3764 1039 3816 tua
1070 3759 1131 3814 in
1164 3759 1355 3824 illum,
1382 3760 1500 3815 mei
1531 3760 1713 3815 animi
1752 3774 1822 3816 ac

155 3852 557 3928 professionis
595 3849 835 3914 oblitus,
865 3848 1179 3904 inﬂammo
1214 3864 1229 3915 ;
1257 3848 1361 3904 sed
1389 3850 1461 3903 ad
1493 3848 1822 3905 ﬁdeliorem

156 3956 430 4017 provoco
448 3940 849 3995 dilectionem.
881 3939 992 4003 Qui
1019 3938 1177 3993 enim
1203 3936 1285 3992 sic
1307 3938 1429 4006 agit
1459 3953 1594 3992 cum
1628 3936 1821 4003 malis,

156 4039 225 4089 ut
255 4047 363 4087 eos
395 4029 636 4085 malitiae
669 4027 976 4098 pmniteat,
1011 4026 1174 4082 novit
1200 4026 1379 4082 etiam
1410 4027 1824 4097 indignatione

159 4119 480 4178 consulere
515 4133 529 4173 :
564 4133 706 4173 nam
738 4118 889 4172 sicut
914 4115 1058 4172 mali
1081 4115 1305 4171 obsunt
1329 4114 1712 4185 assentando,
1747 4116 1827 4172 ita

159 4210 313 4267 boni
342 4206 725 4265 adversando
766 4210 1037 4277 prosunt.
1072 4206 1256 4261 Suam
1286 4205 1509 4277 quippe
1554 4204 1824 4261 animam

160 4299 382 4357 eodem
404 4296 580 4359 ferro,
609 4310 731 4367 quo
757 4294 907 4349 alios
934 4292 1397 4349 insolentissime
1419 4294 1655 4363 occidit,
1688 4308 1822 4363 gra-

162 4390 301 4445 vius
323 4386 621 4457 altiusque
654 4384 939 4455 percussit
964 4400 975 4439 :
1008 4382 1172 4455 quod
1201 4387 1333 4453 post
1356 4381 1513 4439 hanc
1546 4382 1749 4448 vitam,
1778 4382 1828 4438 si

164 4493 292 4535 non
306 4491 445 4531 eam
464 4472 811 4546 pmnitendo
826 4472 1166 4537 correxerit,
1182 4476 1238 4526 et
1252 4471 1536 4542 patientia
1558 4471 1661 4526 Dei
1675 4471 1827 4528 bene

168 4583 320 4622 usus
342 4564 539 4628 fuerit,
554 4561 820 4617 invenire
838 4576 908 4616 ac
926 4562 1140 4616 sentire
1159 4566 1417 4632 cogetur.
1438 4564 1605 4632 Saepe
1628 4565 1827 4617 autem

165 4657 292 4711 vita
319 4667 584 4727 praesens
604 4650 779 4706 etiam
808 4650 1133 4715 bonorum,
1162 4650 1260 4705 Dei
1281 4649 1699 4720 judiciomalis
1725 4650 1831 4704 eri-

170 4744 399 4817 pienda
419 4741 714 4814 permissa
733 4743 840 4804 est,
860 4754 933 4793 ne
957 4739 1093 4794 talia
1115 4738 1341 4810 perpeti
1376 4744 1682 4810 putaretur
1705 4753 1830 4793 ma-

166 4834 321 4888 lum.
358 4828 737 4902 Moriquippe
765 4828 825 4882 in
850 4843 1028 4883 carne
1059 4826 1205 4899 quid
1237 4832 1437 4899 potest
1471 4825 1676 4882 obesse
1705 4843 1831 4883 mo-

165 4921 378 4977 rituris
415 4919 441 4973 ?
491 4924 594 4975 aut
630 4916 780 4989 quid
809 4921 996 4986 agunt
1025 4916 1129 4989 qui
1166 4917 1312 4971 mori
1347 4918 1577 4979 timent,
1620 4915 1732 4970 nisi
1767 4920 1830 4971 ut

166 5009 360 5083 paulo
403 5008 703 5081 posterius
736 5006 1065 5063 moriantur
1094 5006 1123 5058 ?
1162 5004 1473 5076 Quidquid
1503 5006 1677 5059 obest
1711 5020 1831 5060 mo-

238 5145 311 5203 (a)
330 5142 383 5192 S.
403 5140 878 5190 Marcellinicmdes
894 5139 960 5203 ad
985 5139 1125 5189 diem
1143 5141 1171 5187 6
1189 5138 1369 5203 aprilis
1382 5139 1608 5203 refertur
1624 5140 1677 5187 in
1700 5139 1832 5189 Mar-

166 5201 489 5271 tyrologiis:
522 5216 685 5267 quam
700 5207 876 5271 tamen
898 5202 999 5271 hoc
1021 5201 1407 5271 exlqcoﬁqget
1425 5201 1621 5271 factam
1648 5216 1833 5271 mense

168 5264 486 5331 scptetﬁbri,
510 5264 619 5315 uno
637 5269 743 5331 aut
762 5266 929 5331 altero
950 5264 1035 5313 die
1064 5269 1186 5331 ante
1210 5264 1270 5331 ἓ.
1300 5264 1555 5331 Cypriani
1584 5265 1833 5331 solemni-

169 5327 360 5386 tatem,
395 5347 421 5375 ι
449 5329 507 5378 Et
539 5342 667 5377 sane
698 5328 820 5377 ilius
847 5328 1071 5385 obitum,
1104 5329 1179 5377 ait
1208 5327 1467 5376 Henricus
1502 5327 1565 5375 de
1599 5328 1751 5375 Noris
1779 5327 1832 5374 in

166 5412 194 5441 ‹
222 5395 366 5443 Hist.
399 5392 556 5455 Pelag
580 5392 671 5440 lib.
696 5392 740 5448 1,
770 5405 825 5455 (ι.Δ
846 5390 1119 5455 5,minimc
1142 5390 1437 5455 contigisse
1463 5390 1549 5439 die
1576 5392 1602 5436 6
1630 5390 1829 5453 aprilis,

170 5475 197 5503 ι
240 5457 372 5506 satis
390 5453 669 5517 evincitur,
684 5453 829 5517 quod
848 5454 947 5501 hoc
964 5466 1106 5501 anno
1127 5454 1217 5500 413
1233 5453 1579 5501 Heraclianus
1598 5466 1721 5500 cum
1739 5466 1833 5500 nu-

173 5537 201 5566 α
223 5530 442 5587 merosa
466 5516 987 5587 adeo__cla83e_aperto
1011 5517 1339 5587 mari,_verno
1364 5519 1571 5563 tantum
1594 5519 1834 5587 tempore

171 5599 199 5630 ι
242 5580 451 5652 sglvere
463 5579 640 5652 potuit
659 5592 721 5627 ex
738 5578 936 5652 Africa,
960 5579 1491 5652 urbem-invasurae}.
1506 5590 1628 5652 cum
1649 5582 1833 5626 tamen

170 5661 201 5693 ι
242 5640 532 5693 Marcellini
551 5654 712 5697 mors,
738 5641 1033 5691 Heracliam
1054 5641 1107 5689 in
1130 5640 1280 5704 Italia
1302 5640 1564 5689 exercitus
1578 5644 1831 5704 stragem,

171 5723 203 5755 α
242 5705 463 5770 tyranni
487 5705 667 5768 fugam
703 5716 766 5754 ac
798 5704 1016 5754 tandem
1049 5703 1247 5755 easdem
1284 5707 1572 5754 consecuta
1600 5702 1777 5753 fuerit.
1806 5717 1833 5749 ›

399 5784 639 5845 Parnm"
676 5783 929 5841 XXXIII.

1396 161 1897 225 EPISTOLARUM
1926 162 2215 223 CLASSIS
2243 165 2289 219 ΙΙ
2298 168 2309 221 l
2328 203 2343 219 .

3451 170 3557 226 650

1902 290 2212 357 rientibus,
2247 307 2319 346 ex
2339 290 2476 356 vita,
2520 304 2641 347 non
2668 306 2739 347 ex
2772 296 2962 349 morte
3002 294 3329 367 contingit;
3354 295 3414 353 in
3436 312 3557 369 qua

1904 379 1952 435 si
1971 379 2115 436 tales
2141 380 2373 436 animas
2401 380 2736 447 habuerint,
2764 381 3045 453 qualibus
3062 384 3390 441 christiana
3422 401 3559 456 gra-

1904 469 1985 524 tia
2017 468 2386 534 subvenitur,
2422 484 2543 525 non
2586 485 2729 525 sane
2768 486 2930 526 mors
2969 486 3177 527 eorum
3211 473 3341 528 vitae
3384 474 3560 531 bonae

1904 573 2154 614 occasus
2181 557 2308 624 fuit,
2344 558 2447 613 sed
2475 557 2734 614 melioris
2766 561 3023 616 occasio.

1977 650 2027 701 8.
2054 649 2117 703 Et
2149 647 2393 717 majoris
2417 647 2500 718 (a)
2528 648 2773 718 quidem
2792 664 2988 704 mores
3020 650 3398 721 apparebant
3424 650 3563 706 huic

1907 736 2122 792 saeculo
2136 736 2451 792 amiciores
2473 751 2601 791 esse
2627 752 2812 809 quam
2837 736 3099 805 Christo;
3133 755 3484 811 quanquam
3510 743 3566 796 et

1906 825 2032 897 ipse
2072 824 2403 896 juvenilem
2442 826 2603 896 prius
2634 825 3101 899 saecularemque
3142 828 3325 884 vitam
3376 843 3562 885 uxore

1905 913 2106 983 ducta,
2135 930 2256 970 non
2301 930 2488 987 parva
2519 931 2585 971 ex
2616 920 2782 987 parte
2812 920 3164 973 correxerat.
3199 919 3325 973 Non
3358 921 3559 973 tamen

1905 1003 2155 1059 fortasse
2183 1003 2519 1059 misericors
2545 1007 2698 1061 Deus
2726 1004 2921 1061 fratris
2948 1021 3087 1061 eum
3127 1021 3259 1061 esse
3284 1006 3344 1062 in
3374 1008 3565 1062 morte

1907 1093 2183 1148 comitem
2212 1092 2325 1147 nisi
2365 1094 2653 1150 miserans
2700 1094 2903 1149 voluit.
2938 1094 3037 1151 Ille
3079 1110 3217 1152 vero
3253 1095 3405 1152 alius
3434 1094 3567 1151 reli-

1909 1181 2250 1252 giosevixit,
2264 1186 2318 1237 et
2334 1182 2589 1238 multum
2613 1183 2790 1239 corde
2804 1183 3043 1256 vitaque
3060 1184 3403 1241 christiana.
3432 1186 3565 1240 Haec

1908 1286 2043 1326 eum
2074 1270 2235 1326 fama
2255 1272 2573 1343 praecessit,
2599 1272 2733 1328 utin
2758 1288 2939 1329 causa
2966 1273 3237 1329 Ecclesiae
3261 1273 3440 1345 (b)sic
3469 1288 3567 1329 ve-

1912 1360 2065 1415 niret
2083 1378 2095 1428 ;
2111 1360 2237 1415 haec
2260 1364 2581 1417 consecuta
2595 1365 2683 1416 est
2701 1378 2837 1417 cum
2863 1361 3139 1418 venisset.
3156 1364 3299 1428 Quae
3322 1362 3401 1417 illi
3424 1377 3565 1417 vero

1914 1448 2175 1520 probitas
2208 1450 2269 1504 in
2297 1450 2583 1514 moribus,
2610 1450 2670 1505 in
2701 1450 2958 1506 amicitia
2991 1451 3162 1515 ﬁdes,
3197 1452 3257 1506 in
3293 1451 3570 1507 doctrina

1912 1536 2197 1603 studium,
2228 1538 2288 1593 in
2319 1537 2603 1608 religione
2632 1538 2960 1604 sinceritas,
2991 1540 3050 1595 in
3083 1540 3365 1611 conjugio
3397 1539 3571 1611 pudi-

1912 1625 2067 1692 citia,
2083 1627 2141 1681 in
2152 1626 2379 1697 judicio
2392 1627 2756 1683 continentia
2778 1650 2789 1694 ;
2810 1644 2951 1700 erga
2970 1629 3239 1684 inimicos
3260 1629 3569 1701 patientia,

1912 1730 2055 1785 erga
2078 1716 2305 1771 amicos
2326 1715 2675 1782 aﬁabilitas,
2692 1731 2834 1787 erga
2858 1721 3101 1774 sanctos
3125 1717 3455 1781 humilitas,
3484 1732 3569 1772 er-

1914 1819 1991 1875 ga
2022 1820 2232 1861 omnes
2262 1804 2517 1861 charitas
2543 1827 2554 1871 ;
2581 1806 2638 1860 in
2670 1805 2977 1861 beneﬁciis
2999 1806 3362 1878 praestandis
3387 1805 3570 1862 facili-

1914 1898 2023 1960 tas,
2052 1894 2110 1948 in
2136 1894 2408 1966 petendis
2428 1894 2643 1966 pudor,
2670 1894 2733 1948 in
2758 1901 2913 1951 recte
2934 1895 3103 1951 factis
3134 1911 3321 1961 amor,
3345 1896 3405 1950 in
3436 1910 3573 1967 pec-

1915 1984 2062 2038 catis
2076 1982 2273 2038 dolorl
2293 1984 2596 2048 Quantum
2611 1983 2795 2038 decus
2806 1984 3267 2056 honestatis,qui
3286 1983 3571 2055 splendor

1916 2072 2141 2143 gratiae,
2168 2087 2299 2144 quae
2321 2088 2465 2127 cura
2488 2072 2719 2144 pietatis
2746 2089 2758 2138 ;
2784 2088 2919 2145 quae
2946 2072 3005 2127 in
3030 2072 3441 2128 sullveuiendo
3466 2072 3570 2127 mi-

1917 2161 2260 2226 sericordia,
2294 2160 2353 2216 in
2380 2160 2747 2232 ignoscendo
2774 2161 3210 2225 benevolentia,
3247 2162 3304 2216 in
3336 2160 3569 2218 orando

1916 2249 2142 2305 ﬁducia
2170 2250 2183 2305 ι
2210 2250 2374 2315 Quod
2407 2248 2725 2305 salubriter
2750 2249 2991 2321 sciebat,
3015 2265 3137 2323 qua
3162 2250 3454 2307 modestia
3483 2250 3573 2306 lo-

1918 2338 2215 2411 quebatur
2242 2337 2254 2392 l
2278 2339 2442 2411 quod
2466 2337 2745 2395 inutiliter
2770 2339 3100 2404 nesciebat,
3122 2355 3246 2412 qua
3268 2338 3573 2409 diligentia

1921 2428 2303 2485 scrutabatur
2322 2428 2334 2482 l
2363 2430 2631 2494 Quantus
2651 2429 2709 2483 in
2733 2444 2802 2486 eo
2814 2434 3195 2501 contemptus
3209 2444 3407 2484 rerum
3424 2444 3573 2500 pree-

1920 2517 2176 2573 sentium
2202 2517 2215 2573 ι
2234 2521 2460 2589 quanta
2478 2532 2615 2589 spes
2633 2521 2689 2573 et
2706 2517 3068 2573 desiderium
3090 2517 3389 2574 bonorum
3412 2523 3576 2573 aeter-

1920 2606 2167 2662 norum!
2193 2608 2272 2662 Ne
2285 2605 2499 2661 relictis
2513 2606 2797 2662 omnibus
2825 2606 3216 2663 saecularibus
3237 2606 3576 2662 actionibus

1924 2696 2251 2764 susciperet
2278 2694 2586 2765 cingulum
2622 2695 2846 2751 militiae
2875 2695 3235 2763 christiana,
3270 2694 3577 2750 vinculum

1921 2784 2329 2857 praepediebat
2353 2785 2651 2850 uxorium,
2684 2800 2806 2856 quo
2822 2786 2948 2854 jam
2972 2785 3295 2841 innodatus
3322 2788 3581 2856 coeperat

1923 2874 2346 2945 concupiscere
2376 2872 2644 2939 meliora,
2667 2873 2911 2944 quando
2928 2874 3057 2943 jam
3083 2889 3205 2929 non
3223 2873 3436 2930 licebat
3456 2872 3577 2939 illa,

1924 2962 2205 3035 quamvis
2245 2961 2546 3026 inferiora,
2579 2960 2977 3032 disrumpere.

1995 3054 2047 3106 9.
2082 3050 2353 3117 Quodam
2376 3049 2473 3104 die
2486 3049 2660 3104 frater
2672 3050 2821 3119 ejus,
2848 3064 2986 3104 cum
3003 3050 3134 3118 jam
3156 3050 3376 3120 pariter
3398 3050 3458 3103 in
3481 3064 3581 3103 cu-

1925 3140 2122 3196 stodia
2152 3142 2510 3204 tenerentur,
2546 3140 2628 3194 ait
2659 3137 2741 3193 illi
2792 3154 2807 3194 :
2862 3137 2924 3193 Si
2965 3155 3055 3209 ego
3085 3138 3197 3193 haec
3225 3155 3326 3209 pro
3364 3138 3579 3193 meritis

1922 3229 2107 3300 patior
2134 3235 2471 3299 peccatorum
2500 3244 2739 3283 meorum
2771 3248 2791 3297 ;
2816 3231 2893 3292 tu,
2931 3228 3085 3298 cujus
3114 3229 3285 3282 vitam
3314 3227 3574 3295 novimus,

1927 3326 2034 3374 tam
2072 3324 2271 3374 attente
2301 3319 2674 3389 ferventerque
2706 3319 2721 3353 ¹
2772 3317 3154 3383 christianum,
3192 3317 3383 3387 quibus
3416 3316 3581 3371 malis

1927 3409 2137 3464 meritis
2154 3408 2225 3463 ad
2241 3408 2348 3462 ista
2366 3407 2654 3478 perductus
2665 3423 2717 3461 es
2737 3407 2764 3462 ‘l
2787 3406 2963 3462 Atille
2985 3426 2997 3466 :
3026 3409 3356 3472 Parvumne,
3380 3407 3582 3477 inquit,

1930 3498 2069 3553 mihi
2090 3497 2627 3567 existimascon/erri
2654 3496 2926 3551 divinitus
2958 3496 3295 3564 beneﬁcium,
3327 3496 3379 3549 si
3410 3502 3585 3549 tamen

1931 3588 2022 3643 hoc
2080 3587 2448 3642 testimonium
2494 3592 2642 3640 tuum
2698 3585 2759 3640 de
2819 3586 2935 3639 vita
2971 3602 3087 3639 mea
3128 3602 3353 3655 semper,
3394 3592 3453 3640 ut
3495 3585 3587 3639 hoc

1932 3676 2070 3747 quod
2087 3676 2289 3747 patior,
2321 3676 2537 3730 etiamsi
2555 3691 2714 3746 usque
2752 3675 2822 3728 ad
2842 3675 3151 3743 effusio-nem
3190 3674 3471 3745 sanguinis
3486 3690 3585 3744 pa-

1934 3766 2069 3825 tiar,
2093 3764 2178 3818 ibi
2200 3770 2415 3835 peccata
2454 3781 2569 3819 mea
2585 3766 2922 3835 puniantur,
2945 3780 3038 3818 nec
3070 3763 3205 3818 mihi
3233 3764 3304 3817 ad
3331 3764 3590 3831 futurum

1923 3854 2195 3924 judicium
2226 3859 2587 3908 reserventur.
2639 3854 2737 3908 Hic
2776 3853 2926 3908 forte
2958 3852 3172 3923 aliquis
3221 3852 3425 3906 credat
3450 3865 3589 3904 eum

1934 3942 2117 3998 fuisse
2146 3941 2260 3997 sibi
2287 3942 2597 3998 conscium
2630 3941 2970 4011 aliquorum
3003 3940 3373 3996 occultorum
3398 3939 3590 4009 impu-

1934 4030 2148 4086 dicitiae
2175 4035 2580 4103 peccatorum.
2608 4030 2807 4085 Dicam
2829 4044 2970 4099 ergo
2999 4028 3146 4101 quid
3177 4044 3270 4083 me
3300 4026 3587 4082 Dominus

1936 4122 2112 4186 Deus,
2146 4120 2225 4176 ad
2250 4134 2536 4187 magnam
2582 4134 2783 4174 meam
2816 4118 3312 4181 consolationem,
3354 4132 3426 4172 ex
3458 4115 3587 4186 ejus

1935 4210 2345 4278 oreaudire,et
2364 4209 2537 4280 plane
2562 4208 2712 4264 scire
2739 4208 3005 4265 voluerit.
3032 4211 3178 4264 Cum
3206 4207 3279 4261 de
3302 4206 3580 4277 hocipso,

1938 4303 1999 4354 ut
2020 4304 2158 4354 sunt
2180 4298 2471 4363 humana,
2497 4297 2808 4365 sollicitus,
2834 4297 2997 4352 solus
3012 4312 3151 4352 cum
3174 4296 3301 4351 solo
3317 4310 3584 4364 agerem,

1933 4389 2061 4459 jam
2096 4388 2157 4442 in
2187 4388 2397 4443 eadem
2426 4387 2695 4441 custodia
2737 4387 3078 4450 constituto,
3120 4400 3194 4439 ne
3241 4383 3384 4454 quid
3433 4387 3587 4436 esset

1938 4476 2098 4532 unde
2135 4476 2363 4547 majore
2388 4481 2445 4530 et
2489 4475 2816 4543 insigniore
2857 4474 3206 4544 poenitentia
3240 4475 3425 4527 Deum
3468 4470 3581 4525 sibi

1939 4565 2179 4638 placare
2203 4564 2479 4629 deberet;
2513 4562 2607 4618 ille
2634 4568 2693 4616 ut
2711 4559 3227 4617 eratverecundiae
3242 4558 3582 4629 singularis,

1939 4670 2077 4710 cum
2108 4654 2330 4724 ipsam,
2362 4652 2495 4708 licet
2525 4652 2740 4707 falsam
2788 4667 2985 4706 meam
3019 4650 3424 4721 suspicionem
3459 4665 3588 4703 eru-

1938 4743 2223 4808 besceret,
2254 4741 2359 4796 sed
2386 4740 2861 4795 admonitionem
2909 4740 3243 4808 gratissime
3275 4737 3589 4808 acciperet,

1937 4832 2205 4889 modeste
2236 4832 2608 4901 graviterque
2642 4828 2979 4893 subridens,
3019 4832 3075 4884 et
3122 4834 3374 4899 utraque
3405 4841 3587 4880 manu

1938 4938 2140 4978 meam
2191 4921 2500 4975 dexteram
2544 4919 3006 4991 apprehendens
3057 4934 3067 4973 :
3123 4918 3329 4981 Testor,
3370 4913 3585 4985 inquit,

1939 5011 2289 5067 Sacramenta
2308 5025 2424 5081 quas
2445 5025 2541 5079 per
2567 5008 2706 5064 hanc
2730 5009 3043 5078 afferuntur
3064 5011 3083 5042 ²
3110 5022 3349 5073 manum,
3379 5019 3457 5057 me
3472 5000 3591 5055 nul-

2001 5140 2015 5170 ¹
2052 5136 2202 5191 Lov.,
2239 5135 2644 5197 frequenterque.

2001 5204 2019 5232 ³
2051 5200 2216 5254 Alias,
2244 5198 2546 5259 o/feruntur.
2568 5197 2645 5259 Μ.

2003 5263 2074 5323 (α)
2091 5251 2352 5323 Nescimus
2364 5274 2433 5323 an
2446 5251 3589 5323 hicdesignetapringiumjudiccinJratrem

1941 5313 2249 5377 Marcellini,
2273 5337 2334 5371 ex
2357 5321 2582 5383 epistola
2600 5313 2705 5375 13ῖ,
2726 5335 2777 5367 n.
2806 5313 2923 5378 2,'et
2948 5313 3318 5383 proconsulem
3338 5315 3390 5383 in
3408 5313 3594 5383 ‘A‘frica

1941 5388 2149 5436 circiter
2185 5375 2284 5434 hoc
2320 5375 2549 5447 tempus,
2581 5384 2655 5447 uti
2688 5397 2749 5430 ex
2777 5375 3001 5447 cpistola
3042 5380 3147 5447 133,
3182 5391 3234 5425 η.
3269 5379 3312 5447 3,
3345 5375 3592 5447 intelligi-

1942 5464 2061 5498 mus
2081 5464 2111 5519 λ
2135 5449 2225 5519 qui
2256 5448 2416 5496 etiam
2432 5439 2761 5519 .Donatistis,
2780 5439 2921 5505 q'uod
3053 5443 3116 5489 iis
3138 5443 3356 5504 propter
3391 5439 3595 5488 scelera

1940 5508 2283 5575 supplicium,
2311 5509 2644 5575 sumpsisset,
2670 5520 2862 5555 exosus
2895 5508 3032 5574 erat:
3104 5566 3112 5575 .
3208 5564 3247 5575 η

2002 5563 2072 5634 (⁵6)
2107 5563 2379 5630 Quadrant
2410 5563 2521 5619 haec
2551 5580 2810 5632 perquam
2857 5567 3067 5634 egregie
3103 5566 3155 5613 in
3181 5563 3593 5634 Marcellinum,

1938 5626 2212 5687 tribunum
2239 5638 2290 5683 et
2318 5626 2606 5687 notarium,
2636 5626 2861 5680 missum
2893 5626 2959 5679 ab
2992 5630 3228 5678 Honorio
3256 5628 3311 5675 in
3335 5626 3594 5681 Africam,

1939 5702 1999 5749 ut
2018 5701 2294 5761 sequester
2323 5699 2463 5747 esset
2491 5695 2791 5746 collationis
2820 5694 2961 5743 inter
2995 5691 3297 5742 Catholicos
3330 5693 3382 5740 et
3420 5690 3605 5739 Dona-

2913 5772 3313 5847 (Vingt-une.)
