4136 6172
582 134 681 190 651

578 255 689 313 lum
726 272 831 311 esse
880 260 1163 326 expertum
1200 252 1541 310 concubitum
1575 260 1782 325 praeter
1819 268 2072 318 uxorem,
2131 265 2226 306 nec

580 355 725 411 ante,
749 362 841 401 nec
850 352 1050 416 postea.

654 438 741 491 10.
762 434 915 499 Quid
945 446 1087 501 ergo
1116 431 1255 487 huic
1277 431 1337 487 in
1362 436 1551 491 morte
1584 432 1798 489 accidit
1828 432 1992 499 mali,
2021 446 2091 487 ac
2106 443 2229 485 non

583 526 776 596 potius
804 521 1128 592 plurimum
1159 520 1318 587 boni,
1353 537 1490 577 cum
1522 521 1651 578 haec
1688 521 1920 578 habens
1946 521 2108 577 dona
2151 517 2229 574 ad

580 613 901 677 Christum,
935 610 1063 665 sine
1093 626 1214 681 quo
1244 610 1498 666 inaniter
1532 610 1852 677 habentur,
1898 627 1970 667 ex
1997 626 2066 666 ac
2116 609 2231 665 vita

579 698 896 771 migrarit?
928 700 1070 765 Quae
1100 699 1263 771 apud
1304 704 1356 755 te
1397 715 1519 756 non
1567 715 2127 764 commemorarem,
2181 698 2229 753 si

578 789 883 845 crederem
904 793 957 844 te
984 788 1267 844 laudibus
1288 788 1418 859 ejus
1446 788 1693 845 offendi.
1720 790 1865 844 Cum
1891 794 2089 845 autem
2114 789 2230 844 hoc

579 894 702 935 non
754 878 955 942 credo,
989 893 1097 933 nec
1141 877 1287 933 illud
1319 878 1597 949 profecto,
1629 878 1797 949 quod
1832 884 1906 945 te,
1940 894 2062 935 non
2093 877 2229 933 dico

576 969 858 1035 instante,
882 966 985 1023 sed
1002 966 1214 1023 saltem
1237 967 1470 1023 volente
1500 972 1606 1023 aut
1630 972 1873 1039 optante
1903 972 2109 1038 posset
2132 982 2231 1023 oc-

577 1057 712 1114 cidi.
756 1055 1005 1112 Proinde
1049 1055 1285 1125 judicas
1325 1055 1644 1112 nobiscum
1693 1061 1859 1113 tanto
1916 1056 2226 1122 sincerius,

572 1150 797 1218 quanto
812 1146 1207 1209 innocentius,
1226 1145 1391 1217 quod
1408 1145 1503 1201 ille
1516 1162 1652 1202 cum
1669 1146 1872 1202 anima
1884 1162 2012 1211 sua,
2041 1162 2229 1218 quam

575 1251 713 1291 cum
734 1235 905 1290 istius
934 1249 1182 1305 corpore
1223 1234 1521 1290 crudelius
1547 1236 1732 1304 egerit
1764 1251 1777 1301 ;
1803 1234 2053 1306 quando
2084 1250 2226 1292 con-

572 1325 812 1396 temptis
827 1323 1022 1392 nobis,
1037 1323 1396 1394 contemptis
1411 1324 1912 1395 promissionibus
1929 1324 2073 1389 suis,
2088 1339 2226 1380 con-

571 1414 809 1485 temptis
840 1417 923 1468 tot
947 1429 1018 1468 ac
1032 1412 1215 1469 tantis
1230 1411 1618 1484 petitionibus
1631 1418 1687 1468 et
1703 1411 2224 1470 admonitionibus

572 1503 709 1569 tuis,
743 1506 1091 1572 contempta
1120 1500 1383 1573 denique
1415 1502 1677 1557 Ecclesia
1707 1502 1916 1557 Christi
1946 1504 2024 1574 (et
2050 1502 2109 1557 in
2154 1518 2226 1559 ea

572 1591 838 1665 quo,nisi
868 1590 1093 1646 Christo
1107 1590 1267 1658 7),ad
1294 1590 1471 1646 finem
1487 1608 1609 1645 suae
1633 1591 2092 1648 machinationis
2112 1592 2222 1647 hu-

567 1682 666 1752 jus
688 1685 877 1736 morte
908 1679 1193 1751 pervenit.
1220 1681 1310 1734 An
1342 1695 1481 1735 vero
1505 1679 1661 1735 illius
1694 1680 1906 1748 honos,
1928 1679 2106 1747 illius,
2133 1680 2224 1739 vel

574 1768 1259 1839 carcericomparandus
1284 1774 1391 1837 est,
1418 1784 1556 1824 cum
1578 1768 1673 1824 ille
1696 1768 1912 1825 fureret
1933 1770 2225 1827 sublima-

572 1859 800 1925 tus,iste
825 1856 1395 1928 gauderetinclusus
1417 1856 1776 1913 ‘lHorrendis
1804 1864 1861 1915 et
1883 1858 2222 1930 pcenalibus

571 1948 1068 2013 tenebris,omnes
1094 1961 1216 2001 non
1242 1950 1475 2002 tantum
1491 1962 1778 2017 carceres,
1808 1948 1915 2004 sed
1940 1949 2121 2005 etiam
2137 1949 2223 2005 in-

570 2038 725 2096 leros
739 2036 917 2092 vincit
930 2035 1197 2092 scelerati
1219 2035 1478 2092 hominis
1490 2036 1879 2092 conscientia.
1893 2038 2020 2093 Tibi
2038 2040 2217 2097 etiam

571 2127 717 2199 quid
740 2126 959 2193 nocuit,
979 2125 1150 2197 cujus
1172 2125 1277 2181 etsi
1296 2124 1527 2183 famam
1544 2126 1804 2196 graviter
1820 2127 1991 2196 ltesit,
2018 2134 2220 2185 tamen

566 2215 972 2273 innocentiam
1003 2229 1125 2270 non
1155 2216 1406 2286 peremit
1435 2216 1463 2272 ἳ
1488 2215 1771 2283 Quamvis
1786 2215 1951 2273 fama
1975 2232 2221 2290 quoque

564 2305 698 2377 ipsa
728 2304 899 2361 salva
926 2305 1018 2370 sit,
1050 2308 1107 2360 et
1131 2306 1298 2375 apud
1337 2320 1439 2360 eos
1465 2305 1568 2375 qui
1595 2309 1648 2361 te
1678 2306 1888 2362 melius
1929 2312 2221 2364 noverunt

567 2410 754 2467 quam
776 2409 909 2458 nos,
943 2397 999 2447 et
1027 2391 1193 2463 apud
1215 2408 1324 2448 nos
1364 2393 1550 2463 ipsos,
1576 2394 1680 2464 qui
1708 2410 1883 2452 curas
1906 2396 2218 2452 nobiscum

570 2490 723 2547 tuas,
750 2498 823 2537 ne
843 2486 964 2538 tam
986 2482 1250 2536 immane
1266 2487 1695 2552 perpetraretur
1707 2483 1921 2549 scelus,
1943 2489 2101 2540 tanto
2122 2500 2218 2541 ex-

568 2587 806 2643 pressas
828 2569 1299 2641 inspiciebamus
1338 2568 1577 2636 affectu,
1628 2575 1691 2626 ut
1721 2571 1803 2626 tui
1832 2572 2030 2628 cordis
2064 2574 2221 2629 invi-

567 2659 764 2714 sibilia
792 2674 936 2729 pene
966 2656 1153 2714 oculis
1184 2673 1583 2714 cerneremus.
1615 2659 1736 2716 Sibi
1769 2659 1947 2730 igitur
1977 2661 2071 2718 ille
2108 2678 2218 2719 no-

563 2750 685 2804 cuit
704 2746 991 2820 quidquid
1008 2747 1227 2815 nocuit;
1250 2763 1426 2804 suam
1442 2748 2212 2815 transﬁxitanimam,suam

564 2838 774 2902 vitam,
808 2836 1427 2893 suamconscientiam
1456 2855 1475 2909 ς
1502 2854 1675 2897 suam
1715 2838 1975 2910 denique
2020 2841 2217 2913 ipsam

566 2926 815 2993 famam,
835 2941 1018 2998 quam
1044 2925 1273 2982 bonam
1304 2925 1495 2982 solent
1522 2927 1699 2983 etiam
1731 2928 1976 2999 pessimi
1998 2946 2215 2987 concu-

566 3016 815 3088 piscere,
844 3030 998 3071 caeca
1027 3014 1128 3071 illa
1148 3013 1493 3071 crudelitate
1520 3016 1789 3073 vastavit.
1817 3020 2004 3075 Tanto
2053 3020 2215 3077 enim

564 3110 655 3161 est
679 3104 944 3160 odiosior
977 3103 1284 3169 omnibus,
1314 3104 1492 3159 bonis
1518 3110 1748 3176 quanto
1785 3108 1981 3177 magis
2012 3109 2215 3181 impiis

563 3194 798 3266 placere
827 3198 1077 3250 conatus
1095 3196 1205 3255 est,
1247 3192 1336 3247 vel
1362 3191 1660 3263 placuisse
1680 3194 1935 3251 laetatus.

632 3284 723 3340 11.
740 3283 850 3338 Ubi
873 3286 1071 3338 autem
1086 3280 1279 3349 magis
1292 3282 1480 3350 potuit
1502 3296 1791 3352 apparere
1804 3298 1925 3338 non
1948 3300 2087 3342 eum
2108 3287 2212 3343 ha-

558 3372 761 3429 buisse
788 3370 1205 3425 necessitatem
1246 3384 1432 3440 quam
1464 3385 1524 3424 se
1573 3370 1795 3427 habere
1823 3373 2118 3442 conﬁnxit,
2150 3386 2213 3434 ut

560 3462 609 3531 ej
623 3478 688 3516 us
701 3461 950 3516 obtentu
963 3462 1252 3529 tanquam
1268 3456 1462 3513 bonus
1477 3458 1695 3515 faceret
1707 3464 1940 3517 tantum
1956 3465 2207 3532 malum,

557 3564 745 3620 quam
775 3546 941 3619 quod
967 3562 1078 3602 nec
1108 3545 1188 3601 illi
1236 3544 1458 3617 placuit
1483 3546 1557 3602 de
1589 3548 1763 3618 cujus
1795 3559 2095 3624 praecepto
2144 3571 2209 3611 se

557 3652 745 3692 ausus
772 3640 858 3690 est
888 3649 1171 3691 excusare
1196 3632 1224 3688 7
1250 3633 1482 3691 Referat
1507 3634 1868 3693 Prmstantiee
1897 3644 2013 3696 tum
2035 3658 2209 3699 sanc-

556 3729 649 3782 tus
674 3724 964 3780 diaconus
994 3724 1099 3796 qui
1126 3739 1229 3795 per
1260 3726 1324 3779 Ν.
1386 3740 1623 3794 manus,
1664 3726 1792 3797 ipse
1821 3730 1982 3785 enim
2014 3731 2210 3791 fuerat

555 3815 840 3886 episcopo
861 3829 1042 3885 quem
1061 3829 1169 3884 pro
1185 3812 1303 3868 illis
1320 3813 1680 3878 miseramus
1701 3816 2045 3888 adjunctus,
2062 3838 2205 3894 que-

556 3901 955 3958 madmodum
984 3918 1093 3957 nec
1113 3902 1485 3973 indulgentia
1506 3902 1616 3958 illis
1630 3903 1836 3963 danda
1858 3909 2103 3977 visaest,
2131 3928 2204 3970 ne

556 3992 739 4047 velsic
753 3990 955 4063 aliquo
977 3990 1223 4046 crimine
1241 3995 1591 4047 notarentur
1621 4008 1635 4058 ;
1666 3994 1769 4049 sed
1785 4000 2011 4053 tantum
2044 4015 2205 4057 com-

558 4081 944 4136 monitorium
975 4095 1097 4150 quo
1129 4095 1226 4133 eos
1256 4078 1335 4134 ab
1367 4081 1531 4135 omni
1565 4081 1837 4139 molestia
1865 4084 2086 4144 liberos
2109 4092 2202 4146 di-

554 4169 785 4226 mittere
801 4169 1124 4239 juberetur.
1153 4166 1418 4223 Gratuita
1440 4168 1616 4239 igitur
1642 4172 2003 4241 crudelitate,
2038 4180 2203 4237 nulla

554 4260 902 4314 necessitate
934 4256 1231 4328 (quamvis
1254 4260 1311 4311 et
1340 4256 1469 4312 aliae
1500 4273 1721 4327 canem,
1754 4275 1907 4332 quas
1938 4267 2204 4338 suspica-

552 4364 707 4417 mur,
739 4363 849 4403 nec
877 4362 1032 4419 opus
1053 4352 1143 4401 est
1165 4345 1534 4402 committere
1556 4346 1784 4413 litteris,
1812 4348 2059 4410 forsitan
2082 4355 2203 4414 fue-

548 4436 706 4506 rint),
753 4436 1027 4492 atrociter
1085 4434 1458 4491 contristavit
1496 4435 1837 4493 Ecclesium.
1884 4441 1970 4496 Ad
2027 4444 2199 4516 cujus

548 4525 824 4581 Ecclesiae
837 4523 1133 4594 gremium
1158 4523 1335 4579 frater
1356 4523 1504 4593 ejus,
1528 4529 1798 4581 metuens
1826 4529 2034 4599 perire,
2059 4549 2197 4590 con-

544 4614 798 4683 fugerat,
836 4621 896 4667 ut
943 4629 1081 4667 eum
1115 4611 1311 4667 vivum
1344 4612 1489 4668 tanti
1522 4615 1757 4670 sceleris
1786 4618 2194 4679 consiliarium

544 4703 826 4772 reperiret
856 4719 868 4756 :
917 4704 1091 4774 cujus
1125 4700 1397 4756 Ecclesiae
1429 4703 1606 4758 etiam
1636 4704 1782 4776 ipse,
1825 4722 1963 4763 cum
1994 4716 2195 4781 patro-

543 4807 686 4847 num
710 4790 1072 4854 oﬁendisset,
1092 4790 1566 4861 petivitasylum,
1598 4808 1706 4847 nec
1732 4796 1781 4849 ei
1807 4798 1996 4866 potuit
2016 4800 2193 4858 dene-

540 4881 687 4950 gari.
724 4879 889 4933 Hunc
937 4879 981 4931 si
1037 4877 1253 4945 diligis,
1287 4880 1576 4934 detestare
1613 4897 1626 4947 ;
1662 4881 1863 4939 sinon
1910 4888 1997 4942 vis
2037 4896 2100 4946 ut
2129 4892 2190 4947 in

539 4975 830 5027 aeternum
855 4968 1157 5038 puniatur,
1180 4967 1449 5022 exhorre.
1478 4969 1569 5023 Sic
1595 4970 2018 5032 existimationi
2054 4984 2187 5048 tum,

540 5061 624 5114 sic
646 5062 738 5113 est
772 5056 903 5111 vitae
934 5054 1092 5109 illius
1111 5054 1547 5112 consulendum
1577 5074 1589 5111 :
1618 5073 1762 5115 nam
1790 5064 1892 5132 qui
1918 5064 1979 5119 in
2011 5082 2081 5123 eo
2103 5068 2189 5124 di-

536 5148 664 5218 ligit
707 5145 870 5218 quod
903 5144 1028 5199 odit
1060 5146 1232 5210 Deus,
1264 5159 1384 5199 non
1417 5146 1606 5201 solum
1650 5149 1773 5205 odit
1808 5150 2028 5223 ipsum,
2082 5158 2185 5215 sed

534 5238 710 5292 etiam
744 5236 1033 5307 seipsum.

617 5331 695 5379 t2.
731 5322 1272 5389 Qumcumitasint,
1308 5339 1410 5379 nec
1442 5325 1514 5379 de
1549 5326 2025 5399 tuabenignitate
2055 5351 2188 5393 cre-

536 5412 614 5466 do
645 5414 807 5483 quod
838 5415 985 5467 tanti
1023 5412 1255 5467 sceleris
1295 5420 1503 5469 auctor
1531 5415 1618 5470 vel
1650 5420 1945 5490 particeps
1976 5422 2181 5493 fueris,

532 5509 686 5580 tistas
717 5510 967 5581 μιμεῖ)ηῇ
988 5522 1150 5559 causa
1180 5524 1296 5581 sese
1328 5514 1542 5581 strenue
1574 5515 1755 5577 gessit,
1788 5521 1947 5581 atque
1976 5520 2174 5575 idcirco

530 5571 701 5645 ipsius
736 5571 1459 5645 interfectorem,licclesiam
1493 5576 1545 5622 in
1576 5571 1645 5645 eo
1673 5571 1902 5629 maxime
1928 5571 2176 5645 persecﬁ;

529 5632 644 5683 tum
677 5644 793 5680 esse
824 5632 946 5680 dicit
970 5636 1318 5695 Augustinus,
1342 5651 1503 5701 supra
1528 5652 1586 5688 n.
1624 5641 1669 5688 4.

1814 186 1819 189 ,
1862 127 1922 183 8.
1967 122 2344 185 AUGUSTINI
2378 122 2701 181 EPISCOPI

3823 144 3914 202 652

2341 263 2535 338 neque
2561 249 2724 322 quod
2748 249 3044 308 malitiosa
3068 252 3411 311 crudelitate
3434 256 3451 291 ¹
3482 255 3733 318 fefelleris
3762 271 3922 338 :quod

2341 337 2498 395 absit
2525 354 2561 395 a
2590 338 2708 395 vita
2738 344 2793 395 et
2818 340 3088 396 moribus
3104 342 3220 397 tuis
3251 342 3264 395 ι
3293 344 3409 400 Nec
3437 346 3710 407 amicitias
3739 337 3925 415 vestras

2342 426 2485 483 tales
2511 427 2668 494 volo,
2700 428 2923 501 quibus
2948 436 3004 485 et
3029 429 3125 486 ille
3153 431 3215 486 in
3247 448 3423 489 suum
3448 435 3728 495 interitum
3756 442 3926 512 glorie-

2342 520 2435 571 tur
2464 516 2532 572 de
2555 517 2735 583 malo,
2759 522 2818 573 et
2842 518 3230 576 conﬁrmetur
3263 521 3526 580 humana
3553 529 3794 600 suspicio
3818 536 3929 599 ;sed

2343 604 2487 661 tales
2500 607 2951 679 potius,quibus
2977 608 3055 663 ad
3079 609 3493 680 pmnitentiam
3521 613 3864 689 disponatur,
3886 629 3930 679 et

2342 694 2517 752 talem
2558 712 2629 752 ac
2661 702 2887 754 tantam
2932 700 3362 770 paenitentiam,
3393 702 3627 773 qualem
3661 715 3931 778 quantam-

2340 799 2457 855 que
2480 786 2787 856 postulant
2812 793 2933 843 tam
2952 788 3260 845 horrenda
3298 789 3539 849 vulnera
3567 795 3892 855 medicinam
3918 817 3928 857 :

2340 878 2506 931 tanto
2534 875 2761 947 quippe
2794 877 3043 934 amicior
3071 878 3206 945 eris,
3250 885 3478 951 quanto
3509 882 3805 942 sceleribus
3829 889 3931 960 ejus

2340 963 2654 1020 inimicior.
2680 966 2987 1022 Curiosum
3019 972 3110 1023 est
3137 968 3495 1026 Prmstantiaa
3525 974 3634 1027 tum
3659 989 3819 1031 nosse
3840 993 3931 1033 res-

2340 1051 2563 1124 criptis,
2591 1053 2693 1110 ubi
2713 1069 2785 1111 eo
2813 1054 2912 1110 die
2932 1055 3115 1111 fueris
3135 1057 3301 1130 quod
3318 1056 3464 1114 illud
3490 1060 3806 1119 admissum
3828 1072 3931 1133 est;

2339 1142 2650 1215 quomodo
2670 1143 2991 1215 acceperis,
3034 1146 3180 1217 quid
3221 1152 3433 1219 postea
3474 1150 3677 1219 egeris,
3707 1159 3798 1209 aut
3823 1170 3931 1212 cum

2338 1246 2477 1287 eum
2508 1231 2727 1288 videris
2760 1233 2905 1304 quid
2938 1234 2991 1289 ei
3021 1234 3269 1303 dixeris,
3292 1237 3441 1309 quid
3472 1238 3549 1294 ab
3573 1238 3669 1296 illo
3694 1241 3931 1298 audieris.

2338 1322 2460 1391 Ego
2488 1321 2652 1377 enim
2690 1337 2761 1377 ex
2787 1336 2911 1394 quo
2944 1322 3087 1379 inde
3117 1327 3405 1397 postridie
3446 1334 3681 1400 repente
3707 1329 3932 1404 discessi,

2336 1409 2483 1466 nihil
2510 1410 2676 1482 quod
2696 1410 2853 1468 hanc
2869 1427 2995 1468 rem
3021 1413 3249 1481 attinet,
3282 1415 3359 1472 de
3386 1420 3440 1473 te
3461 1417 3663 1473 audire
3682 1421 3850 1491 potui.

2410 1503 2495 1556 13.
2525 1499 2689 1565 Quod
2724 1515 2866 1557 vero
2897 1500 2959 1556 in
2998 1502 3253 1575 epistola
3282 1509 3387 1561 tua
3438 1505 3572 1578 legi,
3600 1507 3719 1577 jam
3754 1514 3804 1565 te
3828 1511 3934 1580 cogi

2336 1587 2597 1655 credere,
2624 1603 2700 1644 ne
2730 1604 2766 1645 a
2787 1605 2883 1645 me
2901 1590 3203 1661 videreris,
3230 1596 3288 1648 et
3315 1593 3653 1665 Carthagini
3678 1612 3766 1653 me
3788 1613 3934 1669 nega-

2333 1682 2484 1743 tum,
2519 1682 2578 1734 tu
2624 1677 2821 1749 potius
2869 1680 3037 1749 cogis
3066 1680 3160 1736 his
3199 1681 3400 1739 verbis
3428 1689 3488 1739 ut
3514 1683 3783 1742 absentia:
3815 1703 3932 1743 mea
4038 1728 4039 1731 η

2332 1782 2546 1823 causas
2577 1781 2700 1823 non
2730 1772 2987 1824 taceam.
3021 1770 3290 1835 Quarum
3316 1776 3407 1828 est
3433 1774 3850 1846 una,quoniam
3869 1775 3933 1832 la-

2331 1854 2543 1912 borem
2570 1870 2755 1927 quem
2785 1857 2846 1912 in
2903 1856 3006 1913 illa
3041 1857 3190 1915 urbe
3248 1861 3475 1933 perpeti
3523 1876 3755 1919 necesse
3776 1871 3866 1929 est,
3890 1870 3933 1921 et

2331 1960 2513 2017 quem
2536 1944 2585 2000 si
2614 1960 2911 2017 exponere
2935 1945 3132 2012 velim,
3166 1947 3330 2005 aliud
3359 1954 3592 2007 tantum
3612 1950 3932 2024 loquendum

2331 2038 2441 2099 est,
2469 2034 2598 2105 jam
2652 2035 2945 2091 sustinere
2990 2051 3113 2092 non
3145 2052 3414 2109 possum,
3462 2040 3627 2112 quod
3654 2040 3928 2099 inﬁrmitati

2331 2139 2480 2179 mem
2505 2123 2926 2197 proprim,qum
2946 2129 3090 2184 nota
3101 2127 3490 2184 estomnibus
3502 2129 3604 2201 qui
3624 2128 3925 2187 familiarius

2331 2228 2427 2269 me
2452 2218 2767 2283 noverunt,
2793 2215 3040 2271 accessit
3058 2216 3237 2271 etiam
3264 2221 3561 2285 senectus,
3593 2234 3718 2291 qua:
3737 2220 3927 2290 generis

2328 2302 2579 2359 humani
2605 2308 2696 2358 est
2714 2303 3056 2359 communis
3072 2304 3417 2362 inﬁrmitas.
3434 2306 3629 2364 Altera
3652 2324 3818 2365 causa
3840 2314 3924 2373 est,

2327 2391 2492 2463 quod
2522 2390 2722 2457 statui,
2756 2391 2804 2445 si
2856 2391 3143 2448 Dominus
3195 2392 3353 2458 velit,
3387 2400 3681 2467 quantum
3708 2396 3837 2453 mihi
3870 2412 3924 2453 ex

2329 2480 2441 2537 illis
2461 2480 2983 2553 occupationibus,
3001 2496 3156 2553 quas
3173 2482 3470 2551 Ecclesiae,
3484 2485 3579 2541 cui
3593 2486 3814 2557 proprio
3828 2502 3926 2541 mu-

2331 2584 2468 2625 nere
2498 2570 2712 2633 servio,
2746 2570 3072 2627 necessitas
3101 2569 3351 2642 ﬂagitat,
3384 2572 3557 2630 datur
3587 2575 3858 2647 temporis,
3881 2573 3927 2629 id

2330 2662 2519 2713 totum
2542 2658 2889 2729 impendere
2901 2658 3093 2715 labori
3109 2660 3452 2718 studiorum
3465 2662 3539 2719 ad
3551 2663 3926 2720 ecclesiasticas

2329 2746 2607 2803 scientias
2638 2747 3063 2818 pertinentium
3088 2764 3102 2815 ;
3130 2748 3234 2805 ubi
3252 2766 3347 2805 me
3377 2751 3652 2818 arbitror,
3666 2752 3712 2807 si
3738 2751 3826 2807 Dei
3847 2751 3929 2806 mi-

2328 2834 2667 2891 sericordim
2678 2835 3071 2907 placet,etiam
3083 2838 3333 2909 posteris
3345 2839 3577 2913 aliquid
3590 2841 3926 2913 profuturum.

2402 2916 2485 2981 14.
2502 2926 2693 2980 Unum
2709 2929 3037 2992 estautem,
3053 2927 3101 2981 si
3116 2942 3323 2983 verum
3345 2929 3568 3001 quaeris
3579 2928 3924 3001 audire,un

2326 3012 2385 3071 in
2408 3018 2461 3071 te
2482 3013 2908 3070 molestissime
2934 3014 3082 3084 fero,
3103 3016 3270 3088 quod
3291 3034 3435 3074 cum
3464 3020 3545 3075 sis
3577 3024 3631 3076 et
3648 3019 3812 3090 hujus
3825 3018 3927 3088 jam

2324 3102 2536 3167 aetatis,
2565 3106 2621 3159 et
2648 3101 2830 3173 hujus
2856 3103 2991 3159 vitae
3026 3120 3098 3160 ac
3128 3105 3467 3177 probitatis,
3502 3108 3696 3164 adhuc
3722 3108 3803 3163 vis
3824 3121 3925 3162 esse

2322 3190 2985 3263 catechumenus;quasi
2998 3191 3204 3249 ﬁdeles
3220 3209 3343 3250 non
3367 3196 3818 3269 possint,quanto
3835 3194 3926 3251 sint

2322 3279 2618 3337 ﬁdeliores
2643 3286 2822 3352 atque
2854 3280 3150 3349 meliores,
3183 3287 3349 3339 tanto
3383 3284 3618 3342 ﬁdelius
3650 3300 3716 3342 ac
3747 3282 3923 3341 melius

2322 3368 2741 3425 administrare
2770 3368 3233 3441 rempublicam.
3267 3373 3425 3438 Quid
3454 3378 3652 3431 autem
3674 3370 3925 3441 1)οηὶιεὶ-

2321 3456 2394 3513 tis
2424 3458 2485 3513 in
2530 3457 2626 3513 his
2668 3458 2843 3514 tantis
2871 3458 3028 3514 curis
3066 3463 3123 3515 et
3148 3458 3464 3518 laboribus
3498 3464 3722 3526 vestris,
3754 3461 3854 3518 nisi
3878 3464 3924 3515 ut

2317 3545 2471 3601 bene
2502 3546 2579 3601 sit
2624 3545 2979 3602 hominibus
3007 3548 3035 3603 ?
3076 3547 3133 3603 Si
3165 3548 3327 3605 enim
3358 3550 3478 3608 hoc
3508 3567 3629 3609 non
3654 3551 3829 3622 agitis,
3855 3547 3923 3604 vel

2316 3634 2578 3693 dormire
2605 3635 2790 3690 satius
2827 3640 2918 3690 est
2948 3640 3274 3709 noctesque
3305 3638 3583 3714 diesque,
3614 3656 3785 3713 quam
3812 3638 3921 3707 vigi-

2313 3722 2438 3780 lare
2475 3723 2536 3778 in
2569 3722 2878 3780 laboribus
2910 3723 3184 3796 publicis,
3216 3726 3363 3783 nulli
3388 3728 3621 3787 utilitati
3649 3728 3919 3786 hominum
4038 3742 4039 3795 γ

2316 3812 2659 3885 profuturis.
2684 3815 2798 3868 Nec
2827 3813 3213 3871 sanedubito
3258 3816 3677 3877 Excellentiam
3702 3824 3917 3875 tuam....
4038 3836 4039 3845 ξ

2815 3901 3144 3958 EPISTOLA
3183 3902 3345 3961 cur
3365 3906 3469 3977 (a).

2312 3982 2661 4059 Macedonius
2689 3981 3030 4059 Augustino,
3070 3999 3318 4059 quarens
3342 4002 3477 4059 num
3499 4004 3568 4045 ex
3596 3987 3836 4059 religione
3858 3985 3916 4040 sit

2409 4053 2547 4124 quod
2570 4053 2801 4125 episcopi
2829 4053 2975 4124 apud
2994 4054 3209 4124 judices
3237 4056 3577 4114 intercedant
3604 4053 3838 4131 pro'reis.
4038 4053 4039 4119 ἦ

2315 4142 2568 4199 Domino
2599 4141 2811 4220 merito
2842 4141 3189 4220 venerabili,
3222 4150 3278 4200 et
3308 4149 3483 4204 unice
3522 4147 3764 4206 colendo
3789 4142 3917 4220 patri

2752 4213 3093 4279 Ancusrmo,
3134 4217 3511 4275 Macnoomns.

2384 4304 2434 4357 1.
2461 4301 2683 4374 Optatas
2719 4301 3004 4357 admodum
3029 4302 3354 4361 Sanctitatis
3392 4315 3501 4364 tum
3533 4307 3741 4364 litteras
3769 4302 3917 4375 accepi

2304 4411 2406 4466 per
2435 4391 2785 4462 Bonifacium
2815 4391 3134 4447 veneranda
3166 4394 3301 4465 legis
3330 4397 3633 4452 antistitem
3660 4414 3679 4464 ;
3716 4412 3847 4469 quem
3872 4407 3916 4447 eo

2307 4483 2479 4557 magis
2497 4487 2774 4550 receptum
2800 4479 2978 4533 dilexi
2991 4482 3136 4551 quod
3153 4500 3187 4536 a
3207 4499 3286 4537 me
3303 4483 3612 4541 desiderata
3623 4484 3912 4557 pertulerat,

2303 4588 2595 4628 sermonm
2621 4568 2936 4624 Sanctitatis
2962 4575 3069 4625 tua?
3095 4578 3144 4625 et
3166 4572 3607 4642 incolumitatem,
3627 4575 3821 4631 domine
3834 4586 3915 4625 me.

2303 4662 2416 4718 rito
2430 4658 2774 4724 venerabilis,
2788 4664 2839 4713 et
2853 4659 3005 4713 unice
3024 4659 3233 4715 colende
3242 4669 3423 4733 pater.
3450 4663 3638 4736 Itaque
3663 4666 3770 4718 sine
3787 4673 3914 4715 mora

2302 4744 2440 4825 quod
2464 4750 2674 4821 petebat
2710 4746 2969 4802 obtinuit.
3016 4749 3206 4805 Verum
3233 4753 3490 4822 quoniam
3519 4754 3702 4811 existit
3720 4749 3910 4812 occasio,

2302 4842 2394 4897 hoc
2410 4841 2587 4912 ipsum
2598 4835 3139 4909 quantulumcumque
3150 4847 3228 4894 est
3238 4842 3377 4911 quod
3391 4841 3697 4898 admonitus
3717 4836 3909 4897 indulsi.

2298 4931 2419 4986 nolo
2442 4932 2554 4983 sine
2579 4924 2812 4980 mercede
2844 4942 3138 4983 remanere.
3174 4928 3344 5001 Cupio
3376 4930 3520 4986 enim
3558 4931 3787 5003 accipere
3811 4941 3905 4981 eam

2298 5036 2416 5093 qum
2449 5016 2587 5072 mihi
2619 5014 2907 5070 commodet
2957 5016 3074 5071 sine
3118 5018 3400 5088 pendentis
3462 5018 3789 5083 incommodo,
3819 5016 3908 5069 imo

2296 5126 2414 5184 qua
2443 5106 2585 5162 mihi
2620 5103 2905 5160 commodet
2936 5110 2957 5141 ⁸
2981 5122 3099 5161 cum
3121 5106 3303 5177 gloria
3329 5109 3688 5181 dependentis.

2358 5212 2372 5274 ξ
2402 5203 2684 5274 Exemplar
2714 5200 2887 5274 Vatic.
2917 5202 3059 5274 unde
3091 5208 3242 5274 eruta
3262 5204 3904 5274 estepistola.credulitate,

2359 5273 2377 5302 ²
2411 5271 2535 5320 Lov.
2565 5266 2803 5324 referunt
2825 5266 2928 5328 legi
2955 5267 3009 5315 in
3044 5268 3367 5331 quibusdam
3392 5266 3544 5329 Mss,
3577 5285 3633 5320 ea
3677 5283 3775 5334 qua
3792 5266 3903 5319 mihi

2297 5336 2635 5387 commodes...
2666 5336 2828 5385 imo...
2864 5333 3160 5379 cammodes.

2359 5401 2377 5419 ‘
2406 5398 2734 5461 Epistt.CLIl
2754 5392 2964 5448 θεων
2986 5393 3457 5461 Μιξσεάοῖῑείβμῌ
3487 5398 3539 5445 et
3554 5394 3675 5445 CLV
3695 5393 3898 5461 adﬂare-

2294 5454 2525 5519 doniu'm,
2554 5461 2849 5511 emendata:
2872 5460 2997 5509 sunt
3022 5456 3089 5520 ad
3119 5471 3167 5520 α.
3206 5456 3292 5520 bg.
3326 5457 3399 5512 bl.
3434 5458 3522 5507 bn.
3553 5471 3602 5512 ε,
3638 5470 3713 5506 cc.
3748 5456 3820 5506 cb.
3849 5454 3894 5504 il.

2293 5541 2344 5590 g.
2378 5540 2475 5590 gg.
2608 5525 2663 5590 j.
2682 5539 2741 5577 n.
2766 5538 2807 5571 r.
2832 5537 2871 5572 s.
2902 5520 2983 5590 sb.
3012 5519 3101 5573 vd.
3122 5518 3272 5590 gnos
3316 5533 3362 5590 a.
3390 5520 3525 5571 duos
3545 5524 3590 5590 t._
3608 5523 3823 5590 quatuor
3848 5533 3893 5590 _v.

2353 5582 2440 5648 (ἇῖ
2457 5582 2591 5638 Alias
2608 5582 2708 5636 '53:
2744 5600 2863 5651 qum
2899 5586 3079 5633 autem
3116 5582 3204 5631 152
3233 5587 3363 5640 erat,
3394 5596 3539 5633 nunc
3573 5582 3673 5634 tﬂ.
3710 5582 3891 5645 Scripta

2214 5694 2217 5695 ν
2286 5650 2423 5702 forte
2452 5662 2546 5701 an.
2582 5652 2696 5700 414.
