4098 6166
145 241 251 299 653

216 370 268 423 2.
306 367 565 438 Ofﬁcium
595 366 885 423 sacerdotii
915 368 1083 423 vestri
1119 382 1223 423 esse
1251 366 1435 423 dicitis
1468 362 1798 422 intervenire

131 473 242 528 pro
253 457 388 523 reis,
418 464 468 512 et
484 456 913 520 nisiobtineatis,
937 456 1161 527 offendi,
1185 456 1342 527 quasi
1369 455 1506 527 quod
1534 460 1651 508 erat
1676 452 1797 524 ofﬁ-

134 546 212 600 cii
223 544 397 601 vestri
408 545 629 600 mini-me
654 545 958 616 reportetis.
991 545 1094 600 Hic
1109 560 1202 615 ego
1224 544 1560 598 vehementer
1585 540 1796 611 ambigo

130 642 329 690 utrum
356 634 505 689 istud
533 650 598 689 ea:
624 634 885 705 religione
920 634 1218 689 descendat.
1248 633 1390 689 Nam
1410 633 1460 687 si
1497 648 1532 686 a
1558 630 1793 685 Domino

128 731 356 793 peccata
371 722 498 777 adeo
526 722 900 794 prohibentur,
925 729 985 777 ut
1009 739 1074 777 ne
1085 720 1379 793 paenitendi
1416 719 1626 792 quidem
1640 718 1794 789 copia

123 819 247 884 post
277 813 516 883 primam
534 813 551 847 ¹
583 810 865 867 tribuatur
892 809 1369 883 ;quemadmodum
1396 825 1492 865 nos
1517 823 1794 881 possumus

124 917 194 956 ea:
223 901 499 973 religione
525 900 839 956 contendere
865 907 924 956 ut
944 899 1095 955 nobis
1107 900 1484 971 qualecumque
1510 896 1652 953 illud
1671 897 1792 951 cri-

124 1007 251 1045 men
272 989 471 1060 fuerit,
505 989 825 1045 dimittatur
855 991 883 1044 9
910 989 1048 1061 quod
1073 991 1283 1060 utique,
1312 1005 1430 1044 cum
1456 986 1789 1058 impunitum

124 1079 403 1144 volumus,
426 1079 733 1151 probamus.
759 1079 835 1134 Et
864 1078 911 1133 si
939 1084 1145 1134 constat
1177 1094 1280 1132 non
1317 1079 1498 1133 minus
1518 1081 1789 1131 auctorem

120 1186 292 1242 quam
301 1168 646 1241 probatorem
659 1169 836 1224 teneri
858 1170 920 1223 in
931 1167 1172 1224 omnibus
1190 1184 1313 1239 qum
1335 1173 1648 1239 peccantur,
1675 1181 1788 1219 cer-

120 1265 245 1315 tum
263 1266 342 1315 est
375 1275 466 1314 nos
476 1260 651 1329 culpas
666 1258 921 1315 societate
938 1258 1163 1323 vinciri,
1186 1258 1388 1327 quoties
1417 1272 1538 1311 eum
1554 1255 1787 1326 impuni-

122 1354 255 1402 tum‘
283 1364 391 1403 esse
419 1348 685 1419 cupimus,
744 1347 840 1419 qui
868 1346 1039 1418 culpae
1070 1353 1288 1401 tenetur
1331 1344 1613 1401 obnoxius.
1652 1344 1785 1399 Tum

117 1441 400 1507 praeterea
421 1436 629 1491 accedit
648 1435 741 1490 hoc
771 1435 911 1507 quod
932 1435 1159 1507 gravius
1184 1441 1278 1490 est.
1308 1434 1442 1489 Nam
1466 1433 1647 1488 omnia
1673 1449 1787 1504 pec-

120 1530 251 1579 cata
279 1523 536 1578 videntur
565 1521 947 1591 veniabiliora,
987 1538 1106 1577 cum
1137 1522 1184 1576 is
1219 1522 1318 1593 qui
1330 1537 1455 1576 reus
1483 1528 1559 1575 est
1583 1536 1785 1576 correc-

122 1612 329 1668 tionem
346 1612 657 1684 promittit:
684 1627 872 1666 verum
901 1628 1064 1679 nunc,
1087 1616 1149 1665 ut
1174 1626 1343 1665 mores
1362 1610 1546 1665 nostri
1565 1616 1709 1672 sunt,
1735 1614 1785 1663 et

120 1702 345 1757 sceleris
366 1718 575 1773 poenam
595 1700 1068 1772 cupiunthomines
1091 1699 1199 1754 sibi
1208 1699 1480 1765 relaxari,
1507 1707 1555 1755 et
1578 1699 1638 1753 id
1660 1714 1783 1770 pro-

114 1798 248 1863 pter
284 1791 427 1863 quod
453 1791 620 1846 scelus
647 1789 939 1845 admissum
970 1796 1067 1854 est,
1095 1789 1385 1861 possidere.
1410 1789 1520 1844 Pro
1547 1788 1634 1843 his
1659 1806 1782 1861 quo-

118 1878 705 1953 queinterveniendum
724 1885 889 1950 putat
913 1878 1269 1933 sacerdotium
1297 1885 1553 1941 vestrum,
1572 1877 1634 1932 de
1658 1878 1783 1949 qui-

118 1969 217 2026 bus
246 1968 379 2023 adeo
417 1968 609 2039 futuri
638 1967 795 2023 nulla
823 1984 937 2039 spes
989 1972 1085 2034 est,
1119 1974 1177 2023 ut
1209 1968 1384 2023 etiam
1418 1969 1478 2021 in
1526 1968 1782 2039 praesenti

116 2058 311 2114 eadem
342 2056 597 2113 criminis
625 2058 773 2112 ratio
800 2064 1120 2127 perseveret.
1156 2058 1296 2113 Nam
1326 2057 1423 2128 qui
1459 2063 1572 2113 tam
1601 2057 1779 2127 pervi-

114 2147 325 2203 caciter
354 2153 496 2201 tenet
515 2152 740 2217 propter
778 2162 895 2217 quas
941 2145 1422 2215 crimen-admisit,
1448 2146 1677 2201 ostendit
1703 2162 1775 2211 se,

114 2236 210 2291 ubi
237 2235 463 2292 licentia
487 2234 678 2307 fuerit,
710 2234 919 2290 similia
942 2241 1312 2305 peccaturum.

182 2324 241 2379 3.
267 2324 349 2381 Ob
372 2325 485 2381 haec
498 2324 673 2397 igitur
701 2324 915 2380 consulo
928 2324 1281 2395 prudentiam
1305 2330 1475 2389 tuam,
1499 2331 1548 2380 et
1570 2340 1652 2380 me
1686 2324 1778 2379 hoc

112 2413 374 2486 ambiguo
417 2431 519 2486 quo
558 2413 761 2479 laboro,
806 2412 1011 2468 absolvi
1050 2412 1294 2468 desidero
1317 2432 1337 2469 :
1367 2430 1459 2468 nec
1499 2412 1563 2468 ob
1608 2413 1775 2469 aliam

110 2519 333 2559 causam
362 2503 661 2559 consultum
682 2511 731 2559 te
759 2508 929 2575 putes.
963 2502 1234 2559 Caeterum
1264 2503 1358 2557 hoc
1375 2502 1517 2557 mihi
1532 2504 1776 2574 proposi-

111 2599 230 2648 tum
255 2600 356 2658 est,
380 2599 441 2648 ut
472 2591 933 2661 intercessoribus,
954 2592 1263 2663 przesertim
1297 2591 1426 2647 talis
1468 2593 1629 2647 merit
1650 2609 1781 2664 qua-

114 2683 187 2737 lis
222 2688 284 2737 tu
325 2698 396 2743 es,
449 2684 615 2738 etiam
649 2682 893 2753 gratiam
944 2697 1120 2753 agam.
1161 2680 1423 2754 Pleraque
1474 2682 1617 2736 enim
1660 2700 1778 2754 quae

111 2778 301 2843 sponte
334 2773 510 2841 facere
538 2770 715 2825 videri
745 2770 887 2835 nolo,
923 2786 986 2824 ne
1013 2770 1268 2827 remissio
1303 2770 1608 2826 severitatis
1635 2772 1779 2827 alios

109 2866 285 2915 armet
312 2859 373 2913 in
405 2859 674 2924 crimina,
704 2864 826 2930 opto
864 2858 1013 2913 bonis
1034 2859 1481 2915 intercessoribus
1502 2859 1776 2929 relaxare,

112 2955 175 3004 ut
192 2947 339 3020 quod
362 2947 534 3003 libens
558 2946 799 3013 concedo,
822 2948 971 3003 salva
987 2946 1273 3003 severitate
1287 2948 1518 3020 judicii,
1545 2949 1779 3005 alterius

118 3038 317 3093 merito
341 3036 595 3093 videatur
623 3035 917 3091 indultum.
956 3036 1032 3091 De
1060 3036 1281 3107 scriptis
1303 3038 1634 3094 Sanctitatis
1669 3046 1777 3094 tuae

114 3125 308 3198 aliqua
342 3126 485 3182 mihi
510 3127 861 3197 promiseras,
907 3132 954 3180 et
996 3142 1102 3180 non
1139 3126 1361 3197 accepi;
1400 3144 1577 3199 quaeso
1604 3134 1669 3183 ut
1698 3126 1780 3183 vel

114 3230 260 3270 nunc
277 3215 487 3279 mittas,
523 3221 573 3270 et
599 3214 671 3269 ad
705 3214 841 3269 hanc
864 3230 1029 3269 meam
1060 3213 1336 3285 epistolam
1352 3215 1698 3287 respondeas,
1715 3220 1778 3272 ut

114 3304 243 3376 quia
275 3303 644 3362 Sanctitatem
682 3310 831 3359 tuam
858 3304 1084 3359 interim
1113 3303 1293 3358 videre
1317 3321 1423 3360 non
1452 3304 1641 3373 datur,
1674 3306 1781 3362 sal-

118 3400 220 3449 tem
249 3393 586 3449 sermonibus
629 3394 740 3450 tuis
782 3409 997 3466 pascar.
1056 3393 1386 3449 Incolumem
1428 3394 1778 3451 Sanctitatem

116 3490 265 3538 tuam
297 3481 570 3537 divinitas
600 3489 810 3537 aeterna
841 3488 1066 3539 tueatur
1086 3499 1197 3538 aevo
1220 3482 1542 3554 largissimo,
1570 3483 1781 3540 domine

120 3572 318 3626 merito
346 3570 693 3638 venerabilis,
715 3577 765 3625 et
802 3587 922 3625 vere
950 3570 1160 3626 colende
1183 3578 1362 3642 pater.

623 3659 954 3716 EPISTOLA
996 3660 1154 3717 CLlll
1193 3662 1295 3732 (a).

123 3750 363 3818 Quzsito
390 3748 670 3822 respondet
701 3750 1042 3821 Augustinus
1073 3767 1091 3815 ;
1114 3749 1286 3805 multa
1313 3750 1492 3805 obiter
1515 3751 1780 3807 disserens

190 3841 260 3897 de
307 3840 659 3897 restituendis
696 3840 854 3895 rebus
872 3857 989 3911 qua:
1014 3840 1265 3912 proximo
1296 3840 1491 3896 ablata:
1520 3842 1602 3897 vel
1642 3842 1780 3897 male

185 3936 374 4002 partes
403 3935 549 3985 sunt.

121 4022 476 4076 Ancusnnus
506 4018 850 4090 episcopus,
885 4016 1147 4073 famulus
1177 4017 1387 4073 Christi
1413 4017 1778 4091 familiaeque

189 4108 339 4181 ejus,
361 4105 575 4162 dilecto
592 4106 713 4162 ﬁlio
732 4108 1053 4163 MACEDONIO
1076 4110 1118 4171 ³,
1143 4105 1200 4161 in
1222 4107 1473 4163 Domino
1501 4107 1776 4164 salutem.

188 4195 349 4253 CAP.
382 4196 665 4252 PRIMUM.
699 4227 767 4235 —
814 4196 863 4251 1.
910 4195 1462 4266 Negotiosissimum
1502 4196 1561 4252 in
1610 4213 1780 4271 repu-

116 4284 279 4349 blica
309 4283 529 4351 virum,
569 4288 626 4339 et
674 4299 795 4339 non
829 4283 975 4349 suis,
1008 4283 1115 4339 sed
1148 4283 1403 4340 aliorum
1432 4285 1779 4342 utilitatibus

121 4371 616 4440 attentissimum,
648 4372 891 4444 qualem
924 4378 978 4428 te
1022 4389 1151 4428 esse
1178 4379 1233 4428 et
1271 4373 1376 4429 tibi
1407 4375 1780 4445 gratulamur

120 4470 172 4519 et
197 4461 381 4518 rebus
406 4459 711 4530 humanis,
741 4477 849 4517 nec
879 4460 1154 4517 deserere
1175 4462 1467 4519 debemus
1492 4462 1776 4537 alloquio,

119 4566 227 4607 nec
244 4565 546 4623 occupare
563 4551 875 4622 prooemio.
900 4549 1117 4623 Accipe
1137 4550 1337 4623 itaque
1359 4553 1522 4624 quod
1537 4569 1642 4625 per
1659 4570 1775 4622 me,

120 4640 207 4697 vel
230 4654 413 4697 nosse
444 4638 706 4703 voluisti,
738 4638 829 4694 vel
864 4644 1061 4695 utrum
1088 4639 1216 4711 ipse
1239 4655 1477 4697 nossem
1502 4643 1773 4714 experiri.

122 4728 294 4797 Quod
329 4728 380 4783 si
418 4743 674 4801 parvum
706 4733 808 4784 aut
847 4726 1221 4799 superﬂuum
1256 4729 1582 4800 judicares,
1615 4732 1778 4788 nullo

120 4818 307 4874 modo
338 4818 491 4873 inter
511 4823 632 4874 tam
667 4832 920 4890 magnas
943 4822 1185 4889 tamque
1206 4818 1572 4875 necessarias
1602 4835 1778 4876 curas

120 4912 255 4962 tuas
286 4906 627 4962 curandum
670 4921 796 4961 esse
850 4921 1144 4961 censeres.
1202 4907 1426 4971 Quaeris
1465 4923 1500 4963 a
1538 4924 1635 4963 me
1675 4924 1779 4965 cur

118 4995 301 5053 ofﬁcii
344 4994 658 5051 sacerdotii
708 4995 889 5050 nostri
933 5009 1062 5050 esse
1103 4994 1377 5051 dicamus
1422 4995 1779 5054 intervenire

120 5100 228 5156 pro
259 5083 401 5148 reis,
433 5088 489 5139 et
525 5081 641 5137 nisi
676 5081 1077 5147 obtineamus,
1121 5081 1346 5139 offendi
1397 5085 1569 5156 quasi
1614 5087 1779 5159 quod

120 5177 249 5229 erat
289 5170 467 5227 oﬁcii
509 5171 699 5227 nostri
733 5170 977 5226 minime
1018 5177 1409 5243 reportemus.
1454 5175 1557 5230 Ubi
1608 5177 1779 5233 vehe-

122 5268 357 5318 menter
392 5264 447 5317 te
476 5259 623 5315 dicis
653 5259 959 5332 ambigere
989 5265 1184 5316 utrum
1213 5262 1369 5317 istud
1397 5279 1468 5319 ex
1497 5264 1778 5333 religione

182 5380 195 5407 ¹
234 5374 393 5431 Edd.,
426 5381 540 5438 post
569 5377 795 5440 primam
818 5376 1202 5440 paenitentiam.
1230 5378 1352 5427 Mss.
1386 5393 1573 5429 omnes
1608 5380 1693 5429 hic
1728 5386 1779 5433 et

120 5440 174 5488 in
201 5440 568 5512 subsequente
599 5438 837 5502 epistola,
859 5444 973 5500 post
994 5439 1223 5503 primam
1249 5441 1528 5490 tribuatur.
1558 5443 1775 5507 Supple,

116 5502 408 5565 paenitendi
423 5502 658 5565 copiam,

179 5567 200 5598 ¹
228 5566 311 5613 Ita
330 5563 455 5613 Bad.
485 5561 601 5612 Am.
638 5562 719 5612 Er.
748 5566 800 5612 et
832 5561 957 5611 Mss.
980 5562 1070 5613 ubi
1106 5563 1230 5613 Lov.
1259 5564 1430 5615 Editio
1452 5565 1612 5617 habet
1640 5584 1650 5617 :
1683 5569 1778 5619 Fa-

120 5625 599 5691 mulatus__Christi,
621 5626 799 5674 dilecto
827 5624 1126 5691 Macedonio
1158 5627 1474 5691 [amitaeque
1494 5631 1618 5691 ejus.

184 5691 257 5761 (a_)
295 5689 453 5761 Alias:
477 5689 535 5737 54
571 5704 584 5735 :
633 5702 752 5753 quae
782 5691 963 5738 autem
993 5690 1082 5739 153
1113 5692 1241 5748 erat,
1274 5689 1418 5741 nunc
1458 5689 1539 5740 46‘.
1568 5693 1777 5757 Scripta

121 5755 247 5816 post
273 5755 628 5816 superiorem.
690 5770 695 5775 ·

1397 233 1905 297 EPISTOLARUM
1948 231 2241 289 CLASSIS
2284 233 2376 291 III.

3444 243 3551 301 654

1907 355 2252 414 descendat.
2286 358 2504 414 Deinde
2532 358 2815 433 adjungis
2837 376 2961 432 qua
2981 365 3208 421 ratione
3224 365 3308 422 ita
3327 382 3569 424 movea-

1906 447 2004 502 ris.
2051 447 2193 502 Nam
2217 448 2268 501 si
2297 464 2332 501 α
2363 447 2588 503 Domino
2612 456 2855 519 peccata,
2886 451 3086 522 inquis,
3119 454 3249 509 adeo
3270 455 3570 526 prohiben-

1905 543 2020 602 tur,
2035 543 2094 591 ut
2116 552 2212 591 nec
2227 537 2534 607 paenitendi
2555 538 2767 608 quidem
2792 541 2945 610 copia
2968 547 3083 608 post
3098 543 3333 613 primam
3355 544 3567 601 tribua-

1904 633 1999 681 tur
2026 641 2050 691 ,-
2077 624 2515 696 quemadmodum
2544 643 2637 680 nos
2664 644 2942 696 possumus
2971 646 3036 685 ea:
3063 631 3322 703 religione
3347 641 3564 689 conten-

1901 713 2024 769 dere
2063 719 2124 769 ut
2151 714 2530 785 qualecumque
2561 714 2705 770 illud
2735 718 2943 772 crimen
2972 720 3164 788 fuerit,
3192 721 3511 778 dimittatur
3536 725 3564 780 ?

1901 803 2112 860 Adhuc
2142 805 2383 875 gravius
2418 820 2615 873 urges,
2643 810 2699 860 et
2728 806 2905 871 dicis,
2937 825 3031 862 nos
3054 809 3286 879 probare
3314 811 3451 881 quod
3480 828 3564 867 vo-

1902 891 2077 947 lumus
2100 892 2429 963 impunitum
2455 913 2477 963 ,-
2508 900 2555 947 et
2584 893 2634 948 si
2675 902 2881 950 constat
2925 912 3031 950 non
3070 898 3249 952 minus
3289 907 3561 955 auctorem

1897 998 2057 1052 quam
2074 980 2415 1053 probatorem
2438 983 2616 1036 teneri
2630 983 2689 1037 in
2702 983 2943 1040 omnibus
2966 1002 3082 1056 quze
3107 993 3425 1057 peccantur,
3447 1004 3561 1044 cer-

1900 1076 2011 1126 tum
2042 1086 2145 1125 esse
2178 1086 2269 1125 nos
2293 1069 2466 1140 culpae
2486 1070 2732 1126 societate
2756 1073 2978 1139 vinciri,
3011 1075 3214 1145 quoties
3244 1094 3362 1132 eum
3389 1077 3563 1149 impu-

1897 1159 2077 1215 nitum
2104 1175 2208 1213 esse
2240 1157 2503 1225 volumus,
2544 1160 2644 1231 qui
2668 1162 2844 1233 culpa
2878 1168 3097 1218 tenetur
3125 1164 3403 1221 obnoxius.

1970 1268 2021 1319 2.
2059 1266 2154 1321 His
2194 1264 2393 1321 verbis
2436 1282 2619 1337 quem
2651 1283 2774 1323 non
2815 1273 3035 1327 terreas
3068 1275 3183 1326 tuae
3213 1271 3472 1329 lenitatis
3504 1276 3559 1329 et

1897 1353 2287 1411 humanitatis
2329 1354 2609 1424 ignarum
2638 1356 2666 1409 ?
2697 1357 2861 1413 Unde
2896 1374 3007 1415 nos
3040 1361 3143 1431 qui
3176 1365 3228 1416 te
3255 1362 3555 1429 novimus,

1896 1447 1952 1497 et
1973 1443 2095 1498 haec
2120 1443 2429 1515 quaerendi
2454 1445 2667 1513 gratia,
2695 1460 2815 1501 non
2846 1446 3228 1513 decernendi,
3247 1451 3557 1522 scripsisse

1896 1530 2143 1587 minime
2172 1530 2543 1597 dubitamus,
2578 1533 2709 1588 aliis
2752 1536 2950 1590 verbis
2980 1537 3096 1591 tuis
3124 1538 3199 1593 ad
3249 1540 3359 1595 ista
3386 1539 3557 1595 citius

1894 1620 2345 1691 respondemus.
2373 1623 2683 1694 Tanquam
2716 1622 2875 1678 enim
2907 1640 3017 1680 nos
3047 1624 3322 1683 haesitare
3355 1628 3414 1683 in
3443 1627 3559 1685 hac

1893 1708 2227 1780 quaestione
2258 1709 2540 1777 nolueris,
2566 1716 2669 1767 aut
2700 1712 3026 1783 preevidisti
3055 1715 3200 1787 quid
3228 1717 3440 1772 dicturi
3471 1732 3558 1772 es-

1894 1812 2116 1865 semus,
2149 1802 2252 1853 aut
2285 1798 2649 1855 admonuisti
2700 1800 2847 1871 quid
2897 1801 3094 1858 dicere
3148 1803 3553 1876 deberemus;

1892 1891 1949 1943 et
1977 1887 2107 1943 aisti
2141 1905 2153 1940 :
2193 1888 2329 1943 Tum
2352 1896 2627 1959 praeterea
2654 1890 2861 1945 accedit
2893 1891 2985 1946 hoc
3034 1894 3172 1964 quod
3198 1897 3425 1965 gravius
3459 1903 3553 1950 est.

1890 1976 2035 2034 Nam
2064 1977 2246 2031 omnia
2278 1985 2497 2047 peccata
2525 1978 2783 2034 videntur
2812 1981 3194 2048 veniabiliora,
3225 2000 3344 2038 cum
3376 1985 3423 2038 is
3462 1985 3555 2055 qui

1889 2082 2013 2121 reus
2039 2074 2115 2121 est
2145 2066 2531 2122 correctionem
2550 2068 2848 2138 promittit.
2890 2073 3226 2143 Antequam
3264 2088 3406 2142 ergo
3438 2074 3556 2128 dis-

1890 2156 2114 2210 cutiam
2144 2155 2289 2226 quid
2322 2154 2396 2211 sit
2424 2156 2571 2211 illud
2600 2158 2839 2227 gravius
2870 2160 3033 2230 quod
3067 2160 3125 2214 in
3158 2161 3414 2232 epistola
3443 2166 3548 2219 tua

1890 2245 2182 2316 sequitur,
2203 2244 2318 2300 hoc
2336 2244 2576 2301 interim
2598 2246 2761 2317 quod
2782 2247 2993 2303 dedisti
3016 2248 3330 2319 accipiam,
3356 2266 3548 2324 eoque

1887 2336 2021 2390 utar
2050 2333 2129 2389 ad
2160 2332 2380 2389 molem
2408 2334 2566 2390 hanc
2590 2337 3019 2402 amovendam,
3052 2353 3176 2410 qua
3206 2345 3424 2396 nostras
3455 2341 3548 2396 in-

1886 2422 2277 2479 tercessiones
2301 2437 2477 2493 posse
2493 2423 2733 2494 reprimi
2750 2423 3129 2482 videbantur.
3146 2427 3285 2484 Ideo
3299 2430 3544 2502 quippe,

1885 2515 2183 2583 quantum
2211 2509 2461 2568 facultas
2491 2512 2687 2583 datur,
2718 2528 2828 2585 pro
2860 2516 3117 2585 peccatis
3146 2517 3430 2573 omnibus
3465 2519 3550 2575 in-

1888 2599 2266 2679 tercedimus,
2294 2599 2438 2672 quia
2475 2601 2682 2657 omnia
2703 2606 2950 2673 peccata
2978 2602 3252 2661 videntur
3285 2607 3547 2663 veniabi-

1888 2688 2057 2754 liora,
2091 2705 2230 2745 cum
2260 2689 2309 2744 is
2334 2688 2437 2762 qui
2462 2704 2601 2745 reus
2625 2695 2714 2746 est
2761 2693 3190 2750 correctionem
3235 2696 3547 2767 promittit.

1889 2779 2021 2833 Haec
2047 2781 2152 2833 tua
2182 2782 2290 2844 est,
2321 2777 2447 2834 haec
2481 2784 2537 2834 et
2569 2784 2776 2835 nostra
2809 2783 3118 2838 sententia.

1958 2888 2010 2939 3.
2030 2883 2199 2940 Nullo
2227 2883 2407 2940 modo
2434 2900 2576 2954 ergo
2598 2886 2805 2958 culpas
2823 2903 2978 2958 quas
3006 2890 3219 2960 corrigi
3244 2891 3546 2960 volumus,

1886 2972 2322 3044 approbemus,
2347 2989 2455 3028 nec
2468 2974 2632 3045 quod
2651 2990 2963 3047 perperam
2983 2978 3396 3046 committitur,
3412 2981 3548 3038 ideo

1886 3061 2169 3118 volumus
2195 3061 2562 3133 impunitum
2595 3078 2748 3129 esse,
2782 3064 2926 3136 quia
2958 3064 3150 3137 placet
3178 3085 3191 3135 ;
3227 3068 3331 3123 sed
3358 3069 3547 3125 homi-

1886 3166 2025 3207 nem
2052 3150 2422 3216 miserantes,
2444 3150 2678 3207 facinus
2703 3158 2902 3209 autem
2925 3170 3025 3210 seu
3041 3154 3334 3224 ﬂagitium
3355 3158 3549 3214 detes-

1885 3244 2102 3305 tantes,
2127 3244 2359 3312 quanto
2392 3242 2589 3310 magis
2611 3240 2788 3297 nobis
2820 3241 3094 3315 displicet
3118 3245 3351 3312 vitium,
3383 3250 3547 3304 tanto

1888 3328 2088 3385 minus
2131 3328 2410 3384 volumus
2460 3330 2911 3387 inemendatum
2958 3333 3195 3389 interire
3241 3335 3545 3392 vitiosum.

1889 3416 2077 3475 Facile
2106 3416 2267 3474 enim
2299 3422 2387 3473 est
2416 3423 2595 3492 atque
2624 3420 2885 3492 proclive
2925 3421 3119 3478 malos
3151 3423 3368 3489 odisse,
3401 3427 3549 3499 quia

1888 3505 2032 3563 mali
2060 3512 2197 3563 sunt
2221 3524 2233 3559 :
2263 3522 2467 3563 rarum
2496 3514 2697 3564 autem
2723 3514 2777 3564 et
2808 3510 2975 3581 pium
3000 3511 3244 3568 eosdem
3267 3514 3433 3585 ipsos
3463 3514 3549 3570 di-

1885 3594 2087 3665 ligere,
2124 3595 2269 3670 quia
2294 3595 2571 3652 homines
2599 3602 2734 3653 sunt
2757 3617 2774 3670 ;
2811 3604 2874 3655 ut
2904 3599 2961 3654 in
2994 3616 3113 3656 uno
3136 3602 3312 3657 simul
3342 3608 3399 3660 et
3423 3604 3545 3659 cul-

1888 3700 2030 3756 pam
2051 3685 2376 3757 improbes,
2409 3690 2464 3741 et
2486 3691 2761 3742 naturam
2794 3688 3113 3759 approbes,
3141 3706 3210 3745 ac
3231 3698 3547 3763 propterea

1887 3772 2129 3844 culpam
2138 3775 2158 3844 j
2172 3773 2358 3829 ustius
2372 3774 2587 3839 oderis,
2602 3775 2763 3846 quod
2778 3791 2847 3831 ea
2862 3775 3118 3832 foedatur
3131 3784 3345 3835 natura
3357 3796 3544 3850 quam

1887 3859 2108 3930 diligis.
2132 3860 2257 3916 Non
2291 3866 2378 3917 est
2400 3862 2574 3932 igitur
2604 3863 2951 3935 iniquitatis,
2979 3865 3082 3919 sed
3110 3866 3307 3936 potius
3331 3867 3546 3924 huma-

1889 3949 2089 4005 nitatis
2115 3949 2391 4006 societate
2408 3950 2737 4021 devinctus,
2763 3952 2864 4023 qui
2888 3959 3202 4024 propterea
3233 3960 3322 4010 est
3350 3955 3542 4012 crimi-

1887 4037 1980 4093 nis
2023 4045 2386 4110 persecutor,
2422 4044 2484 4095 ut
2532 4040 2605 4097 sit
2651 4040 2912 4097 hominis
2967 4041 3269 4099 liberator.
3318 4047 3544 4102 Iliorum

1888 4142 2068 4199 porro
2094 4128 2584 4200 corrigendorum
2602 4131 2800 4186 nullus
2823 4130 2971 4187 alius
2992 4148 3179 4204 quam
3205 4135 3264 4189 in
3288 4134 3402 4189 hac
3425 4135 3547 4191 vita

1888 4215 2055 4272 locus
2077 4223 2165 4274 est
2190 4234 2203 4285 ;
2236 4234 2379 4274 nam
2402 4224 2537 4291 post
2558 4218 2735 4286 hanc,
2755 4222 3010 4293 quisque
3026 4222 3086 4278 id
3107 4223 3355 4279 habebit
3379 4224 3545 4295 quod

1887 4304 1948 4361 in
1980 4306 2095 4362 hac
2125 4307 2363 4363 sibimet
2393 4310 2796 4381 conquisierit.
2829 4312 2966 4368 Ideo
2992 4312 3408 4383 compellimur
3436 4314 3543 4368 hu-

1889 4396 2056 4452 mani
2084 4397 2316 4466 generis
2347 4397 2630 4453 charitate
2662 4399 3012 4455 intervenire
3057 4416 3166 4472 pro
3200 4402 3332 4471 reis,
3368 4417 3442 4456 ne
3472 4403 3545 4456 is-

1888 4488 2012 4543 tam
2041 4486 2225 4541 vitam
2255 4486 2339 4541 sic
2372 4487 2583 4542 ﬁniant
2614 4503 2718 4558 per
2749 4488 3131 4560 supplicium,
3173 4495 3233 4545 ut
3266 4505 3336 4545 ea
3376 4490 3543 4547 ﬁnita

1887 4590 2010 4631 non
2037 4574 2271 4647 possint
2300 4574 2469 4629 ﬁnire
2499 4574 2883 4646 supplicium.

1960 4681 2187 4737 CAPUT
2212 4682 2277 4736 Il.
2310 4712 2379 4721 —
2408 4682 2459 4737 4.
2494 4680 2619 4737 Noli
2651 4698 2788 4753 ergo
2821 4682 3094 4740 dubitare
3122 4684 3236 4740 hoc
3274 4685 3542 4743 ofﬁcium

1887 4774 2161 4827 nostrum
2194 4786 2265 4825 ex
2295 4770 2579 4840 religione
2602 4770 2984 4837 descendere,
3022 4789 3159 4829 cum
3193 4777 3345 4831 Deus
3378 4777 3543 4847 apud

1887 4874 2070 4932 quem
2107 4858 2273 4915 nulla
2311 4863 2399 4914 est
2444 4860 2750 4929 iniquitas,
2795 4860 2966 4931 cujus
3011 4879 3250 4919 summa
3279 4870 3541 4935 potestas

1889 4949 2106 5020 est,qui
2127 4963 2250 5004 non
2269 4953 2498 5005 tantum
2525 4948 2718 5021 qualis
2738 4950 2996 5023 quisque
3020 4952 3095 5007 sit
3118 4952 3305 5020 videt;
3334 4968 3543 5008 verum

1888 5038 2069 5093 etiam
2100 5036 2293 5110 qualis
2321 5037 2550 5093 futurus
2582 5040 2653 5093 sit
2681 5040 2980 5110 praevidet,
3020 5041 3122 5113 qui
3155 5041 3317 5096 solus
3350 5044 3547 5112 potest

1887 5126 1948 5182 in
1971 5126 2303 5196 judicando
2335 5142 2456 5182 non
2479 5127 2624 5195 labi,
2648 5127 2792 5199 quia
2818 5127 2876 5183 in
2902 5129 3388 5199 cognoscendum
3422 5145 3544 5184 non

1891 5220 2083 5287 potest
2107 5215 2249 5283 falli,
2271 5216 2411 5285 facit
2436 5220 2661 5280 tamen,
2680 5218 2829 5272 sicut
2851 5218 3235 5287 Evangelium
3258 5217 3542 5289 loquitur,

1888 5305 2048 5359 solem
2077 5322 2232 5360 suum
2267 5306 2415 5359 oriri
2440 5322 2603 5376 super
2629 5305 2781 5361 bonos
2818 5313 2867 5360 et
2898 5305 3083 5371 malos,
3117 5312 3171 5359 et
3210 5306 3356 5376 pluit
3386 5324 3549 5378 super

1879 5393 2059 5464 justos
2077 5401 2127 5449 et
2160 5395 2406 5464 injustos.
2435 5394 2610 5465 Cujus
2642 5393 2931 5449 mirabilis
2958 5394 3245 5450 bonitatis
3278 5397 3547 5451 utsimus

1890 5483 2238 5547 imitatores,
2275 5484 2559 5538 Dominus
2611 5482 2872 5537 Christus
2912 5482 3255 5550 exhortans,
3292 5484 3544 5555 Diligite,

1890 5570 2100 5642 inquit,
2129 5570 2373 5625 inimicos
2396 5577 2595 5627 vestros
2613 5592 2635 5641 ,-
2650 5570 2937 5639 benefacite
2959 5572 3035 5626 eis
3049 5571 3141 5642 qui
3162 5588 3253 5628 vos
3276 5574 3505 5629 oderunt
3524 5592 3541 5640 ;

1889 5666 1939 5716 et
1959 5664 2111 5715 orate
2134 5676 2239 5730 pro
2258 5659 2334 5715 eis
2350 5662 2446 5730 qui
2476 5677 2560 5714 vos
2589 5668 3028 5731 persequuntur:
3058 5669 3122 5717 ut
3149 5663 3273 5718 sitis
3301 5663 3411 5735 ﬁlii
3434 5664 3547 5718 Pa-

1893 5748 1999 5806 tris
2018 5749 2188 5805 vestri
2210 5749 2305 5821 qui
2342 5748 2402 5803 in
2432 5748 2578 5805 caelis
2607 5757 2702 5817 est,
2736 5751 2830 5823 qui
2855 5750 2992 5823 facit
3024 5750 3181 5808 solem
3209 5769 3365 5808 suum
3398 5753 3548 5807 oriri
