  <div class='ocr_page' id='page_1' title='image "/cluster/home/n/w/nwhite01/storage/ocr_20150623/33/hvd.32044096580568/326.png"; bbox 0 0 4098 6166; ppageno 0'>
   <div class='ocr_carea' id='block_1_1' title="bbox 167 165 273 221">
    <p class='ocr_par' dir='ltr' id='par_1_1' title="bbox 167 165 273 221">
     <span class='ocr_line' id='line_1_1' title="bbox 167 165 273 221; baseline -0.019 0"><span class='ocrx_word' id='word_1_1' title='bbox 167 165 273 221; x_wconf 83' lang='grc'>657</span> 
     </span>
    </p>
   </div>
   <div class='ocr_carea' id='block_1_2' title="bbox 155 378 1226 450">
    <p class='ocr_par' dir='ltr' id='par_1_2' title="bbox 155 378 1226 450">
     <span class='ocr_line' id='line_1_2' title="bbox 155 378 1226 450; baseline -0.005 -17"><span class='ocrx_word' id='word_1_2' title='bbox 155 378 458 435; x_wconf 88' lang='lat' dir='ltr'>haberent</span> <span class='ocrx_word' id='word_1_3' title='bbox 484 379 816 450; x_wconf 79' lang='lat' dir='ltr'>legitimam</span> <span class='ocrx_word' id='word_1_4' title='bbox 848 382 1226 450; x_wconf 90' lang='lat' dir='ltr'>potestatem.</span> 
     </span>
    </p>
   </div>
   <div class='ocr_carea' id='block_1_3' title="bbox 225 512 1820 570">
    <p class='ocr_par' dir='ltr' id='par_1_3' title="bbox 225 512 1820 570">
     <span class='ocr_line' id='line_1_3' title="bbox 225 512 1820 570; baseline 0 -1"><span class='ocrx_word' id='word_1_5' title='bbox 225 513 462 570; x_wconf 83' lang='lat' dir='ltr'>CAPUT</span> <span class='ocrx_word' id='word_1_6' title='bbox 490 514 575 570; x_wconf 87' lang='lat' dir='ltr'>IV.</span> <span class='ocrx_word' id='word_1_7' title='bbox 603 517 733 569; x_wconf 89' lang='lat'>—9.</span> <span class='ocrx_word' id='word_1_8' title='bbox 766 516 915 569; x_wconf 86' lang='lat' dir='ltr'>Nam</span> <span class='ocrx_word' id='word_1_9' title='bbox 930 529 1064 568; x_wconf 87' lang='lat' dir='ltr'>cum</span> <span class='ocrx_word' id='word_1_10' title='bbox 1091 513 1502 569; x_wconf 89' lang='lat' dir='ltr'>adDominum</span> <span class='ocrx_word' id='word_1_11' title='bbox 1523 512 1820 570; x_wconf 83' lang='lat' dir='ltr'>Christum</span> 
     </span>
    </p>
   </div>
   <div class='ocr_carea' id='block_1_4' title="bbox 143 602 1822 673">
    <p class='ocr_par' dir='ltr' id='par_1_4' title="bbox 143 602 1822 673">
     <span class='ocr_line' id='line_1_4' title="bbox 143 602 1822 673; baseline -0.001 -16"><span class='ocrx_word' id='word_1_12' title='bbox 143 603 344 658; x_wconf 71' lang='lat' dir='ltr'>Judaei</span> <span class='ocrx_word' id='word_1_13' title='bbox 379 603 776 659; x_wconf 77' lang='lat' dir='ltr'>adduxissent</span> <span class='ocrx_word' id='word_1_14' title='bbox 803 602 1114 658; x_wconf 84' lang='lat' dir='ltr'>mulierem</span> <span class='ocrx_word' id='word_1_15' title='bbox 1139 603 1200 658; x_wconf 91' lang='lat' dir='ltr'>in</span> <span class='ocrx_word' id='word_1_16' title='bbox 1227 603 1520 658; x_wconf 91' lang='lat' dir='ltr'>adulterio</span> <span class='ocrx_word' id='word_1_17' title='bbox 1551 618 1822 673; x_wconf 90' lang='lat' dir='ltr'>compre-</span> 
     </span>
    </p>
   </div>
   <div class='ocr_carea' id='block_1_5' title="bbox 142 691 1819 764">
    <p class='ocr_par' dir='ltr' id='par_1_5' title="bbox 142 691 1819 764">
     <span class='ocr_line' id='line_1_5' title="bbox 142 691 1819 764; baseline 0.001 -18"><span class='ocrx_word' id='word_1_18' title='bbox 142 691 695 764; x_wconf 89' lang='lat' dir='ltr'>hensam,eumque</span> <span class='ocrx_word' id='word_1_19' title='bbox 709 697 1006 748; x_wconf 79' lang='lat' dir='ltr'>tentantes</span> <span class='ocrx_word' id='word_1_20' title='bbox 1020 691 1292 747; x_wconf 91' lang='lat' dir='ltr'>dicerunt</span> <span class='ocrx_word' id='word_1_21' title='bbox 1305 692 1652 762; x_wconf 89' lang='lat' dir='ltr'>quodjussa</span> <span class='ocrx_word' id='word_1_22' title='bbox 1665 696 1819 747; x_wconf 86' lang='lat' dir='ltr'>esset</span> 
     </span>
    </p>
   </div>
   <div class='ocr_carea' id='block_1_6' title="bbox 141 780 1815 852">
    <p class='ocr_par' dir='ltr' id='par_1_6' title="bbox 141 780 1815 852">
     <span class='ocr_line' id='line_1_6' title="bbox 141 780 1815 852; baseline -0.001 -17"><span class='ocrx_word' id='word_1_23' title='bbox 141 780 302 848; x_wconf 92' lang='lat' dir='ltr'>Lege</span> <span class='ocrx_word' id='word_1_24' title='bbox 322 780 598 850; x_wconf 89' lang='lat' dir='ltr'>lapidari,</span> <span class='ocrx_word' id='word_1_25' title='bbox 620 797 690 837; x_wconf 93' lang='lat' dir='ltr'>ac</span> <span class='ocrx_word' id='word_1_26' title='bbox 706 781 923 836; x_wconf 91' lang='lat' dir='ltr'>deinde</span> <span class='ocrx_word' id='word_1_27' title='bbox 944 786 1281 852; x_wconf 56' lang='lat' dir='ltr'>quaererent</span> <span class='ocrx_word' id='word_1_28' title='bbox 1304 782 1449 852; x_wconf 90' lang='lat' dir='ltr'>quid</span> <span class='ocrx_word' id='word_1_29' title='bbox 1469 780 1543 835; x_wconf 93' lang='lat' dir='ltr'>de</span> <span class='ocrx_word' id='word_1_30' title='bbox 1565 780 1663 836; x_wconf 91' lang='lat' dir='ltr'>illa</span> <span class='ocrx_word' id='word_1_31' title='bbox 1689 781 1815 852; x_wconf 89' lang='lat' dir='ltr'>ipse</span> 
     </span>
    </p>
   </div>
   <div class='ocr_carea' id='block_1_7' title="bbox 140 870 1812 942">
    <p class='ocr_par' dir='ltr' id='par_1_7' title="bbox 140 870 1812 942">
     <span class='ocr_line' id='line_1_7' title="bbox 140 870 1812 942; baseline 0.001 -18"><span class='ocrx_word' id='word_1_32' title='bbox 140 870 532 941; x_wconf 66' lang='lat' dir='ltr'>praeciperet;</span> <span class='ocrx_word' id='word_1_33' title='bbox 565 870 875 942; x_wconf 84' lang='lat' dir='ltr'>respondit</span> <span class='ocrx_word' id='word_1_34' title='bbox 901 870 985 925; x_wconf 90' lang='lat' dir='ltr'>eis</span> <span class='ocrx_word' id='word_1_35' title='bbox 1015 886 1027 924; x_wconf 90' lang='lat'>:</span> <span class='ocrx_word' id='word_1_36' title='bbox 1060 870 1172 937; x_wconf 82' lang='lat' dir='ltr'>Qui</span> <span class='ocrx_word' id='word_1_37' title='bbox 1186 873 1563 939; x_wconf 85' lang='lat' dir='ltr'>sinepeccato</span> <span class='ocrx_word' id='word_1_38' title='bbox 1585 876 1668 926; x_wconf 91' lang='lat' dir='ltr'>est</span> <span class='ocrx_word' id='word_1_39' title='bbox 1689 885 1812 926; x_wconf 90' lang='lat' dir='ltr'>ves-</span> 
     </span>
    </p>
   </div>
   <div class='ocr_carea' id='block_1_8' title="bbox 141 959 1814 1030">
    <p class='ocr_par' dir='ltr' id='par_1_8' title="bbox 141 959 1814 1030">
     <span class='ocr_line' id='line_1_8' title="bbox 141 959 1814 1030; baseline 0.001 -18"><span class='ocrx_word' id='word_1_40' title='bbox 141 963 334 1025; x_wconf 87' lang='lat' dir='ltr'>trum,</span> <span class='ocrx_word' id='word_1_41' title='bbox 365 959 538 1029; x_wconf 84' lang='lat' dir='ltr'>prior</span> <span class='ocrx_word' id='word_1_42' title='bbox 563 960 625 1014; x_wconf 85' lang='lat' dir='ltr'>in</span> <span class='ocrx_word' id='word_1_43' title='bbox 643 974 770 1015; x_wconf 79' lang='lat' dir='ltr'>eam</span> <span class='ocrx_word' id='word_1_44' title='bbox 787 959 1043 1028; x_wconf 84' lang='lat' dir='ltr'>lapidem</span> <span class='ocrx_word' id='word_1_45' title='bbox 1061 959 1254 1028; x_wconf 83' lang='lat' dir='ltr'>jaciat</span> <span class='ocrx_word' id='word_1_46' title='bbox 1279 961 1472 1030; x_wconf 86' lang='lat' dir='ltr'>(Joan.</span> <span class='ocrx_word' id='word_1_47' title='bbox 1491 975 1606 1028; x_wconf 83' lang='lat' dir='ltr'>vni,</span> <span class='ocrx_word' id='word_1_48' title='bbox 1636 961 1814 1030; x_wconf 91' lang='lat' dir='ltr'>7).Ita</span> 
     </span>
    </p>
   </div>
   <div class='ocr_carea' id='block_1_9' title="bbox 137 1048 1811 1119">
    <p class='ocr_par' dir='ltr' id='par_1_9' title="bbox 137 1048 1811 1119">
     <span class='ocr_line' id='line_1_9' title="bbox 137 1048 1811 1119; baseline 0.002 -18"><span class='ocrx_word' id='word_1_49' title='bbox 137 1063 253 1103; x_wconf 92' lang='lat' dir='ltr'>nec</span> <span class='ocrx_word' id='word_1_50' title='bbox 278 1049 500 1117; x_wconf 81' lang='lat' dir='ltr'>Legem</span> <span class='ocrx_word' id='word_1_51' title='bbox 530 1048 914 1118; x_wconf 85' lang='lat' dir='ltr'>improbavit,</span> <span class='ocrx_word' id='word_1_52' title='bbox 947 1063 1082 1119; x_wconf 58' lang='lat' dir='ltr'>quae</span> <span class='ocrx_word' id='word_1_53' title='bbox 1101 1048 1448 1118; x_wconf 91' lang='lat' dir='ltr'>hujusmodi</span> <span class='ocrx_word' id='word_1_54' title='bbox 1478 1064 1608 1103; x_wconf 91' lang='lat' dir='ltr'>reas</span> <span class='ocrx_word' id='word_1_55' title='bbox 1631 1050 1811 1119; x_wconf 89' lang='lat' dir='ltr'>jussit</span> 
     </span>
    </p>
   </div>
   <div class='ocr_carea' id='block_1_10' title="bbox 131 1137 1806 1209">
    <p class='ocr_par' dir='ltr' id='par_1_10' title="bbox 131 1137 1806 1209">
     <span class='ocr_line' id='line_1_10' title="bbox 131 1137 1806 1209; baseline 0.001 -17"><span class='ocrx_word' id='word_1_56' title='bbox 131 1137 364 1209; x_wconf 80' lang='lat' dir='ltr'>occidi;</span> <span class='ocrx_word' id='word_1_57' title='bbox 384 1142 440 1193; x_wconf 85' lang='lat' dir='ltr'>et</span> <span class='ocrx_word' id='word_1_58' title='bbox 465 1138 597 1194; x_wconf 93' lang='lat' dir='ltr'>illos</span> <span class='ocrx_word' id='word_1_59' title='bbox 613 1137 889 1193; x_wconf 88' lang='lat' dir='ltr'>terrendo</span> <span class='ocrx_word' id='word_1_60' title='bbox 902 1138 980 1194; x_wconf 91' lang='lat' dir='ltr'>ad</span> <span class='ocrx_word' id='word_1_61' title='bbox 997 1137 1473 1194; x_wconf 89' lang='lat' dir='ltr'>misericordiam</span> <span class='ocrx_word' id='word_1_62' title='bbox 1489 1141 1806 1206; x_wconf 81' lang='lat' dir='ltr'>revocavit,</span> 
     </span>
    </p>
   </div>
   <div class='ocr_carea' id='block_1_11' title="bbox 133 1226 1810 1298">
    <p class='ocr_par' dir='ltr' id='par_1_11' title="bbox 133 1226 1810 1298">
     <span class='ocr_line' id='line_1_11' title="bbox 133 1226 1810 1298; baseline 0.002 -17"><span class='ocrx_word' id='word_1_63' title='bbox 133 1241 408 1298; x_wconf 88' lang='lat' dir='ltr'>quorum</span> <span class='ocrx_word' id='word_1_64' title='bbox 434 1227 665 1297; x_wconf 91' lang='lat' dir='ltr'>judicio</span> <span class='ocrx_word' id='word_1_65' title='bbox 685 1226 816 1282; x_wconf 74' lang='lat' dir='ltr'>haec</span> <span class='ocrx_word' id='word_1_66' title='bbox 846 1231 1052 1298; x_wconf 88' lang='lat' dir='ltr'>posset</span> <span class='ocrx_word' id='word_1_67' title='bbox 1082 1227 1292 1282; x_wconf 91' lang='lat' dir='ltr'>occidi.</span> <span class='ocrx_word' id='word_1_68' title='bbox 1323 1228 1468 1283; x_wconf 90' lang='lat' dir='ltr'>Puto</span> <span class='ocrx_word' id='word_1_69' title='bbox 1497 1230 1657 1298; x_wconf 93' lang='lat' dir='ltr'>quod</span> <span class='ocrx_word' id='word_1_70' title='bbox 1695 1228 1810 1284; x_wconf 89' lang='lat' dir='ltr'>hac</span> 
     </span>
    </p>
   </div>
   <div class='ocr_carea' id='block_1_12' title="bbox 140 1315 1807 1387">
    <p class='ocr_par' dir='ltr' id='par_1_12' title="bbox 140 1315 1807 1387">
     <span class='ocr_line' id='line_1_12' title="bbox 140 1315 1807 1387; baseline 0.002 -18"><span class='ocrx_word' id='word_1_71' title='bbox 140 1316 444 1370; x_wconf 89' lang='lat' dir='ltr'>sententia</span> <span class='ocrx_word' id='word_1_72' title='bbox 461 1315 698 1371; x_wconf 89' lang='lat' dir='ltr'>Domini</span> <span class='ocrx_word' id='word_1_73' title='bbox 720 1315 942 1380; x_wconf 87' lang='lat' dir='ltr'>audita,</span> <span class='ocrx_word' id='word_1_74' title='bbox 962 1316 1008 1370; x_wconf 90' lang='lat' dir='ltr'>si</span> <span class='ocrx_word' id='word_1_75' title='bbox 1034 1331 1290 1387; x_wconf 68' lang='lat' dir='ltr'>praesens</span> <span class='ocrx_word' id='word_1_76' title='bbox 1314 1316 1609 1372; x_wconf 82' lang='lat' dir='ltr'>fuitetiam</span> <span class='ocrx_word' id='word_1_77' title='bbox 1635 1318 1807 1373; x_wconf 84' lang='lat' dir='ltr'>mari-</span> 
     </span>
    </p>
   </div>
   <div class='ocr_carea' id='block_1_13' title="bbox 147 1404 1807 1477">
    <p class='ocr_par' dir='ltr' id='par_1_13' title="bbox 147 1404 1807 1477">
     <span class='ocr_line' id='line_1_13' title="bbox 147 1404 1807 1477; baseline 0.002 -19"><span class='ocrx_word' id='word_1_78' title='bbox 147 1409 247 1459; x_wconf 88' lang='lat' dir='ltr'>tus</span> <span class='ocrx_word' id='word_1_79' title='bbox 273 1404 405 1475; x_wconf 92' lang='lat' dir='ltr'>ipse</span> <span class='ocrx_word' id='word_1_80' title='bbox 427 1405 533 1476; x_wconf 88' lang='lat' dir='ltr'>qui</span> <span class='ocrx_word' id='word_1_81' title='bbox 553 1404 830 1460; x_wconf 87' lang='lat' dir='ltr'>violatam</span> <span class='ocrx_word' id='word_1_82' title='bbox 859 1405 950 1460; x_wconf 88' lang='lat' dir='ltr'>sui</span> <span class='ocrx_word' id='word_1_83' title='bbox 965 1405 1072 1460; x_wconf 92' lang='lat' dir='ltr'>tori</span> <span class='ocrx_word' id='word_1_84' title='bbox 1088 1405 1269 1460; x_wconf 88' lang='lat' dir='ltr'>ﬁdem</span> <span class='ocrx_word' id='word_1_85' title='bbox 1289 1405 1582 1461; x_wconf 90' lang='lat' dir='ltr'>vindicari</span> <span class='ocrx_word' id='word_1_86' title='bbox 1606 1411 1807 1477; x_wconf 88' lang='lat' dir='ltr'>postu-</span> 
     </span>
    </p>
   </div>
   <div class='ocr_carea' id='block_1_14' title="bbox 139 1492 1804 1566">
    <p class='ocr_par' dir='ltr' id='par_1_14' title="bbox 139 1492 1804 1566">
     <span class='ocr_line' id='line_1_14' title="bbox 139 1492 1804 1566; baseline 0.002 -18"><span class='ocrx_word' id='word_1_87' title='bbox 139 1492 329 1558; x_wconf 84' lang='lat' dir='ltr'>labat,</span> <span class='ocrx_word' id='word_1_88' title='bbox 348 1493 659 1549; x_wconf 81' lang='lat' dir='ltr'>exterritus</span> <span class='ocrx_word' id='word_1_89' title='bbox 675 1494 944 1549; x_wconf 89' lang='lat' dir='ltr'>animum</span> <span class='ocrx_word' id='word_1_90' title='bbox 960 1493 1036 1550; x_wconf 94' lang='lat' dir='ltr'>ad</span> <span class='ocrx_word' id='word_1_91' title='bbox 1050 1493 1230 1549; x_wconf 83' lang='lat' dir='ltr'>volun</span> <span class='ocrx_word' id='word_1_92' title='bbox 1241 1499 1417 1549; x_wconf 86' lang='lat' dir='ltr'>tatem</span> <span class='ocrx_word' id='word_1_93' title='bbox 1429 1495 1710 1566; x_wconf 86' lang='lat' dir='ltr'>parcendi</span> <span class='ocrx_word' id='word_1_94' title='bbox 1726 1497 1804 1552; x_wconf 90' lang='lat' dir='ltr'>ab</span> 
     </span>
    </p>
   </div>
   <div class='ocr_carea' id='block_1_15' title="bbox 136 1581 1806 1655">
    <p class='ocr_par' dir='ltr' id='par_1_15' title="bbox 136 1581 1806 1655">
     <span class='ocr_line' id='line_1_15' title="bbox 136 1581 1806 1655; baseline 0.002 -18"><span class='ocrx_word' id='word_1_95' title='bbox 136 1581 475 1637; x_wconf 89' lang='lat' dir='ltr'>ulciscendi</span> <span class='ocrx_word' id='word_1_96' title='bbox 488 1582 811 1653; x_wconf 85' lang='lat' dir='ltr'>cupiditate</span> <span class='ocrx_word' id='word_1_97' title='bbox 825 1582 1080 1637; x_wconf 86' lang='lat' dir='ltr'>deﬂexit.</span> <span class='ocrx_word' id='word_1_98' title='bbox 1096 1585 1241 1638; x_wconf 88' lang='lat' dir='ltr'>Nam</span> <span class='ocrx_word' id='word_1_99' title='bbox 1257 1583 1567 1655; x_wconf 92' lang='lat' dir='ltr'>quomodo</span> <span class='ocrx_word' id='word_1_100' title='bbox 1586 1600 1704 1639; x_wconf 94' lang='lat' dir='ltr'>non</span> <span class='ocrx_word' id='word_1_101' title='bbox 1719 1590 1806 1640; x_wconf 92' lang='lat' dir='ltr'>est</span> 
     </span>
    </p>
   </div>
   <div class='ocr_carea' id='block_1_16' title="bbox 135 1670 1800 1743">
    <p class='ocr_par' dir='ltr' id='par_1_16' title="bbox 135 1670 1800 1743">
     <span class='ocr_line' id='line_1_16' title="bbox 135 1670 1800 1743; baseline 0.001 -17"><span class='ocrx_word' id='word_1_102' title='bbox 135 1670 211 1726; x_wconf 89' lang='lat' dir='ltr'>ad</span> <span class='ocrx_word' id='word_1_103' title='bbox 221 1672 492 1726; x_wconf 92' lang='lat' dir='ltr'>monitus</span> <span class='ocrx_word' id='word_1_104' title='bbox 507 1676 819 1727; x_wconf 85' lang='lat' dir='ltr'>accusator</span> <span class='ocrx_word' id='word_1_105' title='bbox 833 1687 906 1726; x_wconf 91' lang='lat' dir='ltr'>ne</span> <span class='ocrx_word' id='word_1_106' title='bbox 920 1687 1059 1727; x_wconf 90' lang='lat' dir='ltr'>suas</span> <span class='ocrx_word' id='word_1_107' title='bbox 1074 1677 1519 1743; x_wconf 83' lang='lat' dir='ltr'>persequeretur</span> <span class='ocrx_word' id='word_1_108' title='bbox 1531 1673 1588 1727; x_wconf 92' lang='lat' dir='ltr'>in</span> <span class='ocrx_word' id='word_1_109' title='bbox 1590 1673 1610 1742; x_wconf 91' lang='lat' dir='ltr'>j</span> <span class='ocrx_word' id='word_1_110' title='bbox 1623 1674 1704 1728; x_wconf 91' lang='lat' dir='ltr'>uri</span> <span class='ocrx_word' id='word_1_111' title='bbox 1714 1689 1800 1739; x_wconf 89' lang='lat' dir='ltr'>as,</span> 
     </span>
    </p>
   </div>
   <div class='ocr_carea' id='block_1_17' title="bbox 132 1760 1800 1833">
    <p class='ocr_par' dir='ltr' id='par_1_17' title="bbox 132 1760 1800 1833">
     <span class='ocr_line' id='line_1_17' title="bbox 132 1760 1800 1833; baseline 0.002 -18"><span class='ocrx_word' id='word_1_112' title='bbox 132 1760 392 1832; x_wconf 86' lang='lat' dir='ltr'>quando</span> <span class='ocrx_word' id='word_1_113' title='bbox 413 1760 529 1831; x_wconf 88' lang='lat' dir='ltr'>ipsi</span> <span class='ocrx_word' id='word_1_114' title='bbox 549 1760 780 1831; x_wconf 87' lang='lat' dir='ltr'>judices</span> <span class='ocrx_word' id='word_1_115' title='bbox 797 1761 877 1816; x_wconf 93' lang='lat' dir='ltr'>ita</span> <span class='ocrx_word' id='word_1_116' title='bbox 901 1766 1038 1816; x_wconf 92' lang='lat' dir='ltr'>sunt</span> <span class='ocrx_word' id='word_1_117' title='bbox 1060 1776 1096 1816; x_wconf 91' lang='lat' dir='ltr'>a</span> <span class='ocrx_word' id='word_1_118' title='bbox 1120 1761 1480 1817; x_wconf 87' lang='lat' dir='ltr'>vindicando</span> <span class='ocrx_word' id='word_1_119' title='bbox 1498 1762 1800 1833; x_wconf 83' lang='lat' dir='ltr'>prohibiti,</span> 
     </span>
    </p>
   </div>
   <div class='ocr_carea' id='block_1_18' title="bbox 133 1849 1801 1922">
    <p class='ocr_par' dir='ltr' id='par_1_18' title="bbox 133 1849 1801 1922">
     <span class='ocr_line' id='line_1_18' title="bbox 133 1849 1801 1922; baseline 0.002 -18"><span class='ocrx_word' id='word_1_120' title='bbox 133 1850 236 1922; x_wconf 90' lang='lat' dir='ltr'>qui</span> <span class='ocrx_word' id='word_1_121' title='bbox 269 1850 333 1905; x_wconf 94' lang='lat' dir='ltr'>in</span> <span class='ocrx_word' id='word_1_122' title='bbox 366 1849 640 1905; x_wconf 88' lang='lat' dir='ltr'>adultera</span> <span class='ocrx_word' id='word_1_123' title='bbox 664 1849 990 1920; x_wconf 89' lang='lat' dir='ltr'>punienda,</span> <span class='ocrx_word' id='word_1_124' title='bbox 1022 1866 1142 1905; x_wconf 94' lang='lat' dir='ltr'>non</span> <span class='ocrx_word' id='word_1_125' title='bbox 1169 1851 1402 1921; x_wconf 89' lang='lat' dir='ltr'>privato</span> <span class='ocrx_word' id='word_1_126' title='bbox 1426 1850 1616 1906; x_wconf 92' lang='lat' dir='ltr'>dolori</span> <span class='ocrx_word' id='word_1_127' title='bbox 1643 1868 1801 1907; x_wconf 92' lang='lat' dir='ltr'>com-</span> 
     </span>
    </p>
   </div>
   <div class='ocr_carea' id='block_1_19' title="bbox 131 1937 1802 2011">
    <p class='ocr_par' dir='ltr' id='par_1_19' title="bbox 131 1937 1802 2011">
     <span class='ocr_line' id='line_1_19' title="bbox 131 1937 1802 2011; baseline 0.002 -19"><span class='ocrx_word' id='word_1_128' title='bbox 131 1937 518 2009; x_wconf 87' lang='lat' dir='ltr'>pellebantur</span> <span class='ocrx_word' id='word_1_129' title='bbox 531 1938 883 2004; x_wconf 91' lang='lat' dir='ltr'>servire,sed</span> <span class='ocrx_word' id='word_1_130' title='bbox 905 1937 1080 2010; x_wconf 78' lang='lat' dir='ltr'>Legi?</span> <span class='ocrx_word' id='word_1_131' title='bbox 1096 1938 1259 1994; x_wconf 89' lang='lat' dir='ltr'>Unde</span> <span class='ocrx_word' id='word_1_132' title='bbox 1272 1940 1619 2011; x_wconf 87' lang='lat' dir='ltr'>Joseph,cui</span> <span class='ocrx_word' id='word_1_133' title='bbox 1632 1940 1802 2009; x_wconf 87' lang='lat' dir='ltr'>virgo</span> 
     </span>
    </p>
   </div>
   <div class='ocr_carea' id='block_1_20' title="bbox 132 2027 1798 2100">
    <p class='ocr_par' dir='ltr' id='par_1_20' title="bbox 132 2027 1798 2100">
     <span class='ocr_line' id='line_1_20' title="bbox 132 2027 1798 2100; baseline 0.002 -18"><span class='ocrx_word' id='word_1_134' title='bbox 132 2029 344 2092; x_wconf 80' lang='lat' dir='ltr'>Maria,</span> <span class='ocrx_word' id='word_1_135' title='bbox 372 2027 606 2083; x_wconf 89' lang='lat' dir='ltr'>Domini</span> <span class='ocrx_word' id='word_1_136' title='bbox 641 2033 848 2093; x_wconf 87' lang='lat' dir='ltr'>mater,</span> <span class='ocrx_word' id='word_1_137' title='bbox 881 2027 1072 2083; x_wconf 85' lang='lat' dir='ltr'>fuerat</span> <span class='ocrx_word' id='word_1_138' title='bbox 1095 2029 1484 2100; x_wconf 89' lang='lat' dir='ltr'>desponsata,</span> <span class='ocrx_word' id='word_1_139' title='bbox 1508 2045 1645 2084; x_wconf 91' lang='lat' dir='ltr'>cum</span> <span class='ocrx_word' id='word_1_140' title='bbox 1665 2046 1798 2085; x_wconf 91' lang='lat' dir='ltr'>eam</span> 
     </span>
    </p>
   </div>
   <div class='ocr_carea' id='block_1_21' title="bbox 131 2117 1798 2189">
    <p class='ocr_par' dir='ltr' id='par_1_21' title="bbox 131 2117 1798 2189">
     <span class='ocr_line' id='line_1_21' title="bbox 131 2117 1798 2189; baseline 0.001 -17"><span class='ocrx_word' id='word_1_141' title='bbox 131 2118 532 2189; x_wconf 88' lang='lat' dir='ltr'>comperisset</span> <span class='ocrx_word' id='word_1_142' title='bbox 561 2133 692 2172; x_wconf 89' lang='lat' dir='ltr'>esse</span> <span class='ocrx_word' id='word_1_143' title='bbox 720 2122 1152 2188; x_wconf 70' lang='lat' dir='ltr'>praegnantem,</span> <span class='ocrx_word' id='word_1_144' title='bbox 1172 2117 1265 2173; x_wconf 92' lang='lat' dir='ltr'>cui</span> <span class='ocrx_word' id='word_1_145' title='bbox 1298 2134 1358 2172; x_wconf 91' lang='lat' dir='ltr'>se</span> <span class='ocrx_word' id='word_1_146' title='bbox 1404 2125 1646 2175; x_wconf 88' lang='lat' dir='ltr'>noverat</span> <span class='ocrx_word' id='word_1_147' title='bbox 1679 2135 1798 2174; x_wconf 92' lang='lat' dir='ltr'>non</span> 
     </span>
    </p>
   </div>
   <div class='ocr_carea' id='block_1_22' title="bbox 130 2206 1799 2279">
    <p class='ocr_par' dir='ltr' id='par_1_22' title="bbox 130 2206 1799 2279">
     <span class='ocr_line' id='line_1_22' title="bbox 130 2206 1799 2279; baseline 0.002 -19"><span class='ocrx_word' id='word_1_148' title='bbox 130 2222 262 2261; x_wconf 88' lang='lat' dir='ltr'>esse</span> <span class='ocrx_word' id='word_1_149' title='bbox 281 2206 703 2272; x_wconf 89' lang='lat' dir='ltr'>commixtum,</span> <span class='ocrx_word' id='word_1_150' title='bbox 728 2206 874 2262; x_wconf 93' lang='lat' dir='ltr'>etob</span> <span class='ocrx_word' id='word_1_151' title='bbox 892 2206 1006 2261; x_wconf 90' lang='lat' dir='ltr'>hoc</span> <span class='ocrx_word' id='word_1_152' title='bbox 1027 2206 1346 2262; x_wconf 90' lang='lat' dir='ltr'>nihilaliud</span> <span class='ocrx_word' id='word_1_153' title='bbox 1364 2223 1550 2279; x_wconf 89' lang='lat' dir='ltr'>quam</span> <span class='ocrx_word' id='word_1_154' title='bbox 1573 2208 1799 2264; x_wconf 89' lang='lat' dir='ltr'>adulte-</span> 
     </span>
    </p>
   </div>
   <div class='ocr_carea' id='block_1_23' title="bbox 129 2294 1800 2368">
    <p class='ocr_par' dir='ltr' id='par_1_23' title="bbox 129 2294 1800 2368">
     <span class='ocr_line' id='line_1_23' title="bbox 129 2294 1800 2368; baseline 0.001 -18"><span class='ocrx_word' id='word_1_155' title='bbox 129 2311 264 2350; x_wconf 88' lang='lat' dir='ltr'>ram</span> <span class='ocrx_word' id='word_1_156' title='bbox 294 2294 666 2360; x_wconf 88' lang='lat' dir='ltr'>credidisset,</span> <span class='ocrx_word' id='word_1_157' title='bbox 698 2295 895 2366; x_wconf 91' lang='lat' dir='ltr'>puniri</span> <span class='ocrx_word' id='word_1_158' title='bbox 928 2302 1126 2350; x_wconf 89' lang='lat' dir='ltr'>tamen</span> <span class='ocrx_word' id='word_1_159' title='bbox 1157 2311 1289 2350; x_wconf 89' lang='lat' dir='ltr'>eam</span> <span class='ocrx_word' id='word_1_160' title='bbox 1315 2296 1503 2351; x_wconf 88' lang='lat' dir='ltr'>noluit</span> <span class='ocrx_word' id='word_1_161' title='bbox 1535 2315 1547 2361; x_wconf 92' lang='lat'><strong>;</strong></span> <span class='ocrx_word' id='word_1_162' title='bbox 1577 2312 1800 2368; x_wconf 86' lang='lat' dir='ltr'>necap-</span> 
     </span>
    </p>
   </div>
   <div class='ocr_carea' id='block_1_24' title="bbox 130 2383 1798 2457">
    <p class='ocr_par' dir='ltr' id='par_1_24' title="bbox 130 2383 1798 2457">
     <span class='ocr_line' id='line_1_24' title="bbox 130 2383 1798 2457; baseline 0.002 -18"><span class='ocrx_word' id='word_1_163' title='bbox 130 2385 430 2457; x_wconf 89' lang='lat' dir='ltr'>probator</span> <span class='ocrx_word' id='word_1_164' title='bbox 453 2383 656 2454; x_wconf 85' lang='lat' dir='ltr'>ﬂagitii</span> <span class='ocrx_word' id='word_1_165' title='bbox 692 2384 820 2440; x_wconf 93' lang='lat' dir='ltr'>fuit.</span> <span class='ocrx_word' id='word_1_166' title='bbox 853 2388 998 2440; x_wconf 87' lang='lat' dir='ltr'>Nam</span> <span class='ocrx_word' id='word_1_167' title='bbox 1014 2385 1140 2440; x_wconf 78' lang='lat' dir='ltr'>haec</span> <span class='ocrx_word' id='word_1_168' title='bbox 1173 2386 1443 2440; x_wconf 88' lang='lat' dir='ltr'>voluntas</span> <span class='ocrx_word' id='word_1_169' title='bbox 1466 2386 1594 2457; x_wconf 90' lang='lat' dir='ltr'>ejus</span> <span class='ocrx_word' id='word_1_170' title='bbox 1617 2387 1798 2442; x_wconf 92' lang='lat' dir='ltr'>etiam</span> 
     </span>
    </p>
   </div>
   <div class='ocr_carea' id='block_1_25' title="bbox 130 2472 1796 2546">
    <p class='ocr_par' dir='ltr' id='par_1_25' title="bbox 130 2472 1796 2546">
     <span class='ocr_line' id='line_1_25' title="bbox 130 2472 1796 2546; baseline 0.003 -20"><span class='ocrx_word' id='word_1_171' title='bbox 130 2473 383 2544; x_wconf 62' lang='lat' dir='ltr'>justiﬁes</span> <span class='ocrx_word' id='word_1_172' title='bbox 415 2472 737 2544; x_wconf 89' lang='lat' dir='ltr'>deputatur</span> <span class='ocrx_word' id='word_1_173' title='bbox 767 2486 778 2525; x_wconf 91' lang='lat'>:</span> <span class='ocrx_word' id='word_1_174' title='bbox 809 2474 890 2529; x_wconf 92' lang='lat' dir='ltr'>ita</span> <span class='ocrx_word' id='word_1_175' title='bbox 912 2475 1135 2545; x_wconf 91' lang='lat' dir='ltr'>quippe</span> <span class='ocrx_word' id='word_1_176' title='bbox 1156 2474 1230 2528; x_wconf 93' lang='lat' dir='ltr'>de</span> <span class='ocrx_word' id='word_1_177' title='bbox 1253 2474 1353 2529; x_wconf 91' lang='lat' dir='ltr'>illo</span> <span class='ocrx_word' id='word_1_178' title='bbox 1381 2476 1664 2546; x_wconf 84' lang='lat' dir='ltr'>scriptum</span> <span class='ocrx_word' id='word_1_179' title='bbox 1688 2482 1796 2542; x_wconf 91' lang='lat' dir='ltr'>est,</span> 
     </span>
    </p>
   </div>
   <div class='ocr_carea' id='block_1_26' title="bbox 129 2561 1793 2636">
    <p class='ocr_par' dir='ltr' id='par_1_26' title="bbox 129 2561 1793 2636">
     <span class='ocr_line' id='line_1_26' title="bbox 129 2561 1793 2636; baseline 0.002 -19"><span class='ocrx_word' id='word_1_180' title='bbox 129 2563 207 2618; x_wconf 86' lang='lat' dir='ltr'>Et</span> <span class='ocrx_word' id='word_1_181' title='bbox 231 2578 368 2617; x_wconf 90' lang='lat' dir='ltr'>cum</span> <span class='ocrx_word' id='word_1_182' title='bbox 400 2569 544 2617; x_wconf 83' lang='lat' dir='ltr'>esset</span> <span class='ocrx_word' id='word_1_183' title='bbox 577 2561 747 2617; x_wconf 82' lang='lat' dir='ltr'>homo</span> <span class='ocrx_word' id='word_1_184' title='bbox 759 2565 985 2630; x_wconf 88' lang='lat' dir='ltr'>justus,</span> <span class='ocrx_word' id='word_1_185' title='bbox 1020 2571 1072 2619; x_wconf 90' lang='lat' dir='ltr'>et</span> <span class='ocrx_word' id='word_1_186' title='bbox 1099 2565 1284 2618; x_wconf 81' lang='lat' dir='ltr'>nollet</span> <span class='ocrx_word' id='word_1_187' title='bbox 1306 2579 1432 2619; x_wconf 89' lang='lat' dir='ltr'>eam</span> <span class='ocrx_word' id='word_1_188' title='bbox 1457 2565 1793 2636; x_wconf 82' lang='lat' dir='ltr'>divulgare,</span> 
     </span>
    </p>
   </div>
   <div class='ocr_carea' id='block_1_27' title="bbox 130 2651 1796 2723">
    <p class='ocr_par' dir='ltr' id='par_1_27' title="bbox 130 2651 1796 2723">
     <span class='ocr_line' id='line_1_27' title="bbox 130 2651 1796 2723; baseline 0.002 -17"><span class='ocrx_word' id='word_1_189' title='bbox 130 2651 344 2708; x_wconf 84' lang='lat' dir='ltr'>statuit</span> <span class='ocrx_word' id='word_1_190' title='bbox 371 2665 500 2706; x_wconf 90' lang='lat' dir='ltr'>eam</span> <span class='ocrx_word' id='word_1_191' title='bbox 546 2653 776 2706; x_wconf 87' lang='lat' dir='ltr'>occulte</span> <span class='ocrx_word' id='word_1_192' title='bbox 804 2652 1122 2708; x_wconf 79' lang='lat' dir='ltr'>dimittere.</span> <span class='ocrx_word' id='word_1_193' title='bbox 1172 2653 1315 2708; x_wconf 72' lang='lat' dir='ltr'>Haec</span> <span class='ocrx_word' id='word_1_194' title='bbox 1367 2669 1431 2709; x_wconf 89' lang='lat' dir='ltr'>eo</span> <span class='ocrx_word' id='word_1_195' title='bbox 1480 2654 1796 2723; x_wconf 78' lang='lat' dir='ltr'>cogitante,</span> 
     </span>
    </p>
   </div>
   <div class='ocr_carea' id='block_1_28' title="bbox 134 2739 1795 2811">
    <p class='ocr_par' dir='ltr' id='par_1_28' title="bbox 134 2739 1795 2811">
     <span class='ocr_line' id='line_1_28' title="bbox 134 2739 1795 2811; baseline 0.001 -16"><span class='ocrx_word' id='word_1_196' title='bbox 134 2740 430 2808; x_wconf 81' lang='lat' dir='ltr'>apparuit</span> <span class='ocrx_word' id='word_1_197' title='bbox 488 2739 584 2794; x_wconf 88' lang='lat' dir='ltr'>illi</span> <span class='ocrx_word' id='word_1_198' title='bbox 630 2741 881 2809; x_wconf 82' lang='lat' dir='ltr'>angelus</span> <span class='ocrx_word' id='word_1_199' title='bbox 911 2740 1014 2811; x_wconf 90' lang='lat' dir='ltr'>qui</span> <span class='ocrx_word' id='word_1_200' title='bbox 1056 2741 1295 2796; x_wconf 89' lang='lat' dir='ltr'>doceret</span> <span class='ocrx_word' id='word_1_201' title='bbox 1347 2758 1477 2797; x_wconf 91' lang='lat' dir='ltr'>esse</span> <span class='ocrx_word' id='word_1_202' title='bbox 1510 2743 1795 2807; x_wconf 91' lang='lat' dir='ltr'>numinis,</span> 
     </span>
    </p>
   </div>
   <div class='ocr_carea' id='block_1_29' title="bbox 132 2827 1678 2902">
    <p class='ocr_par' dir='ltr' id='par_1_29' title="bbox 132 2827 1678 2902">
     <span class='ocr_line' id='line_1_29' title="bbox 132 2827 1678 2902; baseline 0.003 -20"><span class='ocrx_word' id='word_1_203' title='bbox 132 2830 302 2899; x_wconf 88' lang='lat' dir='ltr'>quod</span> <span class='ocrx_word' id='word_1_204' title='bbox 335 2827 434 2882; x_wconf 92' lang='lat' dir='ltr'>ille</span> <span class='ocrx_word' id='word_1_205' title='bbox 466 2833 782 2899; x_wconf 90' lang='lat' dir='ltr'>putaverat</span> <span class='ocrx_word' id='word_1_206' title='bbox 813 2828 1080 2884; x_wconf 87' lang='lat' dir='ltr'>criminis</span> <span class='ocrx_word' id='word_1_207' title='bbox 1119 2830 1354 2898; x_wconf 81' lang='lat' dir='ltr'>(Matth.</span> <span class='ocrx_word' id='word_1_208' title='bbox 1389 2847 1428 2895; x_wconf 88' lang='lat'>1,</span> <span class='ocrx_word' id='word_1_209' title='bbox 1470 2833 1678 2902; x_wconf 71' lang='lat'>48-20).</span> 
     </span>
    </p>
   </div>
   <div class='ocr_carea' id='block_1_30' title="bbox 167 2961 1799 3030">
    <p class='ocr_par' dir='ltr' id='par_1_30' title="bbox 167 2961 1799 3030">
     <span class='ocr_line' id='line_1_30' title="bbox 167 2961 1799 3030; baseline 0.003 -16"><span class='ocrx_word' id='word_1_210' title='bbox 167 2969 179 2973; x_wconf 83' lang='lat'>&#39;</span> <span class='ocrx_word' id='word_1_211' title='bbox 211 2962 297 3015; x_wconf 89' lang='grc'>10.</span> <span class='ocrx_word' id='word_1_212' title='bbox 334 2961 549 3030; x_wconf 87' lang='lat' dir='ltr'>Siergo</span> <span class='ocrx_word' id='word_1_213' title='bbox 572 2961 1193 3030; x_wconf 89' lang='lat' dir='ltr'>cogitatainﬁrmitate</span> <span class='ocrx_word' id='word_1_214' title='bbox 1208 2965 1608 3028; x_wconf 92' lang='lat' dir='ltr'>communi,et</span> <span class='ocrx_word' id='word_1_215' title='bbox 1629 2981 1799 3019; x_wconf 90' lang='lat' dir='ltr'>accu-</span> 
     </span>
    </p>
   </div>
   <div class='ocr_carea' id='block_1_31' title="bbox 134 3049 1795 3125">
    <p class='ocr_par' dir='ltr' id='par_1_31' title="bbox 134 3049 1795 3125">
     <span class='ocr_line' id='line_1_31' title="bbox 134 3049 1795 3125; baseline 0.002 -21"><span class='ocrx_word' id='word_1_216' title='bbox 134 3049 400 3104; x_wconf 73' lang='lat' dir='ltr'>satorius</span> <span class='ocrx_word' id='word_1_217' title='bbox 421 3049 610 3111; x_wconf 90' lang='lat' dir='ltr'>dolor,</span> <span class='ocrx_word' id='word_1_218' title='bbox 629 3055 684 3104; x_wconf 93' lang='lat' dir='ltr'>et</span> <span class='ocrx_word' id='word_1_219' title='bbox 700 3050 1092 3121; x_wconf 90' lang='lat' dir='ltr'>judicatorius</span> <span class='ocrx_word' id='word_1_220' title='bbox 1111 3053 1267 3121; x_wconf 91' lang='lat' dir='ltr'>rigor</span> <span class='ocrx_word' id='word_1_221' title='bbox 1289 3052 1602 3122; x_wconf 83' lang='lat' dir='ltr'>frangitur;</span> <span class='ocrx_word' id='word_1_222' title='bbox 1632 3053 1795 3125; x_wconf 89' lang='lat' dir='ltr'>quod</span> 
     </span>
    </p>
   </div>
   <div class='ocr_carea' id='block_1_32' title="bbox 134 3137 1795 3211">
    <p class='ocr_par' dir='ltr' id='par_1_32' title="bbox 134 3137 1795 3211">
     <span class='ocr_line' id='line_1_32' title="bbox 134 3137 1795 3211; baseline 0.002 -19"><span class='ocrx_word' id='word_1_223' title='bbox 134 3137 380 3194; x_wconf 85' lang='lat' dir='ltr'>tandem</span> <span class='ocrx_word' id='word_1_224' title='bbox 413 3153 621 3194; x_wconf 91' lang='lat' dir='ltr'>censes</span> <span class='ocrx_word' id='word_1_225' title='bbox 644 3155 751 3211; x_wconf 92' lang='lat' dir='ltr'>pro</span> <span class='ocrx_word' id='word_1_226' title='bbox 781 3140 896 3194; x_wconf 90' lang='lat' dir='ltr'>reis</span> <span class='ocrx_word' id='word_1_227' title='bbox 927 3155 1057 3194; x_wconf 91' lang='lat' dir='ltr'>esse</span> <span class='ocrx_word' id='word_1_228' title='bbox 1083 3140 1323 3209; x_wconf 89' lang='lat' dir='ltr'>debere,</span> <span class='ocrx_word' id='word_1_229' title='bbox 1351 3141 1442 3197; x_wconf 92' lang='lat' dir='ltr'>vel</span> <span class='ocrx_word' id='word_1_230' title='bbox 1468 3142 1795 3206; x_wconf 75' lang='lat' dir='ltr'>defensoris</span> 
     </span>
    </p>
   </div>
   <div class='ocr_carea' id='block_1_33' title="bbox 133 3226 1796 3301">
    <p class='ocr_par' dir='ltr' id='par_1_33' title="bbox 133 3226 1796 3301">
     <span class='ocr_line' id='line_1_33' title="bbox 133 3226 1796 3301; baseline 0.003 -20"><span class='ocrx_word' id='word_1_231' title='bbox 133 3226 223 3282; x_wconf 87' lang='lat' dir='ltr'>vel</span> <span class='ocrx_word' id='word_1_232' title='bbox 240 3228 649 3282; x_wconf 88' lang='lat' dir='ltr'>intercessoris</span> <span class='ocrx_word' id='word_1_233' title='bbox 663 3227 928 3283; x_wconf 92' lang='lat' dir='ltr'>ofﬁcium</span> <span class='ocrx_word' id='word_1_234' title='bbox 945 3230 972 3285; x_wconf 80' lang='lat'><strong>?</strong></span> <span class='ocrx_word' id='word_1_235' title='bbox 989 3229 1484 3301; x_wconf 91' lang='lat' dir='ltr'>quandoquidem</span> <span class='ocrx_word' id='word_1_236' title='bbox 1499 3236 1556 3286; x_wconf 91' lang='lat' dir='ltr'>et</span> <span class='ocrx_word' id='word_1_237' title='bbox 1570 3247 1674 3286; x_wconf 91' lang='lat' dir='ltr'>vos</span> <span class='ocrx_word' id='word_1_238' title='bbox 1688 3231 1796 3286; x_wconf 93' lang='lat' dir='ltr'>viri</span> 
     </span>
    </p>
   </div>
   <div class='ocr_carea' id='block_1_34' title="bbox 133 3316 1796 3392">
    <p class='ocr_par' dir='ltr' id='par_1_34' title="bbox 133 3316 1796 3392">
     <span class='ocr_line' id='line_1_34' title="bbox 133 3316 1796 3392; baseline 0.003 -22"><span class='ocrx_word' id='word_1_239' title='bbox 133 3316 273 3372; x_wconf 91' lang='lat' dir='ltr'>boni</span> <span class='ocrx_word' id='word_1_240' title='bbox 314 3317 420 3388; x_wconf 94' lang='lat' dir='ltr'>qui</span> <span class='ocrx_word' id='word_1_241' title='bbox 453 3332 610 3372; x_wconf 92' lang='lat' dir='ltr'>nunc</span> <span class='ocrx_word' id='word_1_242' title='bbox 640 3317 871 3388; x_wconf 90' lang='lat' dir='ltr'>judices</span> <span class='ocrx_word' id='word_1_243' title='bbox 900 3319 1058 3384; x_wconf 91' lang='lat' dir='ltr'>estis,</span> <span class='ocrx_word' id='word_1_244' title='bbox 1096 3324 1152 3374; x_wconf 92' lang='lat' dir='ltr'>et</span> <span class='ocrx_word' id='word_1_245' title='bbox 1184 3320 1242 3374; x_wconf 93' lang='lat' dir='ltr'>in</span> <span class='ocrx_word' id='word_1_246' title='bbox 1293 3319 1419 3375; x_wconf 88' lang='lat' dir='ltr'>foro</span> <span class='ocrx_word' id='word_1_247' title='bbox 1468 3320 1796 3392; x_wconf 90' lang='lat' dir='ltr'>aliquando</span> 
     </span>
    </p>
   </div>
   <div class='ocr_carea' id='block_1_35' title="bbox 131 3406 1796 3481">
    <p class='ocr_par' dir='ltr' id='par_1_35' title="bbox 131 3406 1796 3481">
     <span class='ocr_line' id='line_1_35' title="bbox 131 3406 1796 3481; baseline 0.004 -22"><span class='ocrx_word' id='word_1_248' title='bbox 131 3406 349 3461; x_wconf 87' lang='lat' dir='ltr'>versati</span> <span class='ocrx_word' id='word_1_249' title='bbox 376 3422 593 3462; x_wconf 88' lang='lat' dir='ltr'>causas</span> <span class='ocrx_word' id='word_1_250' title='bbox 619 3407 933 3463; x_wconf 88' lang='lat' dir='ltr'>hominum</span> <span class='ocrx_word' id='word_1_251' title='bbox 953 3409 1316 3480; x_wconf 88' lang='lat' dir='ltr'>suscepistis,</span> <span class='ocrx_word' id='word_1_252' title='bbox 1338 3409 1501 3465; x_wconf 90' lang='lat' dir='ltr'>scitis</span> <span class='ocrx_word' id='word_1_253' title='bbox 1527 3426 1710 3481; x_wconf 93' lang='lat' dir='ltr'>quam</span> <span class='ocrx_word' id='word_1_254' title='bbox 1733 3409 1796 3465; x_wconf 87' lang='lat' dir='ltr'>li-</span> 
     </span>
    </p>
   </div>
   <div class='ocr_carea' id='block_1_36' title="bbox 131 3495 1792 3568">
    <p class='ocr_par' dir='ltr' id='par_1_36' title="bbox 131 3495 1792 3568">
     <span class='ocr_line' id='line_1_36' title="bbox 131 3495 1792 3568; baseline 0.004 -19"><span class='ocrx_word' id='word_1_255' title='bbox 131 3495 375 3550; x_wconf 92' lang='lat' dir='ltr'>bentius</span> <span class='ocrx_word' id='word_1_256' title='bbox 390 3495 708 3551; x_wconf 83' lang='lat' dir='ltr'>defendere</span> <span class='ocrx_word' id='word_1_257' title='bbox 722 3513 904 3568; x_wconf 88' lang='lat' dir='ltr'>quam</span> <span class='ocrx_word' id='word_1_258' title='bbox 923 3514 1201 3553; x_wconf 89' lang='lat' dir='ltr'>accusare</span> <span class='ocrx_word' id='word_1_259' title='bbox 1219 3499 1575 3554; x_wconf 87' lang='lat' dir='ltr'>soleretis.Et</span> <span class='ocrx_word' id='word_1_260' title='bbox 1591 3505 1792 3555; x_wconf 90' lang='lat' dir='ltr'>tamen</span> 
     </span>
    </p>
   </div>
   <div class='ocr_carea' id='block_1_37' title="bbox 129 3583 1793 3657">
    <p class='ocr_par' dir='ltr' id='par_1_37' title="bbox 129 3583 1793 3657">
     <span class='ocr_line' id='line_1_37' title="bbox 129 3583 1793 3657; baseline 0.004 -19"><span class='ocrx_word' id='word_1_261' title='bbox 129 3583 414 3640; x_wconf 86' lang='lat' dir='ltr'>defensor</span> <span class='ocrx_word' id='word_1_262' title='bbox 427 3584 504 3640; x_wconf 91' lang='lat' dir='ltr'>ab</span> <span class='ocrx_word' id='word_1_263' title='bbox 535 3587 919 3642; x_wconf 90' lang='lat' dir='ltr'>intercessore</span> <span class='ocrx_word' id='word_1_264' title='bbox 949 3587 1506 3657; x_wconf 87' lang='lat' dir='ltr'>plurimumdistat:</span> <span class='ocrx_word' id='word_1_265' title='bbox 1533 3605 1674 3644; x_wconf 91' lang='lat' dir='ltr'>nam</span> <span class='ocrx_word' id='word_1_266' title='bbox 1699 3588 1793 3645; x_wconf 90' lang='lat' dir='ltr'>ille</span> 
     </span>
    </p>
   </div>
   <div class='ocr_carea' id='block_1_38' title="bbox 130 3673 1793 3747">
    <p class='ocr_par' dir='ltr' id='par_1_38' title="bbox 130 3673 1793 3747">
     <span class='ocr_line' id='line_1_38' title="bbox 130 3673 1793 3747; baseline 0.004 -20"><span class='ocrx_word' id='word_1_267' title='bbox 130 3673 436 3728; x_wconf 90' lang='lat' dir='ltr'>diluendis</span> <span class='ocrx_word' id='word_1_268' title='bbox 469 3673 558 3728; x_wconf 91' lang='lat' dir='ltr'>vel</span> <span class='ocrx_word' id='word_1_269' title='bbox 586 3674 940 3744; x_wconf 89' lang='lat' dir='ltr'>obtegendis</span> <span class='ocrx_word' id='word_1_270' title='bbox 955 3676 1305 3732; x_wconf 91' lang='lat' dir='ltr'>criminibus</span> <span class='ocrx_word' id='word_1_271' title='bbox 1331 3693 1577 3747; x_wconf 92' lang='lat' dir='ltr'>operam</span> <span class='ocrx_word' id='word_1_272' title='bbox 1605 3679 1793 3733; x_wconf 86' lang='lat' dir='ltr'>maxi-</span> 
     </span>
    </p>
   </div>
   <div class='ocr_carea' id='block_1_39' title="bbox 131 3761 1791 3838">
    <p class='ocr_par' dir='ltr' id='par_1_39' title="bbox 131 3761 1791 3838">
     <span class='ocr_line' id='line_1_39' title="bbox 131 3761 1791 3838; baseline 0.004 -22"><span class='ocrx_word' id='word_1_273' title='bbox 131 3778 227 3816; x_wconf 89' lang='lat' dir='ltr'>me</span> <span class='ocrx_word' id='word_1_274' title='bbox 250 3761 545 3831; x_wconf 87' lang='lat' dir='ltr'>impendit</span> <span class='ocrx_word' id='word_1_275' title='bbox 563 3781 575 3827; x_wconf 85' lang='lat'><strong>;</strong></span> <span class='ocrx_word' id='word_1_276' title='bbox 594 3763 950 3818; x_wconf 90' lang='lat' dir='ltr'>intercessor</span> <span class='ocrx_word' id='word_1_277' title='bbox 964 3771 1160 3820; x_wconf 91' lang='lat' dir='ltr'>autem</span> <span class='ocrx_word' id='word_1_278' title='bbox 1182 3766 1357 3820; x_wconf 91' lang='lat' dir='ltr'>etiam</span> <span class='ocrx_word' id='word_1_279' title='bbox 1376 3783 1510 3820; x_wconf 91' lang='lat' dir='ltr'>cum</span> <span class='ocrx_word' id='word_1_280' title='bbox 1527 3766 1600 3821; x_wconf 91' lang='lat' dir='ltr'>de</span> <span class='ocrx_word' id='word_1_281' title='bbox 1614 3767 1791 3838; x_wconf 88' lang='lat' dir='ltr'>culpa</span> 
     </span>
    </p>
   </div>
   <div class='ocr_carea' id='block_1_40' title="bbox 130 3853 1790 3925">
    <p class='ocr_par' dir='ltr' id='par_1_40' title="bbox 130 3853 1790 3925">
     <span class='ocr_line' id='line_1_40' title="bbox 130 3853 1790 3925; baseline 0.003 -20"><span class='ocrx_word' id='word_1_282' title='bbox 130 3855 390 3915; x_wconf 89' lang='lat' dir='ltr'>constat,</span> <span class='ocrx_word' id='word_1_283' title='bbox 427 3866 532 3920; x_wconf 92' lang='lat' dir='ltr'>pro</span> <span class='ocrx_word' id='word_1_284' title='bbox 554 3866 735 3921; x_wconf 83' lang='lat' dir='ltr'>pcena</span> <span class='ocrx_word' id='word_1_285' title='bbox 760 3853 1126 3908; x_wconf 90' lang='lat' dir='ltr'>removenda</span> <span class='ocrx_word' id='word_1_286' title='bbox 1152 3853 1244 3908; x_wconf 92' lang='lat' dir='ltr'>vel</span> <span class='ocrx_word' id='word_1_287' title='bbox 1273 3857 1666 3925; x_wconf 91' lang='lat' dir='ltr'>temperanda</span> <span class='ocrx_word' id='word_1_288' title='bbox 1691 3872 1790 3910; x_wconf 88' lang='lat' dir='ltr'>cu-</span> 
     </span>
    </p>
   </div>
   <div class='ocr_carea' id='block_1_41' title="bbox 128 3940 1792 4014">
    <p class='ocr_par' dir='ltr' id='par_1_41' title="bbox 128 3940 1792 4014">
     <span class='ocr_line' id='line_1_41' title="bbox 128 3940 1792 4014; baseline 0.003 -20"><span class='ocrx_word' id='word_1_289' title='bbox 128 3955 260 3994; x_wconf 89' lang='lat' dir='ltr'>ram</span> <span class='ocrx_word' id='word_1_290' title='bbox 275 3940 570 4010; x_wconf 86' lang='lat' dir='ltr'>gerit.Hoc</span> <span class='ocrx_word' id='word_1_291' title='bbox 587 3945 723 3995; x_wconf 92' lang='lat' dir='ltr'>sunt</span> <span class='ocrx_word' id='word_1_292' title='bbox 737 3941 899 4011; x_wconf 92' lang='lat' dir='ltr'>apud</span> <span class='ocrx_word' id='word_1_293' title='bbox 916 3943 1097 3996; x_wconf 91' lang='lat' dir='ltr'>Deum</span> <span class='ocrx_word' id='word_1_294' title='bbox 1115 3958 1222 4012; x_wconf 92' lang='lat' dir='ltr'>pro</span> <span class='ocrx_word' id='word_1_295' title='bbox 1237 3943 1650 4014; x_wconf 87' lang='lat' dir='ltr'>peccatoribus</span> <span class='ocrx_word' id='word_1_296' title='bbox 1667 3945 1792 4014; x_wconf 85' lang='lat' dir='ltr'>jus-</span> 
     </span>
    </p>
   </div>
   <div class='ocr_carea' id='block_1_42' title="bbox 132 4028 1790 4101">
    <p class='ocr_par' dir='ltr' id='par_1_42' title="bbox 132 4028 1790 4101">
     <span class='ocr_line' id='line_1_42' title="bbox 132 4028 1790 4101; baseline 0.004 -18"><span class='ocrx_word' id='word_1_297' title='bbox 132 4030 199 4098; x_wconf 91' lang='lat' dir='ltr'>ti;</span> <span class='ocrx_word' id='word_1_298' title='bbox 216 4029 334 4083; x_wconf 91' lang='lat' dir='ltr'>hoc</span> <span class='ocrx_word' id='word_1_299' title='bbox 348 4042 458 4099; x_wconf 91' lang='lat' dir='ltr'>pro</span> <span class='ocrx_word' id='word_1_300' title='bbox 473 4044 533 4083; x_wconf 93' lang='lat' dir='ltr'>se</span> <span class='ocrx_word' id='word_1_301' title='bbox 546 4028 660 4098; x_wconf 90' lang='lat' dir='ltr'>ipsi</span> <span class='ocrx_word' id='word_1_302' title='bbox 676 4035 990 4101; x_wconf 92' lang='lat' dir='ltr'>peccantes</span> <span class='ocrx_word' id='word_1_303' title='bbox 1005 4032 1253 4086; x_wconf 91' lang='lat' dir='ltr'>invicem</span> <span class='ocrx_word' id='word_1_304' title='bbox 1272 4038 1334 4087; x_wconf 92' lang='lat' dir='ltr'>ut</span> <span class='ocrx_word' id='word_1_305' title='bbox 1348 4032 1570 4088; x_wconf 88' lang='lat' dir='ltr'>faciant</span> <span class='ocrx_word' id='word_1_306' title='bbox 1583 4033 1790 4089; x_wconf 89' lang='lat' dir='ltr'>admo-</span> 
     </span>
    </p>
   </div>
   <div class='ocr_carea' id='block_1_43' title="bbox 131 4118 1785 4189">
    <p class='ocr_par' dir='ltr' id='par_1_43' title="bbox 131 4118 1785 4189">
     <span class='ocr_line' id='line_1_43' title="bbox 131 4118 1785 4189; baseline 0.004 -17"><span class='ocrx_word' id='word_1_307' title='bbox 131 4121 349 4172; x_wconf 89' lang='lat' dir='ltr'>nentur</span> <span class='ocrx_word' id='word_1_308' title='bbox 386 4138 397 4169; x_wconf 93' lang='lat'>:</span> <span class='ocrx_word' id='word_1_309' title='bbox 433 4132 575 4172; x_wconf 92' lang='lat' dir='ltr'>nam</span> <span class='ocrx_word' id='word_1_310' title='bbox 622 4118 908 4189; x_wconf 87' lang='lat' dir='ltr'>scriptum</span> <span class='ocrx_word' id='word_1_311' title='bbox 962 4125 1068 4185; x_wconf 91' lang='lat' dir='ltr'>est,</span> <span class='ocrx_word' id='word_1_312' title='bbox 1122 4122 1503 4189; x_wconf 81' lang='lat' dir='ltr'>Conﬁtemini</span> <span class='ocrx_word' id='word_1_313' title='bbox 1542 4123 1785 4179; x_wconf 86' lang='lat' dir='ltr'>invicem</span> 
     </span>
    </p>
   </div>
   <div class='ocr_carea' id='block_1_44' title="bbox 127 4210 1785 4282">
    <p class='ocr_par' dir='ltr' id='par_1_44' title="bbox 127 4210 1785 4282">
     <span class='ocr_line' id='line_1_44' title="bbox 127 4210 1785 4282; baseline 0.002 -20"><span class='ocrx_word' id='word_1_314' title='bbox 127 4214 371 4275; x_wconf 81' lang='lat' dir='ltr'>peccata</span> <span class='ocrx_word' id='word_1_315' title='bbox 394 4214 614 4271; x_wconf 84' lang='lat' dir='ltr'>vestra,</span> <span class='ocrx_word' id='word_1_316' title='bbox 641 4213 694 4262; x_wconf 86' lang='lat' dir='ltr'>et</span> <span class='ocrx_word' id='word_1_317' title='bbox 719 4215 883 4264; x_wconf 86' lang='lat' dir='ltr'>orate</span> <span class='ocrx_word' id='word_1_318' title='bbox 895 4224 1008 4278; x_wconf 81' lang='lat' dir='ltr'>pro</span> <span class='ocrx_word' id='word_1_319' title='bbox 1033 4210 1184 4265; x_wconf 83' lang='lat' dir='ltr'>vobis</span> <span class='ocrx_word' id='word_1_320' title='bbox 1209 4210 1437 4282; x_wconf 83' lang='lat' dir='ltr'>(Jacobi</span> <span class='ocrx_word' id='word_1_321' title='bbox 1454 4228 1505 4281; x_wconf 92' lang='lat' dir='ltr'>v,</span> <span class='ocrx_word' id='word_1_322' title='bbox 1534 4214 1643 4273; x_wconf 79' lang='grc'><strong>16).</strong></span> <span class='ocrx_word' id='word_1_323' title='bbox 1673 4215 1785 4268; x_wconf 82' lang='lat' dir='ltr'>Has</span> 
     </span>
    </p>
   </div>
   <div class='ocr_carea' id='block_1_45' title="bbox 130 4295 1786 4373">
    <p class='ocr_par' dir='ltr' id='par_1_45' title="bbox 130 4295 1786 4373">
     <span class='ocr_line' id='line_1_45' title="bbox 130 4295 1786 4373; baseline 0.004 -23"><span class='ocrx_word' id='word_1_324' title='bbox 130 4295 240 4350; x_wconf 90' lang='lat' dir='ltr'>sibi</span> <span class='ocrx_word' id='word_1_325' title='bbox 257 4300 458 4368; x_wconf 90' lang='lat' dir='ltr'>partes</span> <span class='ocrx_word' id='word_1_326' title='bbox 472 4295 990 4362; x_wconf 89' lang='lat' dir='ltr'>bumanitatis,ubi</span> <span class='ocrx_word' id='word_1_327' title='bbox 1009 4301 1410 4369; x_wconf 89' lang='lat' dir='ltr'>potest,omnis</span> <span class='ocrx_word' id='word_1_328' title='bbox 1425 4301 1609 4356; x_wconf 92' lang='lat' dir='ltr'>homo</span> <span class='ocrx_word' id='word_1_329' title='bbox 1623 4301 1786 4373; x_wconf 91' lang='lat' dir='ltr'>apud</span> 
     </span>
    </p>
   </div>
   <div class='ocr_carea' id='block_1_46' title="bbox 129 4384 1783 4462">
    <p class='ocr_par' dir='ltr' id='par_1_46' title="bbox 129 4384 1783 4462">
     <span class='ocr_line' id='line_1_46' title="bbox 129 4384 1783 4462; baseline 0.004 -23"><span class='ocrx_word' id='word_1_330' title='bbox 129 4384 440 4439; x_wconf 86' lang='lat' dir='ltr'>hominem</span> <span class='ocrx_word' id='word_1_331' title='bbox 469 4384 748 4440; x_wconf 91' lang='lat' dir='ltr'>vindicat.</span> <span class='ocrx_word' id='word_1_332' title='bbox 783 4387 932 4441; x_wconf 87' lang='lat' dir='ltr'>Nam</span> <span class='ocrx_word' id='word_1_333' title='bbox 981 4388 1143 4458; x_wconf 92' lang='lat' dir='ltr'>quod</span> <span class='ocrx_word' id='word_1_334' title='bbox 1172 4389 1296 4459; x_wconf 92' lang='lat' dir='ltr'>ipse</span> <span class='ocrx_word' id='word_1_335' title='bbox 1337 4391 1590 4462; x_wconf 91' lang='lat' dir='ltr'>quisque</span> <span class='ocrx_word' id='word_1_336' title='bbox 1622 4391 1783 4447; x_wconf 91' lang='lat' dir='ltr'>domi</span> 
     </span>
    </p>
   </div>
   <div class='ocr_carea' id='block_1_47' title="bbox 129 4472 1787 4551">
    <p class='ocr_par' dir='ltr' id='par_1_47' title="bbox 129 4472 1787 4551">
     <span class='ocr_line' id='line_1_47' title="bbox 129 4472 1787 4551; baseline 0.005 -25"><span class='ocrx_word' id='word_1_337' title='bbox 129 4489 256 4528; x_wconf 61' lang='lat' dir='ltr'>sua)</span> <span class='ocrx_word' id='word_1_338' title='bbox 287 4472 528 4544; x_wconf 88' lang='lat' dir='ltr'>puniret</span> <span class='ocrx_word' id='word_1_339' title='bbox 549 4473 908 4539; x_wconf 89' lang='lat' dir='ltr'>admissum,</span> <span class='ocrx_word' id='word_1_340' title='bbox 925 4476 983 4530; x_wconf 92' lang='lat' dir='ltr'>in</span> <span class='ocrx_word' id='word_1_341' title='bbox 999 4475 1240 4531; x_wconf 89' lang='lat' dir='ltr'>alterius</span> <span class='ocrx_word' id='word_1_342' title='bbox 1259 4479 1442 4534; x_wconf 89' lang='lat' dir='ltr'>domo</span> <span class='ocrx_word' id='word_1_343' title='bbox 1460 4479 1580 4533; x_wconf 92' lang='lat' dir='ltr'>vult</span> <span class='ocrx_word' id='word_1_344' title='bbox 1594 4480 1787 4551; x_wconf 90' lang='lat' dir='ltr'>impu-</span> 
     </span>
    </p>
   </div>
   <div class='ocr_carea' id='block_1_48' title="bbox 127 4561 1784 4636">
    <p class='ocr_par' dir='ltr' id='par_1_48' title="bbox 127 4561 1784 4636">
     <span class='ocr_line' id='line_1_48' title="bbox 127 4561 1784 4636; baseline 0.005 -20"><span class='ocrx_word' id='word_1_345' title='bbox 127 4562 346 4616; x_wconf 91' lang='lat' dir='ltr'>nitum.</span> <span class='ocrx_word' id='word_1_346' title='bbox 365 4561 496 4617; x_wconf 90' lang='lat' dir='ltr'>Sive</span> <span class='ocrx_word' id='word_1_347' title='bbox 511 4563 670 4618; x_wconf 87' lang='lat' dir='ltr'>enim</span> <span class='ocrx_word' id='word_1_348' title='bbox 684 4563 1043 4620; x_wconf 91' lang='lat' dir='ltr'>adhibeatur</span> <span class='ocrx_word' id='word_1_349' title='bbox 1058 4565 1221 4636; x_wconf 91' lang='lat' dir='ltr'>apud</span> <span class='ocrx_word' id='word_1_350' title='bbox 1244 4567 1527 4632; x_wconf 91' lang='lat' dir='ltr'>amicum,</span> <span class='ocrx_word' id='word_1_351' title='bbox 1545 4569 1667 4622; x_wconf 93' lang='lat' dir='ltr'>sive</span> <span class='ocrx_word' id='word_1_352' title='bbox 1690 4568 1784 4624; x_wconf 90' lang='lat' dir='ltr'>ille</span> 
     </span>
    </p>
   </div>
   <div class='ocr_carea' id='block_1_49' title="bbox 124 4651 1785 4727">
    <p class='ocr_par' dir='ltr' id='par_1_49' title="bbox 124 4651 1785 4727">
     <span class='ocr_line' id='line_1_49' title="bbox 124 4651 1785 4727; baseline 0.004 -23"><span class='ocrx_word' id='word_1_353' title='bbox 124 4651 414 4722; x_wconf 90' lang='lat' dir='ltr'>cuiquam</span> <span class='ocrx_word' id='word_1_354' title='bbox 445 4651 503 4705; x_wconf 93' lang='lat' dir='ltr'>in</span> <span class='ocrx_word' id='word_1_355' title='bbox 534 4667 716 4722; x_wconf 91' lang='lat' dir='ltr'>quem</span> <span class='ocrx_word' id='word_1_356' title='bbox 733 4658 996 4722; x_wconf 90' lang='lat' dir='ltr'>potestas</span> <span class='ocrx_word' id='word_1_357' title='bbox 1014 4654 1335 4710; x_wconf 90' lang='lat' dir='ltr'>ulciscendi</span> <span class='ocrx_word' id='word_1_358' title='bbox 1351 4661 1438 4711; x_wconf 87' lang='lat' dir='ltr'>est</span> <span class='ocrx_word' id='word_1_359' title='bbox 1453 4672 1514 4711; x_wconf 92' lang='lat' dir='ltr'>se</span> <span class='ocrx_word' id='word_1_360' title='bbox 1529 4672 1785 4727; x_wconf 69' lang='lat' dir='ltr'>praesen-</span> 
     </span>
    </p>
   </div>
   <div class='ocr_carea' id='block_1_50' title="bbox 127 4739 1783 4814">
    <p class='ocr_par' dir='ltr' id='par_1_50' title="bbox 127 4739 1783 4814">
     <span class='ocr_line' id='line_1_50' title="bbox 127 4739 1783 4814; baseline 0.004 -20"><span class='ocrx_word' id='word_1_361' title='bbox 127 4745 179 4794; x_wconf 92' lang='lat' dir='ltr'>te</span> <span class='ocrx_word' id='word_1_362' title='bbox 193 4740 692 4803; x_wconf 87' lang='lat' dir='ltr'>succenseat,sive</span> <span class='ocrx_word' id='word_1_363' title='bbox 709 4739 981 4796; x_wconf 90' lang='lat' dir='ltr'>irascenti</span> <span class='ocrx_word' id='word_1_364' title='bbox 998 4742 1236 4798; x_wconf 87' lang='lat' dir='ltr'>fortuito</span> <span class='ocrx_word' id='word_1_365' title='bbox 1249 4746 1623 4814; x_wconf 90' lang='lat' dir='ltr'>superveniat</span> <span class='ocrx_word' id='word_1_366' title='bbox 1639 4761 1783 4810; x_wconf 88' lang='lat' dir='ltr'>;non</span> 
     </span>
    </p>
   </div>
   <div class='ocr_carea' id='block_1_51' title="bbox 121 4827 1779 4902">
    <p class='ocr_par' dir='ltr' id='par_1_51' title="bbox 121 4827 1779 4902">
     <span class='ocr_line' id='line_1_51' title="bbox 121 4827 1779 4902; baseline 0.004 -21"><span class='ocrx_word' id='word_1_367' title='bbox 121 4827 511 4898; x_wconf 87' lang='lat' dir='ltr'>justissimus,</span> <span class='ocrx_word' id='word_1_368' title='bbox 541 4828 644 4883; x_wconf 89' lang='lat' dir='ltr'>sed</span> <span class='ocrx_word' id='word_1_369' title='bbox 676 4828 1212 4886; x_wconf 87' lang='lat' dir='ltr'>inhumanissimus</span> <span class='ocrx_word' id='word_1_370' title='bbox 1237 4832 1559 4902; x_wconf 90' lang='lat' dir='ltr'>judicatur,</span> <span class='ocrx_word' id='word_1_371' title='bbox 1591 4834 1637 4888; x_wconf 93' lang='lat' dir='ltr'>si</span> <span class='ocrx_word' id='word_1_372' title='bbox 1661 4849 1779 4888; x_wconf 94' lang='lat' dir='ltr'>non</span> 
     </span>
    </p>
   </div>
   <div class='ocr_carea' id='block_1_52' title="bbox 127 4917 1782 4990">
    <p class='ocr_par' dir='ltr' id='par_1_52' title="bbox 127 4917 1782 4990">
     <span class='ocr_line' id='line_1_52' title="bbox 127 4917 1782 4990; baseline 0.004 -20"><span class='ocrx_word' id='word_1_373' title='bbox 127 4917 502 4972; x_wconf 88' lang='lat' dir='ltr'>interveniat.</span> <span class='ocrx_word' id='word_1_374' title='bbox 526 4917 658 4973; x_wconf 92' lang='lat' dir='ltr'>Scio</span> <span class='ocrx_word' id='word_1_375' title='bbox 685 4933 796 4985; x_wconf 88' lang='lat' dir='ltr'>ego</span> <span class='ocrx_word' id='word_1_376' title='bbox 826 4925 876 4973; x_wconf 91' lang='lat' dir='ltr'>te</span> <span class='ocrx_word' id='word_1_377' title='bbox 904 4920 1108 4990; x_wconf 90' lang='lat' dir='ltr'>ipsum</span> <span class='ocrx_word' id='word_1_378' title='bbox 1128 4936 1263 4976; x_wconf 92' lang='lat' dir='ltr'>cum</span> <span class='ocrx_word' id='word_1_379' title='bbox 1281 4921 1409 4976; x_wconf 88' lang='lat' dir='ltr'>aliis</span> <span class='ocrx_word' id='word_1_380' title='bbox 1428 4921 1634 4977; x_wconf 89' lang='lat' dir='ltr'>amicis</span> <span class='ocrx_word' id='word_1_381' title='bbox 1670 4924 1782 4976; x_wconf 87' lang='lat' dir='ltr'>tuis</span> 
     </span>
    </p>
   </div>
   <div class='ocr_carea' id='block_1_53' title="bbox 125 5005 1780 5081">
    <p class='ocr_par' dir='ltr' id='par_1_53' title="bbox 125 5005 1780 5081">
     <span class='ocr_line' id='line_1_53' title="bbox 125 5005 1780 5081; baseline 0.004 -22"><span class='ocrx_word' id='word_1_382' title='bbox 125 5005 182 5059; x_wconf 93' lang='lat' dir='ltr'>in</span> <span class='ocrx_word' id='word_1_383' title='bbox 205 5006 456 5060; x_wconf 91' lang='lat' dir='ltr'>ecclesia</span> <span class='ocrx_word' id='word_1_384' title='bbox 480 5007 932 5076; x_wconf 85' lang='lat' dir='ltr'>Carthaginensi</span> <span class='ocrx_word' id='word_1_385' title='bbox 965 5009 1370 5064; x_wconf 88' lang='lat' dir='ltr'>intercessisse</span> <span class='ocrx_word' id='word_1_386' title='bbox 1398 5026 1504 5081; x_wconf 91' lang='lat' dir='ltr'>pro</span> <span class='ocrx_word' id='word_1_387' title='bbox 1547 5010 1780 5076; x_wconf 89' lang='lat' dir='ltr'>clerico,</span> 
     </span>
    </p>
   </div>
   <div class='ocr_carea' id='block_1_54' title="bbox 125 5095 1779 5171">
    <p class='ocr_par' dir='ltr' id='par_1_54' title="bbox 125 5095 1779 5171">
     <span class='ocr_line' id='line_1_54' title="bbox 125 5095 1779 5171; baseline 0.004 -22"><span class='ocrx_word' id='word_1_388' title='bbox 125 5095 217 5149; x_wconf 91' lang='lat' dir='ltr'>cui</span> <span class='ocrx_word' id='word_1_389' title='bbox 235 5095 449 5148; x_wconf 90' lang='lat' dir='ltr'>merito</span> <span class='ocrx_word' id='word_1_390' title='bbox 477 5097 1204 5168; x_wconf 89' lang='lat' dir='ltr'>succensebatepiscopus</span> <span class='ocrx_word' id='word_1_391' title='bbox 1221 5115 1234 5164; x_wconf 91' lang='lat'><strong>;</strong></span> <span class='ocrx_word' id='word_1_392' title='bbox 1252 5104 1304 5153; x_wconf 88' lang='lat' dir='ltr'>et</span> <span class='ocrx_word' id='word_1_393' title='bbox 1320 5099 1521 5171; x_wconf 91' lang='lat' dir='ltr'>utique</span> <span class='ocrx_word' id='word_1_394' title='bbox 1551 5100 1779 5155; x_wconf 90' lang='lat' dir='ltr'>nullum</span> 
     </span>
    </p>
   </div>
   <div class='ocr_carea' id='block_1_55' title="bbox 122 5182 1780 5259">
    <p class='ocr_par' dir='ltr' id='par_1_55' title="bbox 122 5182 1780 5259">
     <span class='ocr_line' id='line_1_55' title="bbox 122 5182 1780 5259; baseline 0.005 -24"><span class='ocrx_word' id='word_1_395' title='bbox 122 5182 200 5236; x_wconf 92' lang='lat' dir='ltr'>ibi</span> <span class='ocrx_word' id='word_1_396' title='bbox 233 5183 558 5238; x_wconf 89' lang='lat' dir='ltr'>discrimen</span> <span class='ocrx_word' id='word_1_397' title='bbox 582 5185 892 5254; x_wconf 86' lang='lat' dir='ltr'>sanguinis</span> <span class='ocrx_word' id='word_1_398' title='bbox 920 5186 1031 5240; x_wconf 89' lang='lat' dir='ltr'>sub</span> <span class='ocrx_word' id='word_1_399' title='bbox 1054 5187 1689 5259; x_wconf 89' lang='lat' dir='ltr'>incruentadisciplina</span> <span class='ocrx_word' id='word_1_400' title='bbox 1715 5191 1780 5244; x_wconf 93' lang='lat' dir='ltr'>ti-</span> 
     </span>
    </p>
   </div>
   <div class='ocr_carea' id='block_1_56' title="bbox 127 5273 1780 5349">
    <p class='ocr_par' dir='ltr' id='par_1_56' title="bbox 127 5273 1780 5349">
     <span class='ocr_line' id='line_1_56' title="bbox 127 5273 1780 5349; baseline 0.004 -23"><span class='ocrx_word' id='word_1_401' title='bbox 127 5273 406 5328; x_wconf 91' lang='lat' dir='ltr'>mebatur</span> <span class='ocrx_word' id='word_1_402' title='bbox 428 5291 440 5325; x_wconf 88' lang='lat'><strong>:</strong></span> <span class='ocrx_word' id='word_1_403' title='bbox 461 5288 568 5327; x_wconf 90' lang='lat' dir='ltr'>nec</span> <span class='ocrx_word' id='word_1_404' title='bbox 592 5289 726 5328; x_wconf 92' lang='lat' dir='ltr'>cum</span> <span class='ocrx_word' id='word_1_405' title='bbox 743 5275 824 5337; x_wconf 91' lang='lat' dir='ltr'>id,</span> <span class='ocrx_word' id='word_1_406' title='bbox 849 5275 1006 5346; x_wconf 90' lang='lat' dir='ltr'>quod</span> <span class='ocrx_word' id='word_1_407' title='bbox 1024 5277 1199 5332; x_wconf 90' lang='lat' dir='ltr'>etiam</span> <span class='ocrx_word' id='word_1_408' title='bbox 1221 5277 1390 5332; x_wconf 91' lang='lat' dir='ltr'>vobis</span> <span class='ocrx_word' id='word_1_409' title='bbox 1403 5278 1780 5349; x_wconf 89' lang='lat' dir='ltr'>displicebat,</span> 
     </span>
    </p>
   </div>
   <div class='ocr_carea' id='block_1_57' title="bbox 121 5361 1781 5438">
    <p class='ocr_par' dir='ltr' id='par_1_57' title="bbox 121 5361 1781 5438">
     <span class='ocr_line' id='line_1_57' title="bbox 121 5361 1781 5438; baseline 0.004 -24"><span class='ocrx_word' id='word_1_410' title='bbox 121 5361 381 5416; x_wconf 91' lang='lat' dir='ltr'>inultum</span> <span class='ocrx_word' id='word_1_411' title='bbox 398 5376 529 5415; x_wconf 88' lang='lat' dir='ltr'>esse</span> <span class='ocrx_word' id='word_1_412' title='bbox 557 5362 1106 5434; x_wconf 88' lang='lat' dir='ltr'>velletis,tanquam</span> <span class='ocrx_word' id='word_1_413' title='bbox 1138 5365 1781 5438; x_wconf 86' lang='lat' dir='ltr'>delictiapprobatores</span> 
     </span>
    </p>
   </div>
   <div class='ocr_carea' id='block_1_58' title="bbox 121 5449 1784 5523">
    <p class='ocr_par' dir='ltr' id='par_1_58' title="bbox 121 5449 1784 5523">
     <span class='ocr_line' id='line_1_58' title="bbox 121 5449 1784 5523; baseline 0.006 -21"><span class='ocrx_word' id='word_1_414' title='bbox 121 5466 229 5505; x_wconf 89' lang='lat' dir='ltr'>vos</span> <span class='ocrx_word' id='word_1_415' title='bbox 258 5449 709 5520; x_wconf 88' lang='lat' dir='ltr'>judicabamus,</span> <span class='ocrx_word' id='word_1_416' title='bbox 745 5451 848 5507; x_wconf 87' lang='lat' dir='ltr'>sed</span> <span class='ocrx_word' id='word_1_417' title='bbox 888 5457 1175 5523; x_wconf 90' lang='lat' dir='ltr'>tanquam</span> <span class='ocrx_word' id='word_1_418' title='bbox 1208 5455 1677 5510; x_wconf 90' lang='lat' dir='ltr'>humanissimos</span> <span class='ocrx_word' id='word_1_419' title='bbox 1700 5457 1784 5511; x_wconf 90' lang='lat' dir='ltr'>in-</span> 
     </span>
    </p>
   </div>
   <div class='ocr_carea' id='block_1_59' title="bbox 122 5539 1786 5611">
    <p class='ocr_par' dir='ltr' id='par_1_59' title="bbox 122 5539 1786 5611">
     <span class='ocr_line' id='line_1_59' title="bbox 122 5539 1786 5611; baseline 0.004 -17"><span class='ocrx_word' id='word_1_420' title='bbox 122 5544 478 5594; x_wconf 86' lang='lat' dir='ltr'>tercessores</span> <span class='ocrx_word' id='word_1_421' title='bbox 510 5539 929 5595; x_wconf 87' lang='lat' dir='ltr'>audiebamus.</span> <span class='ocrx_word' id='word_1_422' title='bbox 961 5542 1015 5595; x_wconf 79' lang='lat' dir='ltr'>Si</span> <span class='ocrx_word' id='word_1_423' title='bbox 1045 5557 1186 5611; x_wconf 91' lang='lat' dir='ltr'>ergo</span> <span class='ocrx_word' id='word_1_424' title='bbox 1208 5542 1380 5597; x_wconf 91' lang='lat' dir='ltr'>vobis</span> <span class='ocrx_word' id='word_1_425' title='bbox 1395 5543 1484 5597; x_wconf 89' lang='lat' dir='ltr'>fas</span> <span class='ocrx_word' id='word_1_426' title='bbox 1507 5545 1786 5601; x_wconf 84' lang='lat' dir='ltr'>esteccle-</span> 
     </span>
    </p>
   </div>
   <div class='ocr_carea' id='block_1_60' title="bbox 121 5627 1782 5703">
    <p class='ocr_par' dir='ltr' id='par_1_60' title="bbox 121 5627 1782 5703">
     <span class='ocr_line' id='line_1_60' title="bbox 121 5627 1782 5703; baseline 0.005 -21"><span class='ocrx_word' id='word_1_427' title='bbox 121 5627 432 5690; x_wconf 86' lang='lat' dir='ltr'>siasticam</span> <span class='ocrx_word' id='word_1_428' title='bbox 492 5629 928 5700; x_wconf 90' lang='lat' dir='ltr'>correptionem</span> <span class='ocrx_word' id='word_1_429' title='bbox 992 5629 1416 5690; x_wconf 88' lang='lat' dir='ltr'>intercedendo</span> <span class='ocrx_word' id='word_1_430' title='bbox 1469 5632 1782 5703; x_wconf 87' lang='lat' dir='ltr'>mitigare;</span> 
     </span>
    </p>
   </div>
   <div class='ocr_carea' id='block_1_61' title="bbox 1428 161 2412 225">
    <p class='ocr_par' dir='ltr' id='par_1_61' title="bbox 1428 161 2412 225">
     <span class='ocr_line' id='line_1_61' title="bbox 1428 161 2412 225; baseline 0.009 -9"><span class='ocrx_word' id='word_1_431' title='bbox 1428 161 1939 220; x_wconf 82' lang='lat' dir='ltr'>EPISTOLARUM</span> <span class='ocrx_word' id='word_1_432' title='bbox 1981 162 2273 224; x_wconf 83' lang='lat' dir='ltr'>CLASSIS</span> <span class='ocrx_word' id='word_1_433' title='bbox 2315 170 2412 225; x_wconf 85' lang='lat' dir='ltr'>III.</span> 
     </span>
    </p>
   </div>
   <div class='ocr_carea' id='block_1_62' title="bbox 159 287 1826 362">
    <p class='ocr_par' dir='ltr' id='par_1_62' title="bbox 159 287 1826 362">
     <span class='ocr_line' id='line_1_62' title="bbox 159 287 1826 362; baseline 0.001 -18"><span class='ocrx_word' id='word_1_434' title='bbox 159 305 263 346; x_wconf 90' lang='lat' dir='ltr'>eos</span> <span class='ocrx_word' id='word_1_435' title='bbox 294 289 758 346; x_wconf 90' lang='lat' dir='ltr'>misericorditer</span> <span class='ocrx_word' id='word_1_436' title='bbox 796 291 1061 359; x_wconf 87' lang='lat' dir='ltr'>agerent,</span> <span class='ocrx_word' id='word_1_437' title='bbox 1095 303 1355 360; x_wconf 89' lang='lat' dir='ltr'>quorum</span> <span class='ocrx_word' id='word_1_438' title='bbox 1381 287 1514 344; x_wconf 69' lang='lat' dir='ltr'>vitta</span> <span class='ocrx_word' id='word_1_439' title='bbox 1545 289 1826 362; x_wconf 89' lang='lat' dir='ltr'>necisque</span> 
     </span>
    </p>
   </div>
   <div class='ocr_carea' id='block_1_63' title="bbox 3483 183 3587 237">
    <p class='ocr_par' dir='ltr' id='par_1_63' title="bbox 3483 183 3587 237">
     <span class='ocr_line' id='line_1_63' title="bbox 3483 183 3587 237; baseline 0.019 -2"><span class='ocrx_word' id='word_1_440' title='bbox 3483 183 3587 237; x_wconf 81' lang='lat'>658</span> 
     </span>
    </p>
   </div>
   <div class='ocr_carea' id='block_1_64' title="bbox 1935 294 3582 370">
    <p class='ocr_par' dir='ltr' id='par_1_64' title="bbox 1935 294 3582 370">
     <span class='ocr_line' id='line_1_64' title="bbox 1935 294 3582 370; baseline 0.012 -24"><span class='ocrx_word' id='word_1_441' title='bbox 1935 294 2244 362; x_wconf 90' lang='lat' dir='ltr'>quomodo</span> <span class='ocrx_word' id='word_1_442' title='bbox 2275 296 2593 369; x_wconf 91' lang='lat' dir='ltr'>episcopus</span> <span class='ocrx_word' id='word_1_443' title='bbox 2627 304 2820 356; x_wconf 90' lang='lat' dir='ltr'>vestro</span> <span class='ocrx_word' id='word_1_444' title='bbox 2853 300 3052 370; x_wconf 88' lang='lat' dir='ltr'>gladio</span> <span class='ocrx_word' id='word_1_445' title='bbox 3083 303 3260 362; x_wconf 89' lang='lat' dir='ltr'>debet</span> <span class='ocrx_word' id='word_1_446' title='bbox 3293 308 3309 343; x_wconf 81' lang='grc' dir='ltr'>ί</span> <span class='ocrx_word' id='word_1_447' title='bbox 3338 309 3582 365; x_wconf 88' lang='lat' dir='ltr'>interce-</span> 
     </span>
    </p>
   </div>
   <div class='ocr_carea' id='block_1_65' title="bbox 1933 379 3582 462">
    <p class='ocr_par' dir='ltr' id='par_1_65' title="bbox 1933 379 3582 462">
     <span class='ocr_line' id='line_1_65' title="bbox 1933 379 3582 462; baseline 0.013 -29"><span class='ocrx_word' id='word_1_448' title='bbox 1933 379 2074 436; x_wconf 91' lang='lat' dir='ltr'>dere</span> <span class='ocrx_word' id='word_1_449' title='bbox 2105 398 2242 438; x_wconf 92' lang='lat' dir='ltr'>cum</span> <span class='ocrx_word' id='word_1_450' title='bbox 2283 385 2381 441; x_wconf 90' lang='lat' dir='ltr'>illa</span> <span class='ocrx_word' id='word_1_451' title='bbox 2411 393 2684 445; x_wconf 83' lang='lat' dir='ltr'>exeratur</span> <span class='ocrx_word' id='word_1_452' title='bbox 2737 395 2798 446; x_wconf 92' lang='lat' dir='ltr'>ut</span> <span class='ocrx_word' id='word_1_453' title='bbox 2842 390 2900 446; x_wconf 90' lang='lat' dir='ltr'>in</span> <span class='ocrx_word' id='word_1_454' title='bbox 2930 407 3111 462; x_wconf 88' lang='lat' dir='ltr'>quem</span> <span class='ocrx_word' id='word_1_455' title='bbox 3142 396 3400 452; x_wconf 81' lang='lat' dir='ltr'>exeritur</span> <span class='ocrx_word' id='word_1_456' title='bbox 3427 398 3582 454; x_wconf 92' lang='lat' dir='ltr'>bene</span> 
     </span>
    </p>
   </div>
   <div class='ocr_carea' id='block_1_66' title="bbox 1931 469 2604 536">
    <p class='ocr_par' dir='ltr' id='par_1_66' title="bbox 1931 469 2604 536">
     <span class='ocr_line' id='line_1_66' title="bbox 1931 469 2604 536; baseline 0.015 -13"><span class='ocrx_word' id='word_1_457' title='bbox 1931 469 2114 536; x_wconf 88' lang='lat' dir='ltr'>vivat,</span> <span class='ocrx_word' id='word_1_458' title='bbox 2145 471 2252 528; x_wconf 90' lang='lat' dir='ltr'>iste</span> <span class='ocrx_word' id='word_1_459' title='bbox 2294 489 2365 529; x_wconf 92' lang='lat' dir='ltr'>ne</span> <span class='ocrx_word' id='word_1_460' title='bbox 2391 476 2552 531; x_wconf 88' lang='lat' dir='ltr'>vivat</span> <span class='ocrx_word' id='word_1_461' title='bbox 2587 477 2604 533; x_wconf 76' lang='grc' dir='ltr'><strong><em>ι</em></strong></span> 
     </span>
    </p>
   </div>
   <div class='ocr_carea' id='block_1_67' title="bbox 2003 560 3581 640">
    <p class='ocr_par' dir='ltr' id='par_1_67' title="bbox 2003 560 3581 640">
     <span class='ocr_line' id='line_1_67' title="bbox 2003 560 3581 640; baseline 0.011 -28"><span class='ocrx_word' id='word_1_462' title='bbox 2003 560 2086 613; x_wconf 91' lang='grc'><strong>11.</strong></span> <span class='ocrx_word' id='word_1_463' title='bbox 2125 561 2426 618; x_wconf 88' lang='lat' dir='ltr'>Postremo</span> <span class='ocrx_word' id='word_1_464' title='bbox 2449 565 2578 635; x_wconf 85' lang='lat' dir='ltr'>ipse</span> <span class='ocrx_word' id='word_1_465' title='bbox 2603 566 2886 622; x_wconf 90' lang='lat' dir='ltr'>Dominus</span> <span class='ocrx_word' id='word_1_466' title='bbox 2909 571 3072 640; x_wconf 92' lang='lat' dir='ltr'>apud</span> <span class='ocrx_word' id='word_1_467' title='bbox 3103 570 3378 627; x_wconf 91' lang='lat' dir='ltr'>homines</span> <span class='ocrx_word' id='word_1_468' title='bbox 3401 576 3581 630; x_wconf 91' lang='lat' dir='ltr'>inter-</span> 
     </span>
    </p>
   </div>
   <div class='ocr_carea' id='block_1_68' title="bbox 1927 648 3576 722">
    <p class='ocr_par' dir='ltr' id='par_1_68' title="bbox 1927 648 3576 722">
     <span class='ocr_line' id='line_1_68' title="bbox 1927 648 3576 722; baseline 0.01 -20"><span class='ocrx_word' id='word_1_469' title='bbox 1927 648 2124 713; x_wconf 90' lang='lat' dir='ltr'>cessit,</span> <span class='ocrx_word' id='word_1_470' title='bbox 2155 665 2228 704; x_wconf 90' lang='lat' dir='ltr'>ne</span> <span class='ocrx_word' id='word_1_471' title='bbox 2259 651 2623 722; x_wconf 84' lang='lat' dir='ltr'>lapidaretur</span> <span class='ocrx_word' id='word_1_472' title='bbox 2655 655 2946 722; x_wconf 90' lang='lat' dir='ltr'>adultera,</span> <span class='ocrx_word' id='word_1_473' title='bbox 2990 665 3045 713; x_wconf 92' lang='lat' dir='ltr'>et</span> <span class='ocrx_word' id='word_1_474' title='bbox 3085 676 3154 714; x_wconf 91' lang='lat' dir='ltr'>eo</span> <span class='ocrx_word' id='word_1_475' title='bbox 3189 662 3369 717; x_wconf 92' lang='lat' dir='ltr'>modo</span> <span class='ocrx_word' id='word_1_476' title='bbox 3400 664 3576 718; x_wconf 92' lang='lat' dir='ltr'>nobis</span> 
     </span>
    </p>
   </div>
   <div class='ocr_carea' id='block_1_69' title="bbox 1924 736 3576 822">
    <p class='ocr_par' dir='ltr' id='par_1_69' title="bbox 1924 736 3576 822">
     <span class='ocr_line' id='line_1_69' title="bbox 1924 736 3576 822; baseline 0.01 -32"><span class='ocrx_word' id='word_1_477' title='bbox 1924 736 2361 794; x_wconf 91' lang='lat' dir='ltr'>intercessionis</span> <span class='ocrx_word' id='word_1_478' title='bbox 2384 745 2832 800; x_wconf 86' lang='lat' dir='ltr'>commendavit</span> <span class='ocrx_word' id='word_1_479' title='bbox 2854 745 3116 802; x_wconf 86' lang='lat' dir='ltr'>ofﬁcium</span> <span class='ocrx_word' id='word_1_480' title='bbox 3145 765 3156 814; x_wconf 94' lang='lat'>;</span> <span class='ocrx_word' id='word_1_481' title='bbox 3183 751 3297 804; x_wconf 91' lang='lat' dir='ltr'>nisi</span> <span class='ocrx_word' id='word_1_482' title='bbox 3323 752 3464 822; x_wconf 89' lang='lat' dir='ltr'>quia</span> <span class='ocrx_word' id='word_1_483' title='bbox 3481 752 3576 808; x_wconf 92' lang='lat' dir='ltr'>ille</span> 
     </span>
    </p>
   </div>
   <div class='ocr_carea' id='block_1_70' title="bbox 1927 827 3576 905">
    <p class='ocr_par' dir='ltr' id='par_1_70' title="bbox 1927 827 3576 905">
     <span class='ocr_line' id='line_1_70' title="bbox 1927 827 3576 905; baseline 0.01 -26"><span class='ocrx_word' id='word_1_484' title='bbox 1927 827 2191 882; x_wconf 87' lang='lat' dir='ltr'>terrendo</span> <span class='ocrx_word' id='word_1_485' title='bbox 2226 829 2374 895; x_wconf 89' lang='lat' dir='ltr'>fecit,</span> <span class='ocrx_word' id='word_1_486' title='bbox 2408 832 2572 903; x_wconf 92' lang='lat' dir='ltr'>quod</span> <span class='ocrx_word' id='word_1_487' title='bbox 2601 848 2710 888; x_wconf 93' lang='lat' dir='ltr'>nos</span> <span class='ocrx_word' id='word_1_488' title='bbox 2743 835 3020 905; x_wconf 91' lang='lat' dir='ltr'>petendo.</span> <span class='ocrx_word' id='word_1_489' title='bbox 3077 837 3171 892; x_wconf 90' lang='lat' dir='ltr'>Ille</span> <span class='ocrx_word' id='word_1_490' title='bbox 3199 839 3355 894; x_wconf 92' lang='lat' dir='ltr'>enim</span> <span class='ocrx_word' id='word_1_491' title='bbox 3384 841 3576 896; x_wconf 89' lang='lat' dir='ltr'>Domi-</span> 
     </span>
    </p>
   </div>
   <div class='ocr_carea' id='block_1_71' title="bbox 1923 919 3574 995">
    <p class='ocr_par' dir='ltr' id='par_1_71' title="bbox 1923 919 3574 995">
     <span class='ocr_line' id='line_1_71' title="bbox 1923 919 3574 995; baseline 0.01 -27"><span class='ocrx_word' id='word_1_492' title='bbox 1923 930 2057 980; x_wconf 92' lang='lat' dir='ltr'>nus,</span> <span class='ocrx_word' id='word_1_493' title='bbox 2087 932 2197 972; x_wconf 92' lang='lat' dir='ltr'>nos</span> <span class='ocrx_word' id='word_1_494' title='bbox 2226 919 2378 973; x_wconf 90' lang='lat' dir='ltr'>servi</span> <span class='ocrx_word' id='word_1_495' title='bbox 2403 937 2612 975; x_wconf 92' lang='lat' dir='ltr'>sumus</span> <span class='ocrx_word' id='word_1_496' title='bbox 2647 930 3093 980; x_wconf 85' lang='lat' dir='ltr'>:verumtamen</span> <span class='ocrx_word' id='word_1_497' title='bbox 3121 926 3216 980; x_wconf 90' lang='lat' dir='ltr'>ille</span> <span class='ocrx_word' id='word_1_498' title='bbox 3241 928 3325 981; x_wconf 92' lang='lat' dir='ltr'>sic</span> <span class='ocrx_word' id='word_1_499' title='bbox 3353 931 3574 995; x_wconf 90' lang='lat' dir='ltr'>terruit,</span> 
     </span>
    </p>
   </div>
   <div class='ocr_carea' id='block_1_72' title="bbox 1921 1007 3573 1076">
    <p class='ocr_par' dir='ltr' id='par_1_72' title="bbox 1921 1007 3573 1076">
     <span class='ocr_line' id='line_1_72' title="bbox 1921 1007 3573 1076; baseline 0.009 -19"><span class='ocrx_word' id='word_1_500' title='bbox 1921 1009 1982 1057; x_wconf 90' lang='lat' dir='ltr'>ut</span> <span class='ocrx_word' id='word_1_501' title='bbox 2011 1019 2223 1060; x_wconf 92' lang='lat' dir='ltr'>omnes</span> <span class='ocrx_word' id='word_1_502' title='bbox 2249 1007 2451 1062; x_wconf 92' lang='lat' dir='ltr'>timere</span> <span class='ocrx_word' id='word_1_503' title='bbox 2469 1009 2822 1066; x_wconf 88' lang='lat' dir='ltr'>debeamus.</span> <span class='ocrx_word' id='word_1_504' title='bbox 2841 1013 2982 1076; x_wconf 89' lang='lat' dir='ltr'>Quis</span> <span class='ocrx_word' id='word_1_505' title='bbox 3007 1013 3166 1068; x_wconf 91' lang='lat' dir='ltr'>enim</span> <span class='ocrx_word' id='word_1_506' title='bbox 3196 1019 3286 1069; x_wconf 90' lang='lat' dir='ltr'>est</span> <span class='ocrx_word' id='word_1_507' title='bbox 3304 1021 3573 1073; x_wconf 91' lang='lat' dir='ltr'>nostrum</span> 
     </span>
    </p>
   </div>
   <div class='ocr_carea' id='block_1_73' title="bbox 1922 1092 3571 1175">
    <p class='ocr_par' dir='ltr' id='par_1_73' title="bbox 1922 1092 3571 1175">
     <span class='ocr_line' id='line_1_73' title="bbox 1922 1092 3571 1175; baseline 0.009 -30"><span class='ocrx_word' id='word_1_508' title='bbox 1922 1092 2048 1146; x_wconf 90' lang='lat' dir='ltr'>sine</span> <span class='ocrx_word' id='word_1_509' title='bbox 2077 1100 2322 1164; x_wconf 92' lang='lat' dir='ltr'>peccato</span> <span class='ocrx_word' id='word_1_510' title='bbox 2352 1097 2379 1151; x_wconf 88' lang='lat'><strong>?</strong></span> <span class='ocrx_word' id='word_1_511' title='bbox 2412 1097 2579 1161; x_wconf 89' lang='lat' dir='ltr'>Quod</span> <span class='ocrx_word' id='word_1_512' title='bbox 2612 1115 2749 1153; x_wconf 92' lang='lat' dir='ltr'>cum</span> <span class='ocrx_word' id='word_1_513' title='bbox 2779 1099 2891 1154; x_wconf 90' lang='lat' dir='ltr'>illis</span> <span class='ocrx_word' id='word_1_514' title='bbox 2923 1101 3173 1158; x_wconf 79' lang='lat' dir='ltr'>dixisset</span> <span class='ocrx_word' id='word_1_515' title='bbox 3205 1119 3240 1158; x_wconf 87' lang='lat' dir='ltr'>a</span> <span class='ocrx_word' id='word_1_516' title='bbox 3274 1105 3492 1175; x_wconf 88' lang='lat' dir='ltr'>quibus</span> <span class='ocrx_word' id='word_1_517' title='bbox 3521 1107 3571 1161; x_wconf 91' lang='lat' dir='ltr'>ei</span> 
     </span>
    </p>
   </div>
   <div class='ocr_carea' id='block_1_74' title="bbox 1918 1179 3572 1262">
    <p class='ocr_par' dir='ltr' id='par_1_74' title="bbox 1918 1179 3572 1262">
     <span class='ocr_line' id='line_1_74' title="bbox 1918 1179 3572 1262; baseline 0.008 -26"><span class='ocrx_word' id='word_1_518' title='bbox 1918 1179 2280 1237; x_wconf 70' lang='lat' dir='ltr'>offerebatur</span> <span class='ocrx_word' id='word_1_519' title='bbox 2294 1187 2596 1255; x_wconf 90' lang='lat' dir='ltr'>punienda</span> <span class='ocrx_word' id='word_1_520' title='bbox 2624 1189 2941 1258; x_wconf 86' lang='lat' dir='ltr'>peccatrix,</span> <span class='ocrx_word' id='word_1_521' title='bbox 2975 1195 3034 1244; x_wconf 91' lang='lat' dir='ltr'>ut</span> <span class='ocrx_word' id='word_1_522' title='bbox 3049 1191 3149 1262; x_wconf 92' lang='lat' dir='ltr'>qui</span> <span class='ocrx_word' id='word_1_523' title='bbox 3173 1191 3344 1246; x_wconf 91' lang='lat' dir='ltr'>sciret</span> <span class='ocrx_word' id='word_1_524' title='bbox 3371 1209 3430 1248; x_wconf 93' lang='lat' dir='ltr'>se</span> <span class='ocrx_word' id='word_1_525' title='bbox 3445 1210 3572 1250; x_wconf 91' lang='lat' dir='ltr'>esse</span> 
     </span>
    </p>
   </div>
   <div class='ocr_carea' id='block_1_75' title="bbox 1919 1269 3572 1347">
    <p class='ocr_par' dir='ltr' id='par_1_75' title="bbox 1919 1269 3572 1347">
     <span class='ocr_line' id='line_1_75' title="bbox 1919 1269 3572 1347; baseline 0.008 -24"><span class='ocrx_word' id='word_1_526' title='bbox 1919 1269 2046 1324; x_wconf 92' lang='lat' dir='ltr'>sine</span> <span class='ocrx_word' id='word_1_527' title='bbox 2078 1278 2342 1340; x_wconf 87' lang='lat' dir='ltr'>peccato,</span> <span class='ocrx_word' id='word_1_528' title='bbox 2379 1275 2791 1344; x_wconf 90' lang='lat' dir='ltr'>priorinillam</span> <span class='ocrx_word' id='word_1_529' title='bbox 2818 1278 3077 1344; x_wconf 89' lang='lat' dir='ltr'>lapidem</span> <span class='ocrx_word' id='word_1_530' title='bbox 3101 1281 3394 1347; x_wconf 91' lang='lat' dir='ltr'>mitteret;</span> <span class='ocrx_word' id='word_1_531' title='bbox 3422 1283 3572 1337; x_wconf 91' lang='lat' dir='ltr'>ceci-</span> 
     </span>
    </p>
   </div>
   <div class='ocr_carea' id='block_1_76' title="bbox 1916 1358 3571 1428">
    <p class='ocr_par' dir='ltr' id='par_1_76' title="bbox 1916 1358 3571 1428">
     <span class='ocr_line' id='line_1_76' title="bbox 1916 1358 3571 1428; baseline 0.009 -16"><span class='ocrx_word' id='word_1_532' title='bbox 1916 1358 2002 1413; x_wconf 93' lang='lat' dir='ltr'>dit</span> <span class='ocrx_word' id='word_1_533' title='bbox 2031 1361 2282 1426; x_wconf 70' lang='lat' dir='ltr'>saavitia,</span> <span class='ocrx_word' id='word_1_534' title='bbox 2303 1367 2585 1418; x_wconf 90' lang='lat' dir='ltr'>tremente</span> <span class='ocrx_word' id='word_1_535' title='bbox 2609 1366 2974 1422; x_wconf 89' lang='lat' dir='ltr'>conscientia</span> <span class='ocrx_word' id='word_1_536' title='bbox 3003 1384 3014 1420; x_wconf 75' lang='grc' dir='ltr'><strong>ε</strong></span> <span class='ocrx_word' id='word_1_537' title='bbox 3045 1372 3181 1423; x_wconf 86' lang='lat' dir='ltr'>tunc</span> <span class='ocrx_word' id='word_1_538' title='bbox 3204 1371 3362 1425; x_wconf 92' lang='lat' dir='ltr'>enim</span> <span class='ocrx_word' id='word_1_539' title='bbox 3382 1387 3452 1426; x_wconf 86' lang='lat' dir='ltr'>ex</span> <span class='ocrx_word' id='word_1_540' title='bbox 3473 1372 3571 1428; x_wconf 91' lang='lat' dir='ltr'>illa</span> 
     </span>
    </p>
   </div>
   <div class='ocr_carea' id='block_1_77' title="bbox 1908 1446 3568 1524">
    <p class='ocr_par' dir='ltr' id='par_1_77' title="bbox 1908 1446 3568 1524">
     <span class='ocr_line' id='line_1_77' title="bbox 1908 1446 3568 1524; baseline 0.008 -23"><span class='ocrx_word' id='word_1_541' title='bbox 1908 1446 2036 1517; x_wconf 90' lang='lat' dir='ltr'>jam</span> <span class='ocrx_word' id='word_1_542' title='bbox 2063 1451 2524 1520; x_wconf 89' lang='lat' dir='ltr'>congregatione</span> <span class='ocrx_word' id='word_1_543' title='bbox 2553 1452 2794 1524; x_wconf 87' lang='lat' dir='ltr'>dilapsi,</span> <span class='ocrx_word' id='word_1_544' title='bbox 2829 1454 3020 1510; x_wconf 92' lang='lat' dir='ltr'>solam</span> <span class='ocrx_word' id='word_1_545' title='bbox 3057 1457 3431 1514; x_wconf 90' lang='lat' dir='ltr'>misericordi</span> <span class='ocrx_word' id='word_1_546' title='bbox 3458 1461 3568 1514; x_wconf 89' lang='lat' dir='ltr'>mi-</span> 
     </span>
    </p>
   </div>
   <div class='ocr_carea' id='block_1_78' title="bbox 1913 1539 3569 1619">
    <p class='ocr_par' dir='ltr' id='par_1_78' title="bbox 1913 1539 3569 1619">
     <span class='ocr_line' id='line_1_78' title="bbox 1913 1539 3569 1619; baseline 0.007 -29"><span class='ocrx_word' id='word_1_547' title='bbox 1913 1551 2108 1592; x_wconf 91' lang='lat' dir='ltr'>seram</span> <span class='ocrx_word' id='word_1_548' title='bbox 2161 1539 2550 1610; x_wconf 92' lang='lat' dir='ltr'>reliquerunt.</span> <span class='ocrx_word' id='word_1_549' title='bbox 2592 1542 2773 1597; x_wconf 88' lang='lat' dir='ltr'>Cedat</span> <span class='ocrx_word' id='word_1_550' title='bbox 2829 1544 2968 1598; x_wconf 93' lang='lat' dir='ltr'>huic</span> <span class='ocrx_word' id='word_1_551' title='bbox 3026 1547 3328 1602; x_wconf 64' lang='lat' dir='ltr'>sententiae</span> <span class='ocrx_word' id='word_1_552' title='bbox 3379 1549 3569 1619; x_wconf 91' lang='lat' dir='ltr'>pietas</span> 
     </span>
    </p>
   </div>
   <div class='ocr_carea' id='block_1_79' title="bbox 1913 1624 3570 1702">
    <p class='ocr_par' dir='ltr' id='par_1_79' title="bbox 1913 1624 3570 1702">
     <span class='ocr_line' id='line_1_79' title="bbox 1913 1624 3570 1702; baseline 0.007 -21"><span class='ocrx_word' id='word_1_553' title='bbox 1913 1624 2518 1693; x_wconf 90' lang='lat' dir='ltr'>Christianorum,cui</span> <span class='ocrx_word' id='word_1_554' title='bbox 2549 1630 2728 1685; x_wconf 88' lang='lat' dir='ltr'>cessit</span> <span class='ocrx_word' id='word_1_555' title='bbox 2759 1631 3036 1702; x_wconf 90' lang='lat' dir='ltr'>impietas</span> <span class='ocrx_word' id='word_1_556' title='bbox 3069 1633 3445 1691; x_wconf 68' lang='lat' dir='ltr'>Judaaorum:</span> <span class='ocrx_word' id='word_1_557' title='bbox 3479 1652 3570 1692; x_wconf 90' lang='lat' dir='ltr'>ce-</span> 
     </span>
    </p>
   </div>
   <div class='ocr_carea' id='block_1_80' title="bbox 1911 1713 3566 1796">
    <p class='ocr_par' dir='ltr' id='par_1_80' title="bbox 1911 1713 3566 1796">
     <span class='ocr_line' id='line_1_80' title="bbox 1911 1713 3566 1796; baseline 0.007 -28"><span class='ocrx_word' id='word_1_558' title='bbox 1911 1713 2012 1768; x_wconf 90' lang='lat' dir='ltr'>dat</span> <span class='ocrx_word' id='word_1_559' title='bbox 2026 1714 2332 1771; x_wconf 90' lang='lat' dir='ltr'>humilitas</span> <span class='ocrx_word' id='word_1_560' title='bbox 2348 1717 2832 1790; x_wconf 90' lang='lat' dir='ltr'>obsequentium,</span> <span class='ocrx_word' id='word_1_561' title='bbox 2851 1722 2940 1774; x_wconf 92' lang='lat' dir='ltr'>cui</span> <span class='ocrx_word' id='word_1_562' title='bbox 2959 1722 3426 1794; x_wconf 89' lang='lat' dir='ltr'>cessitsuperbia</span> <span class='ocrx_word' id='word_1_563' title='bbox 3441 1741 3566 1796; x_wconf 91' lang='lat' dir='ltr'>per-</span> 
     </span>
    </p>
   </div>
   <div class='ocr_carea' id='block_1_81' title="bbox 1913 1805 3565 1876">
    <p class='ocr_par' dir='ltr' id='par_1_81' title="bbox 1913 1805 3565 1876">
     <span class='ocr_line' id='line_1_81' title="bbox 1913 1805 3565 1876; baseline 0.008 -20"><span class='ocrx_word' id='word_1_564' title='bbox 1913 1805 2329 1874; x_wconf 91' lang='lat' dir='ltr'>sequentium:</span> <span class='ocrx_word' id='word_1_565' title='bbox 2367 1807 2540 1862; x_wconf 89' lang='lat' dir='ltr'>cedat</span> <span class='ocrx_word' id='word_1_566' title='bbox 2571 1809 2866 1864; x_wconf 88' lang='lat' dir='ltr'>confessio</span> <span class='ocrx_word' id='word_1_567' title='bbox 2907 1808 3120 1876; x_wconf 88' lang='lat' dir='ltr'>ﬁdelis,</span> <span class='ocrx_word' id='word_1_568' title='bbox 3155 1812 3246 1866; x_wconf 93' lang='lat' dir='ltr'>cui</span> <span class='ocrx_word' id='word_1_569' title='bbox 3277 1814 3452 1868; x_wconf 91' lang='lat' dir='ltr'>cessit</span> <span class='ocrx_word' id='word_1_570' title='bbox 3497 1815 3565 1868; x_wconf 86' lang='lat' dir='ltr'>si-</span> 
     </span>
    </p>
   </div>
   <div class='ocr_carea' id='block_1_82' title="bbox 1911 1891 3564 1972">
    <p class='ocr_par' dir='ltr' id='par_1_82' title="bbox 1911 1891 3564 1972">
     <span class='ocr_line' id='line_1_82' title="bbox 1911 1891 3564 1972; baseline 0.007 -27"><span class='ocrx_word' id='word_1_571' title='bbox 1911 1891 2158 1948; x_wconf 91' lang='lat' dir='ltr'>mulatio</span> <span class='ocrx_word' id='word_1_572' title='bbox 2191 1897 2519 1950; x_wconf 86' lang='lat' dir='ltr'>tentatoris.</span> <span class='ocrx_word' id='word_1_573' title='bbox 2556 1897 2719 1952; x_wconf 88' lang='lat' dir='ltr'>Malis</span> <span class='ocrx_word' id='word_1_574' title='bbox 2751 1914 2948 1968; x_wconf 91' lang='lat' dir='ltr'>parce,</span> <span class='ocrx_word' id='word_1_575' title='bbox 2984 1900 3073 1952; x_wconf 90' lang='lat' dir='ltr'>vir</span> <span class='ocrx_word' id='word_1_576' title='bbox 3096 1900 3250 1954; x_wconf 90' lang='lat' dir='ltr'>bone</span> <span class='ocrx_word' id='word_1_577' title='bbox 3282 1917 3294 1955; x_wconf 92' lang='lat'><strong>:</strong></span> <span class='ocrx_word' id='word_1_578' title='bbox 3337 1907 3564 1972; x_wconf 90' lang='lat' dir='ltr'>quanto</span> 
     </span>
    </p>
   </div>
   <div class='ocr_carea' id='block_1_83' title="bbox 1909 1982 3564 2061">
    <p class='ocr_par' dir='ltr' id='par_1_83' title="bbox 1909 1982 3564 2061">
     <span class='ocr_line' id='line_1_83' title="bbox 1909 1982 3564 2061; baseline 0.005 -26"><span class='ocrx_word' id='word_1_579' title='bbox 1909 1982 2140 2046; x_wconf 92' lang='lat' dir='ltr'>melior,</span> <span class='ocrx_word' id='word_1_580' title='bbox 2176 1988 2341 2039; x_wconf 90' lang='lat' dir='ltr'>tanto</span> <span class='ocrx_word' id='word_1_581' title='bbox 2371 1989 2496 2039; x_wconf 90' lang='lat' dir='ltr'>esto</span> <span class='ocrx_word' id='word_1_582' title='bbox 2529 1987 2723 2041; x_wconf 92' lang='lat' dir='ltr'>mitior</span> <span class='ocrx_word' id='word_1_583' title='bbox 2756 2004 2767 2053; x_wconf 92' lang='lat'><strong>;</strong></span> <span class='ocrx_word' id='word_1_584' title='bbox 2797 1993 3026 2058; x_wconf 89' lang='lat' dir='ltr'>quanto</span> <span class='ocrx_word' id='word_1_585' title='bbox 3060 1988 3123 2043; x_wconf 87' lang='lat' dir='ltr'>ﬁt</span> <span class='ocrx_word' id='word_1_586' title='bbox 3161 1989 3337 2045; x_wconf 91' lang='lat' dir='ltr'>elsior</span> <span class='ocrx_word' id='word_1_587' title='bbox 3365 1996 3564 2061; x_wconf 92' lang='lat' dir='ltr'>potes-</span> 
     </span>
    </p>
   </div>
   <div class='ocr_carea' id='block_1_84' title="bbox 1909 2073 3047 2146">
    <p class='ocr_par' dir='ltr' id='par_1_84' title="bbox 1909 2073 3047 2146">
     <span class='ocr_line' id='line_1_84' title="bbox 1909 2073 3047 2146; baseline 0.005 -22"><span class='ocrx_word' id='word_1_588' title='bbox 1909 2073 2046 2136; x_wconf 90' lang='lat' dir='ltr'>tate,</span> <span class='ocrx_word' id='word_1_589' title='bbox 2081 2076 2244 2127; x_wconf 91' lang='lat' dir='ltr'>tanto</span> <span class='ocrx_word' id='word_1_590' title='bbox 2271 2073 2552 2129; x_wconf 87' lang='lat' dir='ltr'>humilior</span> <span class='ocrx_word' id='word_1_591' title='bbox 2579 2074 2716 2129; x_wconf 90' lang='lat' dir='ltr'>ﬁere</span> <span class='ocrx_word' id='word_1_592' title='bbox 2746 2075 2965 2146; x_wconf 87' lang='lat' dir='ltr'>pietate</span> <span class='ocrx_word' id='word_1_593' title='bbox 3007 2081 3047 2130; x_wconf 80' lang='grc'>³.</span> 
     </span>
    </p>
   </div>
   <div class='ocr_carea' id='block_1_85' title="bbox 1981 2160 3561 2235">
    <p class='ocr_par' dir='ltr' id='par_1_85' title="bbox 1981 2160 3561 2235">
     <span class='ocr_line' id='line_1_85' title="bbox 1981 2160 3561 2235; baseline 0.005 -22"><span class='ocrx_word' id='word_1_594' title='bbox 1981 2160 2204 2215; x_wconf 82' lang='lat' dir='ltr'>CAPUT</span> <span class='ocrx_word' id='word_1_595' title='bbox 2233 2163 2294 2216; x_wconf 88' lang='lat' dir='ltr'>V.</span> <span class='ocrx_word' id='word_1_596' title='bbox 2332 2193 2382 2201; x_wconf 52' lang='grc' dir='ltr'><em>α</em></span> <span class='ocrx_word' id='word_1_597' title='bbox 2417 2163 2498 2216; x_wconf 82' lang='grc'>12.</span> <span class='ocrx_word' id='word_1_598' title='bbox 2530 2166 2645 2232; x_wconf 80' lang='lat' dir='ltr'>Ego</span> <span class='ocrx_word' id='word_1_599' title='bbox 2671 2163 2915 2235; x_wconf 90' lang='lat' dir='ltr'>quidem</span> <span class='ocrx_word' id='word_1_600' title='bbox 2938 2165 3175 2220; x_wconf 88' lang='lat' dir='ltr'>intuens</span> <span class='ocrx_word' id='word_1_601' title='bbox 3193 2171 3561 2234; x_wconf 90' lang='lat' dir='ltr'>morestuos,</span> 
     </span>
    </p>
   </div>
   <div class='ocr_carea' id='block_1_86' title="bbox 1909 2247 3562 2318">
    <p class='ocr_par' dir='ltr' id='par_1_86' title="bbox 1909 2247 3562 2318">
     <span class='ocr_line' id='line_1_86' title="bbox 1909 2247 3562 2318; baseline 0.007 -17"><span class='ocrx_word' id='word_1_602' title='bbox 1909 2247 2199 2318; x_wconf 90' lang='lat' dir='ltr'>appellavi</span> <span class='ocrx_word' id='word_1_603' title='bbox 2233 2254 2286 2304; x_wconf 92' lang='lat' dir='ltr'>te</span> <span class='ocrx_word' id='word_1_604' title='bbox 2322 2252 2512 2305; x_wconf 91' lang='lat' dir='ltr'>virum</span> <span class='ocrx_word' id='word_1_605' title='bbox 2549 2251 2778 2307; x_wconf 92' lang='lat' dir='ltr'>bonum</span> <span class='ocrx_word' id='word_1_606' title='bbox 2810 2268 2824 2317; x_wconf 89' lang='lat'><strong>;</strong></span> <span class='ocrx_word' id='word_1_607' title='bbox 2859 2254 2963 2308; x_wconf 91' lang='lat' dir='ltr'>sed</span> <span class='ocrx_word' id='word_1_608' title='bbox 2995 2258 3055 2308; x_wconf 91' lang='lat' dir='ltr'>tu</span> <span class='ocrx_word' id='word_1_609' title='bbox 3083 2253 3322 2310; x_wconf 88' lang='lat' dir='ltr'>intuens</span> <span class='ocrx_word' id='word_1_610' title='bbox 3375 2256 3562 2313; x_wconf 88' lang='lat' dir='ltr'>verba</span> 
     </span>
    </p>
   </div>
   <div class='ocr_carea' id='block_1_87' title="bbox 1909 2336 3563 2411">
    <p class='ocr_par' dir='ltr' id='par_1_87' title="bbox 1909 2336 3563 2411">
     <span class='ocr_line' id='line_1_87' title="bbox 1909 2336 3563 2411; baseline 0.006 -19"><span class='ocrx_word' id='word_1_611' title='bbox 1909 2336 2137 2402; x_wconf 91' lang='lat' dir='ltr'>Christi,</span> <span class='ocrx_word' id='word_1_612' title='bbox 2162 2338 2256 2392; x_wconf 94' lang='lat' dir='ltr'>dic</span> <span class='ocrx_word' id='word_1_613' title='bbox 2291 2339 2390 2393; x_wconf 89' lang='lat' dir='ltr'>tibi</span> <span class='ocrx_word' id='word_1_614' title='bbox 2425 2340 2532 2411; x_wconf 91' lang='lat' dir='ltr'>ipsi</span> <span class='ocrx_word' id='word_1_615' title='bbox 2566 2357 2576 2394; x_wconf 93' lang='lat'><strong>:</strong></span> <span class='ocrx_word' id='word_1_616' title='bbox 2611 2342 2793 2396; x_wconf 89' lang='lat' dir='ltr'>Nemo</span> <span class='ocrx_word' id='word_1_617' title='bbox 2827 2342 3031 2406; x_wconf 85' lang='lat' dir='ltr'>bonus,</span> <span class='ocrx_word' id='word_1_618' title='bbox 3057 2343 3174 2398; x_wconf 84' lang='lat' dir='ltr'>nisi</span> <span class='ocrx_word' id='word_1_619' title='bbox 3206 2360 3358 2399; x_wconf 90' lang='lat' dir='ltr'>unus</span> <span class='ocrx_word' id='word_1_620' title='bbox 3407 2347 3563 2402; x_wconf 89' lang='lat' dir='ltr'>Deus</span> 
     </span>
    </p>
   </div>
   <div class='ocr_carea' id='block_1_88' title="bbox 1905 2424 3565 2499">
    <p class='ocr_par' dir='ltr' id='par_1_88' title="bbox 1905 2424 3565 2499">
     <span class='ocr_line' id='line_1_88' title="bbox 1905 2424 3565 2499; baseline 0.006 -19"><span class='ocrx_word' id='word_1_621' title='bbox 1905 2424 2114 2496; x_wconf 85' lang='lat' dir='ltr'>(Marc.</span> <span class='ocrx_word' id='word_1_622' title='bbox 2164 2443 2224 2495; x_wconf 89' lang='lat' dir='ltr'>x,</span> <span class='ocrx_word' id='word_1_623' title='bbox 2255 2428 2359 2495; x_wconf 76' lang='lat'>18).</span> <span class='ocrx_word' id='word_1_624' title='bbox 2391 2429 2562 2494; x_wconf 87' lang='lat' dir='ltr'>Quod</span> <span class='ocrx_word' id='word_1_625' title='bbox 2590 2445 2726 2484; x_wconf 94' lang='lat' dir='ltr'>cum</span> <span class='ocrx_word' id='word_1_626' title='bbox 2747 2446 2949 2486; x_wconf 89' lang='lat' dir='ltr'>verum</span> <span class='ocrx_word' id='word_1_627' title='bbox 2976 2433 3050 2486; x_wconf 91' lang='lat' dir='ltr'>sit</span> <span class='ocrx_word' id='word_1_628' title='bbox 3073 2432 3208 2499; x_wconf 90' lang='lat' dir='ltr'>(hoc</span> <span class='ocrx_word' id='word_1_629' title='bbox 3227 2434 3387 2489; x_wconf 92' lang='lat' dir='ltr'>enim</span> <span class='ocrx_word' id='word_1_630' title='bbox 3411 2434 3565 2490; x_wconf 91' lang='lat' dir='ltr'>Veri-</span> 
     </span>
    </p>
   </div>
   <div class='ocr_carea' id='block_1_89' title="bbox 1907 2515 3561 2586">
    <p class='ocr_par' dir='ltr' id='par_1_89' title="bbox 1907 2515 3561 2586">
     <span class='ocr_line' id='line_1_89' title="bbox 1907 2515 3561 2586; baseline 0.005 -16"><span class='ocrx_word' id='word_1_631' title='bbox 1907 2519 1994 2570; x_wconf 89' lang='lat' dir='ltr'>tas</span> <span class='ocrx_word' id='word_1_632' title='bbox 2034 2515 2223 2583; x_wconf 87' lang='lat' dir='ltr'>dixit),</span> <span class='ocrx_word' id='word_1_633' title='bbox 2256 2533 2362 2571; x_wconf 93' lang='lat' dir='ltr'>nec</span> <span class='ocrx_word' id='word_1_634' title='bbox 2404 2531 2516 2586; x_wconf 90' lang='lat' dir='ltr'>ego</span> <span class='ocrx_word' id='word_1_635' title='bbox 2559 2524 2760 2573; x_wconf 90' lang='lat' dir='ltr'>tamen</span> <span class='ocrx_word' id='word_1_636' title='bbox 2799 2519 2944 2574; x_wconf 91' lang='lat' dir='ltr'>illud</span> <span class='ocrx_word' id='word_1_637' title='bbox 2984 2520 3314 2576; x_wconf 86' lang='lat' dir='ltr'>existimari</span> <span class='ocrx_word' id='word_1_638' title='bbox 3369 2523 3561 2579; x_wconf 90' lang='lat' dir='ltr'>debeo</span> 
     </span>
    </p>
   </div>
   <div class='ocr_carea' id='block_1_90' title="bbox 1906 2603 3565 2682">
    <p class='ocr_par' dir='ltr' id='par_1_90' title="bbox 1906 2603 3565 2682">
     <span class='ocr_line' id='line_1_90' title="bbox 1906 2603 3565 2682; baseline 0.007 -24"><span class='ocrx_word' id='word_1_639' title='bbox 1906 2603 2098 2659; x_wconf 88' lang='lat' dir='ltr'>fallaci</span> <span class='ocrx_word' id='word_1_640' title='bbox 2113 2609 2511 2662; x_wconf 89' lang='lat' dir='ltr'>assentatione</span> <span class='ocrx_word' id='word_1_641' title='bbox 2535 2607 3164 2675; x_wconf 89' lang='lat' dir='ltr'>dixisse,etdominicis</span> <span class='ocrx_word' id='word_1_642' title='bbox 3179 2611 3372 2664; x_wconf 88' lang='lat' dir='ltr'>verbis</span> <span class='ocrx_word' id='word_1_643' title='bbox 3388 2613 3565 2682; x_wconf 91' lang='lat' dir='ltr'>quasi</span> 
     </span>
    </p>
   </div>
   <div class='ocr_carea' id='block_1_91' title="bbox 1905 2694 3563 2767">
    <p class='ocr_par' dir='ltr' id='par_1_91' title="bbox 1905 2694 3563 2767">
     <span class='ocr_line' id='line_1_91' title="bbox 1905 2694 3563 2767; baseline 0.005 -19"><span class='ocrx_word' id='word_1_644' title='bbox 1905 2694 2236 2749; x_wconf 90' lang='lat' dir='ltr'>contrarius</span> <span class='ocrx_word' id='word_1_645' title='bbox 2253 2695 2564 2760; x_wconf 89' lang='lat' dir='ltr'>exstitisse,</span> <span class='ocrx_word' id='word_1_646' title='bbox 2589 2701 2650 2752; x_wconf 92' lang='lat' dir='ltr'>ut</span> <span class='ocrx_word' id='word_1_647' title='bbox 2678 2713 2816 2752; x_wconf 91' lang='lat' dir='ltr'>cum</span> <span class='ocrx_word' id='word_1_648' title='bbox 2846 2697 2938 2752; x_wconf 91' lang='lat' dir='ltr'>ille</span> <span class='ocrx_word' id='word_1_649' title='bbox 2953 2700 3131 2763; x_wconf 91' lang='lat' dir='ltr'>dicat,</span> <span class='ocrx_word' id='word_1_650' title='bbox 3148 2699 3330 2755; x_wconf 91' lang='lat' dir='ltr'>Nemo</span> <span class='ocrx_word' id='word_1_651' title='bbox 3353 2700 3563 2767; x_wconf 87' lang='lat' dir='ltr'>bonus,</span> 
     </span>
    </p>
   </div>
   <div class='ocr_carea' id='block_1_92' title="bbox 1904 2783 3559 2856">
    <p class='ocr_par' dir='ltr' id='par_1_92' title="bbox 1904 2783 3559 2856">
     <span class='ocr_line' id='line_1_92' title="bbox 1904 2783 3559 2856; baseline 0.005 -19"><span class='ocrx_word' id='word_1_652' title='bbox 1904 2783 2186 2837; x_wconf 87' lang='lat' dir='ltr'>nisiunus</span> <span class='ocrx_word' id='word_1_653' title='bbox 2200 2784 2505 2853; x_wconf 89' lang='lat' dir='ltr'>Deus,ego</span> <span class='ocrx_word' id='word_1_654' title='bbox 2533 2791 2583 2839; x_wconf 92' lang='lat' dir='ltr'>te</span> <span class='ocrx_word' id='word_1_655' title='bbox 2611 2786 3038 2856; x_wconf 91' lang='lat' dir='ltr'>appellaverim</span> <span class='ocrx_word' id='word_1_656' title='bbox 3065 2787 3258 2843; x_wconf 90' lang='lat' dir='ltr'>virum</span> <span class='ocrx_word' id='word_1_657' title='bbox 3277 2789 3506 2844; x_wconf 89' lang='lat' dir='ltr'>bonum</span> <span class='ocrx_word' id='word_1_658' title='bbox 3547 2807 3559 2846; x_wconf 87' lang='lat'><strong>:</strong></span> 
     </span>
    </p>
   </div>
   <div class='ocr_carea' id='block_1_93' title="bbox 1905 2871 3557 2944">
    <p class='ocr_par' dir='ltr' id='par_1_93' title="bbox 1905 2871 3557 2944">
     <span class='ocr_line' id='line_1_93' title="bbox 1905 2871 3557 2944; baseline 0.006 -20"><span class='ocrx_word' id='word_1_659' title='bbox 1905 2887 2024 2925; x_wconf 94' lang='lat' dir='ltr'>non</span> <span class='ocrx_word' id='word_1_660' title='bbox 2056 2871 2216 2925; x_wconf 90' lang='lat' dir='ltr'>enim</span> <span class='ocrx_word' id='word_1_661' title='bbox 2240 2879 2295 2926; x_wconf 90' lang='lat' dir='ltr'>et</span> <span class='ocrx_word' id='word_1_662' title='bbox 2320 2873 2444 2942; x_wconf 90' lang='lat' dir='ltr'>ipse</span> <span class='ocrx_word' id='word_1_663' title='bbox 2460 2872 2749 2927; x_wconf 89' lang='lat' dir='ltr'>Dominus</span> <span class='ocrx_word' id='word_1_664' title='bbox 2765 2877 3060 2930; x_wconf 85' lang='lat' dir='ltr'>contraria</span> <span class='ocrx_word' id='word_1_665' title='bbox 3076 2876 3184 2930; x_wconf 92' lang='lat' dir='ltr'>sibi</span> <span class='ocrx_word' id='word_1_666' title='bbox 3201 2877 3436 2932; x_wconf 90' lang='lat' dir='ltr'>locutus</span> <span class='ocrx_word' id='word_1_667' title='bbox 3451 2884 3557 2944; x_wconf 90' lang='lat' dir='ltr'>est,</span> 
     </span>
    </p>
   </div>
   <div class='ocr_carea' id='block_1_94' title="bbox 1907 2961 3560 3035">
    <p class='ocr_par' dir='ltr' id='par_1_94' title="bbox 1907 2961 3560 3035">
     <span class='ocr_line' id='line_1_94' title="bbox 1907 2961 3560 3035; baseline 0.005 -21"><span class='ocrx_word' id='word_1_668' title='bbox 1907 2961 2005 3015; x_wconf 91' lang='lat' dir='ltr'>ubi</span> <span class='ocrx_word' id='word_1_669' title='bbox 2020 2962 2118 3026; x_wconf 91' lang='lat' dir='ltr'>ait,</span> <span class='ocrx_word' id='word_1_670' title='bbox 2141 2962 2337 3016; x_wconf 86' lang='lat' dir='ltr'>Bonus</span> <span class='ocrx_word' id='word_1_671' title='bbox 2361 2962 2530 3016; x_wconf 88' lang='lat' dir='ltr'>homo</span> <span class='ocrx_word' id='word_1_672' title='bbox 2544 2962 2614 3016; x_wconf 91' lang='lat' dir='ltr'>de</span> <span class='ocrx_word' id='word_1_673' title='bbox 2636 2963 2783 3017; x_wconf 86' lang='lat' dir='ltr'>bono</span> <span class='ocrx_word' id='word_1_674' title='bbox 2800 2963 3078 3019; x_wconf 85' lang='lat' dir='ltr'>thesauro</span> <span class='ocrx_word' id='word_1_675' title='bbox 3096 2966 3290 3020; x_wconf 79' lang='lat' dir='ltr'>cordis</span> <span class='ocrx_word' id='word_1_676' title='bbox 3312 2969 3408 3020; x_wconf 86' lang='lat' dir='ltr'>sui</span> <span class='ocrx_word' id='word_1_677' title='bbox 3426 2983 3560 3035; x_wconf 81' lang='lat' dir='ltr'>pro~</span> 
     </span>
    </p>
   </div>
   <div class='ocr_carea' id='block_1_95' title="bbox 1898 3049 3556 3121">
    <p class='ocr_par' dir='ltr' id='par_1_95' title="bbox 1898 3049 3556 3121">
     <span class='ocr_line' id='line_1_95' title="bbox 1898 3049 3556 3121; baseline 0.003 -16"><span class='ocrx_word' id='word_1_678' title='bbox 1898 3051 2022 3119; x_wconf 82' lang='lat' dir='ltr'>fert</span> <span class='ocrx_word' id='word_1_679' title='bbox 2038 3050 2188 3104; x_wconf 85' lang='lat' dir='ltr'>bona</span> <span class='ocrx_word' id='word_1_680' title='bbox 2206 3049 2372 3119; x_wconf 87' lang='lat' dir='ltr'>(Luc.</span> <span class='ocrx_word' id='word_1_681' title='bbox 2397 3066 2470 3114; x_wconf 82' lang='lat' dir='ltr'>Vl,</span> <span class='ocrx_word' id='word_1_682' title='bbox 2486 3051 2598 3121; x_wconf 76' lang='grc'>45).</span> <span class='ocrx_word' id='word_1_683' title='bbox 2618 3051 2770 3105; x_wconf 91' lang='lat' dir='ltr'>Deus</span> <span class='ocrx_word' id='word_1_684' title='bbox 2787 3067 2926 3120; x_wconf 92' lang='lat' dir='ltr'>ergo</span> <span class='ocrx_word' id='word_1_685' title='bbox 2954 3053 3330 3121; x_wconf 90' lang='lat' dir='ltr'>singulariter</span> <span class='ocrx_word' id='word_1_686' title='bbox 3359 3055 3556 3110; x_wconf 88' lang='lat' dir='ltr'>bonus</span> 
     </span>
    </p>
   </div>
   <div class='ocr_carea' id='block_1_96' title="bbox 1905 3138 3559 3210">
    <p class='ocr_par' dir='ltr' id='par_1_96' title="bbox 1905 3138 3559 3210">
     <span class='ocr_line' id='line_1_96' title="bbox 1905 3138 3559 3210; baseline 0.004 -17"><span class='ocrx_word' id='word_1_687' title='bbox 1905 3145 2011 3202; x_wconf 90' lang='lat' dir='ltr'>est,</span> <span class='ocrx_word' id='word_1_688' title='bbox 2042 3143 2096 3193; x_wconf 92' lang='lat' dir='ltr'>et</span> <span class='ocrx_word' id='word_1_689' title='bbox 2126 3139 2239 3193; x_wconf 91' lang='lat' dir='ltr'>hoc</span> <span class='ocrx_word' id='word_1_690' title='bbox 2261 3138 2529 3194; x_wconf 90' lang='lat' dir='ltr'>amittere</span> <span class='ocrx_word' id='word_1_691' title='bbox 2556 3155 2675 3194; x_wconf 91' lang='lat' dir='ltr'>non</span> <span class='ocrx_word' id='word_1_692' title='bbox 2711 3144 2906 3210; x_wconf 88' lang='lat' dir='ltr'>potest</span> <span class='ocrx_word' id='word_1_693' title='bbox 2937 3156 2949 3206; x_wconf 93' lang='lat'>;</span> <span class='ocrx_word' id='word_1_694' title='bbox 2979 3141 3197 3195; x_wconf 90' lang='lat' dir='ltr'>nullius</span> <span class='ocrx_word' id='word_1_695' title='bbox 3223 3142 3381 3196; x_wconf 91' lang='lat' dir='ltr'>enim</span> <span class='ocrx_word' id='word_1_696' title='bbox 3415 3143 3559 3199; x_wconf 80' lang='lat' dir='ltr'>boni</span> 
     </span>
    </p>
   </div>
   <div class='ocr_carea' id='block_1_97' title="bbox 1904 3227 3554 3302">
    <p class='ocr_par' dir='ltr' id='par_1_97' title="bbox 1904 3227 3554 3302">
     <span class='ocr_line' id='line_1_97' title="bbox 1904 3227 3554 3302; baseline 0.002 -19"><span class='ocrx_word' id='word_1_697' title='bbox 1904 3227 2358 3300; x_wconf 90' lang='lat' dir='ltr'>participatione</span> <span class='ocrx_word' id='word_1_698' title='bbox 2386 3227 2581 3283; x_wconf 88' lang='lat' dir='ltr'>bonus</span> <span class='ocrx_word' id='word_1_699' title='bbox 2603 3234 2710 3291; x_wconf 91' lang='lat' dir='ltr'>est,</span> <span class='ocrx_word' id='word_1_700' title='bbox 2741 3229 3029 3301; x_wconf 90' lang='lat' dir='ltr'>quoniam</span> <span class='ocrx_word' id='word_1_701' title='bbox 3055 3229 3285 3284; x_wconf 92' lang='lat' dir='ltr'>bonum</span> <span class='ocrx_word' id='word_1_702' title='bbox 3303 3247 3423 3302; x_wconf 91' lang='lat' dir='ltr'>quo</span> <span class='ocrx_word' id='word_1_703' title='bbox 3451 3232 3554 3287; x_wconf 85' lang='lat' dir='ltr'>bo-</span> 
     </span>
    </p>
   </div>
   <div class='ocr_carea' id='block_1_98' title="bbox 1903 3316 3554 3389">
    <p class='ocr_par' dir='ltr' id='par_1_98' title="bbox 1903 3316 3554 3389">
     <span class='ocr_line' id='line_1_98' title="bbox 1903 3316 3554 3389; baseline 0.001 -17"><span class='ocrx_word' id='word_1_704' title='bbox 1903 3332 2013 3372; x_wconf 92' lang='lat' dir='ltr'>nus</span> <span class='ocrx_word' id='word_1_705' title='bbox 2042 3321 2146 3381; x_wconf 91' lang='lat' dir='ltr'>est,</span> <span class='ocrx_word' id='word_1_706' title='bbox 2176 3317 2305 3388; x_wconf 90' lang='lat' dir='ltr'>ipse</span> <span class='ocrx_word' id='word_1_707' title='bbox 2329 3316 2443 3372; x_wconf 90' lang='lat' dir='ltr'>sibi</span> <span class='ocrx_word' id='word_1_708' title='bbox 2474 3322 2563 3372; x_wconf 91' lang='lat' dir='ltr'>est</span> <span class='ocrx_word' id='word_1_709' title='bbox 2588 3317 2799 3372; x_wconf 90' lang='lat' dir='ltr'>:homo</span> <span class='ocrx_word' id='word_1_710' title='bbox 2833 3323 3028 3373; x_wconf 90' lang='lat' dir='ltr'>autem</span> <span class='ocrx_word' id='word_1_711' title='bbox 3058 3335 3197 3373; x_wconf 93' lang='lat' dir='ltr'>cum</span> <span class='ocrx_word' id='word_1_712' title='bbox 3229 3319 3426 3374; x_wconf 90' lang='lat' dir='ltr'>bonus</span> <span class='ocrx_word' id='word_1_713' title='bbox 3446 3326 3554 3389; x_wconf 89' lang='lat' dir='ltr'>est,</span> 
     </span>
    </p>
   </div>
   <div class='ocr_carea' id='block_1_99' title="bbox 1904 3405 3553 3480">
    <p class='ocr_par' dir='ltr' id='par_1_99' title="bbox 1904 3405 3553 3480">
     <span class='ocr_line' id='line_1_99' title="bbox 1904 3405 3553 3480; baseline 0.002 -19"><span class='ocrx_word' id='word_1_714' title='bbox 1904 3405 1984 3461; x_wconf 92' lang='lat' dir='ltr'>ab</span> <span class='ocrx_word' id='word_1_715' title='bbox 2015 3405 2112 3460; x_wconf 92' lang='lat' dir='ltr'>illo</span> <span class='ocrx_word' id='word_1_716' title='bbox 2142 3405 2340 3461; x_wconf 93' lang='lat' dir='ltr'>bonus</span> <span class='ocrx_word' id='word_1_717' title='bbox 2381 3410 2467 3462; x_wconf 91' lang='lat' dir='ltr'>est</span> <span class='ocrx_word' id='word_1_718' title='bbox 2500 3423 2513 3472; x_wconf 93' lang='lat'><strong>;</strong></span> <span class='ocrx_word' id='word_1_719' title='bbox 2540 3407 2704 3478; x_wconf 91' lang='lat' dir='ltr'>quod</span> <span class='ocrx_word' id='word_1_720' title='bbox 2731 3423 2765 3462; x_wconf 94' lang='lat' dir='ltr'>a</span> <span class='ocrx_word' id='word_1_721' title='bbox 2788 3408 2985 3479; x_wconf 90' lang='lat' dir='ltr'>seipso</span> <span class='ocrx_word' id='word_1_722' title='bbox 3016 3423 3146 3462; x_wconf 88' lang='lat' dir='ltr'>esse</span> <span class='ocrx_word' id='word_1_723' title='bbox 3188 3423 3308 3463; x_wconf 92' lang='lat' dir='ltr'>non</span> <span class='ocrx_word' id='word_1_724' title='bbox 3339 3413 3553 3480; x_wconf 86' lang='lat' dir='ltr'>potest.</span> 
     </span>
    </p>
   </div>
   <div class='ocr_carea' id='block_1_100' title="bbox 1907 3494 3553 3569">
    <p class='ocr_par' dir='ltr' id='par_1_100' title="bbox 1907 3494 3553 3569">
     <span class='ocr_line' id='line_1_100' title="bbox 1907 3494 3553 3569; baseline 0.003 -21"><span class='ocrx_word' id='word_1_725' title='bbox 1907 3495 2065 3550; x_wconf 91' lang='lat' dir='ltr'>Illius</span> <span class='ocrx_word' id='word_1_726' title='bbox 2080 3495 2235 3550; x_wconf 92' lang='lat' dir='ltr'>enim</span> <span class='ocrx_word' id='word_1_727' title='bbox 2255 3494 2464 3566; x_wconf 93' lang='lat' dir='ltr'>spiritu</span> <span class='ocrx_word' id='word_1_728' title='bbox 2478 3494 2621 3551; x_wconf 91' lang='lat' dir='ltr'>boni</span> <span class='ocrx_word' id='word_1_729' title='bbox 2639 3496 2808 3560; x_wconf 92' lang='lat' dir='ltr'>ﬁunt,</span> <span class='ocrx_word' id='word_1_730' title='bbox 2826 3497 3196 3569; x_wconf 90' lang='lat' dir='ltr'>quicumque</span> <span class='ocrx_word' id='word_1_731' title='bbox 3211 3497 3352 3552; x_wconf 91' lang='lat' dir='ltr'>boni</span> <span class='ocrx_word' id='word_1_732' title='bbox 3367 3498 3553 3566; x_wconf 89' lang='lat' dir='ltr'>ﬁunt;</span> 
     </span>
    </p>
   </div>
   <div class='ocr_carea' id='block_1_101' title="bbox 1906 3585 3558 3659">
    <p class='ocr_par' dir='ltr' id='par_1_101' title="bbox 1906 3585 3558 3659">
     <span class='ocr_line' id='line_1_101' title="bbox 1906 3585 3558 3659; baseline 0.002 -21"><span class='ocrx_word' id='word_1_733' title='bbox 1906 3585 2075 3654; x_wconf 89' lang='lat' dir='ltr'>cujus</span> <span class='ocrx_word' id='word_1_734' title='bbox 2131 3599 2323 3655; x_wconf 88' lang='lat' dir='ltr'>capax</span> <span class='ocrx_word' id='word_1_735' title='bbox 2380 3589 2579 3640; x_wconf 90' lang='lat' dir='ltr'>creata</span> <span class='ocrx_word' id='word_1_736' title='bbox 2640 3589 2725 3640; x_wconf 92' lang='lat' dir='ltr'>est</span> <span class='ocrx_word' id='word_1_737' title='bbox 2766 3592 2970 3640; x_wconf 85' lang='lat' dir='ltr'>nostra</span> <span class='ocrx_word' id='word_1_738' title='bbox 3030 3591 3247 3642; x_wconf 89' lang='lat' dir='ltr'>natura</span> <span class='ocrx_word' id='word_1_739' title='bbox 3286 3602 3393 3658; x_wconf 91' lang='lat' dir='ltr'>per</span> <span class='ocrx_word' id='word_1_740' title='bbox 3422 3603 3558 3659; x_wconf 92' lang='lat' dir='ltr'>pro-</span> 
     </span>
    </p>
   </div>
   <div class='ocr_carea' id='block_1_102' title="bbox 1904 3672 3559 3744">
    <p class='ocr_par' dir='ltr' id='par_1_102' title="bbox 1904 3672 3559 3744">
     <span class='ocr_line' id='line_1_102' title="bbox 1904 3672 3559 3744; baseline 0.003 -18"><span class='ocrx_word' id='word_1_741' title='bbox 1904 3673 2095 3743; x_wconf 91' lang='lat' dir='ltr'>priam</span> <span class='ocrx_word' id='word_1_742' title='bbox 2129 3672 2518 3728; x_wconf 88' lang='lat' dir='ltr'>voluntatem.</span> <span class='ocrx_word' id='word_1_743' title='bbox 2546 3673 2953 3742; x_wconf 88' lang='lat' dir='ltr'>Pertinetergo</span> <span class='ocrx_word' id='word_1_744' title='bbox 2985 3674 3059 3728; x_wconf 91' lang='lat' dir='ltr'>ad</span> <span class='ocrx_word' id='word_1_745' title='bbox 3095 3689 3228 3744; x_wconf 92' lang='lat' dir='ltr'>nos,</span> <span class='ocrx_word' id='word_1_746' title='bbox 3254 3675 3559 3731; x_wconf 91' lang='lat' dir='ltr'>utbonisi-</span> 
     </span>
    </p>
   </div>
   <div class='ocr_carea' id='block_1_103' title="bbox 1905 3760 3557 3832">
    <p class='ocr_par' dir='ltr' id='par_1_103' title="bbox 1905 3760 3557 3832">
     <span class='ocr_line' id='line_1_103' title="bbox 1905 3760 3557 3832; baseline 0.003 -17"><span class='ocrx_word' id='word_1_747' title='bbox 1905 3777 2058 3823; x_wconf 92' lang='lat' dir='ltr'>mus,</span> <span class='ocrx_word' id='word_1_748' title='bbox 2083 3761 2350 3831; x_wconf 89' lang='lat' dir='ltr'>accipere</span> <span class='ocrx_word' id='word_1_749' title='bbox 2379 3760 2666 3816; x_wconf 72' lang='lat' dir='ltr'>ethaiiere</span> <span class='ocrx_word' id='word_1_750' title='bbox 2689 3761 2854 3832; x_wconf 91' lang='lat' dir='ltr'>quod</span> <span class='ocrx_word' id='word_1_751' title='bbox 2886 3762 2987 3816; x_wconf 92' lang='lat' dir='ltr'>dat</span> <span class='ocrx_word' id='word_1_752' title='bbox 3011 3763 3201 3832; x_wconf 90' lang='lat' dir='ltr'>quide</span> <span class='ocrx_word' id='word_1_753' title='bbox 3227 3780 3338 3819; x_wconf 92' lang='lat' dir='ltr'>suo</span> <span class='ocrx_word' id='word_1_754' title='bbox 3359 3764 3557 3820; x_wconf 90' lang='lat' dir='ltr'>bonus</span> 
     </span>
    </p>
   </div>
   <div class='ocr_carea' id='block_1_104' title="bbox 1901 3848 3553 3920">
    <p class='ocr_par' dir='ltr' id='par_1_104' title="bbox 1901 3848 3553 3920">
     <span class='ocr_line' id='line_1_104' title="bbox 1901 3848 3553 3920; baseline 0.002 -18"><span class='ocrx_word' id='word_1_755' title='bbox 1901 3854 1990 3904; x_wconf 91' lang='lat' dir='ltr'>est</span> <span class='ocrx_word' id='word_1_756' title='bbox 2008 3864 2019 3902; x_wconf 92' lang='lat'>:</span> <span class='ocrx_word' id='word_1_757' title='bbox 2037 3864 2160 3919; x_wconf 89' lang='lat' dir='ltr'>quo</span> <span class='ocrx_word' id='word_1_758' title='bbox 2175 3849 2428 3920; x_wconf 90' lang='lat' dir='ltr'>quisque</span> <span class='ocrx_word' id='word_1_759' title='bbox 2443 3848 2732 3918; x_wconf 91' lang='lat' dir='ltr'>neglecto,</span> <span class='ocrx_word' id='word_1_760' title='bbox 2749 3849 2824 3904; x_wconf 86' lang='lat' dir='ltr'>de</span> <span class='ocrx_word' id='word_1_761' title='bbox 2844 3866 2952 3904; x_wconf 93' lang='lat' dir='ltr'>suo</span> <span class='ocrx_word' id='word_1_762' title='bbox 2967 3849 3162 3904; x_wconf 92' lang='lat' dir='ltr'>malus</span> <span class='ocrx_word' id='word_1_763' title='bbox 3176 3855 3284 3904; x_wconf 90' lang='lat' dir='ltr'>est.</span> <span class='ocrx_word' id='word_1_764' title='bbox 3304 3851 3553 3906; x_wconf 87' lang='lat' dir='ltr'>Proinde</span> 
     </span>
    </p>
   </div>
   <div class='ocr_carea' id='block_1_105' title="bbox 1899 3936 3552 4009">
    <p class='ocr_par' dir='ltr' id='par_1_105' title="bbox 1899 3936 3552 4009">
     <span class='ocr_line' id='line_1_105' title="bbox 1899 3936 3552 4009; baseline 0.002 -17"><span class='ocrx_word' id='word_1_765' title='bbox 1899 3937 1959 3992; x_wconf 92' lang='lat' dir='ltr'>in</span> <span class='ocrx_word' id='word_1_766' title='bbox 1972 3942 2266 4009; x_wconf 88' lang='lat' dir='ltr'>quantum</span> <span class='ocrx_word' id='word_1_767' title='bbox 2280 3936 2465 3992; x_wconf 92' lang='lat' dir='ltr'>homo</span> <span class='ocrx_word' id='word_1_768' title='bbox 2478 3942 2632 3992; x_wconf 91' lang='lat' dir='ltr'>recte</span> <span class='ocrx_word' id='word_1_769' title='bbox 2646 3938 2785 4007; x_wconf 84' lang='lat' dir='ltr'>agit,</span> <span class='ocrx_word' id='word_1_770' title='bbox 2804 3937 2861 3991; x_wconf 93' lang='lat' dir='ltr'>id</span> <span class='ocrx_word' id='word_1_771' title='bbox 2878 3943 2982 4006; x_wconf 93' lang='lat' dir='ltr'>est,</span> <span class='ocrx_word' id='word_1_772' title='bbox 2999 3938 3253 3993; x_wconf 90' lang='lat' dir='ltr'>scienter</span> <span class='ocrx_word' id='word_1_773' title='bbox 3265 3943 3321 3994; x_wconf 92' lang='lat' dir='ltr'>et</span> <span class='ocrx_word' id='word_1_774' title='bbox 3345 3955 3552 3994; x_wconf 91' lang='lat' dir='ltr'>aman-</span> 
     </span>
    </p>
   </div>
   <div class='ocr_carea' id='block_1_106' title="bbox 1901 4025 3545 4097">
    <p class='ocr_par' dir='ltr' id='par_1_106' title="bbox 1901 4025 3545 4097">
     <span class='ocr_line' id='line_1_106' title="bbox 1901 4025 3545 4097; baseline 0.001 -16"><span class='ocrx_word' id='word_1_775' title='bbox 1901 4031 1986 4081; x_wconf 90' lang='lat' dir='ltr'>ter</span> <span class='ocrx_word' id='word_1_776' title='bbox 2015 4030 2069 4081; x_wconf 93' lang='lat' dir='ltr'>et</span> <span class='ocrx_word' id='word_1_777' title='bbox 2103 4026 2199 4096; x_wconf 94' lang='lat' dir='ltr'>pie</span> <span class='ocrx_word' id='word_1_778' title='bbox 2235 4025 2464 4082; x_wconf 91' lang='lat' dir='ltr'>bonum</span> <span class='ocrx_word' id='word_1_779' title='bbox 2511 4030 2809 4097; x_wconf 90' lang='lat' dir='ltr'>operatur,</span> <span class='ocrx_word' id='word_1_780' title='bbox 2841 4026 2899 4081; x_wconf 93' lang='lat' dir='ltr'>in</span> <span class='ocrx_word' id='word_1_781' title='bbox 2933 4030 3166 4082; x_wconf 91' lang='lat' dir='ltr'>tantum</span> <span class='ocrx_word' id='word_1_782' title='bbox 3192 4027 3390 4082; x_wconf 89' lang='lat' dir='ltr'>bonus</span> <span class='ocrx_word' id='word_1_783' title='bbox 3413 4033 3497 4081; x_wconf 91' lang='lat' dir='ltr'>est</span> <span class='ocrx_word' id='word_1_784' title='bbox 3531 4044 3545 4084; x_wconf 92' lang='lat'>:</span> 
     </span>
    </p>
   </div>
   <div class='ocr_carea' id='block_1_107' title="bbox 1899 4115 3554 4187">
    <p class='ocr_par' dir='ltr' id='par_1_107' title="bbox 1899 4115 3554 4187">
     <span class='ocr_line' id='line_1_107' title="bbox 1899 4115 3554 4187; baseline 0.002 -17"><span class='ocrx_word' id='word_1_785' title='bbox 1899 4116 1956 4170; x_wconf 93' lang='lat' dir='ltr'>in</span> <span class='ocrx_word' id='word_1_786' title='bbox 2002 4120 2300 4187; x_wconf 91' lang='lat' dir='ltr'>quantum</span> <span class='ocrx_word' id='word_1_787' title='bbox 2354 4119 2554 4170; x_wconf 89' lang='lat' dir='ltr'>autem</span> <span class='ocrx_word' id='word_1_788' title='bbox 2603 4120 2833 4187; x_wconf 90' lang='lat' dir='ltr'>peccat,</span> <span class='ocrx_word' id='word_1_789' title='bbox 2868 4115 2927 4170; x_wconf 91' lang='lat' dir='ltr'>id</span> <span class='ocrx_word' id='word_1_790' title='bbox 2974 4120 3082 4180; x_wconf 91' lang='lat' dir='ltr'>est,</span> <span class='ocrx_word' id='word_1_791' title='bbox 3118 4132 3153 4172; x_wconf 91' lang='lat' dir='ltr'>a</span> <span class='ocrx_word' id='word_1_792' title='bbox 3200 4117 3443 4172; x_wconf 89' lang='lat' dir='ltr'>veritate</span> <span class='ocrx_word' id='word_1_793' title='bbox 3497 4121 3554 4173; x_wconf 87' lang='lat' dir='ltr'>et</span> 
     </span>
    </p>
   </div>
   <div class='ocr_carea' id='block_1_108' title="bbox 1897 4204 3549 4277">
    <p class='ocr_par' dir='ltr' id='par_1_108' title="bbox 1897 4204 3549 4277">
     <span class='ocr_line' id='line_1_108' title="bbox 1897 4204 3549 4277; baseline 0.001 -17"><span class='ocrx_word' id='word_1_794' title='bbox 1897 4205 2182 4261; x_wconf 90' lang='lat' dir='ltr'>charitate</span> <span class='ocrx_word' id='word_1_795' title='bbox 2212 4210 2271 4259; x_wconf 92' lang='lat' dir='ltr'>et</span> <span class='ocrx_word' id='word_1_796' title='bbox 2297 4205 2508 4277; x_wconf 88' lang='lat' dir='ltr'>pietate</span> <span class='ocrx_word' id='word_1_797' title='bbox 2540 4204 2756 4268; x_wconf 89' lang='lat' dir='ltr'>deviat,</span> <span class='ocrx_word' id='word_1_798' title='bbox 2809 4205 2870 4260; x_wconf 93' lang='lat' dir='ltr'>in</span> <span class='ocrx_word' id='word_1_799' title='bbox 2931 4209 3165 4261; x_wconf 89' lang='lat' dir='ltr'>tantum</span> <span class='ocrx_word' id='word_1_800' title='bbox 3217 4206 3411 4261; x_wconf 90' lang='lat' dir='ltr'>malus</span> <span class='ocrx_word' id='word_1_801' title='bbox 3441 4209 3549 4262; x_wconf 91' lang='lat' dir='ltr'>est.</span> 
     </span>
    </p>
   </div>
   <div class='ocr_carea' id='block_1_109' title="bbox 1899 4293 3549 4366">
    <p class='ocr_par' dir='ltr' id='par_1_109' title="bbox 1899 4293 3549 4366">
     <span class='ocr_line' id='line_1_109' title="bbox 1899 4293 3549 4366; baseline 0.001 -17"><span class='ocrx_word' id='word_1_802' title='bbox 1899 4293 2038 4359; x_wconf 91' lang='lat' dir='ltr'>Quis</span> <span class='ocrx_word' id='word_1_803' title='bbox 2067 4299 2266 4348; x_wconf 91' lang='lat' dir='ltr'>autem</span> <span class='ocrx_word' id='word_1_804' title='bbox 2295 4297 2379 4348; x_wconf 91' lang='lat' dir='ltr'>est</span> <span class='ocrx_word' id='word_1_805' title='bbox 2400 4293 2456 4347; x_wconf 92' lang='lat' dir='ltr'>in</span> <span class='ocrx_word' id='word_1_806' title='bbox 2473 4295 2585 4349; x_wconf 89' lang='lat' dir='ltr'>hac</span> <span class='ocrx_word' id='word_1_807' title='bbox 2618 4294 2730 4349; x_wconf 88' lang='lat' dir='ltr'>vita</span> <span class='ocrx_word' id='word_1_808' title='bbox 2750 4293 2875 4349; x_wconf 90' lang='lat' dir='ltr'>sine</span> <span class='ocrx_word' id='word_1_809' title='bbox 2889 4294 3090 4366; x_wconf 89' lang='lat' dir='ltr'>aliquo</span> <span class='ocrx_word' id='word_1_810' title='bbox 3118 4293 3404 4366; x_wconf 79' lang='lat' dir='ltr'>peccato?</span> <span class='ocrx_word' id='word_1_811' title='bbox 3438 4294 3549 4350; x_wconf 90' lang='lat' dir='ltr'>Sed</span> 
     </span>
    </p>
   </div>
   <div class='ocr_carea' id='block_1_110' title="bbox 1895 4382 3546 4454">
    <p class='ocr_par' dir='ltr' id='par_1_110' title="bbox 1895 4382 3546 4454">
     <span class='ocr_line' id='line_1_110' title="bbox 1895 4382 3546 4454; baseline -0.001 -15"><span class='ocrx_word' id='word_1_812' title='bbox 1895 4399 2034 4439; x_wconf 89' lang='lat' dir='ltr'>eum</span> <span class='ocrx_word' id='word_1_813' title='bbox 2088 4383 2343 4438; x_wconf 89' lang='lat' dir='ltr'>dicimus</span> <span class='ocrx_word' id='word_1_814' title='bbox 2383 4383 2635 4452; x_wconf 91' lang='lat' dir='ltr'>bonum,</span> <span class='ocrx_word' id='word_1_815' title='bbox 2707 4383 2882 4454; x_wconf 89' lang='lat' dir='ltr'>cujus</span> <span class='ocrx_word' id='word_1_816' title='bbox 2954 4382 3278 4453; x_wconf 75' lang='lat' dir='ltr'>praevalent</span> <span class='ocrx_word' id='word_1_817' title='bbox 3335 4383 3546 4450; x_wconf 89' lang='lat' dir='ltr'>bona;</span> 
     </span>
    </p>
   </div>
   <div class='ocr_carea' id='block_1_111' title="bbox 1894 4470 3261 4542">
    <p class='ocr_par' dir='ltr' id='par_1_111' title="bbox 1894 4470 3261 4542">
     <span class='ocr_line' id='line_1_111' title="bbox 1894 4470 3261 4542; baseline -0.002 -16"><span class='ocrx_word' id='word_1_818' title='bbox 1894 4487 2154 4542; x_wconf 91' lang='lat' dir='ltr'>eumque</span> <span class='ocrx_word' id='word_1_819' title='bbox 2184 4473 2502 4542; x_wconf 92' lang='lat' dir='ltr'>optimum,</span> <span class='ocrx_word' id='word_1_820' title='bbox 2544 4471 2647 4542; x_wconf 92' lang='lat' dir='ltr'>qui</span> <span class='ocrx_word' id='word_1_821' title='bbox 2681 4475 2888 4542; x_wconf 91' lang='lat' dir='ltr'>peccat</span> <span class='ocrx_word' id='word_1_822' title='bbox 2919 4470 3261 4524; x_wconf 92' lang='lat' dir='ltr'>minimum.</span> 
     </span>
    </p>
   </div>
   <div class='ocr_carea' id='block_1_112' title="bbox 1967 4557 3551 4630">
    <p class='ocr_par' dir='ltr' id='par_1_112' title="bbox 1967 4557 3551 4630">
     <span class='ocr_line' id='line_1_112' title="bbox 1967 4557 3551 4630; baseline 0 -16"><span class='ocrx_word' id='word_1_823' title='bbox 1967 4563 2053 4616; x_wconf 87' lang='grc'>13.</span> <span class='ocrx_word' id='word_1_824' title='bbox 2074 4559 2293 4614; x_wconf 89' lang='lat' dir='ltr'>Idcirco</span> <span class='ocrx_word' id='word_1_825' title='bbox 2308 4560 2431 4630; x_wconf 92' lang='lat' dir='ltr'>ipse</span> <span class='ocrx_word' id='word_1_826' title='bbox 2448 4559 2756 4622; x_wconf 91' lang='lat' dir='ltr'>Dominus,</span> <span class='ocrx_word' id='word_1_827' title='bbox 2771 4574 2924 4630; x_wconf 83' lang='lat' dir='ltr'>quos</span> <span class='ocrx_word' id='word_1_828' title='bbox 2939 4557 3080 4613; x_wconf 92' lang='lat' dir='ltr'>dicit</span> <span class='ocrx_word' id='word_1_829' title='bbox 3093 4558 3287 4614; x_wconf 93' lang='lat' dir='ltr'>bonos</span> <span class='ocrx_word' id='word_1_830' title='bbox 3309 4563 3551 4629; x_wconf 91' lang='lat' dir='ltr'>propter</span> 
     </span>
    </p>
   </div>
   <div class='ocr_carea' id='block_1_113' title="bbox 1895 4645 3550 4721">
    <p class='ocr_par' dir='ltr' id='par_1_113' title="bbox 1895 4645 3550 4721">
     <span class='ocr_line' id='line_1_113' title="bbox 1895 4645 3550 4721; baseline 0 -18"><span class='ocrx_word' id='word_1_831' title='bbox 1895 4649 2410 4721; x_wconf 86' lang='lat' dir='ltr'>participationem</span> <span class='ocrx_word' id='word_1_832' title='bbox 2425 4647 2627 4715; x_wconf 74' lang='lat' dir='ltr'>gratiae</span> <span class='ocrx_word' id='word_1_833' title='bbox 2642 4647 2880 4721; x_wconf 72' lang='lat' dir='ltr'>divinae,</span> <span class='ocrx_word' id='word_1_834' title='bbox 2900 4645 3144 4701; x_wconf 90' lang='lat' dir='ltr'>eosdem</span> <span class='ocrx_word' id='word_1_835' title='bbox 3161 4647 3340 4703; x_wconf 93' lang='lat' dir='ltr'>etiam</span> <span class='ocrx_word' id='word_1_836' title='bbox 3359 4648 3550 4703; x_wconf 88' lang='lat' dir='ltr'>malos</span> 
     </span>
    </p>
   </div>
   <div class='ocr_carea' id='block_1_114' title="bbox 1892 4735 3547 4807">
    <p class='ocr_par' dir='ltr' id='par_1_114' title="bbox 1892 4735 3547 4807">
     <span class='ocr_line' id='line_1_114' title="bbox 1892 4735 3547 4807; baseline 0 -15"><span class='ocrx_word' id='word_1_837' title='bbox 1892 4735 3108 4807; x_wconf 75' lang='lat' dir='ltr'>dicitproptervitiainﬁrmitatishumanae</span> <span class='ocrx_word' id='word_1_838' title='bbox 3129 4735 3346 4800; x_wconf 90' lang='lat' dir='ltr'>;donec</span> <span class='ocrx_word' id='word_1_839' title='bbox 3361 4739 3547 4792; x_wconf 91' lang='lat' dir='ltr'>totum</span> 
     </span>
    </p>
   </div>
   <div class='ocr_carea' id='block_1_115' title="bbox 1890 4824 3548 4898">
    <p class='ocr_par' dir='ltr' id='par_1_115' title="bbox 1890 4824 3548 4898">
     <span class='ocr_line' id='line_1_115' title="bbox 1890 4824 3548 4898; baseline -0.001 -17"><span class='ocrx_word' id='word_1_840' title='bbox 1890 4841 2013 4898; x_wconf 91' lang='lat' dir='ltr'>quo</span> <span class='ocrx_word' id='word_1_841' title='bbox 2039 4830 2410 4890; x_wconf 91' lang='lat' dir='ltr'>constamus,</span> <span class='ocrx_word' id='word_1_842' title='bbox 2445 4824 2523 4879; x_wconf 89' lang='lat' dir='ltr'>ab</span> <span class='ocrx_word' id='word_1_843' title='bbox 2549 4824 3045 4880; x_wconf 89' lang='lat' dir='ltr'>omnivitiositate</span> <span class='ocrx_word' id='word_1_844' title='bbox 3061 4831 3361 4891; x_wconf 88' lang='lat' dir='ltr'>sanatum,</span> <span class='ocrx_word' id='word_1_845' title='bbox 3392 4831 3548 4882; x_wconf 89' lang='lat' dir='ltr'>tran-</span> 
     </span>
    </p>
   </div>
   <div class='ocr_carea' id='block_1_116' title="bbox 1891 4913 3538 4986">
    <p class='ocr_par' dir='ltr' id='par_1_116' title="bbox 1891 4913 3538 4986">
     <span class='ocr_line' id='line_1_116' title="bbox 1891 4913 3538 4986; baseline -0.001 -16"><span class='ocrx_word' id='word_1_846' title='bbox 1891 4921 2015 4970; x_wconf 93' lang='lat' dir='ltr'>seat</span> <span class='ocrx_word' id='word_1_847' title='bbox 2045 4915 2104 4969; x_wconf 92' lang='lat' dir='ltr'>in</span> <span class='ocrx_word' id='word_1_848' title='bbox 2136 4929 2269 4969; x_wconf 90' lang='lat' dir='ltr'>eam</span> <span class='ocrx_word' id='word_1_849' title='bbox 2299 4913 2504 4981; x_wconf 91' lang='lat' dir='ltr'>vitam,</span> <span class='ocrx_word' id='word_1_850' title='bbox 2540 4913 2642 4969; x_wconf 91' lang='lat' dir='ltr'>ubi</span> <span class='ocrx_word' id='word_1_851' title='bbox 2674 4913 2816 4968; x_wconf 90' lang='lat' dir='ltr'>nihil</span> <span class='ocrx_word' id='word_1_852' title='bbox 2872 4915 3120 4970; x_wconf 91' lang='lat' dir='ltr'>omnino</span> <span class='ocrx_word' id='word_1_853' title='bbox 3173 4915 3538 4986; x_wconf 91' lang='lat' dir='ltr'>peccabitur.</span> 
     </span>
    </p>
   </div>
   <div class='ocr_carea' id='block_1_117' title="bbox 1891 5001 3543 5074">
    <p class='ocr_par' dir='ltr' id='par_1_117' title="bbox 1891 5001 3543 5074">
     <span class='ocr_line' id='line_1_117' title="bbox 1891 5001 3543 5074; baseline -0.001 -16"><span class='ocrx_word' id='word_1_854' title='bbox 1891 5005 2041 5060; x_wconf 91' lang='lat' dir='ltr'>Nam</span> <span class='ocrx_word' id='word_1_855' title='bbox 2059 5002 2259 5074; x_wconf 89' lang='lat' dir='ltr'>utique</span> <span class='ocrx_word' id='word_1_856' title='bbox 2272 5002 2467 5058; x_wconf 93' lang='lat' dir='ltr'>bonos</span> <span class='ocrx_word' id='word_1_857' title='bbox 2480 5001 2735 5058; x_wconf 91' lang='lat' dir='ltr'>docebat</span> <span class='ocrx_word' id='word_1_858' title='bbox 2751 5018 2942 5066; x_wconf 91' lang='lat' dir='ltr'>orare,</span> <span class='ocrx_word' id='word_1_859' title='bbox 2967 5018 3089 5058; x_wconf 90' lang='lat' dir='ltr'>non</span> <span class='ocrx_word' id='word_1_860' title='bbox 3106 5001 3543 5073; x_wconf 91' lang='lat' dir='ltr'>malos,quibus</span> 
     </span>
    </p>
   </div>
   <div class='ocr_carea' id='block_1_118' title="bbox 1892 5090 3542 5164">
    <p class='ocr_par' dir='ltr' id='par_1_118' title="bbox 1892 5090 3542 5164">
     <span class='ocr_line' id='line_1_118' title="bbox 1892 5090 3542 5164; baseline -0.002 -17"><span class='ocrx_word' id='word_1_861' title='bbox 1892 5093 2171 5164; x_wconf 72' lang='lat' dir='ltr'>praecepit</span> <span class='ocrx_word' id='word_1_862' title='bbox 2187 5096 2242 5146; x_wconf 91' lang='lat' dir='ltr'>ut</span> <span class='ocrx_word' id='word_1_863' title='bbox 2265 5090 2550 5157; x_wconf 84' lang='lat' dir='ltr'>dicerent,</span> <span class='ocrx_word' id='word_1_864' title='bbox 2566 5091 2749 5148; x_wconf 84' lang='lat' dir='ltr'>Pater</span> <span class='ocrx_word' id='word_1_865' title='bbox 2762 5099 2980 5159; x_wconf 76' lang='lat' dir='ltr'>noster,</span> <span class='ocrx_word' id='word_1_866' title='bbox 2997 5092 3248 5162; x_wconf 87' lang='lat' dir='ltr'>quiesin</span> <span class='ocrx_word' id='word_1_867' title='bbox 3263 5091 3443 5146; x_wconf 74' lang='lat' dir='ltr'>caelis.</span> <span class='ocrx_word' id='word_1_868' title='bbox 3463 5091 3542 5144; x_wconf 88' lang='lat' dir='ltr'>Ex</span> 
     </span>
    </p>
   </div>
   <div class='ocr_carea' id='block_1_119' title="bbox 1894 5178 3542 5251">
    <p class='ocr_par' dir='ltr' id='par_1_119' title="bbox 1894 5178 3542 5251">
     <span class='ocr_line' id='line_1_119' title="bbox 1894 5178 3542 5251; baseline -0.002 -14"><span class='ocrx_word' id='word_1_869' title='bbox 1894 5182 2005 5237; x_wconf 91' lang='lat' dir='ltr'>hoc</span> <span class='ocrx_word' id='word_1_870' title='bbox 2036 5181 2192 5235; x_wconf 91' lang='lat' dir='ltr'>enim</span> <span class='ocrx_word' id='word_1_871' title='bbox 2224 5181 2365 5235; x_wconf 92' lang='lat' dir='ltr'>boni</span> <span class='ocrx_word' id='word_1_872' title='bbox 2397 5196 2519 5251; x_wconf 93' lang='lat' dir='ltr'>quo</span> <span class='ocrx_word' id='word_1_873' title='bbox 2551 5179 2653 5234; x_wconf 92' lang='lat' dir='ltr'>ﬁlii</span> <span class='ocrx_word' id='word_1_874' title='bbox 2675 5181 2793 5245; x_wconf 90' lang='lat' dir='ltr'>Dei,</span> <span class='ocrx_word' id='word_1_875' title='bbox 2825 5194 2944 5234; x_wconf 91' lang='lat' dir='ltr'>non</span> <span class='ocrx_word' id='word_1_876' title='bbox 2966 5185 3180 5234; x_wconf 90' lang='lat' dir='ltr'>natura</span> <span class='ocrx_word' id='word_1_877' title='bbox 3200 5178 3404 5249; x_wconf 85' lang='lat' dir='ltr'>geniti,</span> <span class='ocrx_word' id='word_1_878' title='bbox 3437 5178 3542 5233; x_wconf 94' lang='lat' dir='ltr'>sed</span> 
     </span>
    </p>
   </div>
   <div class='ocr_carea' id='block_1_120' title="bbox 1890 5265 3539 5340">
    <p class='ocr_par' dir='ltr' id='par_1_120' title="bbox 1890 5265 3539 5340">
     <span class='ocr_line' id='line_1_120' title="bbox 1890 5265 3539 5340; baseline -0.001 -17"><span class='ocrx_word' id='word_1_879' title='bbox 1890 5270 2077 5340; x_wconf 88' lang='lat' dir='ltr'>gratia</span> <span class='ocrx_word' id='word_1_880' title='bbox 2103 5268 2261 5330; x_wconf 90' lang='lat' dir='ltr'>facti,</span> <span class='ocrx_word' id='word_1_881' title='bbox 2295 5272 2586 5340; x_wconf 89' lang='lat' dir='ltr'>tanquam</span> <span class='ocrx_word' id='word_1_882' title='bbox 2611 5267 2669 5322; x_wconf 92' lang='lat' dir='ltr'>hi</span> <span class='ocrx_word' id='word_1_883' title='bbox 2701 5267 2922 5339; x_wconf 91' lang='lat' dir='ltr'>quibus</span> <span class='ocrx_word' id='word_1_884' title='bbox 2938 5265 3362 5337; x_wconf 90' lang='lat' dir='ltr'>recipientibus</span> <span class='ocrx_word' id='word_1_885' title='bbox 3381 5281 3539 5332; x_wconf 91' lang='lat' dir='ltr'>eum,</span> 
     </span>
    </p>
   </div>
   <div class='ocr_carea' id='block_1_121' title="bbox 1892 5355 3540 5428">
    <p class='ocr_par' dir='ltr' id='par_1_121' title="bbox 1892 5355 3540 5428">
     <span class='ocr_line' id='line_1_121' title="bbox 1892 5355 3540 5428; baseline -0.002 -15"><span class='ocrx_word' id='word_1_886' title='bbox 1892 5358 2054 5414; x_wconf 88' lang='lat' dir='ltr'>dedit</span> <span class='ocrx_word' id='word_1_887' title='bbox 2087 5362 2434 5428; x_wconf 87' lang='lat' dir='ltr'>potestatem</span> <span class='ocrx_word' id='word_1_888' title='bbox 2477 5357 2623 5412; x_wconf 87' lang='lat' dir='ltr'>filios</span> <span class='ocrx_word' id='word_1_889' title='bbox 2653 5357 2754 5411; x_wconf 93' lang='lat' dir='ltr'>Dei</span> <span class='ocrx_word' id='word_1_890' title='bbox 2801 5356 2927 5410; x_wconf 85' lang='lat' dir='ltr'>ﬁeri</span> <span class='ocrx_word' id='word_1_891' title='bbox 2956 5355 3147 5424; x_wconf 89' lang='lat' dir='ltr'>(Joan.</span> <span class='ocrx_word' id='word_1_892' title='bbox 3181 5371 3218 5422; x_wconf 82' lang='lat'>1,</span> <span class='ocrx_word' id='word_1_893' title='bbox 3255 5356 3363 5425; x_wconf 83' lang='grc'><strong>12).</strong></span> <span class='ocrx_word' id='word_1_894' title='bbox 3400 5356 3540 5420; x_wconf 78' lang='lat' dir='ltr'>Quae</span> 
     </span>
    </p>
   </div>
   <div class='ocr_carea' id='block_1_122' title="bbox 1958 5461 3543 5518">
    <p class='ocr_par' dir='ltr' id='par_1_122' title="bbox 1958 5461 3543 5518">
     <span class='ocr_line' id='line_1_122' title="bbox 1958 5461 3543 5518; baseline 0.001 -7"><span class='ocrx_word' id='word_1_895' title='bbox 1958 5467 1968 5492; x_wconf 77' lang='grc' dir='ltr'>ί</span> <span class='ocrx_word' id='word_1_896' title='bbox 2008 5463 2158 5518; x_wconf 82' lang='lat' dir='ltr'>Edd.,</span> <span class='ocrx_word' id='word_1_897' title='bbox 2185 5469 2348 5510; x_wconf 71' lang='lat' dir='ltr'>vestro</span> <span class='ocrx_word' id='word_1_898' title='bbox 2373 5463 2544 5518; x_wconf 82' lang='lat' dir='ltr'>gladio</span> <span class='ocrx_word' id='word_1_899' title='bbox 2576 5477 2678 5509; x_wconf 78' lang='lat' dir='ltr'>non</span> <span class='ocrx_word' id='word_1_900' title='bbox 2701 5461 3176 5510; x_wconf 80' lang='lat' dir='ltr'>debelintercedere.</span> <span class='ocrx_word' id='word_1_901' title='bbox 3206 5461 3368 5509; x_wconf 80' lang='lat' dir='ltr'>Abest</span> <span class='ocrx_word' id='word_1_902' title='bbox 3389 5477 3493 5510; x_wconf 80' lang='lat' dir='ltr'>non</span> <span class='ocrx_word' id='word_1_903' title='bbox 3511 5474 3543 5512; x_wconf 90' lang='lat' dir='ltr'>a</span> 
     </span>
    </p>
   </div>
   <div class='ocr_carea' id='block_1_123' title="bbox 1895 5479 3384 5587">
    <p class='ocr_par' dir='ltr' id='par_1_123' title="bbox 1895 5479 3384 5587">
     <span class='ocr_line' id='line_1_123' title="bbox 1959 5479 3368 5518; baseline -0.001 -7"><span class='ocrx_word' id='word_1_904' title='bbox 1959 5479 1968 5492; x_wconf 85' lang='lat'>&#39;</span> <span class='ocrx_word' id='word_1_905' title='bbox 2008 5479 2158 5518; x_wconf 60' lang='grc' dir='ltr'>[λαοη</span> <span class='ocrx_word' id='word_1_906' title='bbox 2185 5479 2348 5510; x_wconf 73' lang='grc' dir='ltr'>υεειτο</span> <span class='ocrx_word' id='word_1_907' title='bbox 2409 5479 2544 5510; x_wconf 80' lang='grc' dir='ltr'>ιααιο</span> <span class='ocrx_word' id='word_1_908' title='bbox 2576 5479 2678 5509; x_wconf 79' lang='lat' dir='ltr'>non</span> <span class='ocrx_word' id='word_1_909' title='bbox 2701 5479 2840 5510; x_wconf 77' lang='grc' dir='ltr'>αεοει</span> <span class='ocrx_word' id='word_1_910' title='bbox 2853 5479 3176 5509; x_wconf 74' lang='grc' dir='ltr'>ιηιειτεαετσ.</span> <span class='ocrx_word' id='word_1_911' title='bbox 3206 5479 3368 5509; x_wconf 73' lang='grc' dir='ltr'>Αοθδι</span> 
     </span>
     <span class='ocr_line' id='line_1_124' title="bbox 1895 5479 3384 5587; baseline -0.002 -13"><span class='ocrx_word' id='word_1_912' title='bbox 1895 5525 2050 5579; x_wconf 85' lang='lat' dir='ltr'>Mss.,</span> <span class='ocrx_word' id='word_1_913' title='bbox 2085 5525 2176 5573; x_wconf 84' lang='lat' dir='ltr'>sed</span> <span class='ocrx_word' id='word_1_914' title='bbox 2214 5479 2467 5574; x_wconf 47' lang='lat' dir='ltr'>utraliiet</span> <span class='ocrx_word' id='word_1_915' title='bbox 2495 5525 2650 5573; x_wconf 89' lang='lat' dir='ltr'>lectio</span> <span class='ocrx_word' id='word_1_916' title='bbox 2681 5524 2911 5587; x_wconf 89' lang='lat' dir='ltr'>quadrat</span> <span class='ocrx_word' id='word_1_917' title='bbox 2936 5523 3078 5572; x_wconf 91' lang='lat' dir='ltr'>hunc</span> <span class='ocrx_word' id='word_1_918' title='bbox 3107 5525 3160 5572; x_wconf 92' lang='lat' dir='ltr'>in</span> <span class='ocrx_word' id='word_1_919' title='bbox 3191 5524 3384 5573; x_wconf 91' lang='lat' dir='ltr'>locum.</span> 
     </span>
    </p>
   </div>
   <div class='ocr_carea' id='block_1_124' title="bbox 1955 5587 3539 5650">
    <p class='ocr_par' dir='ltr' id='par_1_124' title="bbox 1955 5587 3539 5650">
     <span class='ocr_line' id='line_1_125' title="bbox 1955 5587 3539 5650; baseline -0.001 -14"><span class='ocrx_word' id='word_1_920' title='bbox 1955 5592 1974 5621; x_wconf 78' lang='grc'>³</span> <span class='ocrx_word' id='word_1_921' title='bbox 2004 5587 2154 5643; x_wconf 84' lang='lat' dir='ltr'>Edd.,</span> <span class='ocrx_word' id='word_1_922' title='bbox 2188 5593 2374 5650; x_wconf 81' lang='lat' dir='ltr'>qua-nlo</span> <span class='ocrx_word' id='word_1_923' title='bbox 2397 5588 2465 5635; x_wconf 77' lang='lat' dir='ltr'>sis</span> <span class='ocrx_word' id='word_1_924' title='bbox 2495 5587 2954 5650; x_wconf 13' lang='lat' dir='ltr'>celsiorrpoleslale,</span> <span class='ocrx_word' id='word_1_925' title='bbox 2985 5591 3125 5635; x_wconf 84' lang='lat' dir='ltr'>tanta</span> <span class='ocrx_word' id='word_1_926' title='bbox 3158 5587 3402 5635; x_wconf 84' lang='lat' dir='ltr'>humilior</span> <span class='ocrx_word' id='word_1_927' title='bbox 3425 5588 3539 5648; x_wconf 69' lang='lat' dir='ltr'>ﬁat,</span> 
     </span>
    </p>
   </div>
   <div class='ocr_carea' id='block_1_125' title="bbox 1897 5649 3536 5711">
    <p class='ocr_par' dir='ltr' id='par_1_125' title="bbox 1897 5649 3536 5711">
     <span class='ocr_line' id='line_1_126' title="bbox 1897 5649 3536 5711; baseline 0.001 -12"><span class='ocrx_word' id='word_1_928' title='bbox 1897 5652 1998 5701; x_wconf 78' lang='lat' dir='ltr'>etc.</span> <span class='ocrx_word' id='word_1_929' title='bbox 2021 5654 2076 5699; x_wconf 90' lang='lat' dir='ltr'>at</span> <span class='ocrx_word' id='word_1_930' title='bbox 2105 5649 2226 5698; x_wconf 82' lang='lat' dir='ltr'>Mss.</span> <span class='ocrx_word' id='word_1_931' title='bbox 2270 5649 2482 5704; x_wconf 89' lang='lat' dir='ltr'>habent,</span> <span class='ocrx_word' id='word_1_932' title='bbox 2514 5650 2581 5698; x_wconf 74' lang='lat' dir='ltr'>sis</span> <span class='ocrx_word' id='word_1_933' title='bbox 2613 5649 2807 5700; x_wconf 76' lang='lat' dir='ltr'>celsior.</span> <span class='ocrx_word' id='word_1_934' title='bbox 2841 5653 2889 5698; x_wconf 87' lang='lat' dir='ltr'>et</span> <span class='ocrx_word' id='word_1_935' title='bbox 2925 5663 3067 5705; x_wconf 86' lang='lat' dir='ltr'>mox,</span> <span class='ocrx_word' id='word_1_936' title='bbox 3107 5650 3354 5698; x_wconf 80' lang='lat' dir='ltr'>humilior</span> <span class='ocrx_word' id='word_1_937' title='bbox 3393 5651 3536 5711; x_wconf 71' lang='lat' dir='ltr'>ﬁere.</span> 
     </span>
    </p>
   </div>
  </div>
