  <div class='ocr_page' id='page_1' title='image "/cluster/home/n/w/nwhite01/storage/ocr_20150623/33/hvd.32044096580568/327.png"; bbox 0 0 4136 6172; ppageno 0'>
   <div class='ocr_carea' id='block_1_1' title="bbox 517 169 624 225">
    <p class='ocr_par' dir='ltr' id='par_1_1' title="bbox 517 169 624 225">
     <span class='ocr_line' id='line_1_1' title="bbox 517 169 624 225; baseline -0.019 0"><span class='ocrx_word' id='word_1_1' title='bbox 517 169 624 225; x_wconf 70' lang='lat'>659</span> 
     </span>
    </p>
   </div>
   <div class='ocr_carea' id='block_1_2' title="bbox 520 272 2171 364">
    <p class='ocr_par' dir='ltr' id='par_1_2' title="bbox 520 272 2171 364">
     <span class='ocr_line' id='line_1_2' title="bbox 520 272 2171 364; baseline -0.015 -13"><span class='ocrx_word' id='word_1_2' title='bbox 520 291 826 364; x_wconf 82' lang='lat' dir='ltr'>generatio</span> <span class='ocrx_word' id='word_1_3' title='bbox 866 284 1204 360; x_wconf 89' lang='lat' dir='ltr'>spiritualis,</span> <span class='ocrx_word' id='word_1_4' title='bbox 1258 295 1423 336; x_wconf 92' lang='lat' dir='ltr'>more</span> <span class='ocrx_word' id='word_1_5' title='bbox 1465 277 1931 348; x_wconf 91' lang='lat' dir='ltr'>Scripturarum,</span> <span class='ocrx_word' id='word_1_6' title='bbox 1989 272 2171 329; x_wconf 89' lang='lat' dir='ltr'>etiam</span> 
     </span>
    </p>
   </div>
   <div class='ocr_carea' id='block_1_3' title="bbox 521 365 2173 454">
    <p class='ocr_par' dir='ltr' id='par_1_3' title="bbox 521 365 2173 454">
     <span class='ocr_line' id='line_1_3' title="bbox 521 365 2173 454; baseline -0.015 -13"><span class='ocrx_word' id='word_1_7' title='bbox 521 383 760 454; x_wconf 83' lang='lat' dir='ltr'>adoptio</span> <span class='ocrx_word' id='word_1_8' title='bbox 792 377 1154 437; x_wconf 83' lang='lat' dir='ltr'>nominatur,</span> <span class='ocrx_word' id='word_1_9' title='bbox 1191 375 1255 424; x_wconf 89' lang='lat' dir='ltr'>ut</span> <span class='ocrx_word' id='word_1_10' title='bbox 1283 369 1684 439; x_wconf 82' lang='lat' dir='ltr'>distinguatur</span> <span class='ocrx_word' id='word_1_11' title='bbox 1699 367 1776 420; x_wconf 90' lang='lat' dir='ltr'>ab</span> <span class='ocrx_word' id='word_1_12' title='bbox 1801 365 1904 422; x_wconf 91' lang='lat' dir='ltr'>illa</span> <span class='ocrx_word' id='word_1_13' title='bbox 1930 377 2173 454; x_wconf 89' lang='lat' dir='ltr'>genera-</span> 
     </span>
    </p>
   </div>
   <div class='ocr_carea' id='block_1_4' title="bbox 521 453 2171 528">
    <p class='ocr_par' dir='ltr' id='par_1_4' title="bbox 521 453 2171 528">
     <span class='ocr_line' id='line_1_4' title="bbox 521 453 2171 528; baseline -0.012 0"><span class='ocrx_word' id='word_1_14' title='bbox 521 453 678 528; x_wconf 80' lang='lat' dir='ltr'>tione</span> <span class='ocrx_word' id='word_1_15' title='bbox 711 467 890 524; x_wconf 91' lang='lat' dir='ltr'>Deide</span> <span class='ocrx_word' id='word_1_16' title='bbox 918 468 1053 525; x_wconf 90' lang='lat' dir='ltr'>Deo,</span> <span class='ocrx_word' id='word_1_17' title='bbox 1073 459 1346 515; x_wconf 66' lang='lat' dir='ltr'>coaeterni</span> <span class='ocrx_word' id='word_1_18' title='bbox 1375 459 1447 512; x_wconf 92' lang='lat' dir='ltr'>de</span> <span class='ocrx_word' id='word_1_19' title='bbox 1461 454 1878 521; x_wconf 67' lang='lat' dir='ltr'>aeterno,unde</span> <span class='ocrx_word' id='word_1_20' title='bbox 1894 453 2171 521; x_wconf 89' lang='lat' dir='ltr'>scriptum</span> 
     </span>
    </p>
   </div>
   <div class='ocr_carea' id='block_1_5' title="bbox 522 539 2174 619">
    <p class='ocr_par' dir='ltr' id='par_1_5' title="bbox 522 539 2174 619">
     <span class='ocr_line' id='line_1_5' title="bbox 522 539 2174 619; baseline -0.013 -3"><span class='ocrx_word' id='word_1_21' title='bbox 522 569 606 616; x_wconf 92' lang='lat' dir='ltr'>est</span> <span class='ocrx_word' id='word_1_22' title='bbox 641 578 653 612; x_wconf 93' lang='lat'>:</span> <span class='ocrx_word' id='word_1_23' title='bbox 686 552 1126 612; x_wconf 85' lang='lat' dir='ltr'>Generationem</span> <span class='ocrx_word' id='word_1_24' title='bbox 1148 551 1271 617; x_wconf 73' lang='lat' dir='ltr'>eius</span> <span class='ocrx_word' id='word_1_25' title='bbox 1286 549 1416 619; x_wconf 87' lang='lat' dir='ltr'>quis</span> <span class='ocrx_word' id='word_1_26' title='bbox 1431 545 1740 602; x_wconf 86' lang='lat' dir='ltr'>enarrabit</span> <span class='ocrx_word' id='word_1_27' title='bbox 1766 544 1928 614; x_wconf 90' lang='lat' dir='ltr'>(Isai.</span> <span class='ocrx_word' id='word_1_28' title='bbox 1948 539 2174 610; x_wconf 77' lang='lat' dir='ltr'>Liii,8)‘?</span> 
     </span>
    </p>
   </div>
   <div class='ocr_carea' id='block_1_6' title="bbox 522 629 2176 712">
    <p class='ocr_par' dir='ltr' id='par_1_6' title="bbox 522 629 2176 712">
     <span class='ocr_line' id='line_1_6' title="bbox 522 629 2176 712; baseline -0.013 -9"><span class='ocrx_word' id='word_1_29' title='bbox 522 652 665 704; x_wconf 89' lang='lat' dir='ltr'>Cum</span> <span class='ocrx_word' id='word_1_30' title='bbox 699 659 840 712; x_wconf 89' lang='lat' dir='ltr'>ergo</span> <span class='ocrx_word' id='word_1_31' title='bbox 871 641 1064 696; x_wconf 91' lang='lat' dir='ltr'>bonos</span> <span class='ocrx_word' id='word_1_32' title='bbox 1096 655 1224 693; x_wconf 89' lang='lat' dir='ltr'>esse</span> <span class='ocrx_word' id='word_1_33' title='bbox 1250 635 1771 697; x_wconf 89' lang='lat' dir='ltr'>demonstraverit,</span> <span class='ocrx_word' id='word_1_34' title='bbox 1803 648 1957 704; x_wconf 92' lang='lat' dir='ltr'>quos</span> <span class='ocrx_word' id='word_1_35' title='bbox 1989 629 2176 685; x_wconf 87' lang='lat' dir='ltr'>voluit</span> 
     </span>
    </p>
   </div>
   <div class='ocr_carea' id='block_1_7' title="bbox 524 719 2172 794">
    <p class='ocr_par' dir='ltr' id='par_1_7' title="bbox 524 719 2172 794">
     <span class='ocr_line' id='line_1_7' title="bbox 524 719 2172 794; baseline -0.011 -2"><span class='ocrx_word' id='word_1_36' title='bbox 524 739 641 792; x_wconf 93' lang='lat' dir='ltr'>Deo</span> <span class='ocrx_word' id='word_1_37' title='bbox 673 732 959 788; x_wconf 76' lang='lat' dir='ltr'>veraciter</span> <span class='ocrx_word' id='word_1_38' title='bbox 988 729 1205 791; x_wconf 87' lang='lat' dir='ltr'>dicere,</span> <span class='ocrx_word' id='word_1_39' title='bbox 1237 727 1422 782; x_wconf 87' lang='lat' dir='ltr'>Pater</span> <span class='ocrx_word' id='word_1_40' title='bbox 1449 722 1783 794; x_wconf 81' lang='lat' dir='ltr'>noster,qui</span> <span class='ocrx_word' id='word_1_41' title='bbox 1805 736 1861 777; x_wconf 88' lang='lat' dir='ltr'>es</span> <span class='ocrx_word' id='word_1_42' title='bbox 1893 723 1952 775; x_wconf 89' lang='lat' dir='ltr'>in</span> <span class='ocrx_word' id='word_1_43' title='bbox 1976 719 2132 776; x_wconf 69' lang='lat' dir='ltr'>caelis</span> <span class='ocrx_word' id='word_1_44' title='bbox 2155 734 2172 784; x_wconf 90' lang='lat'><strong><em>;</em></strong></span> 
     </span>
    </p>
   </div>
   <div class='ocr_carea' id='block_1_8' title="bbox 522 811 2177 896">
    <p class='ocr_par' dir='ltr' id='par_1_8' title="bbox 522 811 2177 896">
     <span class='ocr_line' id='line_1_8' title="bbox 522 811 2177 896; baseline -0.011 -15"><span class='ocrx_word' id='word_1_45' title='bbox 522 823 807 896; x_wconf 62' lang='lat' dir='ltr'>praecepit</span> <span class='ocrx_word' id='word_1_46' title='bbox 839 826 1037 876; x_wconf 89' lang='lat' dir='ltr'>tamen</span> <span class='ocrx_word' id='word_1_47' title='bbox 1061 822 1122 872; x_wconf 90' lang='lat' dir='ltr'>ut</span> <span class='ocrx_word' id='word_1_48' title='bbox 1151 817 1208 870; x_wconf 89' lang='lat' dir='ltr'>in</span> <span class='ocrx_word' id='word_1_49' title='bbox 1242 815 1453 870; x_wconf 90' lang='lat' dir='ltr'>eadem</span> <span class='ocrx_word' id='word_1_50' title='bbox 1484 811 1752 868; x_wconf 90' lang='lat' dir='ltr'>oratione</span> <span class='ocrx_word' id='word_1_51' title='bbox 1783 811 1933 865; x_wconf 89' lang='lat' dir='ltr'>inter</span> <span class='ocrx_word' id='word_1_52' title='bbox 1964 813 2177 864; x_wconf 59' lang='lat' dir='ltr'>caetera</span> 
     </span>
    </p>
   </div>
   <div class='ocr_carea' id='block_1_9' title="bbox 524 899 2175 969">
    <p class='ocr_par' dir='ltr' id='par_1_9' title="bbox 524 899 2175 969">
     <span class='ocr_line' id='line_1_9' title="bbox 524 899 2175 969; baseline -0.011 0"><span class='ocrx_word' id='word_1_53' title='bbox 524 913 785 969; x_wconf 89' lang='lat' dir='ltr'>dicerent</span> <span class='ocrx_word' id='word_1_54' title='bbox 820 930 832 965; x_wconf 91' lang='lat'>:</span> <span class='ocrx_word' id='word_1_55' title='bbox 877 909 1117 964; x_wconf 75' lang='lat' dir='ltr'>Dimitte</span> <span class='ocrx_word' id='word_1_56' title='bbox 1146 905 1313 960; x_wconf 87' lang='lat' dir='ltr'>nobis</span> <span class='ocrx_word' id='word_1_57' title='bbox 1340 902 1537 959; x_wconf 90' lang='lat' dir='ltr'>debita</span> <span class='ocrx_word' id='word_1_58' title='bbox 1565 905 1788 966; x_wconf 85' lang='lat' dir='ltr'>nostra,</span> <span class='ocrx_word' id='word_1_59' title='bbox 1808 899 1958 955; x_wconf 85' lang='lat' dir='ltr'>sicut</span> <span class='ocrx_word' id='word_1_60' title='bbox 1986 902 2040 954; x_wconf 89' lang='lat' dir='ltr'>et</span> <span class='ocrx_word' id='word_1_61' title='bbox 2070 911 2175 952; x_wconf 86' lang='lat' dir='ltr'>nos</span> 
     </span>
    </p>
   </div>
   <div class='ocr_carea' id='block_1_10' title="bbox 525 988 2177 1058">
    <p class='ocr_par' dir='ltr' id='par_1_10' title="bbox 525 988 2177 1058">
     <span class='ocr_line' id='line_1_10' title="bbox 525 988 2177 1058; baseline -0.012 0"><span class='ocrx_word' id='word_1_62' title='bbox 525 1001 872 1058; x_wconf 78' lang='lat' dir='ltr'>dimittimus</span> <span class='ocrx_word' id='word_1_63' title='bbox 903 995 1262 1053; x_wconf 84' lang='lat' dir='ltr'>debitoribus</span> <span class='ocrx_word' id='word_1_64' title='bbox 1319 992 1552 1048; x_wconf 80' lang='lat' dir='ltr'>nostris.</span> <span class='ocrx_word' id='word_1_65' title='bbox 1601 992 1741 1056; x_wconf 67' lang='lat' dir='ltr'>Quae</span> <span class='ocrx_word' id='word_1_66' title='bbox 1795 988 1997 1043; x_wconf 91' lang='lat' dir='ltr'>debita</span> <span class='ocrx_word' id='word_1_67' title='bbox 2045 999 2177 1040; x_wconf 90' lang='lat' dir='ltr'>esse</span> 
     </span>
    </p>
   </div>
   <div class='ocr_carea' id='block_1_11' title="bbox 526 1081 2178 1164">
    <p class='ocr_par' dir='ltr' id='par_1_11' title="bbox 526 1081 2178 1164">
     <span class='ocr_line' id='line_1_11' title="bbox 526 1081 2178 1164; baseline -0.009 -17"><span class='ocrx_word' id='word_1_68' title='bbox 526 1096 797 1164; x_wconf 88' lang='lat' dir='ltr'>peccata,</span> <span class='ocrx_word' id='word_1_69' title='bbox 813 1086 1091 1159; x_wconf 83' lang='lat' dir='ltr'>quamvis</span> <span class='ocrx_word' id='word_1_70' title='bbox 1110 1083 1493 1138; x_wconf 85' lang='lat' dir='ltr'>manifestum</span> <span class='ocrx_word' id='word_1_71' title='bbox 1511 1081 1600 1144; x_wconf 89' lang='lat' dir='ltr'>sit,</span> <span class='ocrx_word' id='word_1_72' title='bbox 1617 1083 1825 1150; x_wconf 89' lang='lat' dir='ltr'>postea</span> <span class='ocrx_word' id='word_1_73' title='bbox 1839 1083 2037 1132; x_wconf 90' lang='lat' dir='ltr'>tamen</span> <span class='ocrx_word' id='word_1_74' title='bbox 2052 1091 2178 1132; x_wconf 85' lang='lat' dir='ltr'>ma-</span> 
     </span>
    </p>
   </div>
   <div class='ocr_carea' id='block_1_12' title="bbox 529 1166 2178 1236">
    <p class='ocr_par' dir='ltr' id='par_1_12' title="bbox 529 1166 2178 1236">
     <span class='ocr_line' id='line_1_12' title="bbox 529 1166 2178 1236; baseline -0.01 0"><span class='ocrx_word' id='word_1_75' title='bbox 529 1179 801 1236; x_wconf 91' lang='lat' dir='ltr'>nifestius</span> <span class='ocrx_word' id='word_1_76' title='bbox 833 1172 1375 1230; x_wconf 90' lang='lat' dir='ltr'>declaravitdicens</span> <span class='ocrx_word' id='word_1_77' title='bbox 1409 1171 1496 1225; x_wconf 86' lang='lat' dir='ltr'>:Si</span> <span class='ocrx_word' id='word_1_78' title='bbox 1521 1169 1672 1225; x_wconf 90' lang='lat' dir='ltr'>enim</span> <span class='ocrx_word' id='word_1_79' title='bbox 1700 1166 2178 1234; x_wconf 87' lang='lat' dir='ltr'>dimiseritispec-</span> 
     </span>
    </p>
   </div>
   <div class='ocr_carea' id='block_1_13' title="bbox 528 1259 2178 1327">
    <p class='ocr_par' dir='ltr' id='par_1_13' title="bbox 528 1259 2178 1327">
     <span class='ocr_line' id='line_1_13' title="bbox 528 1259 2178 1327; baseline -0.011 0"><span class='ocrx_word' id='word_1_80' title='bbox 528 1276 666 1327; x_wconf 88' lang='lat' dir='ltr'>cata</span> <span class='ocrx_word' id='word_1_81' title='bbox 680 1263 1292 1327; x_wconf 83' lang='lat' dir='ltr'>hominibus,dimittet</span> <span class='ocrx_word' id='word_1_82' title='bbox 1308 1259 1465 1316; x_wconf 85' lang='lat' dir='ltr'>vobis</span> <span class='ocrx_word' id='word_1_83' title='bbox 1479 1265 1532 1316; x_wconf 92' lang='lat' dir='ltr'>et</span> <span class='ocrx_word' id='word_1_84' title='bbox 1549 1259 1922 1314; x_wconf 86' lang='lat' dir='ltr'>Patervester</span> <span class='ocrx_word' id='word_1_85' title='bbox 1933 1263 2178 1324; x_wconf 85' lang='lat' dir='ltr'>peccata</span> 
     </span>
    </p>
   </div>
   <div class='ocr_carea' id='block_1_14' title="bbox 530 1344 2174 1427">
    <p class='ocr_par' dir='ltr' id='par_1_14' title="bbox 530 1344 2174 1427">
     <span class='ocr_line' id='line_1_14' title="bbox 530 1344 2174 1427; baseline -0.011 -11"><span class='ocrx_word' id='word_1_86' title='bbox 530 1364 725 1416; x_wconf 87' lang='lat' dir='ltr'>vestra</span> <span class='ocrx_word' id='word_1_87' title='bbox 741 1354 982 1427; x_wconf 84' lang='lat' dir='ltr'>(Matth.</span> <span class='ocrx_word' id='word_1_88' title='bbox 1000 1353 1236 1417; x_wconf 74' lang='lat' dir='ltr'>v1,9,t2,</span> <span class='ocrx_word' id='word_1_89' title='bbox 1259 1351 1363 1420; x_wconf 77' lang='grc'>14).</span> <span class='ocrx_word' id='word_1_90' title='bbox 1381 1353 1539 1404; x_wconf 86' lang='lat' dir='ltr'>Hanc</span> <span class='ocrx_word' id='word_1_91' title='bbox 1553 1347 1880 1404; x_wconf 89' lang='lat' dir='ltr'>orationem</span> <span class='ocrx_word' id='word_1_92' title='bbox 1899 1344 2174 1416; x_wconf 88' lang='lat' dir='ltr'>baptizati</span> 
     </span>
    </p>
   </div>
   <div class='ocr_carea' id='block_1_15' title="bbox 527 1434 2175 1514">
    <p class='ocr_par' dir='ltr' id='par_1_15' title="bbox 527 1434 2175 1514">
     <span class='ocr_line' id='line_1_15' title="bbox 527 1434 2175 1514; baseline -0.01 -11"><span class='ocrx_word' id='word_1_93' title='bbox 527 1452 719 1514; x_wconf 90' lang='lat' dir='ltr'>orant,</span> <span class='ocrx_word' id='word_1_94' title='bbox 740 1460 850 1500; x_wconf 90' lang='lat' dir='ltr'>nec</span> <span class='ocrx_word' id='word_1_95' title='bbox 871 1448 957 1498; x_wconf 89' lang='lat' dir='ltr'>est</span> <span class='ocrx_word' id='word_1_96' title='bbox 970 1458 1210 1514; x_wconf 86' lang='lat' dir='ltr'>prorsus</span> <span class='ocrx_word' id='word_1_97' title='bbox 1225 1439 1655 1511; x_wconf 68' lang='lat' dir='ltr'>praeteritorum</span> <span class='ocrx_word' id='word_1_98' title='bbox 1671 1434 1897 1506; x_wconf 89' lang='lat' dir='ltr'>aliquid</span> <span class='ocrx_word' id='word_1_99' title='bbox 1912 1439 2175 1506; x_wconf 88' lang='lat' dir='ltr'>peccato-</span> 
     </span>
    </p>
   </div>
   <div class='ocr_carea' id='block_1_16' title="bbox 526 1523 2180 1606">
    <p class='ocr_par' dir='ltr' id='par_1_16' title="bbox 526 1523 2180 1606">
     <span class='ocr_line' id='line_1_16' title="bbox 526 1523 2180 1606; baseline -0.009 -16"><span class='ocrx_word' id='word_1_100' title='bbox 526 1551 682 1596; x_wconf 90' lang='lat' dir='ltr'>rum,</span> <span class='ocrx_word' id='word_1_101' title='bbox 697 1533 862 1606; x_wconf 91' lang='lat' dir='ltr'>quod</span> <span class='ocrx_word' id='word_1_102' title='bbox 887 1548 1006 1587; x_wconf 93' lang='lat' dir='ltr'>non</span> <span class='ocrx_word' id='word_1_103' title='bbox 1022 1529 1331 1600; x_wconf 86' lang='lat' dir='ltr'>baptizatis</span> <span class='ocrx_word' id='word_1_104' title='bbox 1345 1527 1402 1582; x_wconf 94' lang='lat' dir='ltr'>in</span> <span class='ocrx_word' id='word_1_105' title='bbox 1419 1531 1625 1582; x_wconf 90' lang='lat' dir='ltr'>sancta</span> <span class='ocrx_word' id='word_1_106' title='bbox 1643 1523 1901 1580; x_wconf 88' lang='lat' dir='ltr'>Ecclesia</span> <span class='ocrx_word' id='word_1_107' title='bbox 1922 1523 2180 1577; x_wconf 90' lang='lat' dir='ltr'>dimitta-</span> 
     </span>
    </p>
   </div>
   <div class='ocr_carea' id='block_1_17' title="bbox 527 1609 2178 1692">
    <p class='ocr_par' dir='ltr' id='par_1_17' title="bbox 527 1609 2178 1692">
     <span class='ocr_line' id='line_1_17' title="bbox 527 1609 2178 1692; baseline -0.008 -14"><span class='ocrx_word' id='word_1_108' title='bbox 527 1629 640 1678; x_wconf 85' lang='lat' dir='ltr'>tur.</span> <span class='ocrx_word' id='word_1_109' title='bbox 673 1623 781 1679; x_wconf 86' lang='lat' dir='ltr'>Sed</span> <span class='ocrx_word' id='word_1_110' title='bbox 814 1625 1026 1692; x_wconf 90' lang='lat' dir='ltr'>postea</span> <span class='ocrx_word' id='word_1_111' title='bbox 1047 1617 1305 1672; x_wconf 91' lang='lat' dir='ltr'>vivendo</span> <span class='ocrx_word' id='word_1_112' title='bbox 1335 1617 1391 1669; x_wconf 90' lang='lat' dir='ltr'>in</span> <span class='ocrx_word' id='word_1_113' title='bbox 1434 1615 1549 1669; x_wconf 91' lang='lat' dir='ltr'>hac</span> <span class='ocrx_word' id='word_1_114' title='bbox 1580 1612 1893 1683; x_wconf 84' lang='lat' dir='ltr'>fragilitate</span> <span class='ocrx_word' id='word_1_115' title='bbox 1921 1609 2178 1676; x_wconf 86' lang='lat' dir='ltr'>mortali,</span> 
     </span>
    </p>
   </div>
   <div class='ocr_carea' id='block_1_18' title="bbox 528 1703 2179 1777">
    <p class='ocr_par' dir='ltr' id='par_1_18' title="bbox 528 1703 2179 1777">
     <span class='ocr_line' id='line_1_18' title="bbox 528 1703 2179 1777; baseline -0.008 -10"><span class='ocrx_word' id='word_1_116' title='bbox 528 1712 641 1767; x_wconf 88' lang='lat' dir='ltr'>nisi</span> <span class='ocrx_word' id='word_1_117' title='bbox 673 1709 1091 1766; x_wconf 79' lang='lat' dir='ltr'>contraherent</span> <span class='ocrx_word' id='word_1_118' title='bbox 1117 1705 1280 1777; x_wconf 91' lang='lat' dir='ltr'>quod</span> <span class='ocrx_word' id='word_1_119' title='bbox 1298 1703 1716 1759; x_wconf 89' lang='lat' dir='ltr'>dimittendum</span> <span class='ocrx_word' id='word_1_120' title='bbox 1741 1706 1914 1766; x_wconf 88' lang='lat' dir='ltr'>esset,</span> <span class='ocrx_word' id='word_1_121' title='bbox 1937 1716 2059 1756; x_wconf 91' lang='lat' dir='ltr'>non</span> <span class='ocrx_word' id='word_1_122' title='bbox 2078 1715 2179 1755; x_wconf 90' lang='lat' dir='ltr'>ve-</span> 
     </span>
    </p>
   </div>
   <div class='ocr_carea' id='block_1_19' title="bbox 529 1788 2180 1860">
    <p class='ocr_par' dir='ltr' id='par_1_19' title="bbox 529 1788 2180 1860">
     <span class='ocr_line' id='line_1_19' title="bbox 529 1788 2180 1860; baseline -0.008 -4"><span class='ocrx_word' id='word_1_123' title='bbox 529 1801 742 1856; x_wconf 89' lang='lat' dir='ltr'>raciter</span> <span class='ocrx_word' id='word_1_124' title='bbox 771 1799 1051 1860; x_wconf 89' lang='lat' dir='ltr'>dicerent,</span> <span class='ocrx_word' id='word_1_125' title='bbox 1095 1794 1338 1850; x_wconf 80' lang='lat' dir='ltr'>Dimitte</span> <span class='ocrx_word' id='word_1_126' title='bbox 1367 1792 1538 1848; x_wconf 89' lang='lat' dir='ltr'>nobis</span> <span class='ocrx_word' id='word_1_127' title='bbox 1556 1791 1753 1848; x_wconf 88' lang='lat' dir='ltr'>debita</span> <span class='ocrx_word' id='word_1_128' title='bbox 1775 1796 2000 1846; x_wconf 86' lang='lat' dir='ltr'>nostra.</span> <span class='ocrx_word' id='word_1_129' title='bbox 2040 1788 2180 1844; x_wconf 91' lang='lat' dir='ltr'>Boni</span> 
     </span>
    </p>
   </div>
   <div class='ocr_carea' id='block_1_20' title="bbox 529 1880 2179 1957">
    <p class='ocr_par' dir='ltr' id='par_1_20' title="bbox 529 1880 2179 1957">
     <span class='ocr_line' id='line_1_20' title="bbox 529 1880 2179 1957; baseline -0.007 -13"><span class='ocrx_word' id='word_1_130' title='bbox 529 1903 692 1957; x_wconf 89' lang='lat' dir='ltr'>ergo,</span> <span class='ocrx_word' id='word_1_131' title='bbox 725 1888 782 1942; x_wconf 91' lang='lat' dir='ltr'>in</span> <span class='ocrx_word' id='word_1_132' title='bbox 810 1889 1103 1957; x_wconf 90' lang='lat' dir='ltr'>quantum</span> <span class='ocrx_word' id='word_1_133' title='bbox 1146 1884 1162 1918; x_wconf 85' lang='grc'>¹</span> <span class='ocrx_word' id='word_1_134' title='bbox 1197 1881 1303 1936; x_wconf 87' lang='lat' dir='ltr'>ﬁlii</span> <span class='ocrx_word' id='word_1_135' title='bbox 1336 1881 1432 1936; x_wconf 91' lang='lat' dir='ltr'>Dei</span> <span class='ocrx_word' id='word_1_136' title='bbox 1457 1885 1592 1935; x_wconf 92' lang='lat' dir='ltr'>sunt</span> <span class='ocrx_word' id='word_1_137' title='bbox 1626 1902 1635 1944; x_wconf 88' lang='lat'><strong>;</strong></span> <span class='ocrx_word' id='word_1_138' title='bbox 1663 1880 1719 1934; x_wconf 92' lang='lat' dir='ltr'>in</span> <span class='ocrx_word' id='word_1_139' title='bbox 1749 1883 2041 1950; x_wconf 87' lang='lat' dir='ltr'>quantum</span> <span class='ocrx_word' id='word_1_140' title='bbox 2076 1894 2179 1934; x_wconf 87' lang='lat' dir='ltr'>au-</span> 
     </span>
    </p>
   </div>
   <div class='ocr_carea' id='block_1_21' title="bbox 530 1966 2181 2047">
    <p class='ocr_par' dir='ltr' id='par_1_21' title="bbox 530 1966 2181 2047">
     <span class='ocr_line' id='line_1_21' title="bbox 530 1966 2181 2047; baseline -0.005 -16"><span class='ocrx_word' id='word_1_141' title='bbox 530 1983 650 2033; x_wconf 85' lang='lat' dir='ltr'>tem</span> <span class='ocrx_word' id='word_1_142' title='bbox 683 1979 933 2047; x_wconf 89' lang='lat' dir='ltr'>peccant</span> <span class='ocrx_word' id='word_1_143' title='bbox 964 1971 1156 2043; x_wconf 90' lang='lat' dir='ltr'>(quod</span> <span class='ocrx_word' id='word_1_144' title='bbox 1187 1986 1298 2025; x_wconf 89' lang='lat' dir='ltr'>sua</span> <span class='ocrx_word' id='word_1_145' title='bbox 1348 1984 1468 2024; x_wconf 91' lang='lat' dir='ltr'>non</span> <span class='ocrx_word' id='word_1_146' title='bbox 1501 1968 1776 2024; x_wconf 82' lang='lat' dir='ltr'>mendaci</span> <span class='ocrx_word' id='word_1_147' title='bbox 1804 1966 2181 2023; x_wconf 85' lang='lat' dir='ltr'>confessione</span> 
     </span>
    </p>
   </div>
   <div class='ocr_carea' id='block_1_22' title="bbox 531 2059 1451 2133">
    <p class='ocr_par' dir='ltr' id='par_1_22' title="bbox 531 2059 1451 2133">
     <span class='ocr_line' id='line_1_22' title="bbox 531 2059 1451 2133; baseline -0.011 -11"><span class='ocrx_word' id='word_1_148' title='bbox 531 2065 860 2133; x_wconf 84' lang='lat' dir='ltr'>testantur),</span> <span class='ocrx_word' id='word_1_149' title='bbox 894 2063 1096 2133; x_wconf 89' lang='lat' dir='ltr'>utique</span> <span class='ocrx_word' id='word_1_150' title='bbox 1124 2059 1262 2114; x_wconf 89' lang='lat' dir='ltr'>mali</span> <span class='ocrx_word' id='word_1_151' title='bbox 1294 2063 1451 2113; x_wconf 90' lang='lat' dir='ltr'>sunt.</span> 
     </span>
    </p>
   </div>
   <div class='ocr_carea' id='block_1_23' title="bbox 603 2144 2184 2222">
    <p class='ocr_par' dir='ltr' id='par_1_23' title="bbox 603 2144 2184 2222">
     <span class='ocr_line' id='line_1_23' title="bbox 603 2144 2184 2222; baseline -0.006 -13"><span class='ocrx_word' id='word_1_152' title='bbox 603 2155 693 2210; x_wconf 83' lang='grc'>14.</span> <span class='ocrx_word' id='word_1_153' title='bbox 717 2153 831 2209; x_wconf 86' lang='lat' dir='ltr'>Nisi</span> <span class='ocrx_word' id='word_1_154' title='bbox 865 2153 1012 2207; x_wconf 88' lang='lat' dir='ltr'>forte</span> <span class='ocrx_word' id='word_1_155' title='bbox 1035 2150 1168 2222; x_wconf 90' lang='lat' dir='ltr'>quis</span> <span class='ocrx_word' id='word_1_156' title='bbox 1194 2147 1503 2211; x_wconf 89' lang='lat' dir='ltr'>dicat,alia</span> <span class='ocrx_word' id='word_1_157' title='bbox 1525 2145 1970 2209; x_wconf 86' lang='lat' dir='ltr'>bonorum,alia</span> <span class='ocrx_word' id='word_1_158' title='bbox 1998 2144 2184 2201; x_wconf 90' lang='lat' dir='ltr'>malo-</span> 
     </span>
    </p>
   </div>
   <div class='ocr_carea' id='block_1_24' title="bbox 531 2234 2186 2312">
    <p class='ocr_par' dir='ltr' id='par_1_24' title="bbox 531 2234 2186 2312">
     <span class='ocr_line' id='line_1_24' title="bbox 531 2234 2186 2312; baseline -0.007 -12"><span class='ocrx_word' id='word_1_159' title='bbox 531 2261 664 2300; x_wconf 91' lang='lat' dir='ltr'>rum</span> <span class='ocrx_word' id='word_1_160' title='bbox 685 2258 811 2298; x_wconf 90' lang='lat' dir='ltr'>esse</span> <span class='ocrx_word' id='word_1_161' title='bbox 827 2246 1070 2312; x_wconf 89' lang='lat' dir='ltr'>peccata</span> <span class='ocrx_word' id='word_1_162' title='bbox 1087 2258 1098 2306; x_wconf 94' lang='lat'>;</span> <span class='ocrx_word' id='word_1_163' title='bbox 1115 2237 1278 2310; x_wconf 92' lang='lat' dir='ltr'>quod</span> <span class='ocrx_word' id='word_1_164' title='bbox 1294 2252 1414 2292; x_wconf 92' lang='lat' dir='ltr'>non</span> <span class='ocrx_word' id='word_1_165' title='bbox 1429 2249 1864 2307; x_wconf 87' lang='lat' dir='ltr'>usquequaque</span> <span class='ocrx_word' id='word_1_166' title='bbox 1877 2234 2186 2305; x_wconf 87' lang='lat' dir='ltr'>improba-</span> 
     </span>
    </p>
   </div>
   <div class='ocr_carea' id='block_1_25' title="bbox 532 2323 2184 2390">
    <p class='ocr_par' dir='ltr' id='par_1_25' title="bbox 532 2323 2184 2390">
     <span class='ocr_line' id='line_1_25' title="bbox 532 2323 2184 2390; baseline -0.006 -1"><span class='ocrx_word' id='word_1_167' title='bbox 532 2333 722 2390; x_wconf 89' lang='lat' dir='ltr'>biliter</span> <span class='ocrx_word' id='word_1_168' title='bbox 753 2331 987 2387; x_wconf 91' lang='lat' dir='ltr'>dicitur.</span> <span class='ocrx_word' id='word_1_169' title='bbox 1008 2331 1428 2384; x_wconf 88' lang='lat' dir='ltr'>Verumtamen</span> <span class='ocrx_word' id='word_1_170' title='bbox 1444 2325 1908 2380; x_wconf 88' lang='lat' dir='ltr'>DominusJesus</span> <span class='ocrx_word' id='word_1_171' title='bbox 1922 2324 2048 2378; x_wconf 91' lang='lat' dir='ltr'>sine</span> <span class='ocrx_word' id='word_1_172' title='bbox 2064 2323 2184 2379; x_wconf 88' lang='lat' dir='ltr'>ulla</span> 
     </span>
    </p>
   </div>
   <div class='ocr_carea' id='block_1_26' title="bbox 533 2413 2182 2490">
    <p class='ocr_par' dir='ltr' id='par_1_26' title="bbox 533 2413 2182 2490">
     <span class='ocr_line' id='line_1_26' title="bbox 533 2413 2182 2490; baseline -0.006 -12"><span class='ocrx_word' id='word_1_173' title='bbox 533 2421 926 2490; x_wconf 83' lang='lat' dir='ltr'>ambiguitate</span> <span class='ocrx_word' id='word_1_174' title='bbox 942 2417 1134 2473; x_wconf 92' lang='lat' dir='ltr'>malos</span> <span class='ocrx_word' id='word_1_175' title='bbox 1147 2415 1472 2488; x_wconf 86' lang='lat' dir='ltr'>appellavit</span> <span class='ocrx_word' id='word_1_176' title='bbox 1485 2413 1734 2469; x_wconf 90' lang='lat' dir='ltr'>eosdem</span> <span class='ocrx_word' id='word_1_177' title='bbox 1748 2413 1910 2483; x_wconf 91' lang='lat' dir='ltr'>ipsos</span> <span class='ocrx_word' id='word_1_178' title='bbox 1923 2428 2182 2484; x_wconf 90' lang='lat' dir='ltr'>quorum</span> 
     </span>
    </p>
   </div>
   <div class='ocr_carea' id='block_1_27' title="bbox 533 2501 2186 2582">
    <p class='ocr_par' dir='ltr' id='par_1_27' title="bbox 533 2501 2186 2582">
     <span class='ocr_line' id='line_1_27' title="bbox 533 2501 2186 2582; baseline -0.006 -15"><span class='ocrx_word' id='word_1_179' title='bbox 533 2517 763 2582; x_wconf 82' lang='lat' dir='ltr'>patrem</span> <span class='ocrx_word' id='word_1_180' title='bbox 778 2509 1012 2564; x_wconf 89' lang='lat' dir='ltr'>dicebat</span> <span class='ocrx_word' id='word_1_181' title='bbox 1029 2509 1236 2562; x_wconf 91' lang='lat' dir='ltr'>Deum.</span> <span class='ocrx_word' id='word_1_182' title='bbox 1266 2507 1412 2560; x_wconf 87' lang='lat' dir='ltr'>Nam</span> <span class='ocrx_word' id='word_1_183' title='bbox 1435 2503 1493 2557; x_wconf 92' lang='lat' dir='ltr'>in</span> <span class='ocrx_word' id='word_1_184' title='bbox 1515 2502 1727 2558; x_wconf 91' lang='lat' dir='ltr'>eodem</span> <span class='ocrx_word' id='word_1_185' title='bbox 1757 2517 2052 2566; x_wconf 89' lang='lat' dir='ltr'>sermone,</span> <span class='ocrx_word' id='word_1_186' title='bbox 2084 2501 2186 2557; x_wconf 91' lang='lat' dir='ltr'>ubi</span> 
     </span>
    </p>
   </div>
   <div class='ocr_carea' id='block_1_28' title="bbox 532 2590 2188 2662">
    <p class='ocr_par' dir='ltr' id='par_1_28' title="bbox 532 2590 2188 2662">
     <span class='ocr_line' id='line_1_28' title="bbox 532 2590 2188 2662; baseline -0.005 -9"><span class='ocrx_word' id='word_1_187' title='bbox 532 2598 697 2653; x_wconf 88' lang='lat' dir='ltr'>illam</span> <span class='ocrx_word' id='word_1_188' title='bbox 723 2598 896 2652; x_wconf 89' lang='lat' dir='ltr'>docet</span> <span class='ocrx_word' id='word_1_189' title='bbox 926 2596 1278 2658; x_wconf 88' lang='lat' dir='ltr'>orationem,</span> <span class='ocrx_word' id='word_1_190' title='bbox 1309 2593 1425 2648; x_wconf 90' lang='lat' dir='ltr'>alio</span> <span class='ocrx_word' id='word_1_191' title='bbox 1456 2591 1586 2647; x_wconf 93' lang='lat' dir='ltr'>loco</span> <span class='ocrx_word' id='word_1_192' title='bbox 1613 2591 1934 2646; x_wconf 87' lang='lat' dir='ltr'>exhortans</span> <span class='ocrx_word' id='word_1_193' title='bbox 1955 2590 2030 2645; x_wconf 92' lang='lat' dir='ltr'>ad</span> <span class='ocrx_word' id='word_1_194' title='bbox 2059 2606 2188 2662; x_wconf 88' lang='lat' dir='ltr'>pre-</span> 
     </span>
    </p>
   </div>
   <div class='ocr_carea' id='block_1_29' title="bbox 534 2680 2186 2750">
    <p class='ocr_par' dir='ltr' id='par_1_29' title="bbox 534 2680 2186 2750">
     <span class='ocr_line' id='line_1_29' title="bbox 534 2680 2186 2750; baseline -0.003 -9"><span class='ocrx_word' id='word_1_195' title='bbox 534 2687 798 2742; x_wconf 93' lang='lat' dir='ltr'>candum</span> <span class='ocrx_word' id='word_1_196' title='bbox 830 2688 1038 2750; x_wconf 91' lang='lat' dir='ltr'>Deum,</span> <span class='ocrx_word' id='word_1_197' title='bbox 1058 2685 1160 2748; x_wconf 89' lang='lat' dir='ltr'>ait,</span> <span class='ocrx_word' id='word_1_198' title='bbox 1185 2683 1458 2744; x_wconf 89' lang='lat' dir='ltr'>Petite,et</span> <span class='ocrx_word' id='word_1_199' title='bbox 1479 2680 1782 2750; x_wconf 79' lang='lat' dir='ltr'>accipietis</span> <span class='ocrx_word' id='word_1_200' title='bbox 1804 2695 1823 2744; x_wconf 79' lang='lat'>,°</span> <span class='ocrx_word' id='word_1_201' title='bbox 1848 2680 2116 2750; x_wconf 64' lang='lat' dir='ltr'>quaerite,</span> <span class='ocrx_word' id='word_1_202' title='bbox 2131 2687 2186 2736; x_wconf 92' lang='lat' dir='ltr'>et</span> 
     </span>
    </p>
   </div>
   <div class='ocr_carea' id='block_1_30' title="bbox 531 2769 2185 2843">
    <p class='ocr_par' dir='ltr' id='par_1_30' title="bbox 531 2769 2185 2843">
     <span class='ocr_line' id='line_1_30' title="bbox 531 2769 2185 2843; baseline -0.003 -13"><span class='ocrx_word' id='word_1_203' title='bbox 531 2773 841 2831; x_wconf 83' lang='lat' dir='ltr'>invenietis</span> <span class='ocrx_word' id='word_1_204' title='bbox 873 2775 1163 2843; x_wconf 85' lang='lat' dir='ltr'>;putsate,</span> <span class='ocrx_word' id='word_1_205' title='bbox 1193 2780 1244 2829; x_wconf 90' lang='lat' dir='ltr'>et</span> <span class='ocrx_word' id='word_1_206' title='bbox 1264 2771 1564 2841; x_wconf 78' lang='lat' dir='ltr'>aperietur</span> <span class='ocrx_word' id='word_1_207' title='bbox 1595 2769 1772 2826; x_wconf 87' lang='lat' dir='ltr'>vobis.</span> <span class='ocrx_word' id='word_1_208' title='bbox 1801 2769 2001 2825; x_wconf 83' lang='lat' dir='ltr'>Omnis</span> <span class='ocrx_word' id='word_1_209' title='bbox 2031 2770 2185 2825; x_wconf 87' lang='lat' dir='ltr'>enim</span> 
     </span>
    </p>
   </div>
   <div class='ocr_carea' id='block_1_31' title="bbox 533 2857 2184 2935">
    <p class='ocr_par' dir='ltr' id='par_1_31' title="bbox 533 2857 2184 2935">
     <span class='ocr_line' id='line_1_31' title="bbox 533 2857 2184 2935; baseline -0.003 -18"><span class='ocrx_word' id='word_1_210' title='bbox 533 2863 634 2935; x_wconf 87' lang='lat' dir='ltr'>qui</span> <span class='ocrx_word' id='word_1_211' title='bbox 659 2863 826 2930; x_wconf 85' lang='lat' dir='ltr'>petit,</span> <span class='ocrx_word' id='word_1_212' title='bbox 860 2863 1078 2931; x_wconf 87' lang='lat' dir='ltr'>accipit</span> <span class='ocrx_word' id='word_1_213' title='bbox 1100 2869 1178 2928; x_wconf 78' lang='lat' dir='ltr'>;et</span> <span class='ocrx_word' id='word_1_214' title='bbox 1194 2861 1297 2933; x_wconf 89' lang='lat' dir='ltr'>qui</span> <span class='ocrx_word' id='word_1_215' title='bbox 1315 2858 1549 2931; x_wconf 69' lang='lat' dir='ltr'>quaerit,</span> <span class='ocrx_word' id='word_1_216' title='bbox 1577 2857 1836 2926; x_wconf 85' lang='lat' dir='ltr'>invenit;</span> <span class='ocrx_word' id='word_1_217' title='bbox 1856 2864 1907 2913; x_wconf 89' lang='lat' dir='ltr'>et</span> <span class='ocrx_word' id='word_1_218' title='bbox 1918 2857 2184 2927; x_wconf 87' lang='lat' dir='ltr'>pulsanti</span> 
     </span>
    </p>
   </div>
   <div class='ocr_carea' id='block_1_32' title="bbox 533 2946 2186 3024">
    <p class='ocr_par' dir='ltr' id='par_1_32' title="bbox 533 2946 2186 3024">
     <span class='ocr_line' id='line_1_32' title="bbox 533 2946 2186 3024; baseline -0.005 -15"><span class='ocrx_word' id='word_1_219' title='bbox 533 2951 832 3022; x_wconf 81' lang='lat' dir='ltr'>aperietur</span> <span class='ocrx_word' id='word_1_220' title='bbox 845 2971 864 3006; x_wconf 87' lang='lat'><strong><em>:</em></strong></span> <span class='ocrx_word' id='word_1_221' title='bbox 879 2957 934 3008; x_wconf 91' lang='lat' dir='ltr'>et</span> <span class='ocrx_word' id='word_1_222' title='bbox 947 2951 1130 3023; x_wconf 91' lang='lat' dir='ltr'>paulo</span> <span class='ocrx_word' id='word_1_223' title='bbox 1142 2956 1298 3024; x_wconf 89' lang='lat' dir='ltr'>post,</span> <span class='ocrx_word' id='word_1_224' title='bbox 1315 2949 1382 3005; x_wconf 91' lang='lat' dir='ltr'>Si</span> <span class='ocrx_word' id='word_1_225' title='bbox 1393 2963 1532 3019; x_wconf 85' lang='lat' dir='ltr'>ergo</span> <span class='ocrx_word' id='word_1_226' title='bbox 1548 2963 1667 3012; x_wconf 82' lang='lat' dir='ltr'>vos,</span> <span class='ocrx_word' id='word_1_227' title='bbox 1683 2946 1891 3018; x_wconf 87' lang='lat' dir='ltr'>inquit,</span> <span class='ocrx_word' id='word_1_228' title='bbox 1908 2962 2038 3002; x_wconf 90' lang='lat' dir='ltr'>cum</span> <span class='ocrx_word' id='word_1_229' title='bbox 2057 2947 2186 3002; x_wconf 84' lang='lat' dir='ltr'>sitis</span> 
     </span>
    </p>
   </div>
   <div class='ocr_carea' id='block_1_33' title="bbox 533 3037 2185 3108">
    <p class='ocr_par' dir='ltr' id='par_1_33' title="bbox 533 3037 2185 3108">
     <span class='ocr_line' id='line_1_33' title="bbox 533 3037 2185 3108; baseline -0.004 -11"><span class='ocrx_word' id='word_1_230' title='bbox 533 3042 858 3106; x_wconf 84' lang='lat' dir='ltr'>mali,actis</span> <span class='ocrx_word' id='word_1_231' title='bbox 874 3041 1026 3098; x_wconf 89' lang='lat' dir='ltr'>bona</span> <span class='ocrx_word' id='word_1_232' title='bbox 1039 3041 1182 3097; x_wconf 88' lang='lat' dir='ltr'>data</span> <span class='ocrx_word' id='word_1_233' title='bbox 1199 3040 1346 3095; x_wconf 86' lang='lat' dir='ltr'>dare</span> <span class='ocrx_word' id='word_1_234' title='bbox 1355 3038 1497 3108; x_wconf 82' lang='lat' dir='ltr'>ﬁliis</span> <span class='ocrx_word' id='word_1_235' title='bbox 1512 3037 1986 3107; x_wconf 83' lang='lat' dir='ltr'>vestris;quanto</span> <span class='ocrx_word' id='word_1_236' title='bbox 1999 3038 2185 3106; x_wconf 87' lang='lat' dir='ltr'>magis</span> 
     </span>
    </p>
   </div>
   <div class='ocr_carea' id='block_1_34' title="bbox 534 3125 2186 3202">
    <p class='ocr_par' dir='ltr' id='par_1_34' title="bbox 534 3125 2186 3202">
     <span class='ocr_line' id='line_1_34' title="bbox 534 3125 2186 3202; baseline -0.004 -16"><span class='ocrx_word' id='word_1_237' title='bbox 534 3131 706 3188; x_wconf 84' lang='lat' dir='ltr'>Pater</span> <span class='ocrx_word' id='word_1_238' title='bbox 732 3139 936 3196; x_wconf 84' lang='lat' dir='ltr'>vester,</span> <span class='ocrx_word' id='word_1_239' title='bbox 968 3131 1071 3202; x_wconf 91' lang='lat' dir='ltr'>qui</span> <span class='ocrx_word' id='word_1_240' title='bbox 1097 3130 1160 3185; x_wconf 88' lang='lat' dir='ltr'>in</span> <span class='ocrx_word' id='word_1_241' title='bbox 1193 3129 1353 3185; x_wconf 68' lang='lat' dir='ltr'>cretis</span> <span class='ocrx_word' id='word_1_242' title='bbox 1366 3134 1470 3192; x_wconf 88' lang='lat' dir='ltr'>est,</span> <span class='ocrx_word' id='word_1_243' title='bbox 1499 3127 1662 3182; x_wconf 86' lang='lat' dir='ltr'>dabit</span> <span class='ocrx_word' id='word_1_244' title='bbox 1687 3126 1839 3181; x_wconf 89' lang='lat' dir='ltr'>bona</span> <span class='ocrx_word' id='word_1_245' title='bbox 1862 3125 2186 3194; x_wconf 84' lang='lat' dir='ltr'>petentibus</span> 
     </span>
    </p>
   </div>
   <div class='ocr_carea' id='block_1_35' title="bbox 532 3213 2182 3290">
    <p class='ocr_par' dir='ltr' id='par_1_35' title="bbox 532 3213 2182 3290">
     <span class='ocr_line' id='line_1_35' title="bbox 532 3213 2182 3290; baseline -0.003 -15"><span class='ocrx_word' id='word_1_246' title='bbox 532 3235 592 3275; x_wconf 91' lang='lat' dir='ltr'>se</span> <span class='ocrx_word' id='word_1_247' title='bbox 624 3221 855 3290; x_wconf 86' lang='lat' dir='ltr'>(Matth.</span> <span class='ocrx_word' id='word_1_248' title='bbox 888 3236 984 3285; x_wconf 83' lang='lat' dir='ltr'>vn,</span> <span class='ocrx_word' id='word_1_249' title='bbox 1017 3227 1069 3287; x_wconf 86' lang='lat'>7,</span> <span class='ocrx_word' id='word_1_250' title='bbox 1094 3221 1144 3282; x_wconf 91' lang='lat'>8,</span> <span class='ocrx_word' id='word_1_251' title='bbox 1185 3216 1313 3288; x_wconf 75' lang='lat' dir='ltr'>tt)?</span> <span class='ocrx_word' id='word_1_252' title='bbox 1343 3220 1492 3272; x_wconf 86' lang='lat' dir='ltr'>Num</span> <span class='ocrx_word' id='word_1_253' title='bbox 1516 3213 1859 3285; x_wconf 81' lang='lat' dir='ltr'>igiturDeus</span> <span class='ocrx_word' id='word_1_254' title='bbox 1883 3219 2182 3286; x_wconf 87' lang='lat' dir='ltr'>paterma-</span> 
     </span>
    </p>
   </div>
   <div class='ocr_carea' id='block_1_36' title="bbox 531 3303 2186 3374">
    <p class='ocr_par' dir='ltr' id='par_1_36' title="bbox 531 3303 2186 3374">
     <span class='ocr_line' id='line_1_36' title="bbox 531 3303 2186 3374; baseline -0.004 -9"><span class='ocrx_word' id='word_1_255' title='bbox 531 3309 729 3365; x_wconf 90' lang='lat' dir='ltr'>lorum</span> <span class='ocrx_word' id='word_1_256' title='bbox 762 3309 1084 3365; x_wconf 79' lang='lat' dir='ltr'>est?Absit.</span> <span class='ocrx_word' id='word_1_257' title='bbox 1107 3305 1578 3374; x_wconf 92' lang='lat' dir='ltr'>Quomodoergo</span> <span class='ocrx_word' id='word_1_258' title='bbox 1604 3303 1837 3365; x_wconf 92' lang='lat' dir='ltr'>dicitur,</span> <span class='ocrx_word' id='word_1_259' title='bbox 1857 3303 2039 3371; x_wconf 83' lang='lat' dir='ltr'>pater</span> <span class='ocrx_word' id='word_1_260' title='bbox 2071 3319 2186 3359; x_wconf 90' lang='lat' dir='ltr'>ves-</span> 
     </span>
    </p>
   </div>
   <div class='ocr_carea' id='block_1_37' title="bbox 535 3391 2184 3467">
    <p class='ocr_par' dir='ltr' id='par_1_37' title="bbox 535 3391 2184 3467">
     <span class='ocr_line' id='line_1_37' title="bbox 535 3391 2184 3467; baseline -0.004 -14"><span class='ocrx_word' id='word_1_261' title='bbox 535 3405 625 3454; x_wconf 88' lang='lat' dir='ltr'>ter</span> <span class='ocrx_word' id='word_1_262' title='bbox 655 3400 922 3461; x_wconf 80' lang='lat' dir='ltr'>caetestis,</span> <span class='ocrx_word' id='word_1_263' title='bbox 980 3396 1203 3467; x_wconf 89' lang='lat' dir='ltr'>quibus</span> <span class='ocrx_word' id='word_1_264' title='bbox 1236 3395 1475 3456; x_wconf 90' lang='lat' dir='ltr'>dicitur.</span> <span class='ocrx_word' id='word_1_265' title='bbox 1507 3407 1640 3449; x_wconf 86' lang='lat' dir='ltr'>cum</span> <span class='ocrx_word' id='word_1_266' title='bbox 1680 3392 1805 3446; x_wconf 83' lang='lat' dir='ltr'>sitis</span> <span class='ocrx_word' id='word_1_267' title='bbox 1842 3392 1987 3446; x_wconf 82' lang='lat' dir='ltr'>mali</span> <span class='ocrx_word' id='word_1_268' title='bbox 2025 3409 2043 3444; x_wconf 86' lang='lat'><em>:</em></span> <span class='ocrx_word' id='word_1_269' title='bbox 2071 3391 2184 3446; x_wconf 89' lang='lat' dir='ltr'>nisi</span> 
     </span>
    </p>
   </div>
   <div class='ocr_carea' id='block_1_38' title="bbox 532 3480 2184 3556">
    <p class='ocr_par' dir='ltr' id='par_1_38' title="bbox 532 3480 2184 3556">
     <span class='ocr_line' id='line_1_38' title="bbox 532 3480 2184 3556; baseline -0.002 -16"><span class='ocrx_word' id='word_1_270' title='bbox 532 3487 672 3556; x_wconf 91' lang='lat' dir='ltr'>quia</span> <span class='ocrx_word' id='word_1_271' title='bbox 715 3491 1036 3556; x_wconf 91' lang='lat' dir='ltr'>utrumque</span> <span class='ocrx_word' id='word_1_272' title='bbox 1080 3484 1307 3539; x_wconf 89' lang='lat' dir='ltr'>Veritas</span> <span class='ocrx_word' id='word_1_273' title='bbox 1340 3485 1657 3549; x_wconf 88' lang='lat' dir='ltr'>monstrat,</span> <span class='ocrx_word' id='word_1_274' title='bbox 1689 3481 1837 3551; x_wconf 91' lang='lat' dir='ltr'>quid</span> <span class='ocrx_word' id='word_1_275' title='bbox 1865 3481 2055 3536; x_wconf 89' lang='lat' dir='ltr'>simus</span> <span class='ocrx_word' id='word_1_276' title='bbox 2085 3480 2184 3536; x_wconf 91' lang='lat' dir='ltr'>Dei</span> 
     </span>
    </p>
   </div>
   <div class='ocr_carea' id='block_1_39' title="bbox 531 3569 2185 3646">
    <p class='ocr_par' dir='ltr' id='par_1_39' title="bbox 531 3569 2185 3646">
     <span class='ocr_line' id='line_1_39' title="bbox 531 3569 2185 3646; baseline -0.004 -16"><span class='ocrx_word' id='word_1_277' title='bbox 531 3575 689 3630; x_wconf 92' lang='lat' dir='ltr'>bono</span> <span class='ocrx_word' id='word_1_278' title='bbox 712 3577 755 3640; x_wconf 77' lang='grc'><em>³,</em></span> <span class='ocrx_word' id='word_1_279' title='bbox 789 3575 930 3646; x_wconf 90' lang='lat' dir='ltr'>quid</span> <span class='ocrx_word' id='word_1_280' title='bbox 961 3575 1229 3630; x_wconf 91' lang='lat' dir='ltr'>humano</span> <span class='ocrx_word' id='word_1_281' title='bbox 1246 3571 1413 3636; x_wconf 91' lang='lat' dir='ltr'>vitio;</span> <span class='ocrx_word' id='word_1_282' title='bbox 1445 3572 1558 3627; x_wconf 91' lang='lat' dir='ltr'>hoc</span> <span class='ocrx_word' id='word_1_283' title='bbox 1572 3569 2185 3634; x_wconf 88' lang='lat' dir='ltr'>commendans,illud</span> 
     </span>
    </p>
   </div>
   <div class='ocr_carea' id='block_1_40' title="bbox 533 3660 2186 3733">
    <p class='ocr_par' dir='ltr' id='par_1_40' title="bbox 533 3660 2186 3733">
     <span class='ocr_line' id='line_1_40' title="bbox 533 3660 2186 3733; baseline -0.004 -13"><span class='ocrx_word' id='word_1_284' title='bbox 533 3666 865 3720; x_wconf 90' lang='lat' dir='ltr'>emendans</span> <span class='ocrx_word' id='word_1_285' title='bbox 879 3665 1116 3722; x_wconf 84' lang='lat' dir='ltr'>?Merito</span> <span class='ocrx_word' id='word_1_286' title='bbox 1135 3664 1216 3719; x_wconf 88' lang='lat' dir='ltr'>ait</span> <span class='ocrx_word' id='word_1_287' title='bbox 1230 3664 1452 3719; x_wconf 89' lang='lat' dir='ltr'>Seneca</span> <span class='ocrx_word' id='word_1_288' title='bbox 1475 3661 1598 3733; x_wconf 91' lang='lat' dir='ltr'>(qui</span> <span class='ocrx_word' id='word_1_289' title='bbox 1618 3660 1990 3732; x_wconf 89' lang='lat' dir='ltr'>temporibus</span> <span class='ocrx_word' id='word_1_290' title='bbox 2004 3664 2186 3731; x_wconf 86' lang='lat' dir='ltr'>Apos-</span> 
     </span>
    </p>
   </div>
   <div class='ocr_carea' id='block_1_41' title="bbox 532 3749 2189 3825">
    <p class='ocr_par' dir='ltr' id='par_1_41' title="bbox 532 3749 2189 3825">
     <span class='ocr_line' id='line_1_41' title="bbox 532 3749 2189 3825; baseline -0.003 -16"><span class='ocrx_word' id='word_1_291' title='bbox 532 3751 790 3810; x_wconf 90' lang='lat' dir='ltr'>tolorum</span> <span class='ocrx_word' id='word_1_292' title='bbox 819 3752 943 3819; x_wconf 91' lang='lat' dir='ltr'>fuit,</span> <span class='ocrx_word' id='word_1_293' title='bbox 973 3754 1144 3825; x_wconf 87' lang='lat' dir='ltr'>cujus</span> <span class='ocrx_word' id='word_1_294' title='bbox 1157 3754 1333 3810; x_wconf 90' lang='lat' dir='ltr'>etiam</span> <span class='ocrx_word' id='word_1_295' title='bbox 1351 3750 1632 3824; x_wconf 55' lang='lat' dir='ltr'>quaedam</span> <span class='ocrx_word' id='word_1_296' title='bbox 1659 3751 1736 3806; x_wconf 93' lang='lat' dir='ltr'>ad</span> <span class='ocrx_word' id='word_1_297' title='bbox 1753 3749 1998 3806; x_wconf 89' lang='lat' dir='ltr'>Paulum</span> <span class='ocrx_word' id='word_1_298' title='bbox 2015 3765 2189 3820; x_wconf 88' lang='lat' dir='ltr'>apos-</span> 
     </span>
    </p>
   </div>
   <div class='ocr_carea' id='block_1_42' title="bbox 530 3838 2181 3914">
    <p class='ocr_par' dir='ltr' id='par_1_42' title="bbox 530 3838 2181 3914">
     <span class='ocr_line' id='line_1_42' title="bbox 530 3838 2181 3914; baseline -0.003 -16"><span class='ocrx_word' id='word_1_299' title='bbox 530 3841 720 3898; x_wconf 86' lang='lat' dir='ltr'>tolum</span> <span class='ocrx_word' id='word_1_300' title='bbox 734 3843 1009 3913; x_wconf 89' lang='lat' dir='ltr'>leguntur</span> <span class='ocrx_word' id='word_1_301' title='bbox 1023 3841 1341 3914; x_wconf 65' lang='lat' dir='ltr'>epistolae):</span> <span class='ocrx_word' id='word_1_302' title='bbox 1362 3841 1573 3898; x_wconf 87' lang='lat' dir='ltr'>Omnes</span> <span class='ocrx_word' id='word_1_303' title='bbox 1589 3841 1712 3896; x_wconf 88' lang='lat' dir='ltr'>odit</span> <span class='ocrx_word' id='word_1_304' title='bbox 1725 3841 2025 3911; x_wconf 81' lang='lat' dir='ltr'>quimalos</span> <span class='ocrx_word' id='word_1_305' title='bbox 2039 3838 2181 3895; x_wconf 88' lang='lat' dir='ltr'>odit.</span> 
     </span>
    </p>
   </div>
   <div class='ocr_carea' id='block_1_43' title="bbox 535 3927 2181 4002">
    <p class='ocr_par' dir='ltr' id='par_1_43' title="bbox 535 3927 2181 4002">
     <span class='ocr_line' id='line_1_43' title="bbox 535 3927 2181 4002; baseline -0.004 -13"><span class='ocrx_word' id='word_1_306' title='bbox 535 3935 601 3989; x_wconf 89' lang='lat' dir='ltr'>Et</span> <span class='ocrx_word' id='word_1_307' title='bbox 633 3931 1439 4002; x_wconf 89' lang='lat' dir='ltr'>tamenideodiligendisunt</span> <span class='ocrx_word' id='word_1_308' title='bbox 1469 3929 1631 3996; x_wconf 88' lang='lat' dir='ltr'>mali,</span> <span class='ocrx_word' id='word_1_309' title='bbox 1652 3936 1716 3985; x_wconf 89' lang='lat' dir='ltr'>ut</span> <span class='ocrx_word' id='word_1_310' title='bbox 1742 3944 1862 3984; x_wconf 92' lang='lat' dir='ltr'>non</span> <span class='ocrx_word' id='word_1_311' title='bbox 1879 3927 2181 3994; x_wconf 89' lang='lat' dir='ltr'>sintmali;</span> 
     </span>
    </p>
   </div>
   <div class='ocr_carea' id='block_1_44' title="bbox 532 4018 2184 4094">
    <p class='ocr_par' dir='ltr' id='par_1_44' title="bbox 532 4018 2184 4094">
     <span class='ocr_line' id='line_1_44' title="bbox 532 4018 2184 4094; baseline -0.002 -17"><span class='ocrx_word' id='word_1_312' title='bbox 532 4021 1076 4094; x_wconf 91' lang='lat' dir='ltr'>quemadmodum,</span> <span class='ocrx_word' id='word_1_313' title='bbox 1096 4026 1293 4076; x_wconf 91' lang='lat' dir='ltr'>nonut</span> <span class='ocrx_word' id='word_1_314' title='bbox 1321 4023 1736 4092; x_wconf 90' lang='lat' dir='ltr'>permaneant,</span> <span class='ocrx_word' id='word_1_315' title='bbox 1754 4018 1857 4074; x_wconf 89' lang='lat' dir='ltr'>sed</span> <span class='ocrx_word' id='word_1_316' title='bbox 1887 4023 1949 4072; x_wconf 89' lang='lat' dir='ltr'>ut</span> <span class='ocrx_word' id='word_1_317' title='bbox 1974 4033 2184 4074; x_wconf 86' lang='lat' dir='ltr'>sanen-</span> 
     </span>
    </p>
   </div>
   <div class='ocr_carea' id='block_1_45' title="bbox 535 4109 1266 4179">
    <p class='ocr_par' dir='ltr' id='par_1_45' title="bbox 535 4109 1266 4179">
     <span class='ocr_line' id='line_1_45' title="bbox 535 4109 1266 4179; baseline -0.001 -14"><span class='ocrx_word' id='word_1_318' title='bbox 535 4115 646 4175; x_wconf 85' lang='lat' dir='ltr'>tur,</span> <span class='ocrx_word' id='word_1_319' title='bbox 681 4110 1011 4179; x_wconf 87' lang='lat' dir='ltr'>diliguntur</span> <span class='ocrx_word' id='word_1_320' title='bbox 1040 4109 1238 4178; x_wconf 68' lang='lat' dir='ltr'>aegroti</span> <span class='ocrx_word' id='word_1_321' title='bbox 1254 4153 1266 4164; x_wconf 92' lang='lat'>.</span> 
     </span>
    </p>
   </div>
   <div class='ocr_carea' id='block_1_46' title="bbox 611 4195 2183 4268">
    <p class='ocr_par' dir='ltr' id='par_1_46' title="bbox 611 4195 2183 4268">
     <span class='ocr_line' id='line_1_46' title="bbox 611 4195 2183 4268; baseline -0.001 -16"><span class='ocrx_word' id='word_1_322' title='bbox 611 4203 693 4252; x_wconf 82' lang='grc'>15.</span> <span class='ocrx_word' id='word_1_323' title='bbox 731 4197 1027 4268; x_wconf 88' lang='lat' dir='ltr'>Quidquid</span> <span class='ocrx_word' id='word_1_324' title='bbox 1040 4201 1236 4253; x_wconf 89' lang='lat' dir='ltr'>autem</span> <span class='ocrx_word' id='word_1_325' title='bbox 1253 4201 1533 4268; x_wconf 89' lang='lat' dir='ltr'>posteam</span> <span class='ocrx_word' id='word_1_326' title='bbox 1551 4211 1686 4268; x_wconf 75' lang='lat' dir='ltr'>quae</span> <span class='ocrx_word' id='word_1_327' title='bbox 1713 4195 1847 4250; x_wconf 83' lang='lat' dir='ltr'>titin</span> <span class='ocrx_word' id='word_1_328' title='bbox 1862 4195 2183 4266; x_wconf 89' lang='lat' dir='ltr'>Baptismo,</span> 
     </span>
    </p>
   </div>
   <div class='ocr_carea' id='block_1_47' title="bbox 537 4284 2187 4357">
    <p class='ocr_par' dir='ltr' id='par_1_47' title="bbox 537 4284 2187 4357">
     <span class='ocr_line' id='line_1_47' title="bbox 537 4284 2187 4357; baseline -0.002 -14"><span class='ocrx_word' id='word_1_329' title='bbox 537 4286 918 4343; x_wconf 89' lang='lat' dir='ltr'>abolitionem</span> <span class='ocrx_word' id='word_1_330' title='bbox 932 4285 1399 4357; x_wconf 91' lang='lat' dir='ltr'>peccatorum,in</span> <span class='ocrx_word' id='word_1_331' title='bbox 1413 4284 1525 4341; x_wconf 92' lang='lat' dir='ltr'>hac</span> <span class='ocrx_word' id='word_1_332' title='bbox 1539 4285 1652 4340; x_wconf 90' lang='lat' dir='ltr'>vito</span> <span class='ocrx_word' id='word_1_333' title='bbox 1670 4285 1970 4340; x_wconf 90' lang='lat' dir='ltr'>manendo</span> <span class='ocrx_word' id='word_1_334' title='bbox 1981 4299 2187 4356; x_wconf 89' lang='lat' dir='ltr'>pecca-</span> 
     </span>
    </p>
   </div>
   <div class='ocr_carea' id='block_1_48' title="bbox 537 4373 2185 4445">
    <p class='ocr_par' dir='ltr' id='par_1_48' title="bbox 537 4373 2185 4445">
     <span class='ocr_line' id='line_1_48' title="bbox 537 4373 2185 4445; baseline -0.002 -13"><span class='ocrx_word' id='word_1_335' title='bbox 537 4391 697 4440; x_wconf 88' lang='lat' dir='ltr'>mus,</span> <span class='ocrx_word' id='word_1_336' title='bbox 727 4374 960 4430; x_wconf 89' lang='lat' dir='ltr'>etiamsi</span> <span class='ocrx_word' id='word_1_337' title='bbox 989 4389 1112 4430; x_wconf 91' lang='lat' dir='ltr'>non</span> <span class='ocrx_word' id='word_1_338' title='bbox 1145 4373 1258 4429; x_wconf 89' lang='lat' dir='ltr'>tale</span> <span class='ocrx_word' id='word_1_339' title='bbox 1283 4374 1358 4428; x_wconf 87' lang='lat' dir='ltr'>sit</span> <span class='ocrx_word' id='word_1_340' title='bbox 1385 4373 1551 4445; x_wconf 91' lang='lat' dir='ltr'>quod</span> <span class='ocrx_word' id='word_1_341' title='bbox 1579 4389 1614 4429; x_wconf 93' lang='lat' dir='ltr'>a</span> <span class='ocrx_word' id='word_1_342' title='bbox 1641 4373 1861 4428; x_wconf 86' lang='lat' dir='ltr'>divinis</span> <span class='ocrx_word' id='word_1_343' title='bbox 1892 4373 2185 4428; x_wconf 87' lang='lat' dir='ltr'>removeri</span> 
     </span>
    </p>
   </div>
   <div class='ocr_carea' id='block_1_49' title="bbox 537 4461 2188 4536">
    <p class='ocr_par' dir='ltr' id='par_1_49' title="bbox 537 4461 2188 4536">
     <span class='ocr_line' id='line_1_49' title="bbox 537 4461 2188 4536; baseline -0.002 -16"><span class='ocrx_word' id='word_1_344' title='bbox 537 4463 854 4536; x_wconf 88' lang='lat' dir='ltr'>compellat</span> <span class='ocrx_word' id='word_1_345' title='bbox 888 4462 1195 4527; x_wconf 89' lang='lat' dir='ltr'>altaribus,</span> <span class='ocrx_word' id='word_1_346' title='bbox 1224 4478 1342 4518; x_wconf 91' lang='lat' dir='ltr'>non</span> <span class='ocrx_word' id='word_1_347' title='bbox 1367 4462 1572 4519; x_wconf 92' lang='lat' dir='ltr'>dolore</span> <span class='ocrx_word' id='word_1_348' title='bbox 1603 4461 1801 4525; x_wconf 90' lang='lat' dir='ltr'>sterili,</span> <span class='ocrx_word' id='word_1_349' title='bbox 1835 4462 1938 4517; x_wconf 92' lang='lat' dir='ltr'>sed</span> <span class='ocrx_word' id='word_1_350' title='bbox 1966 4463 2188 4517; x_wconf 87' lang='lat' dir='ltr'>miseri-</span> 
     </span>
    </p>
   </div>
   <div class='ocr_carea' id='block_1_50' title="bbox 537 4551 2186 4624">
    <p class='ocr_par' dir='ltr' id='par_1_50' title="bbox 537 4551 2186 4624">
     <span class='ocr_line' id='line_1_50' title="bbox 537 4551 2186 4624; baseline -0.002 -16"><span class='ocrx_word' id='word_1_351' title='bbox 537 4553 758 4610; x_wconf 66' lang='lat' dir='ltr'>cordias</span> <span class='ocrx_word' id='word_1_352' title='bbox 785 4552 1088 4608; x_wconf 88' lang='lat' dir='ltr'>sacriﬁciis</span> <span class='ocrx_word' id='word_1_353' title='bbox 1119 4552 1413 4624; x_wconf 83' lang='lat' dir='ltr'>expiatur.</span> <span class='ocrx_word' id='word_1_354' title='bbox 1441 4551 1605 4616; x_wconf 86' lang='lat' dir='ltr'>Quod</span> <span class='ocrx_word' id='word_1_355' title='bbox 1622 4565 1762 4620; x_wconf 91' lang='lat' dir='ltr'>ergo</span> <span class='ocrx_word' id='word_1_356' title='bbox 1776 4551 2011 4620; x_wconf 87' lang='lat' dir='ltr'>agimus</span> <span class='ocrx_word' id='word_1_357' title='bbox 2031 4551 2186 4606; x_wconf 90' lang='lat' dir='ltr'>utfa-</span> 
     </span>
    </p>
   </div>
   <div class='ocr_carea' id='block_1_51' title="bbox 536 4639 2184 4707">
    <p class='ocr_par' dir='ltr' id='par_1_51' title="bbox 536 4639 2184 4707">
     <span class='ocr_line' id='line_1_51' title="bbox 536 4639 2184 4707; baseline -0.002 -10"><span class='ocrx_word' id='word_1_358' title='bbox 536 4643 708 4698; x_wconf 90' lang='lat' dir='ltr'>ciatis</span> <span class='ocrx_word' id='word_1_359' title='bbox 724 4641 1227 4697; x_wconf 89' lang='lat' dir='ltr'>intercedentibus</span> <span class='ocrx_word' id='word_1_360' title='bbox 1242 4640 1439 4707; x_wconf 91' lang='lat' dir='ltr'>nobis,</span> <span class='ocrx_word' id='word_1_361' title='bbox 1463 4639 1580 4696; x_wconf 92' lang='lat' dir='ltr'>Deo</span> <span class='ocrx_word' id='word_1_362' title='bbox 1596 4656 1708 4696; x_wconf 91' lang='lat' dir='ltr'>nos</span> <span class='ocrx_word' id='word_1_363' title='bbox 1725 4641 2003 4696; x_wconf 89' lang='lat' dir='ltr'>noveritis</span> <span class='ocrx_word' id='word_1_364' title='bbox 2016 4639 2184 4695; x_wconf 78' lang='lat' dir='ltr'>offer-</span> 
     </span>
    </p>
   </div>
   <div class='ocr_carea' id='block_1_52' title="bbox 534 4729 2183 4801">
    <p class='ocr_par' dir='ltr' id='par_1_52' title="bbox 534 4729 2183 4801">
     <span class='ocr_line' id='line_1_52' title="bbox 534 4729 2183 4801; baseline 0.001 -17"><span class='ocrx_word' id='word_1_365' title='bbox 534 4745 597 4785; x_wconf 90' lang='lat' dir='ltr'>re</span> <span class='ocrx_word' id='word_1_366' title='bbox 635 4745 747 4801; x_wconf 92' lang='lat' dir='ltr'>pro</span> <span class='ocrx_word' id='word_1_367' title='bbox 793 4731 982 4785; x_wconf 84' lang='lat' dir='ltr'>vobis.</span> <span class='ocrx_word' id='word_1_368' title='bbox 1041 4731 1324 4799; x_wconf 88' lang='lat' dir='ltr'>Indigetis</span> <span class='ocrx_word' id='word_1_369' title='bbox 1364 4731 1520 4786; x_wconf 91' lang='lat' dir='ltr'>enim</span> <span class='ocrx_word' id='word_1_370' title='bbox 1555 4729 1966 4786; x_wconf 88' lang='lat' dir='ltr'>misericordia</span> <span class='ocrx_word' id='word_1_371' title='bbox 1995 4745 2183 4800; x_wconf 90' lang='lat' dir='ltr'>quam</span> 
     </span>
    </p>
   </div>
   <div class='ocr_carea' id='block_1_53' title="bbox 534 4819 2185 4891">
    <p class='ocr_par' dir='ltr' id='par_1_53' title="bbox 534 4819 2185 4891">
     <span class='ocr_line' id='line_1_53' title="bbox 534 4819 2185 4891; baseline -0.002 -17"><span class='ocrx_word' id='word_1_372' title='bbox 534 4819 839 4891; x_wconf 70' lang='lat' dir='ltr'>prmbetis;</span> <span class='ocrx_word' id='word_1_373' title='bbox 869 4819 1124 4875; x_wconf 91' lang='lat' dir='ltr'>etvidete</span> <span class='ocrx_word' id='word_1_374' title='bbox 1137 4820 1270 4891; x_wconf 90' lang='lat' dir='ltr'>quis</span> <span class='ocrx_word' id='word_1_375' title='bbox 1285 4819 1516 4882; x_wconf 86' lang='lat' dir='ltr'>dixerit,</span> <span class='ocrx_word' id='word_1_376' title='bbox 1534 4819 1772 4874; x_wconf 85' lang='lat' dir='ltr'>Dimitte</span> <span class='ocrx_word' id='word_1_377' title='bbox 1786 4825 1837 4874; x_wconf 91' lang='lat' dir='ltr'>et</span> <span class='ocrx_word' id='word_1_378' title='bbox 1852 4820 2185 4875; x_wconf 83' lang='lat' dir='ltr'>dimittetur</span> 
     </span>
    </p>
   </div>
   <div class='ocr_carea' id='block_1_54' title="bbox 533 4908 2183 4979">
    <p class='ocr_par' dir='ltr' id='par_1_54' title="bbox 533 4908 2183 4979">
     <span class='ocr_line' id='line_1_54' title="bbox 533 4908 2183 4979; baseline -0.002 -14"><span class='ocrx_word' id='word_1_379' title='bbox 533 4908 716 4973; x_wconf 89' lang='lat' dir='ltr'>vobis,</span> <span class='ocrx_word' id='word_1_380' title='bbox 747 4908 884 4965; x_wconf 89' lang='lat' dir='ltr'>date</span> <span class='ocrx_word' id='word_1_381' title='bbox 912 4914 964 4964; x_wconf 92' lang='lat' dir='ltr'>et</span> <span class='ocrx_word' id='word_1_382' title='bbox 987 4909 1402 4966; x_wconf 88' lang='lat' dir='ltr'>dabiturvobis</span> <span class='ocrx_word' id='word_1_383' title='bbox 1432 4909 1597 4979; x_wconf 87' lang='lat' dir='ltr'>(Luc.</span> <span class='ocrx_word' id='word_1_384' title='bbox 1630 4924 1710 4972; x_wconf 84' lang='lat' dir='ltr'>vi,</span> <span class='ocrx_word' id='word_1_385' title='bbox 1744 4912 1958 4978; x_wconf 79' lang='lat'>37,38).</span> <span class='ocrx_word' id='word_1_386' title='bbox 1990 4910 2183 4973; x_wconf 89' lang='lat' dir='ltr'>Quan-</span> 
     </span>
    </p>
   </div>
   <div class='ocr_carea' id='block_1_55' title="bbox 530 4998 2182 5071">
    <p class='ocr_par' dir='ltr' id='par_1_55' title="bbox 530 4998 2182 5071">
     <span class='ocr_line' id='line_1_55' title="bbox 530 4998 2182 5071; baseline -0.001 -17"><span class='ocrx_word' id='word_1_387' title='bbox 530 5015 715 5071; x_wconf 89' lang='lat' dir='ltr'>quam</span> <span class='ocrx_word' id='word_1_388' title='bbox 742 4999 975 5054; x_wconf 89' lang='lat' dir='ltr'>etiamsi</span> <span class='ocrx_word' id='word_1_389' title='bbox 990 4999 1068 5053; x_wconf 91' lang='lat' dir='ltr'>ita</span> <span class='ocrx_word' id='word_1_390' title='bbox 1081 4998 1436 5062; x_wconf 91' lang='lat' dir='ltr'>viveremus,</span> <span class='ocrx_word' id='word_1_391' title='bbox 1455 5002 1648 5052; x_wconf 92' lang='lat' dir='ltr'>utnon</span> <span class='ocrx_word' id='word_1_392' title='bbox 1663 4998 2182 5069; x_wconf 89' lang='lat' dir='ltr'>essetquaredice-</span> 
     </span>
    </p>
   </div>
   <div class='ocr_carea' id='block_1_56' title="bbox 528 5087 2182 5158">
    <p class='ocr_par' dir='ltr' id='par_1_56' title="bbox 528 5087 2182 5158">
     <span class='ocr_line' id='line_1_56' title="bbox 528 5087 2182 5158; baseline -0.002 -13"><span class='ocrx_word' id='word_1_393' title='bbox 528 5104 752 5153; x_wconf 90' lang='lat' dir='ltr'>remus,</span> <span class='ocrx_word' id='word_1_394' title='bbox 780 5087 1012 5144; x_wconf 87' lang='lat' dir='ltr'>Dimitte</span> <span class='ocrx_word' id='word_1_395' title='bbox 1026 5087 1195 5143; x_wconf 88' lang='lat' dir='ltr'>nobis</span> <span class='ocrx_word' id='word_1_396' title='bbox 1208 5087 1404 5143; x_wconf 83' lang='lat' dir='ltr'>debita</span> <span class='ocrx_word' id='word_1_397' title='bbox 1417 5092 1625 5143; x_wconf 86' lang='lat' dir='ltr'>nostra</span> <span class='ocrx_word' id='word_1_398' title='bbox 1645 5109 1664 5156; x_wconf 92' lang='lat'>,-</span> <span class='ocrx_word' id='word_1_399' title='bbox 1679 5094 1906 5158; x_wconf 89' lang='lat' dir='ltr'>quanto</span> <span class='ocrx_word' id='word_1_400' title='bbox 1922 5104 1956 5142; x_wconf 91' lang='lat' dir='ltr'>a</span> <span class='ocrx_word' id='word_1_401' title='bbox 1970 5087 2182 5158; x_wconf 90' lang='lat' dir='ltr'>nequi-</span> 
     </span>
    </p>
   </div>
   <div class='ocr_carea' id='block_1_57' title="bbox 527 5176 2180 5250">
    <p class='ocr_par' dir='ltr' id='par_1_57' title="bbox 527 5176 2180 5250">
     <span class='ocr_line' id='line_1_57' title="bbox 527 5176 2180 5250; baseline 0 -18"><span class='ocrx_word' id='word_1_402' title='bbox 527 5178 608 5234; x_wconf 88' lang='lat' dir='ltr'>tia</span> <span class='ocrx_word' id='word_1_403' title='bbox 637 5178 842 5250; x_wconf 91' lang='lat' dir='ltr'>purior</span> <span class='ocrx_word' id='word_1_404' title='bbox 855 5178 1093 5233; x_wconf 89' lang='lat' dir='ltr'>animus</span> <span class='ocrx_word' id='word_1_405' title='bbox 1109 5179 1286 5244; x_wconf 86' lang='lat' dir='ltr'>esset,</span> <span class='ocrx_word' id='word_1_406' title='bbox 1308 5180 1470 5231; x_wconf 89' lang='lat' dir='ltr'>tanto</span> <span class='ocrx_word' id='word_1_407' title='bbox 1484 5176 1795 5232; x_wconf 89' lang='lat' dir='ltr'>clementia</span> <span class='ocrx_word' id='word_1_408' title='bbox 1810 5177 2036 5247; x_wconf 89' lang='lat' dir='ltr'>plenior</span> <span class='ocrx_word' id='word_1_409' title='bbox 2053 5192 2180 5232; x_wconf 89' lang='lat' dir='ltr'>esse</span> 
     </span>
    </p>
   </div>
   <div class='ocr_carea' id='block_1_58' title="bbox 531 5266 2178 5338">
    <p class='ocr_par' dir='ltr' id='par_1_58' title="bbox 531 5266 2178 5338">
     <span class='ocr_line' id='line_1_58' title="bbox 531 5266 2178 5338; baseline -0.001 -16"><span class='ocrx_word' id='word_1_410' title='bbox 531 5267 794 5334; x_wconf 90' lang='lat' dir='ltr'>deberet,</span> <span class='ocrx_word' id='word_1_411' title='bbox 810 5271 869 5322; x_wconf 87' lang='lat' dir='ltr'>ut</span> <span class='ocrx_word' id='word_1_412' title='bbox 884 5267 932 5322; x_wconf 87' lang='lat' dir='ltr'>si</span> <span class='ocrx_word' id='word_1_413' title='bbox 945 5283 1065 5323; x_wconf 92' lang='lat' dir='ltr'>non</span> <span class='ocrx_word' id='word_1_414' title='bbox 1081 5281 1627 5338; x_wconf 87' lang='lat' dir='ltr'>compungeremur</span> <span class='ocrx_word' id='word_1_415' title='bbox 1642 5266 1928 5320; x_wconf 89' lang='lat' dir='ltr'>sententia</span> <span class='ocrx_word' id='word_1_416' title='bbox 1945 5266 2178 5321; x_wconf 88' lang='lat' dir='ltr'>Domini</span> 
     </span>
    </p>
   </div>
   <div class='ocr_carea' id='block_1_59' title="bbox 527 5354 2178 5423">
    <p class='ocr_par' dir='ltr' id='par_1_59' title="bbox 527 5354 2178 5423">
     <span class='ocr_line' id='line_1_59' title="bbox 527 5354 2178 5423; baseline 0.001 -14"><span class='ocrx_word' id='word_1_417' title='bbox 527 5354 794 5422; x_wconf 87' lang='lat' dir='ltr'>dicentis,</span> <span class='ocrx_word' id='word_1_418' title='bbox 830 5356 941 5422; x_wconf 82' lang='lat' dir='ltr'>Qui</span> <span class='ocrx_word' id='word_1_419' title='bbox 958 5363 1215 5412; x_wconf 85' lang='lat' dir='ltr'>vestrum</span> <span class='ocrx_word' id='word_1_420' title='bbox 1232 5359 1314 5412; x_wconf 91' lang='lat' dir='ltr'>est</span> <span class='ocrx_word' id='word_1_421' title='bbox 1333 5354 1459 5411; x_wconf 88' lang='lat' dir='ltr'>sine</span> <span class='ocrx_word' id='word_1_422' title='bbox 1466 5360 1728 5423; x_wconf 85' lang='lat' dir='ltr'>peccato,</span> <span class='ocrx_word' id='word_1_423' title='bbox 1742 5355 1914 5423; x_wconf 85' lang='lat' dir='ltr'>prior</span> <span class='ocrx_word' id='word_1_424' title='bbox 1929 5355 1991 5408; x_wconf 91' lang='lat' dir='ltr'>in</span> <span class='ocrx_word' id='word_1_425' title='bbox 2007 5356 2178 5410; x_wconf 84' lang='lat' dir='ltr'>illam</span> 
     </span>
    </p>
   </div>
   <div class='ocr_carea' id='block_1_60' title="bbox 587 5462 2179 5531">
    <p class='ocr_par' dir='ltr' id='par_1_60' title="bbox 587 5462 2179 5531">
     <span class='ocr_line' id='line_1_60' title="bbox 587 5462 2179 5531; baseline 0.001 -23"><span class='ocrx_word' id='word_1_426' title='bbox 587 5462 693 5531; x_wconf 33' lang='lat' dir='ltr'>[In</span> <span class='ocrx_word' id='word_1_427' title='bbox 720 5463 878 5531; x_wconf 2' lang='lat' dir='ltr'>prius,</span> <span class='ocrx_word' id='word_1_428' title='bbox 903 5464 1112 5531; x_wconf 55' lang='lat' dir='ltr'>excusis</span> <span class='ocrx_word' id='word_1_429' title='bbox 1140 5463 1308 5531; x_wconf 79' lang='lat' dir='ltr'>:Boni</span> <span class='ocrx_word' id='word_1_430' title='bbox 1333 5476 1460 5531; x_wconf 70' lang='lat' dir='ltr'>ergo</span> <span class='ocrx_word' id='word_1_431' title='bbox 1489 5463 1542 5531; x_wconf 79' lang='lat' dir='ltr'>in</span> <span class='ocrx_word' id='word_1_432' title='bbox 1571 5466 1816 5531; x_wconf 80' lang='lat' dir='ltr'>quantum</span> <span class='ocrx_word' id='word_1_433' title='bbox 1837 5476 1942 5531; x_wconf 83' lang='lat' dir='ltr'>non</span> <span class='ocrx_word' id='word_1_434' title='bbox 1972 5467 2179 5531; x_wconf 77' lang='lat' dir='ltr'>peccant</span> 
     </span>
    </p>
   </div>
   <div class='ocr_carea' id='block_1_61' title="bbox 524 5523 2177 5586">
    <p class='ocr_par' dir='ltr' id='par_1_61' title="bbox 524 5523 2177 5586">
     <span class='ocr_line' id='line_1_61' title="bbox 524 5523 2177 5586; baseline 0.002 -17"><span class='ocrx_word' id='word_1_435' title='bbox 524 5523 622 5584; x_wconf 76' lang='lat' dir='ltr'>ﬁlii</span> <span class='ocrx_word' id='word_1_436' title='bbox 655 5523 744 5571; x_wconf 83' lang='lat' dir='ltr'>Dei</span> <span class='ocrx_word' id='word_1_437' title='bbox 764 5530 898 5572; x_wconf 78' lang='lat' dir='ltr'>sunt.</span> <span class='ocrx_word' id='word_1_438' title='bbox 918 5527 1017 5574; x_wconf 88' lang='lat' dir='ltr'>Sed</span> <span class='ocrx_word' id='word_1_439' title='bbox 1045 5527 1359 5576; x_wconf 86' lang='lat' dir='ltr'>concinnior</span> <span class='ocrx_word' id='word_1_440' title='bbox 1377 5523 1590 5574; x_wconf 81' lang='lat' dir='ltr'>videtur</span> <span class='ocrx_word' id='word_1_441' title='bbox 1615 5528 1811 5578; x_wconf 86' lang='lat' dir='ltr'>textus,</span> <span class='ocrx_word' id='word_1_442' title='bbox 1846 5527 2040 5586; x_wconf 84' lang='lat' dir='ltr'>rejecto</span> <span class='ocrx_word' id='word_1_443' title='bbox 2073 5539 2177 5572; x_wconf 89' lang='lat' dir='ltr'>non</span> 
     </span>
    </p>
   </div>
   <div class='ocr_carea' id='block_1_62' title="bbox 524 5588 1675 5648">
    <p class='ocr_par' dir='ltr' id='par_1_62' title="bbox 524 5588 1675 5648">
     <span class='ocr_line' id='line_1_62' title="bbox 524 5588 1675 5648; baseline -0.004 -9"><span class='ocrx_word' id='word_1_444' title='bbox 524 5591 751 5648; x_wconf 74' lang='grc' dir='ltr'>ρεσσᾳηι,</span> <span class='ocrx_word' id='word_1_445' title='bbox 788 5589 932 5648; x_wconf 89' lang='lat' dir='ltr'>quod</span> <span class='ocrx_word' id='word_1_446' title='bbox 964 5589 1030 5637; x_wconf 92' lang='lat' dir='ltr'>ab</span> <span class='ocrx_word' id='word_1_447' title='bbox 1061 5591 1314 5638; x_wconf 90' lang='lat' dir='ltr'>omnibus</span> <span class='ocrx_word' id='word_1_448' title='bbox 1349 5589 1475 5638; x_wconf 86' lang='lat' dir='ltr'>Mss.</span> <span class='ocrx_word' id='word_1_449' title='bbox 1505 5588 1675 5638; x_wconf 86' lang='lat' dir='ltr'>abest.</span> 
     </span>
    </p>
   </div>
   <div class='ocr_carea' id='block_1_63' title="bbox 589 5646 1700 5712">
    <p class='ocr_par' dir='ltr' id='par_1_63' title="bbox 589 5646 1700 5712">
     <span class='ocr_line' id='line_1_63' title="bbox 589 5646 1700 5712; baseline 0.007 -16"><span class='ocrx_word' id='word_1_450' title='bbox 589 5650 607 5680; x_wconf 76' lang='grc'>³</span> <span class='ocrx_word' id='word_1_451' title='bbox 636 5646 719 5696; x_wconf 92' lang='lat' dir='ltr'>Sic</span> <span class='ocrx_word' id='word_1_452' title='bbox 744 5646 866 5696; x_wconf 78' lang='lat' dir='ltr'>Mss.</span> <span class='ocrx_word' id='word_1_453' title='bbox 901 5651 1102 5712; x_wconf 85' lang='lat' dir='ltr'>plures.</span> <span class='ocrx_word' id='word_1_454' title='bbox 1127 5653 1192 5701; x_wconf 81' lang='lat' dir='ltr'>At</span> <span class='ocrx_word' id='word_1_455' title='bbox 1225 5651 1389 5709; x_wconf 86' lang='lat' dir='ltr'>Edd.,</span> <span class='ocrx_word' id='word_1_456' title='bbox 1423 5651 1513 5701; x_wconf 84' lang='lat' dir='ltr'>Dei</span> <span class='ocrx_word' id='word_1_457' title='bbox 1544 5651 1700 5704; x_wconf 83' lang='lat' dir='ltr'>dono.</span> 
     </span>
    </p>
   </div>
   <div class='ocr_carea' id='block_1_64' title="bbox 1794 142 3901 207">
    <p class='ocr_par' dir='ltr' id='par_1_64' title="bbox 1794 142 3901 207">
     <span class='ocr_line' id='line_1_64' title="bbox 1794 142 3901 207; baseline -0.009 -1"><span class='ocrx_word' id='word_1_458' title='bbox 1794 150 1853 207; x_wconf 89' lang='lat' dir='ltr'>s.</span> <span class='ocrx_word' id='word_1_459' title='bbox 1895 143 2286 204; x_wconf 83' lang='lat' dir='ltr'>AUGUSTINI</span> <span class='ocrx_word' id='word_1_460' title='bbox 2324 142 2650 201; x_wconf 87' lang='lat' dir='ltr'>EPISCOPI</span> <span class='ocrx_word' id='word_1_461' title='bbox 3807 147 3901 206; x_wconf 73' lang='grc' dir='ltr'>δεο</span> 
     </span>
    </p>
   </div>
   <div class='ocr_carea' id='block_1_65' title="bbox 2285 267 3908 340">
    <p class='ocr_par' dir='ltr' id='par_1_65' title="bbox 2285 267 3908 340">
     <span class='ocr_line' id='line_1_65' title="bbox 2285 267 3908 340; baseline 0.002 -15"><span class='ocrx_word' id='word_1_462' title='bbox 2285 270 2545 339; x_wconf 84' lang='lat' dir='ltr'>lapidem</span> <span class='ocrx_word' id='word_1_463' title='bbox 2567 270 2781 340; x_wconf 87' lang='lat' dir='ltr'>jaciat,</span> <span class='ocrx_word' id='word_1_464' title='bbox 2815 267 3121 340; x_wconf 88' lang='lat' dir='ltr'>ipsiusqui</span> <span class='ocrx_word' id='word_1_465' title='bbox 3142 267 3257 324; x_wconf 91' lang='lat' dir='ltr'>hoc</span> <span class='ocrx_word' id='word_1_466' title='bbox 3281 267 3428 324; x_wconf 85' lang='lat' dir='ltr'>dixit</span> <span class='ocrx_word' id='word_1_467' title='bbox 3447 271 3796 325; x_wconf 86' lang='lat' dir='ltr'>sectaremur</span> <span class='ocrx_word' id='word_1_468' title='bbox 3818 286 3908 328; x_wconf 88' lang='lat' dir='ltr'>ex-</span> 
     </span>
    </p>
   </div>
   <div class='ocr_carea' id='block_1_66' title="bbox 2281 357 3907 430">
    <p class='ocr_par' dir='ltr' id='par_1_66' title="bbox 2281 357 3907 430">
     <span class='ocr_line' id='line_1_66' title="bbox 2281 357 3907 430; baseline 0.001 -16"><span class='ocrx_word' id='word_1_469' title='bbox 2281 359 2575 429; x_wconf 93' lang='lat' dir='ltr'>emplum,</span> <span class='ocrx_word' id='word_1_470' title='bbox 2591 358 2696 430; x_wconf 89' lang='lat' dir='ltr'>qui</span> <span class='ocrx_word' id='word_1_471' title='bbox 2719 374 2857 413; x_wconf 93' lang='lat' dir='ltr'>cum</span> <span class='ocrx_word' id='word_1_472' title='bbox 2885 365 3037 413; x_wconf 90' lang='lat' dir='ltr'>esset</span> <span class='ocrx_word' id='word_1_473' title='bbox 3059 357 3263 429; x_wconf 90' lang='lat' dir='ltr'>utique</span> <span class='ocrx_word' id='word_1_474' title='bbox 3283 357 3406 412; x_wconf 92' lang='lat' dir='ltr'>sine</span> <span class='ocrx_word' id='word_1_475' title='bbox 3423 363 3687 428; x_wconf 90' lang='lat' dir='ltr'>peccato,</span> <span class='ocrx_word' id='word_1_476' title='bbox 3711 359 3907 415; x_wconf 87' lang='lat' dir='ltr'>aitmu-</span> 
     </span>
    </p>
   </div>
   <div class='ocr_carea' id='block_1_67' title="bbox 2281 446 3911 518">
    <p class='ocr_par' dir='ltr' id='par_1_67' title="bbox 2281 446 3911 518">
     <span class='ocr_line' id='line_1_67' title="bbox 2281 446 3911 518; baseline 0.001 -16"><span class='ocrx_word' id='word_1_477' title='bbox 2281 447 2406 502; x_wconf 90' lang='lat' dir='ltr'>lieri</span> <span class='ocrx_word' id='word_1_478' title='bbox 2465 463 2649 518; x_wconf 90' lang='lat' dir='ltr'>quam</span> <span class='ocrx_word' id='word_1_479' title='bbox 2703 447 2991 518; x_wconf 89' lang='lat' dir='ltr'>perterriti</span> <span class='ocrx_word' id='word_1_480' title='bbox 3047 446 3127 501; x_wconf 92' lang='lat' dir='ltr'>illi</span> <span class='ocrx_word' id='word_1_481' title='bbox 3161 446 3524 518; x_wconf 89' lang='lat' dir='ltr'>reliquerant</span> <span class='ocrx_word' id='word_1_482' title='bbox 3554 463 3566 498; x_wconf 87' lang='lat'>:</span> <span class='ocrx_word' id='word_1_483' title='bbox 3595 446 3715 502; x_wconf 89' lang='lat' dir='ltr'>Nec</span> <span class='ocrx_word' id='word_1_484' title='bbox 3745 461 3838 516; x_wconf 90' lang='lat' dir='ltr'>ego</span> <span class='ocrx_word' id='word_1_485' title='bbox 3867 454 3911 505; x_wconf 90' lang='lat' dir='ltr'>te</span> 
     </span>
    </p>
   </div>
   <div class='ocr_carea' id='block_1_68' title="bbox 2283 535 3912 607">
    <p class='ocr_par' dir='ltr' id='par_1_68' title="bbox 2283 535 3912 607">
     <span class='ocr_line' id='line_1_68' title="bbox 2283 535 3912 607; baseline 0.001 -16"><span class='ocrx_word' id='word_1_486' title='bbox 2283 537 2579 592; x_wconf 90' lang='lat' dir='ltr'>damnabo</span> <span class='ocrx_word' id='word_1_487' title='bbox 2606 558 2625 606; x_wconf 86' lang='lat'><strong><em>;</em></strong></span> <span class='ocrx_word' id='word_1_488' title='bbox 2657 537 2826 601; x_wconf 88' lang='lat' dir='ltr'>vade,</span> <span class='ocrx_word' id='word_1_489' title='bbox 2853 537 2978 607; x_wconf 87' lang='lat' dir='ltr'>jam</span> <span class='ocrx_word' id='word_1_490' title='bbox 3004 535 3274 604; x_wconf 87' lang='lat' dir='ltr'>deinceps</span> <span class='ocrx_word' id='word_1_491' title='bbox 3301 535 3425 590; x_wconf 86' lang='lat' dir='ltr'>noti</span> <span class='ocrx_word' id='word_1_492' title='bbox 3448 550 3710 604; x_wconf 85' lang='lat' dir='ltr'>peccare.</span> <span class='ocrx_word' id='word_1_493' title='bbox 3747 537 3912 594; x_wconf 89' lang='lat' dir='ltr'>Potuit</span> 
     </span>
    </p>
   </div>
   <div class='ocr_carea' id='block_1_69' title="bbox 2283 623 3912 694">
    <p class='ocr_par' dir='ltr' id='par_1_69' title="bbox 2283 623 3912 694">
     <span class='ocr_line' id='line_1_69' title="bbox 2283 623 3912 694; baseline -0.001 -13"><span class='ocrx_word' id='word_1_494' title='bbox 2283 625 2442 681; x_wconf 90' lang='lat' dir='ltr'>enim</span> <span class='ocrx_word' id='word_1_495' title='bbox 2459 630 2718 680; x_wconf 91' lang='lat' dir='ltr'>metuere</span> <span class='ocrx_word' id='word_1_496' title='bbox 2732 623 3028 694; x_wconf 88' lang='lat' dir='ltr'>ﬂagitiosa</span> <span class='ocrx_word' id='word_1_497' title='bbox 3042 623 3247 679; x_wconf 90' lang='lat' dir='ltr'>mulier</span> <span class='ocrx_word' id='word_1_498' title='bbox 3258 623 3457 679; x_wconf 89' lang='lat' dir='ltr'>neillis</span> <span class='ocrx_word' id='word_1_499' title='bbox 3471 624 3912 691; x_wconf 88' lang='lat' dir='ltr'>discedentibus,</span> 
     </span>
    </p>
   </div>
   <div class='ocr_carea' id='block_1_70' title="bbox 2283 714 3913 786">
    <p class='ocr_par' dir='ltr' id='par_1_70' title="bbox 2283 714 3913 786">
     <span class='ocr_line' id='line_1_70' title="bbox 2283 714 3913 786; baseline 0.001 -17"><span class='ocrx_word' id='word_1_500' title='bbox 2283 714 2386 786; x_wconf 90' lang='lat' dir='ltr'>qui</span> <span class='ocrx_word' id='word_1_501' title='bbox 2419 730 2530 770; x_wconf 89' lang='lat' dir='ltr'>sua</span> <span class='ocrx_word' id='word_1_502' title='bbox 2560 719 2806 785; x_wconf 90' lang='lat' dir='ltr'>peccata</span> <span class='ocrx_word' id='word_1_503' title='bbox 2833 714 3243 784; x_wconf 88' lang='lat' dir='ltr'>cogitaverant</span> <span class='ocrx_word' id='word_1_504' title='bbox 3272 717 3603 784; x_wconf 90' lang='lat' dir='ltr'>utpeccato</span> <span class='ocrx_word' id='word_1_505' title='bbox 3635 720 3913 784; x_wconf 87' lang='lat' dir='ltr'>parcerent</span> 
     </span>
    </p>
   </div>
   <div class='ocr_carea' id='block_1_71' title="bbox 2285 801 3918 873">
    <p class='ocr_par' dir='ltr' id='par_1_71' title="bbox 2285 801 3918 873">
     <span class='ocr_line' id='line_1_71' title="bbox 2285 801 3918 873; baseline 0 -16"><span class='ocrx_word' id='word_1_506' title='bbox 2285 801 2498 867; x_wconf 90' lang='lat' dir='ltr'>alieno,</span> <span class='ocrx_word' id='word_1_507' title='bbox 2533 803 3041 873; x_wconf 89' lang='lat' dir='ltr'>illamjustissime</span> <span class='ocrx_word' id='word_1_508' title='bbox 3062 802 3189 872; x_wconf 92' lang='lat' dir='ltr'>jam</span> <span class='ocrx_word' id='word_1_509' title='bbox 3213 802 3341 873; x_wconf 86' lang='lat' dir='ltr'>ipse</span> <span class='ocrx_word' id='word_1_510' title='bbox 3361 802 3918 873; x_wconf 87' lang='lat' dir='ltr'>damnaretquierat</span> 
     </span>
    </p>
   </div>
   <div class='ocr_carea' id='block_1_72' title="bbox 2284 889 3919 963">
    <p class='ocr_par' dir='ltr' id='par_1_72' title="bbox 2284 889 3919 963">
     <span class='ocr_line' id='line_1_72' title="bbox 2284 889 3919 963; baseline -0.001 -16"><span class='ocrx_word' id='word_1_511' title='bbox 2284 891 2410 947; x_wconf 92' lang='lat' dir='ltr'>sine</span> <span class='ocrx_word' id='word_1_512' title='bbox 2424 897 2690 963; x_wconf 89' lang='lat' dir='ltr'>peccato.</span> <span class='ocrx_word' id='word_1_513' title='bbox 2707 891 2880 947; x_wconf 87' lang='lat' dir='ltr'>Atille</span> <span class='ocrx_word' id='word_1_514' title='bbox 2895 907 3014 945; x_wconf 92' lang='lat' dir='ltr'>non</span> <span class='ocrx_word' id='word_1_515' title='bbox 3031 890 3396 946; x_wconf 87' lang='lat' dir='ltr'>conscientia</span> <span class='ocrx_word' id='word_1_516' title='bbox 3409 889 3688 961; x_wconf 86' lang='lat' dir='ltr'>pavidus,</span> <span class='ocrx_word' id='word_1_517' title='bbox 3706 890 3802 946; x_wconf 88' lang='lat' dir='ltr'>sed</span> <span class='ocrx_word' id='word_1_518' title='bbox 3819 891 3919 963; x_wconf 86' lang='lat' dir='ltr'>ple-</span> 
     </span>
    </p>
   </div>
   <div class='ocr_carea' id='block_1_73' title="bbox 2285 979 3918 1051">
    <p class='ocr_par' dir='ltr' id='par_1_73' title="bbox 2285 979 3918 1051">
     <span class='ocr_line' id='line_1_73' title="bbox 2285 979 3918 1051; baseline 0 -16"><span class='ocrx_word' id='word_1_519' title='bbox 2285 996 2397 1035; x_wconf 91' lang='lat' dir='ltr'>nus</span> <span class='ocrx_word' id='word_1_520' title='bbox 2437 980 2771 1046; x_wconf 86' lang='lat' dir='ltr'>clementia,</span> <span class='ocrx_word' id='word_1_521' title='bbox 2811 995 2949 1036; x_wconf 92' lang='lat' dir='ltr'>cum</span> <span class='ocrx_word' id='word_1_522' title='bbox 2982 979 3082 1035; x_wconf 90' lang='lat' dir='ltr'>illa</span> <span class='ocrx_word' id='word_1_523' title='bbox 3098 979 3505 1051; x_wconf 90' lang='lat' dir='ltr'>respondisset</span> <span class='ocrx_word' id='word_1_524' title='bbox 3548 993 3584 1034; x_wconf 89' lang='lat' dir='ltr'>a</span> <span class='ocrx_word' id='word_1_525' title='bbox 3614 979 3840 1035; x_wconf 89' lang='lat' dir='ltr'>nemine</span> <span class='ocrx_word' id='word_1_526' title='bbox 3864 995 3918 1035; x_wconf 87' lang='lat' dir='ltr'>se</span> 
     </span>
    </p>
   </div>
   <div class='ocr_carea' id='block_1_74' title="bbox 2285 1067 3916 1140">
    <p class='ocr_par' dir='ltr' id='par_1_74' title="bbox 2285 1067 3916 1140">
     <span class='ocr_line' id='line_1_74' title="bbox 2285 1067 3916 1140; baseline -0.001 -15"><span class='ocrx_word' id='word_1_527' title='bbox 2285 1069 2466 1125; x_wconf 91' lang='lat' dir='ltr'>fuisse</span> <span class='ocrx_word' id='word_1_528' title='bbox 2487 1069 2992 1133; x_wconf 91' lang='lat' dir='ltr'>damnatam,Nec</span> <span class='ocrx_word' id='word_1_529' title='bbox 3007 1084 3111 1139; x_wconf 88' lang='lat' dir='ltr'>ego</span> <span class='ocrx_word' id='word_1_530' title='bbox 3130 1073 3202 1135; x_wconf 90' lang='lat' dir='ltr'>te,</span> <span class='ocrx_word' id='word_1_531' title='bbox 3223 1069 3438 1140; x_wconf 87' lang='lat' dir='ltr'>inquit,</span> <span class='ocrx_word' id='word_1_532' title='bbox 3453 1067 3782 1125; x_wconf 87' lang='lat' dir='ltr'>damnabo:</span> <span class='ocrx_word' id='word_1_533' title='bbox 3810 1074 3916 1124; x_wconf 88' lang='lat' dir='ltr'>tan-</span> 
     </span>
    </p>
   </div>
   <div class='ocr_carea' id='block_1_75' title="bbox 2284 1157 3916 1230">
    <p class='ocr_par' dir='ltr' id='par_1_75' title="bbox 2284 1157 3916 1230">
     <span class='ocr_line' id='line_1_75' title="bbox 2284 1157 3916 1230; baseline -0.001 -17"><span class='ocrx_word' id='word_1_534' title='bbox 2284 1174 2470 1230; x_wconf 91' lang='lat' dir='ltr'>quam</span> <span class='ocrx_word' id='word_1_535' title='bbox 2513 1158 2754 1223; x_wconf 90' lang='lat' dir='ltr'>diceret,</span> <span class='ocrx_word' id='word_1_536' title='bbox 2790 1158 2845 1214; x_wconf 92' lang='lat' dir='ltr'>Si</span> <span class='ocrx_word' id='word_1_537' title='bbox 2888 1157 3115 1213; x_wconf 91' lang='lat' dir='ltr'>malitia</span> <span class='ocrx_word' id='word_1_538' title='bbox 3143 1158 3249 1213; x_wconf 89' lang='lat' dir='ltr'>tibi</span> <span class='ocrx_word' id='word_1_539' title='bbox 3277 1171 3526 1229; x_wconf 88' lang='lat' dir='ltr'>parcere</span> <span class='ocrx_word' id='word_1_540' title='bbox 3557 1157 3764 1227; x_wconf 89' lang='lat' dir='ltr'>potuit,</span> <span class='ocrx_word' id='word_1_541' title='bbox 3795 1157 3916 1228; x_wconf 90' lang='lat' dir='ltr'>quid</span> 
     </span>
    </p>
   </div>
   <div class='ocr_carea' id='block_1_76' title="bbox 2288 1245 3917 1314">
    <p class='ocr_par' dir='ltr' id='par_1_76' title="bbox 2288 1245 3917 1314">
     <span class='ocr_line' id='line_1_76' title="bbox 2288 1245 3917 1314; baseline -0.002 -11"><span class='ocrx_word' id='word_1_542' title='bbox 2288 1248 2501 1304; x_wconf 87' lang='lat' dir='ltr'>metuis</span> <span class='ocrx_word' id='word_1_543' title='bbox 2524 1247 2930 1302; x_wconf 89' lang='lat' dir='ltr'>innocentiam</span> <span class='ocrx_word' id='word_1_544' title='bbox 2946 1246 2974 1301; x_wconf 71' lang='lat' dir='ltr'>‘I</span> <span class='ocrx_word' id='word_1_545' title='bbox 2991 1249 3054 1303; x_wconf 87' lang='lat' dir='ltr'>Et</span> <span class='ocrx_word' id='word_1_546' title='bbox 3068 1262 3142 1302; x_wconf 90' lang='lat' dir='ltr'>ne</span> <span class='ocrx_word' id='word_1_547' title='bbox 3159 1246 3516 1301; x_wconf 89' lang='lat' dir='ltr'>delictorum</span> <span class='ocrx_word' id='word_1_548' title='bbox 3532 1259 3656 1300; x_wconf 93' lang='lat' dir='ltr'>non</span> <span class='ocrx_word' id='word_1_549' title='bbox 3673 1245 3917 1314; x_wconf 88' lang='lat' dir='ltr'>donator,</span> 
     </span>
    </p>
   </div>
   <div class='ocr_carea' id='block_1_77' title="bbox 2288 1335 3919 1409">
    <p class='ocr_par' dir='ltr' id='par_1_77' title="bbox 2288 1335 3919 1409">
     <span class='ocr_line' id='line_1_77' title="bbox 2288 1335 3919 1409; baseline -0.001 -17"><span class='ocrx_word' id='word_1_550' title='bbox 2288 1337 2390 1392; x_wconf 87' lang='lat' dir='ltr'>sed</span> <span class='ocrx_word' id='word_1_551' title='bbox 2423 1336 2791 1409; x_wconf 88' lang='lat' dir='ltr'>approbator</span> <span class='ocrx_word' id='word_1_552' title='bbox 2822 1336 3149 1404; x_wconf 88' lang='lat' dir='ltr'>videretur;</span> <span class='ocrx_word' id='word_1_553' title='bbox 3185 1336 3362 1401; x_wconf 90' lang='lat' dir='ltr'>Vade,</span> <span class='ocrx_word' id='word_1_554' title='bbox 3399 1335 3501 1400; x_wconf 91' lang='lat' dir='ltr'>ait,</span> <span class='ocrx_word' id='word_1_555' title='bbox 3527 1337 3660 1404; x_wconf 90' lang='lat' dir='ltr'>jam</span> <span class='ocrx_word' id='word_1_556' title='bbox 3678 1335 3919 1405; x_wconf 83' lang='lat' dir='ltr'>deinceps</span> 
     </span>
    </p>
   </div>
   <div class='ocr_carea' id='block_1_78' title="bbox 2286 1423 3920 1497">
    <p class='ocr_par' dir='ltr' id='par_1_78' title="bbox 2286 1423 3920 1497">
     <span class='ocr_line' id='line_1_78' title="bbox 2286 1423 3920 1497; baseline -0.002 -15"><span class='ocrx_word' id='word_1_557' title='bbox 2286 1425 2413 1482; x_wconf 86' lang='lat' dir='ltr'>noti</span> <span class='ocrx_word' id='word_1_558' title='bbox 2438 1441 2684 1495; x_wconf 85' lang='lat' dir='ltr'>peccare</span> <span class='ocrx_word' id='word_1_559' title='bbox 2697 1448 2716 1494; x_wconf 82' lang='lat'>,-</span> <span class='ocrx_word' id='word_1_560' title='bbox 2748 1430 2811 1480; x_wconf 89' lang='lat' dir='ltr'>ut</span> <span class='ocrx_word' id='word_1_561' title='bbox 2829 1441 2893 1480; x_wconf 91' lang='lat' dir='ltr'>se</span> <span class='ocrx_word' id='word_1_562' title='bbox 2925 1426 3153 1480; x_wconf 89' lang='lat' dir='ltr'>homini</span> <span class='ocrx_word' id='word_1_563' title='bbox 3174 1425 3541 1497; x_wconf 88' lang='lat' dir='ltr'>pepercisse,</span> <span class='ocrx_word' id='word_1_564' title='bbox 3557 1439 3676 1478; x_wconf 92' lang='lat' dir='ltr'>non</span> <span class='ocrx_word' id='word_1_565' title='bbox 3689 1423 3920 1479; x_wconf 82' lang='lat' dir='ltr'>hominis</span> 
     </span>
    </p>
   </div>
   <div class='ocr_carea' id='block_1_79' title="bbox 2288 1513 3921 1587">
    <p class='ocr_par' dir='ltr' id='par_1_79' title="bbox 2288 1513 3921 1587">
     <span class='ocr_line' id='line_1_79' title="bbox 2288 1513 3921 1587; baseline -0.002 -17"><span class='ocrx_word' id='word_1_566' title='bbox 2288 1515 2527 1587; x_wconf 90' lang='lat' dir='ltr'>culpam</span> <span class='ocrx_word' id='word_1_567' title='bbox 2555 1515 2662 1570; x_wconf 91' lang='lat' dir='ltr'>sibi</span> <span class='ocrx_word' id='word_1_568' title='bbox 2695 1514 2989 1586; x_wconf 90' lang='lat' dir='ltr'>placuisse</span> <span class='ocrx_word' id='word_1_569' title='bbox 3006 1519 3386 1570; x_wconf 89' lang='lat' dir='ltr'>monstraret.</span> <span class='ocrx_word' id='word_1_570' title='bbox 3417 1515 3550 1569; x_wconf 86' lang='lat' dir='ltr'>Jam</span> <span class='ocrx_word' id='word_1_571' title='bbox 3578 1513 3743 1568; x_wconf 87' lang='lat' dir='ltr'>vides</span> <span class='ocrx_word' id='word_1_572' title='bbox 3769 1513 3921 1582; x_wconf 86' lang='lat' dir='ltr'>igitur</span> 
     </span>
    </p>
   </div>
   <div class='ocr_carea' id='block_1_80' title="bbox 2287 1601 3916 1673">
    <p class='ocr_par' dir='ltr' id='par_1_80' title="bbox 2287 1601 3916 1673">
     <span class='ocr_line' id='line_1_80' title="bbox 2287 1601 3916 1673; baseline -0.002 -14"><span class='ocrx_word' id='word_1_573' title='bbox 2287 1605 2362 1659; x_wconf 89' lang='lat' dir='ltr'>de</span> <span class='ocrx_word' id='word_1_574' title='bbox 2377 1603 2658 1673; x_wconf 88' lang='lat' dir='ltr'>religione</span> <span class='ocrx_word' id='word_1_575' title='bbox 2681 1603 3184 1671; x_wconf 91' lang='lat' dir='ltr'>descendere,nec</span> <span class='ocrx_word' id='word_1_576' title='bbox 3199 1618 3309 1659; x_wconf 93' lang='lat' dir='ltr'>nos</span> <span class='ocrx_word' id='word_1_577' title='bbox 3327 1603 3612 1658; x_wconf 88' lang='lat' dir='ltr'>societate</span> <span class='ocrx_word' id='word_1_578' title='bbox 3630 1601 3916 1656; x_wconf 87' lang='lat' dir='ltr'>criminum</span> 
     </span>
    </p>
   </div>
   <div class='ocr_carea' id='block_1_81' title="bbox 2288 1691 3916 1764">
    <p class='ocr_par' dir='ltr' id='par_1_81' title="bbox 2288 1691 3916 1764">
     <span class='ocr_line' id='line_1_81' title="bbox 2288 1691 3916 1764; baseline -0.002 -16"><span class='ocrx_word' id='word_1_579' title='bbox 2288 1692 2598 1762; x_wconf 84' lang='lat' dir='ltr'>obstringi,</span> <span class='ocrx_word' id='word_1_580' title='bbox 2632 1692 2795 1764; x_wconf 91' lang='lat' dir='ltr'>quod</span> <span class='ocrx_word' id='word_1_581' title='bbox 2821 1692 3245 1748; x_wconf 91' lang='lat' dir='ltr'>intercedimus</span> <span class='ocrx_word' id='word_1_582' title='bbox 3275 1691 3636 1764; x_wconf 87' lang='lat' dir='ltr'>plerumque</span> <span class='ocrx_word' id='word_1_583' title='bbox 3650 1691 3813 1745; x_wconf 88' lang='lat' dir='ltr'>etiam</span> <span class='ocrx_word' id='word_1_584' title='bbox 3828 1705 3916 1761; x_wconf 91' lang='lat' dir='ltr'>pro</span> 
     </span>
    </p>
   </div>
   <div class='ocr_carea' id='block_1_82' title="bbox 2289 1778 3916 1852">
    <p class='ocr_par' dir='ltr' id='par_1_82' title="bbox 2289 1778 3916 1852">
     <span class='ocr_line' id='line_1_82' title="bbox 2289 1778 3916 1852; baseline -0.002 -16"><span class='ocrx_word' id='word_1_585' title='bbox 2289 1781 2717 1845; x_wconf 90' lang='lat' dir='ltr'>sceleratis,etsi</span> <span class='ocrx_word' id='word_1_586' title='bbox 2739 1796 2857 1837; x_wconf 93' lang='lat' dir='ltr'>non</span> <span class='ocrx_word' id='word_1_587' title='bbox 2875 1781 3168 1846; x_wconf 87' lang='lat' dir='ltr'>scelerati,</span> <span class='ocrx_word' id='word_1_588' title='bbox 3186 1785 3386 1836; x_wconf 91' lang='lat' dir='ltr'>tamen</span> <span class='ocrx_word' id='word_1_589' title='bbox 3405 1795 3519 1852; x_wconf 89' lang='lat' dir='ltr'>pro</span> <span class='ocrx_word' id='word_1_590' title='bbox 3534 1778 3916 1850; x_wconf 87' lang='lat' dir='ltr'>peccatoribus</span> 
     </span>
    </p>
   </div>
   <div class='ocr_carea' id='block_1_83' title="bbox 2288 1868 3916 1943">
    <p class='ocr_par' dir='ltr' id='par_1_83' title="bbox 2288 1868 3916 1943">
     <span class='ocr_line' id='line_1_83' title="bbox 2288 1868 3916 1943; baseline -0.002 -17"><span class='ocrx_word' id='word_1_591' title='bbox 2288 1878 2652 1942; x_wconf 88' lang='lat' dir='ltr'>peccatores,</span> <span class='ocrx_word' id='word_1_592' title='bbox 2681 1876 2734 1926; x_wconf 92' lang='lat' dir='ltr'>et</span> <span class='ocrx_word' id='word_1_593' title='bbox 2757 1871 2918 1943; x_wconf 88' lang='lat' dir='ltr'>quod</span> <span class='ocrx_word' id='word_1_594' title='bbox 2942 1871 3228 1926; x_wconf 90' lang='lat' dir='ltr'>veraciter</span> <span class='ocrx_word' id='word_1_595' title='bbox 3241 1870 3438 1941; x_wconf 89' lang='lat' dir='ltr'>potius</span> <span class='ocrx_word' id='word_1_596' title='bbox 3460 1884 3646 1941; x_wconf 91' lang='lat' dir='ltr'>quam</span> <span class='ocrx_word' id='word_1_597' title='bbox 3667 1868 3916 1938; x_wconf 85' lang='lat' dir='ltr'>iniuriose</span> 
     </span>
    </p>
   </div>
   <div class='ocr_carea' id='block_1_84' title="bbox 2289 1958 3765 2032">
    <p class='ocr_par' dir='ltr' id='par_1_84' title="bbox 2289 1958 3765 2032">
     <span class='ocr_line' id='line_1_84' title="bbox 2289 1958 3765 2032; baseline -0.003 -17"><span class='ocrx_word' id='word_1_598' title='bbox 2289 1959 2515 2015; x_wconf 91' lang='lat' dir='ltr'>dictum</span> <span class='ocrx_word' id='word_1_599' title='bbox 2540 1960 2819 2032; x_wconf 89' lang='lat' dir='ltr'>accipias,</span> <span class='ocrx_word' id='word_1_600' title='bbox 2853 1959 2996 2031; x_wconf 90' lang='lat' dir='ltr'>pulo</span> <span class='ocrx_word' id='word_1_601' title='bbox 3026 1958 3192 2032; x_wconf 90' lang='lat' dir='ltr'>quod</span> <span class='ocrx_word' id='word_1_602' title='bbox 3223 1959 3389 2030; x_wconf 90' lang='lat' dir='ltr'>apud</span> <span class='ocrx_word' id='word_1_603' title='bbox 3409 1965 3765 2030; x_wconf 88' lang='lat' dir='ltr'>peccatores.</span> 
     </span>
    </p>
   </div>
   <div class='ocr_carea' id='block_1_85' title="bbox 2363 2052 3910 2112">
    <p class='ocr_par' dir='ltr' id='par_1_85' title="bbox 2363 2052 3910 2112">
     <span class='ocr_line' id='line_1_85' title="bbox 2363 2052 3910 2112; baseline -0.003 0"><span class='ocrx_word' id='word_1_604' title='bbox 2363 2057 2585 2112; x_wconf 86' lang='lat' dir='ltr'>CAPUT</span> <span class='ocrx_word' id='word_1_605' title='bbox 2611 2059 2697 2112; x_wconf 86' lang='lat' dir='ltr'>VI.</span> <span class='ocrx_word' id='word_1_606' title='bbox 2733 2088 2799 2097; x_wconf 90' lang='lat'><strong><em>—</em></strong></span> <span class='ocrx_word' id='word_1_607' title='bbox 2831 2061 2912 2112; x_wconf 84' lang='grc'>16.</span> <span class='ocrx_word' id='word_1_608' title='bbox 2940 2060 3053 2112; x_wconf 89' lang='lat' dir='ltr'>Nec</span> <span class='ocrx_word' id='word_1_609' title='bbox 3085 2056 3220 2112; x_wconf 93' lang='lat' dir='ltr'>ideo</span> <span class='ocrx_word' id='word_1_610' title='bbox 3255 2071 3400 2111; x_wconf 90' lang='lat' dir='ltr'>sane</span> <span class='ocrx_word' id='word_1_611' title='bbox 3434 2055 3656 2111; x_wconf 82' lang='lat' dir='ltr'>frustra</span> <span class='ocrx_word' id='word_1_612' title='bbox 3677 2052 3910 2110; x_wconf 83' lang='lat' dir='ltr'>instituta</span> 
     </span>
    </p>
   </div>
   <div class='ocr_carea' id='block_1_86' title="bbox 2290 2142 3913 2219">
    <p class='ocr_par' dir='ltr' id='par_1_86' title="bbox 2290 2142 3913 2219">
     <span class='ocr_line' id='line_1_86' title="bbox 2290 2142 3913 2219; baseline -0.002 -18"><span class='ocrx_word' id='word_1_613' title='bbox 2290 2151 2704 2219; x_wconf 89' lang='lat' dir='ltr'>suntpotestas</span> <span class='ocrx_word' id='word_1_614' title='bbox 2717 2147 2892 2215; x_wconf 90' lang='lat' dir='ltr'>regis,</span> <span class='ocrx_word' id='word_1_615' title='bbox 2905 2148 3002 2217; x_wconf 88' lang='lat' dir='ltr'>jus</span> <span class='ocrx_word' id='word_1_616' title='bbox 3017 2145 3197 2216; x_wconf 89' lang='lat' dir='ltr'>gladii</span> <span class='ocrx_word' id='word_1_617' title='bbox 3211 2145 3558 2215; x_wconf 88' lang='lat' dir='ltr'>cognitoris,</span> <span class='ocrx_word' id='word_1_618' title='bbox 3577 2142 3913 2216; x_wconf 69' lang='lat' dir='ltr'>ungulzecar-</span> 
     </span>
    </p>
   </div>
   <div class='ocr_carea' id='block_1_87' title="bbox 2290 2230 3914 2306">
    <p class='ocr_par' dir='ltr' id='par_1_87' title="bbox 2290 2230 3914 2306">
     <span class='ocr_line' id='line_1_87' title="bbox 2290 2230 3914 2306; baseline -0.004 -16"><span class='ocrx_word' id='word_1_619' title='bbox 2290 2235 2502 2301; x_wconf 86' lang='lat' dir='ltr'>niﬁcis,</span> <span class='ocrx_word' id='word_1_620' title='bbox 2519 2251 2688 2292; x_wconf 90' lang='lat' dir='ltr'>arma</span> <span class='ocrx_word' id='word_1_621' title='bbox 2702 2234 3246 2306; x_wconf 89' lang='lat' dir='ltr'>militis,disciplina</span> <span class='ocrx_word' id='word_1_622' title='bbox 3258 2232 3648 2298; x_wconf 89' lang='lat' dir='ltr'>dominantis,</span> <span class='ocrx_word' id='word_1_623' title='bbox 3666 2230 3914 2288; x_wconf 81' lang='lat' dir='ltr'>severitas</span> 
     </span>
    </p>
   </div>
   <div class='ocr_carea' id='block_1_88' title="bbox 2290 2321 3910 2396">
    <p class='ocr_par' dir='ltr' id='par_1_88' title="bbox 2290 2321 3910 2396">
     <span class='ocr_line' id='line_1_88' title="bbox 2290 2321 3910 2396; baseline -0.004 -17"><span class='ocrx_word' id='word_1_624' title='bbox 2290 2324 2474 2379; x_wconf 87' lang='lat' dir='ltr'>etiam</span> <span class='ocrx_word' id='word_1_625' title='bbox 2505 2324 2648 2380; x_wconf 90' lang='lat' dir='ltr'>boni</span> <span class='ocrx_word' id='word_1_626' title='bbox 2673 2325 2877 2396; x_wconf 91' lang='lat' dir='ltr'>patris.</span> <span class='ocrx_word' id='word_1_627' title='bbox 2915 2324 3139 2379; x_wconf 86' lang='lat' dir='ltr'>Habent</span> <span class='ocrx_word' id='word_1_628' title='bbox 3168 2324 3282 2379; x_wconf 90' lang='lat' dir='ltr'>ista</span> <span class='ocrx_word' id='word_1_629' title='bbox 3313 2323 3524 2377; x_wconf 89' lang='lat' dir='ltr'>omnia</span> <span class='ocrx_word' id='word_1_630' title='bbox 3542 2321 3750 2377; x_wconf 90' lang='lat' dir='ltr'>modos</span> <span class='ocrx_word' id='word_1_631' title='bbox 3775 2333 3910 2382; x_wconf 86' lang='lat' dir='ltr'>suos,</span> 
     </span>
    </p>
   </div>
   <div class='ocr_carea' id='block_1_89' title="bbox 2290 2409 3911 2481">
    <p class='ocr_par' dir='ltr' id='par_1_89' title="bbox 2290 2409 3911 2481">
     <span class='ocr_line' id='line_1_89' title="bbox 2290 2409 3911 2481; baseline -0.006 -12"><span class='ocrx_word' id='word_1_632' title='bbox 2290 2429 2527 2481; x_wconf 89' lang='lat' dir='ltr'>causas,</span> <span class='ocrx_word' id='word_1_633' title='bbox 2559 2415 2837 2479; x_wconf 91' lang='lat' dir='ltr'>rationes,</span> <span class='ocrx_word' id='word_1_634' title='bbox 2875 2412 3176 2468; x_wconf 89' lang='lat' dir='ltr'>utilitates.</span> <span class='ocrx_word' id='word_1_635' title='bbox 3211 2409 3348 2468; x_wconf 67' lang='lat' dir='ltr'>Haec</span> <span class='ocrx_word' id='word_1_636' title='bbox 3380 2427 3521 2467; x_wconf 90' lang='lat' dir='ltr'>cum</span> <span class='ocrx_word' id='word_1_637' title='bbox 3558 2410 3839 2471; x_wconf 90' lang='lat' dir='ltr'>timentur,</span> <span class='ocrx_word' id='word_1_638' title='bbox 3866 2410 3911 2461; x_wconf 90' lang='lat' dir='ltr'>et</span> 
     </span>
    </p>
   </div>
   <div class='ocr_carea' id='block_1_90' title="bbox 2295 2497 3912 2575">
    <p class='ocr_par' dir='ltr' id='par_1_90' title="bbox 2295 2497 3912 2575">
     <span class='ocr_line' id='line_1_90' title="bbox 2295 2497 3912 2575; baseline -0.005 -17"><span class='ocrx_word' id='word_1_639' title='bbox 2295 2509 2641 2558; x_wconf 89' lang='lat' dir='ltr'>coercentur</span> <span class='ocrx_word' id='word_1_640' title='bbox 2659 2503 2885 2567; x_wconf 90' lang='lat' dir='ltr'>mali,et</span> <span class='ocrx_word' id='word_1_641' title='bbox 2901 2503 3162 2575; x_wconf 88' lang='lat' dir='ltr'>quietius</span> <span class='ocrx_word' id='word_1_642' title='bbox 3179 2501 3332 2557; x_wconf 88' lang='lat' dir='ltr'>inter</span> <span class='ocrx_word' id='word_1_643' title='bbox 3347 2501 3544 2557; x_wconf 89' lang='lat' dir='ltr'>malos</span> <span class='ocrx_word' id='word_1_644' title='bbox 3561 2497 3912 2564; x_wconf 62' lang='lat' dir='ltr'>vivuntboni;</span> 
     </span>
    </p>
   </div>
   <div class='ocr_carea' id='block_1_91' title="bbox 2293 2585 3916 2663">
    <p class='ocr_par' dir='ltr' id='par_1_91' title="bbox 2293 2585 3916 2663">
     <span class='ocr_line' id='line_1_91' title="bbox 2293 2585 3916 2663; baseline -0.005 -17"><span class='ocrx_word' id='word_1_645' title='bbox 2293 2608 2414 2647; x_wconf 92' lang='lat' dir='ltr'>non</span> <span class='ocrx_word' id='word_1_646' title='bbox 2428 2592 2572 2663; x_wconf 92' lang='lat' dir='ltr'>quia</span> <span class='ocrx_word' id='word_1_647' title='bbox 2589 2591 2730 2646; x_wconf 91' lang='lat' dir='ltr'>boni</span> <span class='ocrx_word' id='word_1_648' title='bbox 2754 2590 3182 2663; x_wconf 90' lang='lat' dir='ltr'>pronuntiandi</span> <span class='ocrx_word' id='word_1_649' title='bbox 3197 2595 3337 2645; x_wconf 89' lang='lat' dir='ltr'>sunt</span> <span class='ocrx_word' id='word_1_650' title='bbox 3356 2590 3460 2662; x_wconf 90' lang='lat' dir='ltr'>qui</span> <span class='ocrx_word' id='word_1_651' title='bbox 3481 2588 3618 2644; x_wconf 90' lang='lat' dir='ltr'>talia</span> <span class='ocrx_word' id='word_1_652' title='bbox 3635 2585 3916 2643; x_wconf 89' lang='lat' dir='ltr'>metuendo</span> 
     </span>
    </p>
   </div>
   <div class='ocr_carea' id='block_1_92' title="bbox 2293 2677 3914 2752">
    <p class='ocr_par' dir='ltr' id='par_1_92' title="bbox 2293 2677 3914 2752">
     <span class='ocr_line' id='line_1_92' title="bbox 2293 2677 3914 2752; baseline -0.005 -16"><span class='ocrx_word' id='word_1_653' title='bbox 2293 2697 2412 2736; x_wconf 93' lang='lat' dir='ltr'>non</span> <span class='ocrx_word' id='word_1_654' title='bbox 2429 2686 2698 2752; x_wconf 91' lang='lat' dir='ltr'>peccant,</span> <span class='ocrx_word' id='word_1_655' title='bbox 2729 2696 2848 2736; x_wconf 91' lang='lat' dir='ltr'>non</span> <span class='ocrx_word' id='word_1_656' title='bbox 2865 2681 3024 2735; x_wconf 91' lang='lat' dir='ltr'>enim</span> <span class='ocrx_word' id='word_1_657' title='bbox 3055 2679 3256 2736; x_wconf 91' lang='lat' dir='ltr'>bonus</span> <span class='ocrx_word' id='word_1_658' title='bbox 3289 2685 3376 2734; x_wconf 88' lang='lat' dir='ltr'>est</span> <span class='ocrx_word' id='word_1_659' title='bbox 3407 2678 3707 2751; x_wconf 90' lang='lat' dir='ltr'>quispiam</span> <span class='ocrx_word' id='word_1_660' title='bbox 3739 2677 3914 2732; x_wconf 83' lang='lat' dir='ltr'>timore</span> 
     </span>
    </p>
   </div>
   <div class='ocr_carea' id='block_1_93' title="bbox 2292 2761 3910 2842">
    <p class='ocr_par' dir='ltr' id='par_1_93' title="bbox 2292 2761 3910 2842">
     <span class='ocr_line' id='line_1_93' title="bbox 2292 2761 3910 2842; baseline -0.006 -17"><span class='ocrx_word' id='word_1_661' title='bbox 2292 2785 2509 2842; x_wconf 65' lang='lat' dir='ltr'>paenae,</span> <span class='ocrx_word' id='word_1_662' title='bbox 2530 2770 2632 2824; x_wconf 90' lang='lat' dir='ltr'>sed</span> <span class='ocrx_word' id='word_1_663' title='bbox 2663 2770 3118 2841; x_wconf 66' lang='lat' dir='ltr'>amorejustiliae</span> <span class='ocrx_word' id='word_1_664' title='bbox 3142 2773 3588 2834; x_wconf 79' lang='lat' dir='ltr'>;verumtamen</span> <span class='ocrx_word' id='word_1_665' title='bbox 3606 2761 3910 2821; x_wconf 90' lang='lat' dir='ltr'>noninutili-</span> 
     </span>
    </p>
   </div>
   <div class='ocr_carea' id='block_1_94' title="bbox 2295 2855 3914 2930">
    <p class='ocr_par' dir='ltr' id='par_1_94' title="bbox 2295 2855 3914 2930">
     <span class='ocr_line' id='line_1_94' title="bbox 2295 2855 3914 2930; baseline -0.006 -16"><span class='ocrx_word' id='word_1_666' title='bbox 2295 2865 2378 2914; x_wconf 92' lang='lat' dir='ltr'>ter</span> <span class='ocrx_word' id='word_1_667' title='bbox 2397 2861 2576 2914; x_wconf 90' lang='lat' dir='ltr'>etiam</span> <span class='ocrx_word' id='word_1_668' title='bbox 2608 2863 2768 2914; x_wconf 91' lang='lat' dir='ltr'>metu</span> <span class='ocrx_word' id='word_1_669' title='bbox 2782 2859 2983 2930; x_wconf 91' lang='lat' dir='ltr'>legum</span> <span class='ocrx_word' id='word_1_670' title='bbox 2996 2857 3267 2913; x_wconf 88' lang='lat' dir='ltr'>humana</span> <span class='ocrx_word' id='word_1_671' title='bbox 3279 2862 3590 2913; x_wconf 90' lang='lat' dir='ltr'>coercetur</span> <span class='ocrx_word' id='word_1_672' title='bbox 3608 2855 3914 2916; x_wconf 85' lang='lat' dir='ltr'>audacia,ut</span> 
     </span>
    </p>
   </div>
   <div class='ocr_carea' id='block_1_95' title="bbox 2292 2941 3915 3019">
    <p class='ocr_par' dir='ltr' id='par_1_95' title="bbox 2292 2941 3915 3019">
     <span class='ocr_line' id='line_1_95' title="bbox 2292 2941 3915 3019; baseline -0.006 -15"><span class='ocrx_word' id='word_1_673' title='bbox 2292 2954 2348 3005; x_wconf 89' lang='lat' dir='ltr'>et</span> <span class='ocrx_word' id='word_1_674' title='bbox 2378 2953 2500 3004; x_wconf 89' lang='lat' dir='ltr'>tuta</span> <span class='ocrx_word' id='word_1_675' title='bbox 2516 2949 2589 3003; x_wconf 92' lang='lat' dir='ltr'>sit</span> <span class='ocrx_word' id='word_1_676' title='bbox 2620 2949 2768 3004; x_wconf 88' lang='lat' dir='ltr'>inter</span> <span class='ocrx_word' id='word_1_677' title='bbox 2793 2947 3490 3019; x_wconf 88' lang='lat' dir='ltr'>improbosinnocentia,</span> <span class='ocrx_word' id='word_1_678' title='bbox 3521 2951 3574 3002; x_wconf 93' lang='lat' dir='ltr'>et</span> <span class='ocrx_word' id='word_1_679' title='bbox 3602 2945 3659 3001; x_wconf 92' lang='lat' dir='ltr'>in</span> <span class='ocrx_word' id='word_1_680' title='bbox 3682 2944 3810 3017; x_wconf 88' lang='lat' dir='ltr'>ipsis</span> <span class='ocrx_word' id='word_1_681' title='bbox 3826 2941 3915 2996; x_wconf 83' lang='lat' dir='ltr'>im-</span> 
     </span>
    </p>
   </div>
   <div class='ocr_carea' id='block_1_96' title="bbox 2293 3031 3908 3110">
    <p class='ocr_par' dir='ltr' id='par_1_96' title="bbox 2293 3031 3908 3110">
     <span class='ocr_line' id='line_1_96' title="bbox 2293 3031 3908 3110; baseline -0.006 -17"><span class='ocrx_word' id='word_1_682' title='bbox 2293 3038 2499 3110; x_wconf 89' lang='lat' dir='ltr'>probis</span> <span class='ocrx_word' id='word_1_683' title='bbox 2531 3038 2673 3093; x_wconf 91' lang='lat' dir='ltr'>dum</span> <span class='ocrx_word' id='word_1_684' title='bbox 2696 3037 3017 3094; x_wconf 89' lang='lat' dir='ltr'>formidato</span> <span class='ocrx_word' id='word_1_685' title='bbox 3048 3036 3346 3108; x_wconf 89' lang='lat' dir='ltr'>supplicio</span> <span class='ocrx_word' id='word_1_686' title='bbox 3379 3035 3644 3094; x_wconf 87' lang='lat' dir='ltr'>frenatur</span> <span class='ocrx_word' id='word_1_687' title='bbox 3670 3031 3908 3094; x_wconf 83' lang='lat' dir='ltr'>facultas,</span> 
     </span>
    </p>
   </div>
   <div class='ocr_carea' id='block_1_97' title="bbox 2293 3116 3911 3185">
    <p class='ocr_par' dir='ltr' id='par_1_97' title="bbox 2293 3116 3911 3185">
     <span class='ocr_line' id='line_1_97' title="bbox 2293 3116 3911 3185; baseline -0.007 -3"><span class='ocrx_word' id='word_1_688' title='bbox 2293 3128 2570 3185; x_wconf 88' lang='lat' dir='ltr'>invocato</span> <span class='ocrx_word' id='word_1_689' title='bbox 2589 3131 2705 3184; x_wconf 90' lang='lat' dir='ltr'>Deo</span> <span class='ocrx_word' id='word_1_690' title='bbox 2721 3133 2963 3183; x_wconf 89' lang='lat' dir='ltr'>sanetur</span> <span class='ocrx_word' id='word_1_691' title='bbox 2989 3126 3290 3183; x_wconf 84' lang='lat' dir='ltr'>voluntas.</span> <span class='ocrx_word' id='word_1_692' title='bbox 3313 3125 3430 3182; x_wconf 91' lang='lat' dir='ltr'>Sed</span> <span class='ocrx_word' id='word_1_693' title='bbox 3444 3125 3582 3182; x_wconf 93' lang='lat' dir='ltr'>huic</span> <span class='ocrx_word' id='word_1_694' title='bbox 3594 3116 3911 3180; x_wconf 87' lang='lat' dir='ltr'>ordinationi</span> 
     </span>
    </p>
   </div>
   <div class='ocr_carea' id='block_1_98' title="bbox 2293 3208 3908 3272">
    <p class='ocr_par' dir='ltr' id='par_1_98' title="bbox 2293 3208 3908 3272">
     <span class='ocr_line' id='line_1_98' title="bbox 2293 3208 3908 3272; baseline -0.006 0"><span class='ocrx_word' id='word_1_695' title='bbox 2293 3233 2490 3272; x_wconf 92' lang='lat' dir='ltr'>rerum</span> <span class='ocrx_word' id='word_1_696' title='bbox 2518 3217 2922 3272; x_wconf 89' lang='lat' dir='ltr'>humanarum</span> <span class='ocrx_word' id='word_1_697' title='bbox 2947 3217 3258 3272; x_wconf 75' lang='lat' dir='ltr'>contrariae</span> <span class='ocrx_word' id='word_1_698' title='bbox 3285 3229 3411 3270; x_wconf 90' lang='lat' dir='ltr'>non</span> <span class='ocrx_word' id='word_1_699' title='bbox 3428 3208 3908 3270; x_wconf 87' lang='lat' dir='ltr'>suntintercessio—</span> 
     </span>
    </p>
   </div>
   <div class='ocr_carea' id='block_1_99' title="bbox 2293 3297 3908 3377">
    <p class='ocr_par' dir='ltr' id='par_1_99' title="bbox 2293 3297 3908 3377">
     <span class='ocr_line' id='line_1_99' title="bbox 2293 3297 3908 3377; baseline -0.007 -17"><span class='ocrx_word' id='word_1_700' title='bbox 2293 3321 2399 3361; x_wconf 90' lang='lat' dir='ltr'>nes</span> <span class='ocrx_word' id='word_1_701' title='bbox 2428 3307 2845 3377; x_wconf 89' lang='lat' dir='ltr'>episcoporum</span> <span class='ocrx_word' id='word_1_702' title='bbox 2873 3305 3023 3370; x_wconf 91' lang='lat' dir='ltr'>;imo</span> <span class='ocrx_word' id='word_1_703' title='bbox 3047 3320 3188 3360; x_wconf 90' lang='lat' dir='ltr'>vero</span> <span class='ocrx_word' id='word_1_704' title='bbox 3203 3319 3311 3359; x_wconf 90' lang='lat' dir='ltr'>nec</span> <span class='ocrx_word' id='word_1_705' title='bbox 3323 3319 3534 3369; x_wconf 88' lang='lat' dir='ltr'>causa,</span> <span class='ocrx_word' id='word_1_706' title='bbox 3556 3301 3823 3358; x_wconf 89' lang='lat' dir='ltr'>neclocus</span> <span class='ocrx_word' id='word_1_707' title='bbox 3841 3297 3908 3350; x_wconf 86' lang='lat' dir='ltr'>in-</span> 
     </span>
    </p>
   </div>
   <div class='ocr_carea' id='block_1_100' title="bbox 2293 3385 3906 3460">
    <p class='ocr_par' dir='ltr' id='par_1_100' title="bbox 2293 3385 3906 3460">
     <span class='ocr_line' id='line_1_100' title="bbox 2293 3385 3906 3460; baseline -0.006 -10"><span class='ocrx_word' id='word_1_708' title='bbox 2293 3395 2632 3450; x_wconf 90' lang='lat' dir='ltr'>tercedendi</span> <span class='ocrx_word' id='word_1_709' title='bbox 2649 3395 2801 3450; x_wconf 90' lang='lat' dir='ltr'>ullus</span> <span class='ocrx_word' id='word_1_710' title='bbox 2815 3400 2990 3460; x_wconf 90' lang='lat' dir='ltr'>esset,</span> <span class='ocrx_word' id='word_1_711' title='bbox 3009 3394 3056 3448; x_wconf 90' lang='lat' dir='ltr'>si</span> <span class='ocrx_word' id='word_1_712' title='bbox 3073 3394 3186 3449; x_wconf 89' lang='lat' dir='ltr'>ista</span> <span class='ocrx_word' id='word_1_713' title='bbox 3197 3408 3319 3448; x_wconf 93' lang='lat' dir='ltr'>non</span> <span class='ocrx_word' id='word_1_714' title='bbox 3333 3398 3554 3448; x_wconf 89' lang='lat' dir='ltr'>essent.</span> <span class='ocrx_word' id='word_1_715' title='bbox 3580 3394 3755 3446; x_wconf 90' lang='lat' dir='ltr'>Tanto</span> <span class='ocrx_word' id='word_1_716' title='bbox 3777 3385 3906 3443; x_wconf 89' lang='lat' dir='ltr'>enim</span> 
     </span>
    </p>
   </div>
   <div class='ocr_carea' id='block_1_101' title="bbox 2294 3479 3904 3554">
    <p class='ocr_par' dir='ltr' id='par_1_101' title="bbox 2294 3479 3904 3554">
     <span class='ocr_line' id='line_1_101' title="bbox 2294 3479 3904 3554; baseline -0.005 -17"><span class='ocrx_word' id='word_1_717' title='bbox 2294 3489 2429 3539; x_wconf 92' lang='lat' dir='ltr'>sunt</span> <span class='ocrx_word' id='word_1_718' title='bbox 2461 3483 2954 3539; x_wconf 86' lang='lat' dir='ltr'>intercedentium</span> <span class='ocrx_word' id='word_1_719' title='bbox 2995 3487 3050 3538; x_wconf 91' lang='lat' dir='ltr'>et</span> <span class='ocrx_word' id='word_1_720' title='bbox 3081 3482 3462 3554; x_wconf 91' lang='lat' dir='ltr'>parcentium</span> <span class='ocrx_word' id='word_1_721' title='bbox 3494 3479 3774 3536; x_wconf 85' lang='lat' dir='ltr'>beneﬁcia</span> <span class='ocrx_word' id='word_1_722' title='bbox 3798 3489 3904 3548; x_wconf 86' lang='lat' dir='ltr'>gra-</span> 
     </span>
    </p>
   </div>
   <div class='ocr_carea' id='block_1_102' title="bbox 2293 3561 3904 3645">
    <p class='ocr_par' dir='ltr' id='par_1_102' title="bbox 2293 3561 3904 3645">
     <span class='ocr_line' id='line_1_102' title="bbox 2293 3561 3904 3645; baseline -0.006 -19"><span class='ocrx_word' id='word_1_723' title='bbox 2293 3573 2466 3637; x_wconf 90' lang='lat' dir='ltr'>tiora,</span> <span class='ocrx_word' id='word_1_724' title='bbox 2485 3577 2713 3645; x_wconf 89' lang='lat' dir='ltr'>quanto</span> <span class='ocrx_word' id='word_1_725' title='bbox 2731 3572 3107 3644; x_wconf 90' lang='lat' dir='ltr'>peccantium</span> <span class='ocrx_word' id='word_1_726' title='bbox 3125 3571 3382 3642; x_wconf 91' lang='lat' dir='ltr'>justiora</span> <span class='ocrx_word' id='word_1_727' title='bbox 3401 3569 3708 3644; x_wconf 90' lang='lat' dir='ltr'>supplicia.</span> <span class='ocrx_word' id='word_1_728' title='bbox 3731 3569 3830 3622; x_wconf 83' lang='lat' dir='ltr'>Nec</span> <span class='ocrx_word' id='word_1_729' title='bbox 3843 3561 3904 3618; x_wconf 90' lang='lat' dir='ltr'>ob</span> 
     </span>
    </p>
   </div>
   <div class='ocr_carea' id='block_1_103' title="bbox 2292 3652 3906 3733">
    <p class='ocr_par' dir='ltr' id='par_1_103' title="bbox 2292 3652 3906 3733">
     <span class='ocr_line' id='line_1_103' title="bbox 2292 3652 3906 3733; baseline -0.007 -17"><span class='ocrx_word' id='word_1_730' title='bbox 2292 3661 2476 3728; x_wconf 90' lang='lat' dir='ltr'>aliud,</span> <span class='ocrx_word' id='word_1_731' title='bbox 2509 3666 2807 3733; x_wconf 87' lang='lat' dir='ltr'>quantum</span> <span class='ocrx_word' id='word_1_732' title='bbox 2840 3661 3028 3732; x_wconf 91' lang='lat' dir='ltr'>sapio,</span> <span class='ocrx_word' id='word_1_733' title='bbox 3054 3661 3112 3715; x_wconf 91' lang='lat' dir='ltr'>in</span> <span class='ocrx_word' id='word_1_734' title='bbox 3141 3660 3327 3715; x_wconf 88' lang='lat' dir='ltr'>Veteri</span> <span class='ocrx_word' id='word_1_735' title='bbox 3369 3662 3754 3726; x_wconf 88' lang='lat' dir='ltr'>Testamento,</span> <span class='ocrx_word' id='word_1_736' title='bbox 3784 3652 3906 3708; x_wconf 90' lang='lat' dir='ltr'>anti-</span> 
     </span>
    </p>
   </div>
   <div class='ocr_carea' id='block_1_104' title="bbox 2290 3739 3905 3822">
    <p class='ocr_par' dir='ltr' id='par_1_104' title="bbox 2290 3739 3905 3822">
     <span class='ocr_line' id='line_1_104' title="bbox 2290 3739 3905 3822; baseline -0.005 -18"><span class='ocrx_word' id='word_1_737' title='bbox 2290 3765 2552 3822; x_wconf 90' lang='lat' dir='ltr'>quorum</span> <span class='ocrx_word' id='word_1_738' title='bbox 2580 3750 2953 3822; x_wconf 89' lang='lat' dir='ltr'>temporibus</span> <span class='ocrx_word' id='word_1_739' title='bbox 3001 3750 3441 3821; x_wconf 89' lang='lat' dir='ltr'>Prophetarum</span> <span class='ocrx_word' id='word_1_740' title='bbox 3475 3746 3723 3803; x_wconf 88' lang='lat' dir='ltr'>severior</span> <span class='ocrx_word' id='word_1_741' title='bbox 3772 3739 3905 3809; x_wconf 85' lang='lat' dir='ltr'>Legis</span> 
     </span>
    </p>
   </div>
   <div class='ocr_carea' id='block_1_105' title="bbox 2291 3827 3902 3910">
    <p class='ocr_par' dir='ltr' id='par_1_105' title="bbox 2291 3827 3902 3910">
     <span class='ocr_line' id='line_1_105' title="bbox 2291 3827 3902 3910; baseline -0.005 -16"><span class='ocrx_word' id='word_1_742' title='bbox 2291 3839 2552 3895; x_wconf 91' lang='lat' dir='ltr'>vindicta</span> <span class='ocrx_word' id='word_1_743' title='bbox 2579 3839 2866 3910; x_wconf 89' lang='lat' dir='ltr'>fervebat,</span> <span class='ocrx_word' id='word_1_744' title='bbox 2889 3840 3002 3894; x_wconf 90' lang='lat' dir='ltr'>nisi</span> <span class='ocrx_word' id='word_1_745' title='bbox 3030 3845 3092 3895; x_wconf 87' lang='lat' dir='ltr'>ut</span> <span class='ocrx_word' id='word_1_746' title='bbox 3111 3839 3528 3895; x_wconf 88' lang='lat' dir='ltr'>ostenderetur</span> <span class='ocrx_word' id='word_1_747' title='bbox 3559 3842 3704 3892; x_wconf 91' lang='lat' dir='ltr'>recte</span> <span class='ocrx_word' id='word_1_748' title='bbox 3721 3827 3902 3901; x_wconf 79' lang='lat' dir='ltr'>iniquis</span> 
     </span>
    </p>
   </div>
   <div class='ocr_carea' id='block_1_106' title="bbox 2292 3919 3902 4000">
    <p class='ocr_par' dir='ltr' id='par_1_106' title="bbox 2292 3919 3902 4000">
     <span class='ocr_line' id='line_1_106' title="bbox 2292 3919 3902 4000; baseline -0.008 -16"><span class='ocrx_word' id='word_1_749' title='bbox 2292 3943 2501 4000; x_wconf 75' lang='lat' dir='ltr'>pmnas</span> <span class='ocrx_word' id='word_1_750' title='bbox 2526 3929 2879 3984; x_wconf 90' lang='lat' dir='ltr'>constitutas</span> <span class='ocrx_word' id='word_1_751' title='bbox 2913 3946 2924 3983; x_wconf 89' lang='lat'>:</span> <span class='ocrx_word' id='word_1_752' title='bbox 2961 3932 3022 3984; x_wconf 92' lang='lat' dir='ltr'>ut</span> <span class='ocrx_word' id='word_1_753' title='bbox 3051 3927 3218 4000; x_wconf 87' lang='lat' dir='ltr'>quod</span> <span class='ocrx_word' id='word_1_754' title='bbox 3261 3927 3344 3983; x_wconf 91' lang='lat' dir='ltr'>eis</span> <span class='ocrx_word' id='word_1_755' title='bbox 3371 3941 3615 4000; x_wconf 85' lang='lat' dir='ltr'>parcere</span> <span class='ocrx_word' id='word_1_756' title='bbox 3644 3921 3776 3981; x_wconf 85' lang='lat' dir='ltr'>Novi</span> <span class='ocrx_word' id='word_1_757' title='bbox 3800 3919 3902 3973; x_wconf 83' lang='lat' dir='ltr'>Tes-</span> 
     </span>
    </p>
   </div>
   <div class='ocr_carea' id='block_1_107' title="bbox 2292 4007 3897 4086">
    <p class='ocr_par' dir='ltr' id='par_1_107' title="bbox 2292 4007 3897 4086">
     <span class='ocr_line' id='line_1_107' title="bbox 2292 4007 3897 4086; baseline -0.01 -12"><span class='ocrx_word' id='word_1_758' title='bbox 2292 4018 2540 4074; x_wconf 92' lang='lat' dir='ltr'>tamenti</span> <span class='ocrx_word' id='word_1_759' title='bbox 2565 4017 2938 4086; x_wconf 88' lang='lat' dir='ltr'>indulgentia</span> <span class='ocrx_word' id='word_1_760' title='bbox 2968 4032 3449 4082; x_wconf 90' lang='lat' dir='ltr'>commonemur,</span> <span class='ocrx_word' id='word_1_761' title='bbox 3479 4020 3580 4072; x_wconf 88' lang='lat' dir='ltr'>aut</span> <span class='ocrx_word' id='word_1_762' title='bbox 3611 4007 3897 4068; x_wconf 87' lang='lat' dir='ltr'>remedium</span> 
     </span>
    </p>
   </div>
   <div class='ocr_carea' id='block_1_108' title="bbox 2294 4094 3900 4178">
    <p class='ocr_par' dir='ltr' id='par_1_108' title="bbox 2294 4094 3900 4178">
     <span class='ocr_line' id='line_1_108' title="bbox 2294 4094 3900 4178; baseline -0.008 -16"><span class='ocrx_word' id='word_1_763' title='bbox 2294 4107 2371 4162; x_wconf 91' lang='lat' dir='ltr'>sit</span> <span class='ocrx_word' id='word_1_764' title='bbox 2401 4106 2630 4173; x_wconf 88' lang='lat' dir='ltr'>salutis,</span> <span class='ocrx_word' id='word_1_765' title='bbox 2675 4123 2796 4178; x_wconf 91' lang='lat' dir='ltr'>quo</span> <span class='ocrx_word' id='word_1_766' title='bbox 2831 4107 3092 4178; x_wconf 86' lang='lat' dir='ltr'>peccatis</span> <span class='ocrx_word' id='word_1_767' title='bbox 3119 4111 3403 4177; x_wconf 89' lang='lat' dir='ltr'>parcatur</span> <span class='ocrx_word' id='word_1_768' title='bbox 3443 4110 3499 4161; x_wconf 90' lang='lat' dir='ltr'>et</span> <span class='ocrx_word' id='word_1_769' title='bbox 3547 4102 3747 4159; x_wconf 90' lang='lat' dir='ltr'>nostris</span> <span class='ocrx_word' id='word_1_770' title='bbox 3778 4114 3790 4164; x_wconf 85' lang='lat'><strong>;</strong></span> <span class='ocrx_word' id='word_1_771' title='bbox 3818 4094 3900 4150; x_wconf 77' lang='lat' dir='ltr'>aut</span> 
     </span>
    </p>
   </div>
   <div class='ocr_carea' id='block_1_109' title="bbox 2292 4187 3900 4263">
    <p class='ocr_par' dir='ltr' id='par_1_109' title="bbox 2292 4187 3900 4263">
     <span class='ocr_line' id='line_1_109' title="bbox 2292 4187 3900 4263; baseline -0.007 -11"><span class='ocrx_word' id='word_1_772' title='bbox 2292 4196 2736 4252; x_wconf 88' lang='lat' dir='ltr'>commendatio</span> <span class='ocrx_word' id='word_1_773' title='bbox 2769 4195 3270 4262; x_wconf 88' lang='lat' dir='ltr'>mansuetudinis,</span> <span class='ocrx_word' id='word_1_774' title='bbox 3305 4200 3367 4250; x_wconf 91' lang='lat' dir='ltr'>ut</span> <span class='ocrx_word' id='word_1_775' title='bbox 3409 4210 3513 4263; x_wconf 80' lang='lat' dir='ltr'>per</span> <span class='ocrx_word' id='word_1_776' title='bbox 3550 4208 3649 4248; x_wconf 89' lang='lat' dir='ltr'>eos</span> <span class='ocrx_word' id='word_1_777' title='bbox 3675 4187 3766 4261; x_wconf 90' lang='lat' dir='ltr'>qui</span> <span class='ocrx_word' id='word_1_778' title='bbox 3791 4196 3900 4256; x_wconf 84' lang='lat' dir='ltr'>par-</span> 
     </span>
    </p>
   </div>
   <div class='ocr_carea' id='block_1_110' title="bbox 2292 4284 3896 4356">
    <p class='ocr_par' dir='ltr' id='par_1_110' title="bbox 2292 4284 3896 4356">
     <span class='ocr_line' id='line_1_110' title="bbox 2292 4284 3896 4356; baseline -0.004 -15"><span class='ocrx_word' id='word_1_779' title='bbox 2292 4291 2453 4351; x_wconf 89' lang='lat' dir='ltr'>cunt,</span> <span class='ocrx_word' id='word_1_780' title='bbox 2478 4286 2694 4341; x_wconf 88' lang='lat' dir='ltr'>veritas</span> <span class='ocrx_word' id='word_1_781' title='bbox 2708 4285 3031 4356; x_wconf 83' lang='lat' dir='ltr'>praedicata</span> <span class='ocrx_word' id='word_1_782' title='bbox 3045 4299 3165 4340; x_wconf 92' lang='lat' dir='ltr'>non</span> <span class='ocrx_word' id='word_1_783' title='bbox 3181 4290 3412 4342; x_wconf 89' lang='lat' dir='ltr'>tantum</span> <span class='ocrx_word' id='word_1_784' title='bbox 3427 4284 3712 4342; x_wconf 86' lang='lat' dir='ltr'>timeatur,</span> <span class='ocrx_word' id='word_1_785' title='bbox 3725 4284 3896 4330; x_wconf 81' lang='lat' dir='ltr'>verum</span> 
     </span>
    </p>
   </div>
   <div class='ocr_carea' id='block_1_111' title="bbox 2292 4375 2802 4445">
    <p class='ocr_par' dir='ltr' id='par_1_111' title="bbox 2292 4375 2802 4445">
     <span class='ocr_line' id='line_1_111' title="bbox 2292 4375 2802 4445; baseline -0.004 -15"><span class='ocrx_word' id='word_1_786' title='bbox 2292 4375 2471 4430; x_wconf 89' lang='lat' dir='ltr'>etiam</span> <span class='ocrx_word' id='word_1_787' title='bbox 2503 4375 2802 4445; x_wconf 89' lang='lat' dir='ltr'>diligatur.</span> 
     </span>
    </p>
   </div>
   <div class='ocr_carea' id='block_1_112' title="bbox 2365 4469 3896 4550">
    <p class='ocr_par' dir='ltr' id='par_1_112' title="bbox 2365 4469 3896 4550">
     <span class='ocr_line' id='line_1_112' title="bbox 2365 4469 3896 4550; baseline -0.008 -15"><span class='ocrx_word' id='word_1_788' title='bbox 2365 4483 2450 4536; x_wconf 85' lang='grc'>17.</span> <span class='ocrx_word' id='word_1_789' title='bbox 2480 4481 2804 4536; x_wconf 90' lang='lat' dir='ltr'>Plurimum</span> <span class='ocrx_word' id='word_1_790' title='bbox 2819 4483 3018 4536; x_wconf 90' lang='lat' dir='ltr'>autem</span> <span class='ocrx_word' id='word_1_791' title='bbox 3047 4479 3291 4535; x_wconf 88' lang='lat' dir='ltr'>interest</span> <span class='ocrx_word' id='word_1_792' title='bbox 3311 4494 3436 4550; x_wconf 92' lang='lat' dir='ltr'>quo</span> <span class='ocrx_word' id='word_1_793' title='bbox 3467 4477 3664 4534; x_wconf 90' lang='lat' dir='ltr'>animo</span> <span class='ocrx_word' id='word_1_794' title='bbox 3679 4469 3896 4544; x_wconf 83' lang='lat' dir='ltr'>quisque</span> 
     </span>
    </p>
   </div>
   <div class='ocr_carea' id='block_1_113' title="bbox 2291 4560 3894 4641">
    <p class='ocr_par' dir='ltr' id='par_1_113' title="bbox 2291 4560 3894 4641">
     <span class='ocr_line' id='line_1_113' title="bbox 2291 4560 3894 4641; baseline -0.008 -15"><span class='ocrx_word' id='word_1_795' title='bbox 2291 4577 2515 4641; x_wconf 88' lang='lat' dir='ltr'>parcat.</span> <span class='ocrx_word' id='word_1_796' title='bbox 2553 4571 2711 4626; x_wconf 90' lang='lat' dir='ltr'>Sicut</span> <span class='ocrx_word' id='word_1_797' title='bbox 2731 4569 2891 4624; x_wconf 88' lang='lat' dir='ltr'>enim</span> <span class='ocrx_word' id='word_1_798' title='bbox 2922 4574 3012 4624; x_wconf 89' lang='lat' dir='ltr'>est</span> <span class='ocrx_word' id='word_1_799' title='bbox 3045 4567 3372 4641; x_wconf 91' lang='lat' dir='ltr'>aliquando</span> <span class='ocrx_word' id='word_1_800' title='bbox 3407 4560 3790 4622; x_wconf 86' lang='lat' dir='ltr'>misericordia</span> <span class='ocrx_word' id='word_1_801' title='bbox 3809 4568 3894 4626; x_wconf 84' lang='lat' dir='ltr'>pu-</span> 
     </span>
    </p>
   </div>
   <div class='ocr_carea' id='block_1_114' title="bbox 2291 4647 3894 4729">
    <p class='ocr_par' dir='ltr' id='par_1_114' title="bbox 2291 4647 3894 4729">
     <span class='ocr_line' id='line_1_114' title="bbox 2291 4647 3894 4729; baseline -0.005 -15"><span class='ocrx_word' id='word_1_802' title='bbox 2291 4660 2573 4724; x_wconf 89' lang='lat' dir='ltr'>niens,ita</span> <span class='ocrx_word' id='word_1_803' title='bbox 2592 4657 2976 4714; x_wconf 90' lang='lat' dir='ltr'>etcrudelitas</span> <span class='ocrx_word' id='word_1_804' title='bbox 2991 4673 3254 4729; x_wconf 90' lang='lat' dir='ltr'>parcens.</span> <span class='ocrx_word' id='word_1_805' title='bbox 3273 4661 3440 4726; x_wconf 86' lang='lat' dir='ltr'>Nam,</span> <span class='ocrx_word' id='word_1_806' title='bbox 3460 4661 3520 4710; x_wconf 89' lang='lat' dir='ltr'>ut</span> <span class='ocrx_word' id='word_1_807' title='bbox 3539 4647 3894 4721; x_wconf 74' lang='lat' dir='ltr'>exempligl’a&#39;</span> 
     </span>
    </p>
   </div>
   <div class='ocr_carea' id='block_1_115' title="bbox 2291 4733 3890 4818">
    <p class='ocr_par' dir='ltr' id='par_1_115' title="bbox 2291 4733 3890 4818">
     <span class='ocr_line' id='line_1_115' title="bbox 2291 4733 3890 4818; baseline -0.013 -14"><span class='ocrx_word' id='word_1_808' title='bbox 2291 4750 2369 4804; x_wconf 91' lang='lat' dir='ltr'>tia</span> <span class='ocrx_word' id='word_1_809' title='bbox 2395 4747 2782 4804; x_wconf 88' lang='lat' dir='ltr'>manifestum</span> <span class='ocrx_word' id='word_1_810' title='bbox 2815 4747 3041 4818; x_wconf 91' lang='lat' dir='ltr'>aliquid</span> <span class='ocrx_word' id='word_1_811' title='bbox 3063 4762 3309 4818; x_wconf 89' lang='lat' dir='ltr'>ponam,</span> <span class='ocrx_word' id='word_1_812' title='bbox 3329 4747 3464 4818; x_wconf 89' lang='lat' dir='ltr'>quis</span> <span class='ocrx_word' id='word_1_813' title='bbox 3491 4758 3605 4799; x_wconf 93' lang='lat' dir='ltr'>non</span> <span class='ocrx_word' id='word_1_814' title='bbox 3629 4733 3890 4796; x_wconf 88' lang='lat' dir='ltr'>crudelem</span> 
     </span>
    </p>
   </div>
   <div class='ocr_carea' id='block_1_116' title="bbox 2288 4819 3892 4906">
    <p class='ocr_par' dir='ltr' id='par_1_116' title="bbox 2288 4819 3892 4906">
     <span class='ocr_line' id='line_1_116' title="bbox 2288 4819 3892 4906; baseline -0.01 -15"><span class='ocrx_word' id='word_1_815' title='bbox 2288 4837 2486 4891; x_wconf 88' lang='lat' dir='ltr'>verius</span> <span class='ocrx_word' id='word_1_816' title='bbox 2505 4837 2716 4891; x_wconf 84' lang='lat' dir='ltr'>dixerit</span> <span class='ocrx_word' id='word_1_817' title='bbox 2733 4851 2868 4890; x_wconf 91' lang='lat' dir='ltr'>eum</span> <span class='ocrx_word' id='word_1_818' title='bbox 2893 4837 2995 4906; x_wconf 92' lang='lat' dir='ltr'>qui</span> <span class='ocrx_word' id='word_1_819' title='bbox 3018 4851 3204 4906; x_wconf 92' lang='lat' dir='ltr'>puero</span> <span class='ocrx_word' id='word_1_820' title='bbox 3227 4833 3548 4906; x_wconf 90' lang='lat' dir='ltr'>pepercerit</span> <span class='ocrx_word' id='word_1_821' title='bbox 3572 4819 3892 4884; x_wconf 83' lang='lat' dir='ltr'>volentiobs-</span> 
     </span>
    </p>
   </div>
   <div class='ocr_carea' id='block_1_117' title="bbox 2289 4919 3887 4994">
    <p class='ocr_par' dir='ltr' id='par_1_117' title="bbox 2289 4919 3887 4994">
     <span class='ocr_line' id='line_1_117' title="bbox 2289 4919 3887 4994; baseline -0.01 -13"><span class='ocrx_word' id='word_1_822' title='bbox 2289 4925 2638 4981; x_wconf 88' lang='lat' dir='ltr'>tinatissime</span> <span class='ocrx_word' id='word_1_823' title='bbox 2663 4925 2737 4979; x_wconf 91' lang='lat' dir='ltr'>de</span> <span class='ocrx_word' id='word_1_824' title='bbox 2761 4923 3135 4994; x_wconf 87' lang='lat' dir='ltr'>serpentibus</span> <span class='ocrx_word' id='word_1_825' title='bbox 3158 4923 3359 4978; x_wconf 90' lang='lat' dir='ltr'>ludere</span> <span class='ocrx_word' id='word_1_826' title='bbox 3377 4922 3404 4977; x_wconf 75' lang='lat' dir='ltr'>‘t</span> <span class='ocrx_word' id='word_1_827' title='bbox 3433 4921 3562 4993; x_wconf 91' lang='lat' dir='ltr'>quis</span> <span class='ocrx_word' id='word_1_828' title='bbox 3591 4922 3773 4972; x_wconf 89' lang='lat' dir='ltr'>autem</span> <span class='ocrx_word' id='word_1_829' title='bbox 3789 4919 3887 4964; x_wconf 89' lang='lat' dir='ltr'>non</span> 
     </span>
    </p>
   </div>
   <div class='ocr_carea' id='block_1_118' title="bbox 2290 5007 3886 5084">
    <p class='ocr_par' dir='ltr' id='par_1_118' title="bbox 2290 5007 3886 5084">
     <span class='ocr_line' id='line_1_118' title="bbox 2290 5007 3886 5084; baseline -0.011 -14"><span class='ocrx_word' id='word_1_830' title='bbox 2290 5013 2734 5070; x_wconf 90' lang='lat' dir='ltr'>misericordem</span> <span class='ocrx_word' id='word_1_831' title='bbox 2786 5013 2887 5084; x_wconf 92' lang='lat' dir='ltr'>qui</span> <span class='ocrx_word' id='word_1_832' title='bbox 2923 5011 3060 5067; x_wconf 89' lang='lat' dir='ltr'>talia</span> <span class='ocrx_word' id='word_1_833' title='bbox 3085 5011 3428 5083; x_wconf 88' lang='lat' dir='ltr'>prohibens,</span> <span class='ocrx_word' id='word_1_834' title='bbox 3461 5007 3886 5084; x_wconf 84' lang='lat' dir='ltr'>contemptorem</span> 
     </span>
    </p>
   </div>
   <div class='ocr_carea' id='block_1_119' title="bbox 2290 5083 3884 5160">
    <p class='ocr_par' dir='ltr' id='par_1_119' title="bbox 2290 5083 3884 5160">
     <span class='ocr_line' id='line_1_119' title="bbox 2290 5083 3884 5160; baseline -0.013 -1"><span class='ocrx_word' id='word_1_835' title='bbox 2290 5104 2606 5160; x_wconf 90' lang='lat' dir='ltr'>verborum</span> <span class='ocrx_word' id='word_1_836' title='bbox 2636 5083 2819 5157; x_wconf 85' lang='lat' dir='ltr'>etiam</span> <span class='ocrx_word' id='word_1_837' title='bbox 2852 5100 3198 5157; x_wconf 89' lang='lat' dir='ltr'>verberibus</span> <span class='ocrx_word' id='word_1_838' title='bbox 3229 5097 3626 5156; x_wconf 81' lang='lat' dir='ltr'>emendaverit</span> <span class='ocrx_word' id='word_1_839' title='bbox 3652 5092 3678 5146; x_wconf 64' lang='grc' dir='ltr'>Τ</span> <span class='ocrx_word' id='word_1_840' title='bbox 3703 5094 3750 5143; x_wconf 88' lang='lat' dir='ltr'>et</span> <span class='ocrx_word' id='word_1_841' title='bbox 3773 5083 3884 5140; x_wconf 88' lang='lat' dir='ltr'>ideo</span> 
     </span>
    </p>
   </div>
   <div class='ocr_carea' id='block_1_120' title="bbox 2286 5175 3880 5264">
    <p class='ocr_par' dir='ltr' id='par_1_120' title="bbox 2286 5175 3880 5264">
     <span class='ocr_line' id='line_1_120' title="bbox 2286 5175 3880 5264; baseline -0.009 -16"><span class='ocrx_word' id='word_1_842' title='bbox 2286 5209 2406 5249; x_wconf 91' lang='lat' dir='ltr'>non</span> <span class='ocrx_word' id='word_1_843' title='bbox 2431 5207 2623 5264; x_wconf 90' lang='lat' dir='ltr'>usque</span> <span class='ocrx_word' id='word_1_844' title='bbox 2655 5192 2730 5246; x_wconf 90' lang='lat' dir='ltr'>ad</span> <span class='ocrx_word' id='word_1_845' title='bbox 2755 5196 3006 5246; x_wconf 88' lang='lat' dir='ltr'>mortem</span> <span class='ocrx_word' id='word_1_846' title='bbox 3038 5189 3453 5261; x_wconf 85' lang='lat' dir='ltr'>protendenda</span> <span class='ocrx_word' id='word_1_847' title='bbox 3481 5191 3564 5241; x_wconf 88' lang='lat' dir='ltr'>est</span> <span class='ocrx_word' id='word_1_848' title='bbox 3589 5175 3880 5248; x_wconf 66' lang='lat' dir='ltr'>disciplina,</span> 
     </span>
    </p>
   </div>
   <div class='ocr_carea' id='block_1_121' title="bbox 2288 5271 3881 5352">
    <p class='ocr_par' dir='ltr' id='par_1_121' title="bbox 2288 5271 3881 5352">
     <span class='ocr_line' id='line_1_121' title="bbox 2288 5271 3881 5352; baseline -0.011 -15"><span class='ocrx_word' id='word_1_849' title='bbox 2288 5290 2348 5338; x_wconf 90' lang='lat' dir='ltr'>ut</span> <span class='ocrx_word' id='word_1_850' title='bbox 2384 5283 2456 5336; x_wconf 84' lang='lat' dir='ltr'>sit</span> <span class='ocrx_word' id='word_1_851' title='bbox 2483 5283 2575 5336; x_wconf 90' lang='lat' dir='ltr'>cui</span> <span class='ocrx_word' id='word_1_852' title='bbox 2611 5280 2894 5352; x_wconf 87' lang='lat' dir='ltr'>prodesse</span> <span class='ocrx_word' id='word_1_853' title='bbox 2936 5281 3144 5350; x_wconf 90' lang='lat' dir='ltr'>possit.</span> <span class='ocrx_word' id='word_1_854' title='bbox 3175 5282 3526 5351; x_wconf 89' lang='lat' dir='ltr'>Quanquam</span> <span class='ocrx_word' id='word_1_855' title='bbox 3571 5271 3731 5327; x_wconf 88' lang='lat' dir='ltr'>etiam</span> <span class='ocrx_word' id='word_1_856' title='bbox 3767 5271 3881 5352; x_wconf 49' lang='lat' dir='ltr'><strong>Clin}</strong></span> 
     </span>
    </p>
   </div>
   <div class='ocr_carea' id='block_1_122' title="bbox 2286 5347 3879 5442">
    <p class='ocr_par' dir='ltr' id='par_1_122' title="bbox 2286 5347 3879 5442">
     <span class='ocr_line' id='line_1_122' title="bbox 2286 5347 3879 5442; baseline -0.013 -16"><span class='ocrx_word' id='word_1_857' title='bbox 2286 5372 2468 5426; x_wconf 92' lang='lat' dir='ltr'>homo</span> <span class='ocrx_word' id='word_1_858' title='bbox 2481 5370 2558 5426; x_wconf 88' lang='lat' dir='ltr'>ab</span> <span class='ocrx_word' id='word_1_859' title='bbox 2572 5347 2814 5425; x_wconf 79' lang='lat' dir='ltr'>homine</span> <span class='ocrx_word' id='word_1_860' title='bbox 2828 5347 3138 5433; x_wconf 85' lang='lat' dir='ltr'>occiditur,</span> <span class='ocrx_word' id='word_1_861' title='bbox 3159 5347 3410 5423; x_wconf 83' lang='lat' dir='ltr'>multum</span> <span class='ocrx_word' id='word_1_862' title='bbox 3425 5367 3595 5420; x_wconf 80' lang='lat' dir='ltr'>distet</span> <span class='ocrx_word' id='word_1_863' title='bbox 3609 5363 3782 5414; x_wconf 90' lang='lat' dir='ltr'>utrum</span> <span class='ocrx_word' id='word_1_864' title='bbox 3796 5347 3879 5442; x_wconf 43' lang='lat' dir='ltr'>ﬁet</span> 
     </span>
    </p>
   </div>
   <div class='ocr_carea' id='block_1_123' title="bbox 2285 5435 3873 5528">
    <p class='ocr_par' dir='ltr' id='par_1_123' title="bbox 2285 5435 3873 5528">
     <span class='ocr_line' id='line_1_123' title="bbox 2285 5435 3873 5528; baseline -0.014 -13"><span class='ocrx_word' id='word_1_865' title='bbox 2285 5460 2535 5515; x_wconf 89' lang='lat' dir='ltr'>nocendi</span> <span class='ocrx_word' id='word_1_866' title='bbox 2596 5458 2936 5528; x_wconf 85' lang='lat' dir='ltr'>cupiditate,</span> <span class='ocrx_word' id='word_1_867' title='bbox 2973 5457 3061 5512; x_wconf 90' lang='lat' dir='ltr'>vel</span> <span class='ocrx_word' id='word_1_868' title='bbox 3090 5458 3306 5526; x_wconf 81' lang='lat' dir='ltr'>injuste</span> <span class='ocrx_word' id='word_1_869' title='bbox 3333 5453 3551 5526; x_wconf 89' lang='lat' dir='ltr'>aliquid</span> <span class='ocrx_word' id='word_1_870' title='bbox 3590 5435 3873 5528; x_wconf 48' lang='lat' dir='ltr'>auferendi:</span> 
     </span>
    </p>
   </div>
   <div class='ocr_carea' id='block_1_124' title="bbox 2285 5520 3873 5612">
    <p class='ocr_par' dir='ltr' id='par_1_124' title="bbox 2285 5520 3873 5612">
     <span class='ocr_line' id='line_1_124' title="bbox 2285 5520 3873 5612; baseline -0.014 -10"><span class='ocrx_word' id='word_1_871' title='bbox 2285 5548 2509 5604; x_wconf 87' lang='lat' dir='ltr'>sicutﬁt</span> <span class='ocrx_word' id='word_1_872' title='bbox 2537 5548 2614 5604; x_wconf 90' lang='lat' dir='ltr'>ab</span> <span class='ocrx_word' id='word_1_873' title='bbox 2643 5520 2905 5612; x_wconf 83' lang='lat' dir='ltr'>inimico,</span> <span class='ocrx_word' id='word_1_874' title='bbox 2928 5520 3480 5609; x_wconf 9' lang='lat' dir='ltr'>rsicutal&#39;atrone;a-n</span> <span class='ocrx_word' id='word_1_875' title='bbox 3499 5527 3786 5594; x_wconf 77' lang='lat' dir='ltr'>ulciscendi</span> <span class='ocrx_word' id='word_1_876' title='bbox 3802 5520 3873 5576; x_wconf 80' lang='lat' dir='ltr'>vel</span> 
     </span>
    </p>
   </div>
   <div class='ocr_carea' id='block_1_125' title="bbox 2289 5620 3871 5708">
    <p class='ocr_par' dir='ltr' id='par_1_125' title="bbox 2289 5620 3871 5708">
     <span class='ocr_line' id='line_1_125' title="bbox 2289 5620 3871 5708; baseline -0.006 -14"><span class='ocrx_word' id='word_1_877' title='bbox 2289 5637 2604 5695; x_wconf 87' lang='lat' dir='ltr'>obediendi</span> <span class='ocrx_word' id='word_1_878' title='bbox 2619 5638 3007 5703; x_wconf 88' lang='lat' dir='ltr'>ordine,sicut</span> <span class='ocrx_word' id='word_1_879' title='bbox 3028 5653 3061 5692; x_wconf 90' lang='lat' dir='ltr'>a</span> <span class='ocrx_word' id='word_1_880' title='bbox 3071 5637 3293 5708; x_wconf 89' lang='lat' dir='ltr'>judice,</span> <span class='ocrx_word' id='word_1_881' title='bbox 3310 5637 3455 5690; x_wconf 85' lang='lat' dir='ltr'>sicut</span> <span class='ocrx_word' id='word_1_882' title='bbox 3476 5620 3790 5688; x_wconf 72' lang='lat' dir='ltr'>acarniﬁces</span> <span class='ocrx_word' id='word_1_883' title='bbox 3811 5624 3871 5666; x_wconf 72' lang='grc' dir='ltr'>⁸ο</span> 
     </span>
    </p>
   </div>
  </div>
