  <div class='ocr_page' id='page_1' title='image "/cluster/home/n/w/nwhite01/storage/ocr_20150623/33/hvd.32044096580568/328.png"; bbox 0 0 4098 6166; ppageno 0'>
   <div class='ocr_carea' id='block_1_1' title="bbox 152 196 275 253">
    <p class='ocr_par' dir='ltr' id='par_1_1' title="bbox 152 196 275 253">
     <span class='ocr_line' id='line_1_1' title="bbox 152 196 275 253; baseline 0 0"><span class='ocrx_word' id='word_1_1' title='bbox 152 196 275 253; x_wconf 75' lang='lat'><strong>.661</strong></span> 
     </span>
    </p>
   </div>
   <div class='ocr_carea' id='block_1_2' title="bbox 152 319 1823 387">
    <p class='ocr_par' dir='ltr' id='par_1_2' title="bbox 152 319 1823 387">
     <span class='ocr_line' id='line_1_2' title="bbox 152 319 1823 387; baseline 0.001 -11"><span class='ocrx_word' id='word_1_2' title='bbox 152 321 465 379; x_wconf 82' lang='lat' dir='ltr'><strong>evadendi</strong></span> <span class='ocrx_word' id='word_1_3' title='bbox 492 322 585 378; x_wconf 97' lang='lat' dir='ltr'><strong>vel</strong></span> <span class='ocrx_word' id='word_1_4' title='bbox 614 319 1011 378; x_wconf 82' lang='lat' dir='ltr'><strong>subveniendi</strong></span> <span class='ocrx_word' id='word_1_5' title='bbox 1038 320 1403 387; x_wconf 82' lang='lat' dir='ltr'><strong>necessitate,</strong></span> <span class='ocrx_word' id='word_1_6' title='bbox 1444 319 1598 377; x_wconf 86' lang='lat' dir='ltr'><strong>sicut</strong></span> <span class='ocrx_word' id='word_1_7' title='bbox 1627 320 1823 377; x_wconf 89' lang='lat' dir='ltr'><strong>interi-</strong></span> 
     </span>
    </p>
   </div>
   <div class='ocr_carea' id='block_1_3' title="bbox 151 410 1820 484">
    <p class='ocr_par' dir='ltr' id='par_1_3' title="bbox 151 410 1820 484">
     <span class='ocr_line' id='line_1_3' title="bbox 151 410 1820 484; baseline 0 -17"><span class='ocrx_word' id='word_1_8' title='bbox 151 411 353 467; x_wconf 90' lang='lat' dir='ltr'><strong>mitur</strong></span> <span class='ocrx_word' id='word_1_9' title='bbox 378 412 525 468; x_wconf 81' lang='lat' dir='ltr'><strong>latro</strong></span> <span class='ocrx_word' id='word_1_10' title='bbox 550 427 588 467; x_wconf 92' lang='lat' dir='ltr'><strong>a</strong></span> <span class='ocrx_word' id='word_1_11' title='bbox 625 411 869 476; x_wconf 81' lang='lat' dir='ltr'><strong>vatiore,</strong></span> <span class='ocrx_word' id='word_1_12' title='bbox 900 410 1091 467; x_wconf 88' lang='lat' dir='ltr'><strong>hostis</strong></span> <span class='ocrx_word' id='word_1_13' title='bbox 1126 410 1379 468; x_wconf 90' lang='lat' dir='ltr'><strong>amilite.</strong></span> <span class='ocrx_word' id='word_1_14' title='bbox 1406 413 1469 466; x_wconf 89' lang='lat' dir='ltr'><strong>Et</strong></span> <span class='ocrx_word' id='word_1_15' title='bbox 1498 410 1820 484; x_wconf 86' lang='lat' dir='ltr'><strong>aliquando</strong></span> 
     </span>
    </p>
   </div>
   <div class='ocr_carea' id='block_1_4' title="bbox 147 499 1819 573">
    <p class='ocr_par' dir='ltr' id='par_1_4' title="bbox 147 499 1819 573">
     <span class='ocr_line' id='line_1_4' title="bbox 147 499 1819 573; baseline 0.001 -17"><span class='ocrx_word' id='word_1_16' title='bbox 147 501 263 573; x_wconf 85' lang='lat' dir='ltr'><strong>qui</strong></span> <span class='ocrx_word' id='word_1_17' title='bbox 294 515 482 556; x_wconf 89' lang='lat' dir='ltr'><strong>causa</strong></span> <span class='ocrx_word' id='word_1_18' title='bbox 510 500 712 556; x_wconf 86' lang='lat' dir='ltr'><strong>mortis</strong></span> <span class='ocrx_word' id='word_1_19' title='bbox 729 499 1074 572; x_wconf 82' lang='lat' dir='ltr'><strong>fuit,potius</strong></span> <span class='ocrx_word' id='word_1_20' title='bbox 1103 500 1163 555; x_wconf 94' lang='lat' dir='ltr'><strong>in</strong></span> <span class='ocrx_word' id='word_1_21' title='bbox 1180 500 1359 572; x_wconf 90' lang='lat' dir='ltr'><strong>culpa</strong></span> <span class='ocrx_word' id='word_1_22' title='bbox 1389 504 1493 566; x_wconf 90' lang='lat' dir='ltr'><strong>est,</strong></span> <span class='ocrx_word' id='word_1_23' title='bbox 1523 516 1704 571; x_wconf 72' lang='lat' dir='ltr'><strong>quam</strong></span> <span class='ocrx_word' id='word_1_24' title='bbox 1727 500 1819 558; x_wconf 85' lang='lat' dir='ltr'><strong>ille</strong></span> 
     </span>
    </p>
   </div>
   <div class='ocr_carea' id='block_1_5' title="bbox 143 588 1817 662">
    <p class='ocr_par' dir='ltr' id='par_1_5' title="bbox 143 588 1817 662">
     <span class='ocr_line' id='line_1_5' title="bbox 143 588 1817 662; baseline 0.001 -19"><span class='ocrx_word' id='word_1_25' title='bbox 143 589 256 662; x_wconf 87' lang='lat' dir='ltr'><strong>qui</strong></span> <span class='ocrx_word' id='word_1_26' title='bbox 272 588 527 655; x_wconf 91' lang='lat' dir='ltr'><strong>occidit;</strong></span> <span class='ocrx_word' id='word_1_27' title='bbox 545 588 706 645; x_wconf 92' lang='lat' dir='ltr'><strong>velut</strong></span> <span class='ocrx_word' id='word_1_28' title='bbox 722 588 773 645; x_wconf 92' lang='lat' dir='ltr'><strong>si</strong></span> <span class='ocrx_word' id='word_1_29' title='bbox 788 591 1113 662; x_wconf 85' lang='lat' dir='ltr'><strong>quisquam</strong></span> <span class='ocrx_word' id='word_1_30' title='bbox 1128 589 1535 661; x_wconf 88' lang='lat' dir='ltr'><strong>decipiatﬁdej</strong></span> <span class='ocrx_word' id='word_1_31' title='bbox 1547 605 1817 645; x_wconf 84' lang='lat' dir='ltr'><strong>ussorem</strong></span> 
     </span>
    </p>
   </div>
   <div class='ocr_carea' id='block_1_6' title="bbox 144 677 1815 751">
    <p class='ocr_par' dir='ltr' id='par_1_6' title="bbox 144 677 1815 751">
     <span class='ocr_line' id='line_1_6' title="bbox 144 677 1815 751; baseline 0 -18"><span class='ocrx_word' id='word_1_32' title='bbox 144 694 362 743; x_wconf 82' lang='lat' dir='ltr'><strong>suum,</strong></span> <span class='ocrx_word' id='word_1_33' title='bbox 392 684 572 751; x_wconf 88' lang='lat' dir='ltr'><strong>atque</strong></span> <span class='ocrx_word' id='word_1_34' title='bbox 594 678 689 734; x_wconf 88' lang='lat' dir='ltr'><strong>ille</strong></span> <span class='ocrx_word' id='word_1_35' title='bbox 702 694 805 746; x_wconf 91' lang='lat' dir='ltr'><strong>pro</strong></span> <span class='ocrx_word' id='word_1_36' title='bbox 817 677 931 735; x_wconf 91' lang='lat' dir='ltr'><strong>isto</strong></span> <span class='ocrx_word' id='word_1_37' title='bbox 943 678 1303 751; x_wconf 81' lang='lat' dir='ltr'><strong>supplicium</strong></span> <span class='ocrx_word' id='word_1_38' title='bbox 1318 678 1648 749; x_wconf 89' lang='lat' dir='ltr'><strong>legitimum</strong></span> <span class='ocrx_word' id='word_1_39' title='bbox 1671 678 1815 734; x_wconf 90' lang='lat' dir='ltr'><strong>luat.</strong></span> 
     </span>
    </p>
   </div>
   <div class='ocr_carea' id='block_1_7' title="bbox 140 767 1818 839">
    <p class='ocr_par' dir='ltr' id='par_1_7' title="bbox 140 767 1818 839">
     <span class='ocr_line' id='line_1_7' title="bbox 140 767 1818 839; baseline -0.001 -16"><span class='ocrx_word' id='word_1_40' title='bbox 140 767 276 823; x_wconf 85' lang='lat' dir='ltr'><strong>Nec</strong></span> <span class='ocrx_word' id='word_1_41' title='bbox 308 773 510 824; x_wconf 89' lang='lat' dir='ltr'><strong>tamen</strong></span> <span class='ocrx_word' id='word_1_42' title='bbox 532 768 728 825; x_wconf 91' lang='lat' dir='ltr'><strong>omnis</strong></span> <span class='ocrx_word' id='word_1_43' title='bbox 752 768 855 839; x_wconf 88' lang='lat' dir='ltr'><strong>qui</strong></span> <span class='ocrx_word' id='word_1_44' title='bbox 875 782 1064 824; x_wconf 89' lang='lat' dir='ltr'><strong>causa</strong></span> <span class='ocrx_word' id='word_1_45' title='bbox 1084 767 1292 824; x_wconf 72' lang='lat' dir='ltr'><strong>alienas</strong></span> <span class='ocrx_word' id='word_1_46' title='bbox 1319 768 1525 823; x_wconf 89' lang='lat' dir='ltr'><strong>mortis</strong></span> <span class='ocrx_word' id='word_1_47' title='bbox 1546 772 1654 837; x_wconf 88' lang='lat' dir='ltr'><strong>est,</strong></span> <span class='ocrx_word' id='word_1_48' title='bbox 1681 782 1818 823; x_wconf 91' lang='lat' dir='ltr'><strong>reus</strong></span> 
     </span>
    </p>
   </div>
   <div class='ocr_carea' id='block_1_8' title="bbox 141 856 1815 929">
    <p class='ocr_par' dir='ltr' id='par_1_8' title="bbox 141 856 1815 929">
     <span class='ocr_line' id='line_1_8' title="bbox 141 856 1815 929; baseline 0 -17"><span class='ocrx_word' id='word_1_49' title='bbox 141 862 258 913; x_wconf 87' lang='lat' dir='ltr'><strong>est.</strong></span> <span class='ocrx_word' id='word_1_50' title='bbox 291 856 448 924; x_wconf 86' lang='lat' dir='ltr'><strong>Quid</strong></span> <span class='ocrx_word' id='word_1_51' title='bbox 462 857 508 913; x_wconf 89' lang='lat' dir='ltr'><strong>si</strong></span> <span class='ocrx_word' id='word_1_52' title='bbox 523 856 687 913; x_wconf 91' lang='lat' dir='ltr'><strong>enim</strong></span> <span class='ocrx_word' id='word_1_53' title='bbox 703 856 1027 929; x_wconf 80' lang='lat' dir='ltr'><strong>quisquam</strong></span> <span class='ocrx_word' id='word_1_54' title='bbox 1050 862 1328 929; x_wconf 82' lang='lat' dir='ltr'><strong>stuprum</strong></span> <span class='ocrx_word' id='word_1_55' title='bbox 1344 859 1524 929; x_wconf 84' lang='lat' dir='ltr'><strong>petat,</strong></span> <span class='ocrx_word' id='word_1_56' title='bbox 1542 871 1815 929; x_wconf 84' lang='lat' dir='ltr'><strong>seseque,</strong></span> 
     </span>
    </p>
   </div>
   <div class='ocr_carea' id='block_1_9' title="bbox 144 944 1816 1018">
    <p class='ocr_par' dir='ltr' id='par_1_9' title="bbox 144 944 1816 1018">
     <span class='ocr_line' id='line_1_9' title="bbox 144 944 1816 1018; baseline -0.001 -17"><span class='ocrx_word' id='word_1_57' title='bbox 144 946 199 1001; x_wconf 91' lang='lat' dir='ltr'><strong>si</strong></span> <span class='ocrx_word' id='word_1_58' title='bbox 230 961 363 1002; x_wconf 89' lang='lat' dir='ltr'><strong>non</strong></span> <span class='ocrx_word' id='word_1_59' title='bbox 377 946 803 1018; x_wconf 79' lang='lat' dir='ltr'><strong>impetraverit,</strong></span> <span class='ocrx_word' id='word_1_60' title='bbox 820 945 1129 1002; x_wconf 83' lang='lat' dir='ltr'><strong>interimat</strong></span> <span class='ocrx_word' id='word_1_61' title='bbox 1150 944 1337 1018; x_wconf 68' lang='lat' dir='ltr'><strong>iquid</strong></span> <span class='ocrx_word' id='word_1_62' title='bbox 1352 947 1400 1001; x_wconf 89' lang='lat' dir='ltr'><strong>si</strong></span> <span class='ocrx_word' id='word_1_63' title='bbox 1420 945 1581 1001; x_wconf 87' lang='lat' dir='ltr'><strong>ﬁlius</strong></span> <span class='ocrx_word' id='word_1_64' title='bbox 1598 945 1816 1002; x_wconf 90' lang='lat' dir='ltr'><strong>timens</strong></span> 
     </span>
    </p>
   </div>
   <div class='ocr_carea' id='block_1_10' title="bbox 142 1034 1817 1108">
    <p class='ocr_par' dir='ltr' id='par_1_10' title="bbox 142 1034 1817 1108">
     <span class='ocr_line' id='line_1_10' title="bbox 142 1034 1817 1108; baseline -0.001 -17"><span class='ocrx_word' id='word_1_65' title='bbox 142 1035 344 1107; x_wconf 85' lang='lat' dir='ltr'><strong>patris</strong></span> <span class='ocrx_word' id='word_1_66' title='bbox 370 1035 472 1107; x_wconf 88' lang='lat' dir='ltr'><strong>pia</strong></span> <span class='ocrx_word' id='word_1_67' title='bbox 498 1036 766 1105; x_wconf 88' lang='lat' dir='ltr'><strong>verbera,</strong></span> <span class='ocrx_word' id='word_1_68' title='bbox 797 1034 1127 1108; x_wconf 69' lang='lat' dir='ltr'><strong>prmoipitio</strong></span> <span class='ocrx_word' id='word_1_69' title='bbox 1147 1035 1398 1107; x_wconf 84' lang='lat' dir='ltr'><strong>pereat?</strong></span> <span class='ocrx_word' id='word_1_70' title='bbox 1429 1034 1572 1108; x_wconf 91' lang='lat' dir='ltr'><strong>quid</strong></span> <span class='ocrx_word' id='word_1_71' title='bbox 1592 1034 1640 1091; x_wconf 91' lang='lat' dir='ltr'><strong>si</strong></span> <span class='ocrx_word' id='word_1_72' title='bbox 1663 1035 1817 1091; x_wconf 90' lang='lat' dir='ltr'><strong>alius</strong></span> 
     </span>
    </p>
   </div>
   <div class='ocr_carea' id='block_1_11' title="bbox 142 1123 1818 1197">
    <p class='ocr_par' dir='ltr' id='par_1_11' title="bbox 142 1123 1818 1197">
     <span class='ocr_line' id='line_1_11' title="bbox 142 1123 1818 1197; baseline -0.001 -17"><span class='ocrx_word' id='word_1_73' title='bbox 142 1123 406 1181; x_wconf 84' lang='lat' dir='ltr'><strong>homine</strong></span> <span class='ocrx_word' id='word_1_74' title='bbox 425 1124 697 1191; x_wconf 88' lang='lat' dir='ltr'><strong>liberato,</strong></span> <span class='ocrx_word' id='word_1_75' title='bbox 716 1126 805 1180; x_wconf 89' lang='lat' dir='ltr'><strong>vel</strong></span> <span class='ocrx_word' id='word_1_76' title='bbox 824 1140 899 1180; x_wconf 93' lang='lat' dir='ltr'><strong>ne</strong></span> <span class='ocrx_word' id='word_1_77' title='bbox 914 1124 1066 1181; x_wconf 91' lang='lat' dir='ltr'><strong>alius</strong></span> <span class='ocrx_word' id='word_1_78' title='bbox 1079 1123 1378 1190; x_wconf 89' lang='lat' dir='ltr'><strong>liberetur,</strong></span> <span class='ocrx_word' id='word_1_79' title='bbox 1395 1123 1511 1180; x_wconf 90' lang='lat' dir='ltr'><strong>sibi</strong></span> <span class='ocrx_word' id='word_1_80' title='bbox 1521 1124 1648 1197; x_wconf 87' lang='lat' dir='ltr'><strong>ipse</strong></span> <span class='ocrx_word' id='word_1_81' title='bbox 1659 1138 1818 1179; x_wconf 89' lang='lat' dir='ltr'><strong>mor-</strong></span> 
     </span>
    </p>
   </div>
   <div class='ocr_carea' id='block_1_12' title="bbox 143 1210 1815 1285">
    <p class='ocr_par' dir='ltr' id='par_1_12' title="bbox 143 1210 1815 1285">
     <span class='ocr_line' id='line_1_12' title="bbox 143 1210 1815 1285; baseline -0.001 -17"><span class='ocrx_word' id='word_1_82' title='bbox 143 1212 513 1269; x_wconf 82' lang='lat' dir='ltr'><strong>teminierat</strong></span> <span class='ocrx_word' id='word_1_83' title='bbox 540 1210 566 1266; x_wconf 85' lang='lat'><strong>?</strong></span> <span class='ocrx_word' id='word_1_84' title='bbox 594 1215 746 1269; x_wconf 87' lang='lat' dir='ltr'><strong>Num</strong></span> <span class='ocrx_word' id='word_1_85' title='bbox 761 1212 1508 1285; x_wconf 86' lang='lat' dir='ltr'><strong>propteristasalienarum</strong></span> <span class='ocrx_word' id='word_1_86' title='bbox 1534 1212 1815 1268; x_wconf 91' lang='lat' dir='ltr'><strong>mortium</strong></span> 
     </span>
    </p>
   </div>
   <div class='ocr_carea' id='block_1_13' title="bbox 134 1300 1818 1368">
    <p class='ocr_par' dir='ltr' id='par_1_13' title="bbox 134 1300 1818 1368">
     <span class='ocr_line' id='line_1_13' title="bbox 134 1300 1818 1368; baseline 0.001 -11"><span class='ocrx_word' id='word_1_87' title='bbox 134 1302 519 1368; x_wconf 70' lang='lat' dir='ltr'><strong>hausas,aut</strong></span> <span class='ocrx_word' id='word_1_88' title='bbox 549 1301 752 1358; x_wconf 85' lang='lat' dir='ltr'><strong>sceleri</strong></span> <span class='ocrx_word' id='word_1_89' title='bbox 781 1301 1284 1359; x_wconf 88' lang='lat' dir='ltr'><strong>consentiendum</strong></span> <span class='ocrx_word' id='word_1_90' title='bbox 1299 1307 1406 1366; x_wconf 90' lang='lat' dir='ltr'><strong>est,</strong></span> <span class='ocrx_word' id='word_1_91' title='bbox 1440 1300 1818 1358; x_wconf 88' lang='lat' dir='ltr'><strong>autvindicta</strong></span> 
     </span>
    </p>
   </div>
   <div class='ocr_carea' id='block_1_14' title="bbox 143 1388 1812 1462">
    <p class='ocr_par' dir='ltr' id='par_1_14' title="bbox 143 1388 1812 1462">
     <span class='ocr_line' id='line_1_14' title="bbox 143 1388 1812 1462; baseline -0.001 -15"><span class='ocrx_word' id='word_1_92' title='bbox 143 1392 405 1461; x_wconf 82' lang='lat' dir='ltr'><strong>peccati,</strong></span> <span class='ocrx_word' id='word_1_93' title='bbox 438 1405 574 1462; x_wconf 69' lang='lat' dir='ltr'><strong>qum</strong></span> <span class='ocrx_word' id='word_1_94' title='bbox 588 1406 710 1447; x_wconf 91' lang='lat' dir='ltr'><strong>non</strong></span> <span class='ocrx_word' id='word_1_95' title='bbox 730 1390 798 1446; x_wconf 88' lang='lat' dir='ltr'><strong>ﬁt</strong></span> <span class='ocrx_word' id='word_1_96' title='bbox 820 1390 1098 1458; x_wconf 89' lang='lat' dir='ltr'><strong>nocendi,</strong></span> <span class='ocrx_word' id='word_1_97' title='bbox 1119 1390 1220 1446; x_wconf 90' lang='lat' dir='ltr'><strong>sed</strong></span> <span class='ocrx_word' id='word_1_98' title='bbox 1241 1389 1569 1462; x_wconf 80' lang='lat' dir='ltr'><strong>corrigendi</strong></span> <span class='ocrx_word' id='word_1_99' title='bbox 1595 1388 1812 1455; x_wconf 87' lang='lat' dir='ltr'><strong>studio,</strong></span> 
     </span>
    </p>
   </div>
   <div class='ocr_carea' id='block_1_15' title="bbox 137 1478 1814 1552">
    <p class='ocr_par' dir='ltr' id='par_1_15' title="bbox 137 1478 1814 1552">
     <span class='ocr_line' id='line_1_15' title="bbox 137 1478 1814 1552; baseline -0.001 -17"><span class='ocrx_word' id='word_1_100' title='bbox 137 1478 339 1535; x_wconf 81' lang='lat' dir='ltr'><strong>etiam</strong></span> <span class='ocrx_word' id='word_1_101' title='bbox 400 1485 650 1551; x_wconf 87' lang='lat' dir='ltr'><strong>paterna</strong></span> <span class='ocrx_word' id='word_1_102' title='bbox 698 1479 982 1550; x_wconf 91' lang='lat' dir='ltr'><strong>tollenda,</strong></span> <span class='ocrx_word' id='word_1_103' title='bbox 1034 1484 1137 1537; x_wconf 90' lang='lat' dir='ltr'><strong>aut</strong></span> <span class='ocrx_word' id='word_1_104' title='bbox 1166 1495 1349 1552; x_wconf 88' lang='lat' dir='ltr'><strong>opera</strong></span> <span class='ocrx_word' id='word_1_105' title='bbox 1387 1478 1814 1535; x_wconf 67' lang='lat' dir='ltr'><strong>misericordias</strong></span> 
     </span>
    </p>
   </div>
   <div class='ocr_carea' id='block_1_16' title="bbox 141 1568 1813 1639">
    <p class='ocr_par' dir='ltr' id='par_1_16' title="bbox 141 1568 1813 1639">
     <span class='ocr_line' id='line_1_16' title="bbox 141 1568 1813 1639; baseline -0.001 -14"><span class='ocrx_word' id='word_1_106' title='bbox 141 1568 500 1626; x_wconf 89' lang='lat' dir='ltr'><strong>cohibenda</strong></span> <span class='ocrx_word' id='word_1_107' title='bbox 520 1570 705 1626; x_wconf 88' lang='lat' dir='ltr'><strong>sunt?</strong></span> <span class='ocrx_word' id='word_1_108' title='bbox 731 1572 864 1626; x_wconf 68' lang='lat' dir='ltr'><strong>Hinc</strong></span> <span class='ocrx_word' id='word_1_109' title='bbox 895 1585 1033 1625; x_wconf 90' lang='lat' dir='ltr'><strong>cum</strong></span> <span class='ocrx_word' id='word_1_110' title='bbox 1064 1569 1367 1639; x_wconf 88' lang='lat' dir='ltr'><strong>accidunt,</strong></span> <span class='ocrx_word' id='word_1_111' title='bbox 1399 1568 1695 1625; x_wconf 89' lang='lat' dir='ltr'><strong>debemus</strong></span> <span class='ocrx_word' id='word_1_112' title='bbox 1724 1568 1813 1624; x_wconf 87' lang='lat' dir='ltr'><strong>eis</strong></span> 
     </span>
    </p>
   </div>
   <div class='ocr_carea' id='block_1_17' title="bbox 145 1656 1811 1731">
    <p class='ocr_par' dir='ltr' id='par_1_17' title="bbox 145 1656 1811 1731">
     <span class='ocr_line' id='line_1_17' title="bbox 145 1656 1811 1731; baseline -0.001 -17"><span class='ocrx_word' id='word_1_113' title='bbox 145 1656 496 1714; x_wconf 91' lang='lat' dir='ltr'><strong>humanum</strong></span> <span class='ocrx_word' id='word_1_114' title='bbox 526 1658 827 1726; x_wconf 89' lang='lat' dir='ltr'><strong>dolorem;</strong></span> <span class='ocrx_word' id='word_1_115' title='bbox 858 1673 980 1715; x_wconf 92' lang='lat' dir='ltr'><strong>non</strong></span> <span class='ocrx_word' id='word_1_116' title='bbox 1012 1664 1251 1731; x_wconf 89' lang='lat' dir='ltr'><strong>propter</strong></span> <span class='ocrx_word' id='word_1_117' title='bbox 1276 1658 1395 1723; x_wconf 90' lang='lat' dir='ltr'><strong>illa,</strong></span> <span class='ocrx_word' id='word_1_118' title='bbox 1415 1673 1490 1715; x_wconf 89' lang='lat' dir='ltr'><strong>ne</strong></span> <span class='ocrx_word' id='word_1_119' title='bbox 1515 1656 1811 1723; x_wconf 89' lang='lat' dir='ltr'><strong>accidant,</strong></span> 
     </span>
    </p>
   </div>
   <div class='ocr_carea' id='block_1_18' title="bbox 144 1746 1490 1821">
    <p class='ocr_par' dir='ltr' id='par_1_18' title="bbox 144 1746 1490 1821">
     <span class='ocr_line' id='line_1_18' title="bbox 144 1746 1490 1821; baseline -0.001 -18"><span class='ocrx_word' id='word_1_120' title='bbox 144 1753 313 1804; x_wconf 88' lang='lat' dir='ltr'><strong>recte</strong></span> <span class='ocrx_word' id='word_1_121' title='bbox 347 1746 643 1804; x_wconf 86' lang='lat' dir='ltr'><strong>factorum</strong></span> <span class='ocrx_word' id='word_1_122' title='bbox 682 1746 1069 1821; x_wconf 89' lang='lat' dir='ltr'><strong>reprimimus</strong></span> <span class='ocrx_word' id='word_1_123' title='bbox 1103 1748 1490 1804; x_wconf 86' lang='lat' dir='ltr'><strong>voluntatem.</strong></span> 
     </span>
    </p>
   </div>
   <div class='ocr_carea' id='block_1_19' title="bbox 226 1854 1812 1926">
    <p class='ocr_par' dir='ltr' id='par_1_19' title="bbox 226 1854 1812 1926">
     <span class='ocr_line' id='line_1_19' title="bbox 226 1854 1812 1926; baseline 0 -17"><span class='ocrx_word' id='word_1_124' title='bbox 226 1857 318 1909; x_wconf 80' lang='grc'><strong>18.</strong></span> <span class='ocrx_word' id='word_1_125' title='bbox 370 1854 463 1911; x_wconf 85' lang='lat' dir='ltr'><strong>Sic</strong></span> <span class='ocrx_word' id='word_1_126' title='bbox 487 1854 665 1911; x_wconf 91' lang='lat' dir='ltr'><strong>etiam</strong></span> <span class='ocrx_word' id='word_1_127' title='bbox 696 1870 834 1911; x_wconf 92' lang='lat' dir='ltr'><strong>cum</strong></span> <span class='ocrx_word' id='word_1_128' title='bbox 892 1854 1311 1910; x_wconf 89' lang='lat' dir='ltr'><strong>intercedimus</strong></span> <span class='ocrx_word' id='word_1_129' title='bbox 1336 1869 1445 1926; x_wconf 88' lang='lat' dir='ltr'><strong>pro</strong></span> <span class='ocrx_word' id='word_1_130' title='bbox 1499 1858 1812 1926; x_wconf 88' lang='lat' dir='ltr'><strong>peccatore</strong></span> 
     </span>
    </p>
   </div>
   <div class='ocr_carea' id='block_1_20' title="bbox 143 1942 1813 2016">
    <p class='ocr_par' dir='ltr' id='par_1_20' title="bbox 143 1942 1813 2016">
     <span class='ocr_line' id='line_1_20' title="bbox 143 1942 1813 2016; baseline 0.001 -19"><span class='ocrx_word' id='word_1_131' title='bbox 143 1942 880 2016; x_wconf 87' lang='lat' dir='ltr'><strong>damnando,sequuntur</strong></span> <span class='ocrx_word' id='word_1_132' title='bbox 891 1942 1219 2016; x_wconf 89' lang='lat' dir='ltr'><strong>aliquando</strong></span> <span class='ocrx_word' id='word_1_133' title='bbox 1231 1958 1368 2015; x_wconf 72' lang='lat' dir='ltr'><strong>qum</strong></span> <span class='ocrx_word' id='word_1_134' title='bbox 1381 1942 1813 2008; x_wconf 90' lang='lat' dir='ltr'><strong>nolumus;sive</strong></span> 
     </span>
    </p>
   </div>
   <div class='ocr_carea' id='block_1_21' title="bbox 141 2030 1815 2103">
    <p class='ocr_par' dir='ltr' id='par_1_21' title="bbox 141 2030 1815 2103">
     <span class='ocr_line' id='line_1_21' title="bbox 141 2030 1815 2103; baseline 0 -17"><span class='ocrx_word' id='word_1_135' title='bbox 141 2030 206 2086; x_wconf 90' lang='lat' dir='ltr'><strong>in</strong></span> <span class='ocrx_word' id='word_1_136' title='bbox 238 2031 388 2103; x_wconf 80' lang='lat' dir='ltr'><strong>ipso</strong></span> <span class='ocrx_word' id='word_1_137' title='bbox 412 2032 513 2102; x_wconf 89' lang='lat' dir='ltr'><strong>qui</strong></span> <span class='ocrx_word' id='word_1_138' title='bbox 532 2037 735 2089; x_wconf 89' lang='lat' dir='ltr'><strong>nostra</strong></span> <span class='ocrx_word' id='word_1_139' title='bbox 750 2031 1171 2089; x_wconf 85' lang='lat' dir='ltr'><strong>intercessione</strong></span> <span class='ocrx_word' id='word_1_140' title='bbox 1191 2031 1496 2099; x_wconf 89' lang='lat' dir='ltr'><strong>liberatur,</strong></span> <span class='ocrx_word' id='word_1_141' title='bbox 1515 2036 1579 2087; x_wconf 90' lang='lat' dir='ltr'><strong>ut</strong></span> <span class='ocrx_word' id='word_1_142' title='bbox 1603 2031 1693 2087; x_wconf 90' lang='lat' dir='ltr'><strong>vel</strong></span> <span class='ocrx_word' id='word_1_143' title='bbox 1706 2032 1815 2087; x_wconf 91' lang='lat' dir='ltr'><strong>im-</strong></span> 
     </span>
    </p>
   </div>
   <div class='ocr_carea' id='block_1_22' title="bbox 146 2119 1812 2193">
    <p class='ocr_par' dir='ltr' id='par_1_22' title="bbox 146 2119 1812 2193">
     <span class='ocr_line' id='line_1_22' title="bbox 146 2119 1812 2193; baseline -0.002 -16"><span class='ocrx_word' id='word_1_144' title='bbox 146 2120 401 2177; x_wconf 91' lang='lat' dir='ltr'><strong>manius</strong></span> <span class='ocrx_word' id='word_1_145' title='bbox 414 2121 711 2193; x_wconf 90' lang='lat' dir='ltr'><strong>impunita</strong></span> <span class='ocrx_word' id='word_1_146' title='bbox 727 2125 1028 2192; x_wconf 80' lang='lat' dir='ltr'><strong>grassetur</strong></span> <span class='ocrx_word' id='word_1_147' title='bbox 1044 2120 1564 2186; x_wconf 87' lang='lat' dir='ltr'><strong>audacia,subdita</strong></span> <span class='ocrx_word' id='word_1_148' title='bbox 1586 2119 1812 2192; x_wconf 92' lang='lat' dir='ltr'><strong>cupidi-</strong></span> 
     </span>
    </p>
   </div>
   <div class='ocr_carea' id='block_1_23' title="bbox 147 2207 1811 2283">
    <p class='ocr_par' dir='ltr' id='par_1_23' title="bbox 147 2207 1811 2283">
     <span class='ocr_line' id='line_1_23' title="bbox 147 2207 1811 2283; baseline -0.002 -17"><span class='ocrx_word' id='word_1_149' title='bbox 147 2209 277 2276; x_wconf 88' lang='lat' dir='ltr'><strong>tati,</strong></span> <span class='ocrx_word' id='word_1_150' title='bbox 310 2210 549 2279; x_wconf 88' lang='lat' dir='ltr'><strong>ingrata</strong></span> <span class='ocrx_word' id='word_1_151' title='bbox 563 2210 807 2277; x_wconf 89' lang='lat' dir='ltr'><strong>lenitati,</strong></span> <span class='ocrx_word' id='word_1_152' title='bbox 839 2212 1021 2283; x_wconf 91' lang='lat' dir='ltr'><strong>atque</strong></span> <span class='ocrx_word' id='word_1_153' title='bbox 1045 2226 1201 2266; x_wconf 91' lang='lat' dir='ltr'><strong>unus</strong></span> <span class='ocrx_word' id='word_1_154' title='bbox 1223 2211 1395 2266; x_wconf 91' lang='lat' dir='ltr'><strong>morti</strong></span> <span class='ocrx_word' id='word_1_155' title='bbox 1426 2216 1662 2281; x_wconf 90' lang='lat' dir='ltr'><strong>ereptus</strong></span> <span class='ocrx_word' id='word_1_156' title='bbox 1685 2207 1811 2279; x_wconf 91' lang='lat' dir='ltr'><strong>plu-</strong></span> 
     </span>
    </p>
   </div>
   <div class='ocr_carea' id='block_1_24' title="bbox 140 2296 1808 2371">
    <p class='ocr_par' dir='ltr' id='par_1_24' title="bbox 140 2296 1808 2371">
     <span class='ocr_line' id='line_1_24' title="bbox 140 2296 1808 2371; baseline -0.002 -17"><span class='ocrx_word' id='word_1_157' title='bbox 140 2298 344 2355; x_wconf 89' lang='lat' dir='ltr'><strong>rimos</strong></span> <span class='ocrx_word' id='word_1_158' title='bbox 376 2304 581 2365; x_wconf 89' lang='lat' dir='ltr'><strong>necet;</strong></span> <span class='ocrx_word' id='word_1_159' title='bbox 624 2298 712 2355; x_wconf 87' lang='lat' dir='ltr'><strong>vel</strong></span> <span class='ocrx_word' id='word_1_160' title='bbox 742 2298 873 2371; x_wconf 92' lang='lat' dir='ltr'><strong>ipso</strong></span> <span class='ocrx_word' id='word_1_161' title='bbox 912 2314 1018 2371; x_wconf 89' lang='lat' dir='ltr'><strong>per</strong></span> <span class='ocrx_word' id='word_1_162' title='bbox 1047 2297 1409 2355; x_wconf 89' lang='lat' dir='ltr'><strong>beneﬁcium</strong></span> <span class='ocrx_word' id='word_1_163' title='bbox 1440 2301 1713 2354; x_wconf 88' lang='lat' dir='ltr'><strong>nostrum</strong></span> <span class='ocrx_word' id='word_1_164' title='bbox 1747 2296 1808 2352; x_wconf 91' lang='lat' dir='ltr'><strong>in</strong></span> 
     </span>
    </p>
   </div>
   <div class='ocr_carea' id='block_1_25' title="bbox 141 2384 1808 2461">
    <p class='ocr_par' dir='ltr' id='par_1_25' title="bbox 141 2384 1808 2461">
     <span class='ocr_line' id='line_1_25' title="bbox 141 2384 1808 2461; baseline -0.001 -19"><span class='ocrx_word' id='word_1_165' title='bbox 141 2387 368 2443; x_wconf 88' lang='lat' dir='ltr'><strong>melius</strong></span> <span class='ocrx_word' id='word_1_166' title='bbox 381 2392 769 2454; x_wconf 89' lang='lat' dir='ltr'><strong>commutato,</strong></span> <span class='ocrx_word' id='word_1_167' title='bbox 786 2387 1174 2461; x_wconf 91' lang='lat' dir='ltr'><strong>moribusque</strong></span> <span class='ocrx_word' id='word_1_168' title='bbox 1186 2390 1473 2453; x_wconf 88' lang='lat' dir='ltr'><strong>correcto,</strong></span> <span class='ocrx_word' id='word_1_169' title='bbox 1490 2387 1640 2443; x_wconf 86' lang='lat' dir='ltr'><strong>alius</strong></span> <span class='ocrx_word' id='word_1_170' title='bbox 1655 2384 1808 2441; x_wconf 89' lang='lat' dir='ltr'><strong>male</strong></span> 
     </span>
    </p>
   </div>
   <div class='ocr_carea' id='block_1_26' title="bbox 140 2473 1806 2549">
    <p class='ocr_par' dir='ltr' id='par_1_26' title="bbox 140 2473 1806 2549">
     <span class='ocr_line' id='line_1_26' title="bbox 140 2473 1806 2549; baseline 0.001 -21"><span class='ocrx_word' id='word_1_171' title='bbox 140 2475 411 2532; x_wconf 88' lang='lat' dir='ltr'><strong>vivendo</strong></span> <span class='ocrx_word' id='word_1_172' title='bbox 428 2481 647 2548; x_wconf 87' lang='lat' dir='ltr'><strong>pereat,</strong></span> <span class='ocrx_word' id='word_1_173' title='bbox 675 2477 910 2549; x_wconf 89' lang='lat' dir='ltr'><strong>sibique</strong></span> <span class='ocrx_word' id='word_1_174' title='bbox 938 2477 1120 2548; x_wconf 88' lang='lat' dir='ltr'><strong>hujus</strong></span> <span class='ocrx_word' id='word_1_175' title='bbox 1151 2477 1507 2548; x_wconf 88' lang='lat' dir='ltr'><strong>impunitate</strong></span> <span class='ocrx_word' id='word_1_176' title='bbox 1532 2473 1806 2548; x_wconf 87' lang='lat' dir='ltr'><strong>proposi-</strong></span> 
     </span>
    </p>
   </div>
   <div class='ocr_carea' id='block_1_27' title="bbox 140 2563 1799 2637">
    <p class='ocr_par' dir='ltr' id='par_1_27' title="bbox 140 2563 1799 2637">
     <span class='ocr_line' id='line_1_27' title="bbox 140 2563 1799 2637; baseline -0.001 -17"><span class='ocrx_word' id='word_1_177' title='bbox 140 2568 222 2631; x_wconf 87' lang='lat' dir='ltr'><strong>ta,</strong></span> <span class='ocrx_word' id='word_1_178' title='bbox 246 2563 402 2621; x_wconf 87' lang='lat' dir='ltr'><strong>talia</strong></span> <span class='ocrx_word' id='word_1_179' title='bbox 431 2565 522 2621; x_wconf 89' lang='lat' dir='ltr'><strong>vel</strong></span> <span class='ocrx_word' id='word_1_180' title='bbox 549 2566 827 2635; x_wconf 81' lang='lat' dir='ltr'><strong>graviora</strong></span> <span class='ocrx_word' id='word_1_181' title='bbox 841 2566 1417 2633; x_wconf 89' lang='lat' dir='ltr'><strong>committat.Non,ut</strong></span> <span class='ocrx_word' id='word_1_182' title='bbox 1433 2564 1799 2637; x_wconf 73' lang='lat' dir='ltr'><strong>opinor,haec</strong></span> 
     </span>
    </p>
   </div>
   <div class='ocr_carea' id='block_1_28' title="bbox 140 2652 1802 2725">
    <p class='ocr_par' dir='ltr' id='par_1_28' title="bbox 140 2652 1802 2725">
     <span class='ocr_line' id='line_1_28' title="bbox 140 2652 1802 2725; baseline -0.001 -17"><span class='ocrx_word' id='word_1_183' title='bbox 140 2652 312 2709; x_wconf 88' lang='lat' dir='ltr'><strong>mala</strong></span> <span class='ocrx_word' id='word_1_184' title='bbox 365 2653 724 2725; x_wconf 88' lang='lat' dir='ltr'><strong>imputanda</strong></span> <span class='ocrx_word' id='word_1_185' title='bbox 774 2660 912 2710; x_wconf 90' lang='lat' dir='ltr'><strong>sunt</strong></span> <span class='ocrx_word' id='word_1_186' title='bbox 942 2654 1137 2725; x_wconf 89' lang='lat' dir='ltr'><strong>nobis,</strong></span> <span class='ocrx_word' id='word_1_187' title='bbox 1187 2671 1325 2711; x_wconf 92' lang='lat' dir='ltr'><strong>cum</strong></span> <span class='ocrx_word' id='word_1_188' title='bbox 1373 2653 1802 2711; x_wconf 88' lang='lat' dir='ltr'><strong>intercedimus</strong></span> 
     </span>
    </p>
   </div>
   <div class='ocr_carea' id='block_1_29' title="bbox 136 2741 1799 2816">
    <p class='ocr_par' dir='ltr' id='par_1_29' title="bbox 136 2741 1799 2816">
     <span class='ocr_line' id='line_1_29' title="bbox 136 2741 1799 2816; baseline 0.001 -22"><span class='ocrx_word' id='word_1_189' title='bbox 136 2741 355 2798; x_wconf 87' lang='lat' dir='ltr'><strong>vobis:</strong></span> <span class='ocrx_word' id='word_1_190' title='bbox 385 2743 490 2798; x_wconf 91' lang='lat' dir='ltr'><strong>sed</strong></span> <span class='ocrx_word' id='word_1_191' title='bbox 519 2744 717 2816; x_wconf 88' lang='lat' dir='ltr'><strong>potius</strong></span> <span class='ocrx_word' id='word_1_192' title='bbox 750 2743 849 2799; x_wconf 92' lang='lat' dir='ltr'><strong>illa</strong></span> <span class='ocrx_word' id='word_1_193' title='bbox 874 2743 1038 2800; x_wconf 92' lang='lat' dir='ltr'><strong>bona</strong></span> <span class='ocrx_word' id='word_1_194' title='bbox 1069 2759 1229 2816; x_wconf 68' lang='lat' dir='ltr'><strong>qum,</strong></span> <span class='ocrx_word' id='word_1_195' title='bbox 1260 2760 1398 2800; x_wconf 89' lang='lat' dir='ltr'><strong>cum</strong></span> <span class='ocrx_word' id='word_1_196' title='bbox 1428 2743 1488 2799; x_wconf 93' lang='lat' dir='ltr'><strong>id</strong></span> <span class='ocrx_word' id='word_1_197' title='bbox 1519 2743 1799 2811; x_wconf 86' lang='lat' dir='ltr'><strong>facimus,</strong></span> 
     </span>
    </p>
   </div>
   <div class='ocr_carea' id='block_1_30' title="bbox 134 2830 1803 2897">
    <p class='ocr_par' dir='ltr' id='par_1_30' title="bbox 134 2830 1803 2897">
     <span class='ocr_line' id='line_1_30' title="bbox 134 2830 1803 2897; baseline 0.001 -12"><span class='ocrx_word' id='word_1_198' title='bbox 134 2830 451 2887; x_wconf 88' lang='lat' dir='ltr'><strong>intuemur</strong></span> <span class='ocrx_word' id='word_1_199' title='bbox 487 2837 546 2887; x_wconf 86' lang='lat' dir='ltr'><strong>et</strong></span> <span class='ocrx_word' id='word_1_200' title='bbox 574 2833 891 2897; x_wconf 88' lang='lat' dir='ltr'><strong>volumus;</strong></span> <span class='ocrx_word' id='word_1_201' title='bbox 925 2832 985 2888; x_wconf 92' lang='lat' dir='ltr'><strong>id</strong></span> <span class='ocrx_word' id='word_1_202' title='bbox 1017 2838 1104 2889; x_wconf 90' lang='lat' dir='ltr'><strong>est</strong></span> <span class='ocrx_word' id='word_1_203' title='bbox 1157 2833 1601 2889; x_wconf 89' lang='lat' dir='ltr'><strong>commendatio</strong></span> <span class='ocrx_word' id='word_1_204' title='bbox 1631 2847 1803 2887; x_wconf 88' lang='lat' dir='ltr'><strong>man-</strong></span> 
     </span>
    </p>
   </div>
   <div class='ocr_carea' id='block_1_31' title="bbox 136 2920 1803 2978">
    <p class='ocr_par' dir='ltr' id='par_1_31' title="bbox 136 2920 1803 2978">
     <span class='ocr_line' id='line_1_31' title="bbox 136 2920 1803 2978; baseline 0.002 -5"><span class='ocrx_word' id='word_1_205' title='bbox 136 2920 478 2976; x_wconf 84' lang='lat' dir='ltr'><strong>suetudinis</strong></span> <span class='ocrx_word' id='word_1_206' title='bbox 490 2921 566 2977; x_wconf 91' lang='lat' dir='ltr'><strong>ad</strong></span> <span class='ocrx_word' id='word_1_207' title='bbox 582 2921 1025 2978; x_wconf 87' lang='lat' dir='ltr'><strong>conciliandam</strong></span> <span class='ocrx_word' id='word_1_208' title='bbox 1049 2922 1421 2978; x_wconf 89' lang='lat' dir='ltr'><strong>dilectionem</strong></span> <span class='ocrx_word' id='word_1_209' title='bbox 1452 2922 1631 2977; x_wconf 90' lang='lat' dir='ltr'><strong>verbo</strong></span> <span class='ocrx_word' id='word_1_210' title='bbox 1657 2923 1803 2976; x_wconf 91' lang='lat' dir='ltr'><strong>veri-</strong></span> 
     </span>
    </p>
   </div>
   <div class='ocr_carea' id='block_1_32' title="bbox 138 3009 1802 3084">
    <p class='ocr_par' dir='ltr' id='par_1_32' title="bbox 138 3009 1802 3084">
     <span class='ocr_line' id='line_1_32' title="bbox 138 3009 1802 3084; baseline 0.001 -21"><span class='ocrx_word' id='word_1_211' title='bbox 138 3009 365 3074; x_wconf 85' lang='lat' dir='ltr'><strong>tatis,et</strong></span> <span class='ocrx_word' id='word_1_212' title='bbox 378 3014 441 3064; x_wconf 92' lang='lat' dir='ltr'><strong>ut</strong></span> <span class='ocrx_word' id='word_1_213' title='bbox 453 3011 552 3083; x_wconf 90' lang='lat' dir='ltr'><strong>qui</strong></span> <span class='ocrx_word' id='word_1_214' title='bbox 566 3010 892 3067; x_wconf 86' lang='lat' dir='ltr'><strong>liberantur</strong></span> <span class='ocrx_word' id='word_1_215' title='bbox 904 3027 940 3068; x_wconf 92' lang='lat' dir='ltr'><strong>a</strong></span> <span class='ocrx_word' id='word_1_216' title='bbox 955 3011 1262 3084; x_wconf 87' lang='lat' dir='ltr'><strong>temporali</strong></span> <span class='ocrx_word' id='word_1_217' title='bbox 1280 3012 1579 3077; x_wconf 90' lang='lat' dir='ltr'><strong>morte,sic</strong></span> <span class='ocrx_word' id='word_1_218' title='bbox 1597 3011 1802 3066; x_wconf 87' lang='lat' dir='ltr'><strong>vivant</strong></span> 
     </span>
    </p>
   </div>
   <div class='ocr_carea' id='block_1_33' title="bbox 139 3098 1798 3174">
    <p class='ocr_par' dir='ltr' id='par_1_33' title="bbox 139 3098 1798 3174">
     <span class='ocr_line' id='line_1_33' title="bbox 139 3098 1798 3174; baseline 0.001 -22"><span class='ocrx_word' id='word_1_219' title='bbox 139 3112 210 3152; x_wconf 91' lang='lat' dir='ltr'><strong>ne</strong></span> <span class='ocrx_word' id='word_1_220' title='bbox 223 3098 292 3153; x_wconf 91' lang='lat' dir='ltr'><strong>in</strong></span> <span class='ocrx_word' id='word_1_221' title='bbox 307 3100 781 3166; x_wconf 72' lang='lat' dir='ltr'><strong>asternam,unde</strong></span> <span class='ocrx_word' id='word_1_222' title='bbox 796 3115 1105 3174; x_wconf 89' lang='lat' dir='ltr'><strong>nunquam</strong></span> <span class='ocrx_word' id='word_1_223' title='bbox 1119 3100 1798 3166; x_wconf 87' lang='lat' dir='ltr'><strong>liberentur,incurrant.</strong></span> 
     </span>
    </p>
   </div>
   <div class='ocr_carea' id='block_1_34' title="bbox 216 3204 1801 3278">
    <p class='ocr_par' dir='ltr' id='par_1_34' title="bbox 216 3204 1801 3278">
     <span class='ocr_line' id='line_1_34' title="bbox 216 3204 1801 3278; baseline 0.001 -20"><span class='ocrx_word' id='word_1_224' title='bbox 216 3207 308 3259; x_wconf 75' lang='grc'><strong>19.</strong></span> <span class='ocrx_word' id='word_1_225' title='bbox 332 3204 576 3262; x_wconf 88' lang='lat' dir='ltr'><strong>Prodest</strong></span> <span class='ocrx_word' id='word_1_226' title='bbox 607 3220 750 3276; x_wconf 89' lang='lat' dir='ltr'><strong>ergo</strong></span> <span class='ocrx_word' id='word_1_227' title='bbox 781 3212 835 3263; x_wconf 91' lang='lat' dir='ltr'><strong>et</strong></span> <span class='ocrx_word' id='word_1_228' title='bbox 868 3207 1147 3264; x_wconf 87' lang='lat' dir='ltr'><strong>severitas</strong></span> <span class='ocrx_word' id='word_1_229' title='bbox 1170 3212 1387 3273; x_wconf 88' lang='lat' dir='ltr'><strong>vestra,</strong></span> <span class='ocrx_word' id='word_1_230' title='bbox 1422 3206 1594 3278; x_wconf 91' lang='lat' dir='ltr'><strong>cujus</strong></span> <span class='ocrx_word' id='word_1_231' title='bbox 1628 3206 1801 3262; x_wconf 83' lang='lat' dir='ltr'><strong>mini-</strong></span> 
     </span>
    </p>
   </div>
   <div class='ocr_carea' id='block_1_35' title="bbox 137 3292 1797 3368">
    <p class='ocr_par' dir='ltr' id='par_1_35' title="bbox 137 3292 1797 3368">
     <span class='ocr_line' id='line_1_35' title="bbox 137 3292 1797 3368; baseline 0.002 -22"><span class='ocrx_word' id='word_1_232' title='bbox 137 3292 323 3350; x_wconf 90' lang='lat' dir='ltr'><strong>sterio</strong></span> <span class='ocrx_word' id='word_1_233' title='bbox 344 3293 518 3367; x_wconf 88' lang='lat' dir='ltr'><strong>quies</strong></span> <span class='ocrx_word' id='word_1_234' title='bbox 546 3295 866 3366; x_wconf 80' lang='lat' dir='ltr'><strong>adjuvetur</strong></span> <span class='ocrx_word' id='word_1_235' title='bbox 896 3301 952 3351; x_wconf 88' lang='lat' dir='ltr'><strong>et</strong></span> <span class='ocrx_word' id='word_1_236' title='bbox 982 3301 1217 3363; x_wconf 89' lang='lat' dir='ltr'><strong>nostra;</strong></span> <span class='ocrx_word' id='word_1_237' title='bbox 1253 3295 1496 3368; x_wconf 89' lang='lat' dir='ltr'><strong>prodest</strong></span> <span class='ocrx_word' id='word_1_238' title='bbox 1533 3300 1589 3350; x_wconf 93' lang='lat' dir='ltr'><strong>et</strong></span> <span class='ocrx_word' id='word_1_239' title='bbox 1616 3295 1797 3351; x_wconf 88' lang='lat' dir='ltr'><strong>inter-</strong></span> 
     </span>
    </p>
   </div>
   <div class='ocr_carea' id='block_1_36' title="bbox 137 3381 1799 3457">
    <p class='ocr_par' dir='ltr' id='par_1_36' title="bbox 137 3381 1799 3457">
     <span class='ocr_line' id='line_1_36' title="bbox 137 3381 1799 3457; baseline 0.002 -21"><span class='ocrx_word' id='word_1_240' title='bbox 137 3381 337 3438; x_wconf 87' lang='lat' dir='ltr'><strong>cessio</strong></span> <span class='ocrx_word' id='word_1_241' title='bbox 348 3388 575 3452; x_wconf 89' lang='lat' dir='ltr'><strong>nostra,</strong></span> <span class='ocrx_word' id='word_1_242' title='bbox 595 3385 766 3457; x_wconf 88' lang='lat' dir='ltr'><strong>cujus</strong></span> <span class='ocrx_word' id='word_1_243' title='bbox 785 3385 1110 3441; x_wconf 90' lang='lat' dir='ltr'><strong>ministerio</strong></span> <span class='ocrx_word' id='word_1_244' title='bbox 1125 3384 1410 3441; x_wconf 90' lang='lat' dir='ltr'><strong>severitas</strong></span> <span class='ocrx_word' id='word_1_245' title='bbox 1434 3388 1799 3456; x_wconf 88' lang='lat' dir='ltr'><strong>temperatur</strong></span> 
     </span>
    </p>
   </div>
   <div class='ocr_carea' id='block_1_37' title="bbox 138 3472 1798 3547">
    <p class='ocr_par' dir='ltr' id='par_1_37' title="bbox 138 3472 1798 3547">
     <span class='ocr_line' id='line_1_37' title="bbox 138 3472 1798 3547; baseline 0.002 -21"><span class='ocrx_word' id='word_1_246' title='bbox 138 3476 190 3526; x_wconf 90' lang='lat' dir='ltr'><strong>et</strong></span> <span class='ocrx_word' id='word_1_247' title='bbox 219 3476 444 3528; x_wconf 90' lang='lat' dir='ltr'><strong>vestra.</strong></span> <span class='ocrx_word' id='word_1_248' title='bbox 503 3474 631 3528; x_wconf 89' lang='lat' dir='ltr'><strong>Non</strong></span> <span class='ocrx_word' id='word_1_249' title='bbox 682 3473 854 3529; x_wconf 89' lang='lat' dir='ltr'><strong>vobis</strong></span> <span class='ocrx_word' id='word_1_250' title='bbox 883 3474 1195 3546; x_wconf 88' lang='lat' dir='ltr'><strong>displiceat</strong></span> <span class='ocrx_word' id='word_1_251' title='bbox 1223 3474 1384 3547; x_wconf 90' lang='lat' dir='ltr'><strong>quod</strong></span> <span class='ocrx_word' id='word_1_252' title='bbox 1434 3472 1731 3543; x_wconf 81' lang='lat' dir='ltr'><strong>rogamini</strong></span> <span class='ocrx_word' id='word_1_253' title='bbox 1762 3488 1798 3530; x_wconf 89' lang='lat' dir='ltr'><strong>a</strong></span> 
     </span>
    </p>
   </div>
   <div class='ocr_carea' id='block_1_38' title="bbox 137 3559 1797 3636">
    <p class='ocr_par' dir='ltr' id='par_1_38' title="bbox 137 3559 1797 3636">
     <span class='ocr_line' id='line_1_38' title="bbox 137 3559 1797 3636; baseline 0.001 -20"><span class='ocrx_word' id='word_1_254' title='bbox 137 3559 322 3617; x_wconf 89' lang='lat' dir='ltr'><strong>bonis</strong></span> <span class='ocrx_word' id='word_1_255' title='bbox 349 3576 364 3627; x_wconf 91' lang='lat'>;</span> <span class='ocrx_word' id='word_1_256' title='bbox 410 3560 553 3633; x_wconf 87' lang='lat' dir='ltr'><strong>quia</strong></span> <span class='ocrx_word' id='word_1_257' title='bbox 602 3576 712 3617; x_wconf 91' lang='lat' dir='ltr'><strong>nec</strong></span> <span class='ocrx_word' id='word_1_258' title='bbox 744 3562 922 3618; x_wconf 91' lang='lat' dir='ltr'><strong>bonis</strong></span> <span class='ocrx_word' id='word_1_259' title='bbox 954 3562 1223 3636; x_wconf 90' lang='lat' dir='ltr'><strong>displicet</strong></span> <span class='ocrx_word' id='word_1_260' title='bbox 1250 3562 1417 3635; x_wconf 93' lang='lat' dir='ltr'><strong>quod</strong></span> <span class='ocrx_word' id='word_1_261' title='bbox 1449 3561 1739 3618; x_wconf 88' lang='lat' dir='ltr'><strong>timemini</strong></span> <span class='ocrx_word' id='word_1_262' title='bbox 1761 3577 1797 3618; x_wconf 91' lang='lat' dir='ltr'><strong>a</strong></span> 
     </span>
    </p>
   </div>
   <div class='ocr_carea' id='block_1_39' title="bbox 138 3648 1795 3724">
    <p class='ocr_par' dir='ltr' id='par_1_39' title="bbox 138 3648 1795 3724">
     <span class='ocr_line' id='line_1_39' title="bbox 138 3648 1795 3724; baseline 0 -19"><span class='ocrx_word' id='word_1_263' title='bbox 138 3648 339 3705; x_wconf 89' lang='lat' dir='ltr'><strong>malis.</strong></span> <span class='ocrx_word' id='word_1_264' title='bbox 361 3650 507 3706; x_wconf 83' lang='lat' dir='ltr'><strong>Nam</strong></span> <span class='ocrx_word' id='word_1_265' title='bbox 532 3649 848 3707; x_wconf 89' lang='lat' dir='ltr'><strong>hominum</strong></span> <span class='ocrx_word' id='word_1_266' title='bbox 872 3650 1251 3724; x_wconf 89' lang='lat' dir='ltr'><strong>iniquitatem</strong></span> <span class='ocrx_word' id='word_1_267' title='bbox 1273 3651 1451 3708; x_wconf 87' lang='lat' dir='ltr'><strong>etiam</strong></span> <span class='ocrx_word' id='word_1_268' title='bbox 1481 3652 1795 3722; x_wconf 89' lang='lat' dir='ltr'><strong>apostolus</strong></span> 
     </span>
    </p>
   </div>
   <div class='ocr_carea' id='block_1_40' title="bbox 139 3739 1795 3812">
    <p class='ocr_par' dir='ltr' id='par_1_40' title="bbox 139 3739 1795 3812">
     <span class='ocr_line' id='line_1_40' title="bbox 139 3739 1795 3812; baseline 0.002 -18"><span class='ocrx_word' id='word_1_269' title='bbox 139 3739 368 3795; x_wconf 88' lang='lat' dir='ltr'><strong>Paulus</strong></span> <span class='ocrx_word' id='word_1_270' title='bbox 398 3755 514 3796; x_wconf 91' lang='lat' dir='ltr'><strong>non</strong></span> <span class='ocrx_word' id='word_1_271' title='bbox 547 3745 780 3796; x_wconf 88' lang='lat' dir='ltr'><strong>tantum</strong></span> <span class='ocrx_word' id='word_1_272' title='bbox 799 3741 1119 3812; x_wconf 89' lang='lat' dir='ltr'><strong>dejudicio</strong></span> <span class='ocrx_word' id='word_1_273' title='bbox 1138 3741 1360 3808; x_wconf 89' lang='lat' dir='ltr'><strong>futuro,</strong></span> <span class='ocrx_word' id='word_1_274' title='bbox 1387 3758 1593 3797; x_wconf 89' lang='lat' dir='ltr'><strong>verum</strong></span> <span class='ocrx_word' id='word_1_275' title='bbox 1616 3740 1795 3797; x_wconf 88' lang='lat' dir='ltr'><strong>etiam</strong></span> 
     </span>
    </p>
   </div>
   <div class='ocr_carea' id='block_1_41' title="bbox 139 3829 1796 3899">
    <p class='ocr_par' dir='ltr' id='par_1_41' title="bbox 139 3829 1796 3899">
     <span class='ocr_line' id='line_1_41' title="bbox 139 3829 1796 3899; baseline -0.001 -14"><span class='ocrx_word' id='word_1_276' title='bbox 139 3829 212 3885; x_wconf 90' lang='lat' dir='ltr'><strong>de</strong></span> <span class='ocrx_word' id='word_1_277' title='bbox 242 3829 640 3899; x_wconf 55' lang='lat' dir='ltr'><strong>praesentibus</strong></span> <span class='ocrx_word' id='word_1_278' title='bbox 668 3830 875 3886; x_wconf 89' lang='lat' dir='ltr'><strong>vestris</strong></span> <span class='ocrx_word' id='word_1_279' title='bbox 896 3830 1241 3886; x_wconf 74' lang='lat' dir='ltr'><strong>securibus1</strong></span> <span class='ocrx_word' id='word_1_280' title='bbox 1270 3830 1494 3894; x_wconf 90' lang='lat' dir='ltr'><strong>terruit,</strong></span> <span class='ocrx_word' id='word_1_281' title='bbox 1519 3845 1796 3885; x_wconf 88' lang='lat' dir='ltr'><strong>asserens</strong></span> 
     </span>
    </p>
   </div>
   <div class='ocr_carea' id='block_1_42' title="bbox 138 3917 1795 3991">
    <p class='ocr_par' dir='ltr' id='par_1_42' title="bbox 138 3917 1795 3991">
     <span class='ocr_line' id='line_1_42' title="bbox 138 3917 1795 3991; baseline 0 -18"><span class='ocrx_word' id='word_1_282' title='bbox 138 3918 463 3990; x_wconf 85' lang='lat' dir='ltr'><strong>etipsasad</strong></span> <span class='ocrx_word' id='word_1_283' title='bbox 486 3917 997 3990; x_wconf 88' lang='lat' dir='ltr'><strong>dispensationem</strong></span> <span class='ocrx_word' id='word_1_284' title='bbox 1013 3918 1227 3975; x_wconf 59' lang='lat' dir='ltr'><strong>divina</strong></span> <span class='ocrx_word' id='word_1_285' title='bbox 1253 3919 1642 3991; x_wconf 71' lang='lat' dir='ltr'><strong>providentia:</strong></span> <span class='ocrx_word' id='word_1_286' title='bbox 1660 3934 1795 3989; x_wconf 90' lang='lat' dir='ltr'><strong>per-</strong></span> 
     </span>
    </p>
   </div>
   <div class='ocr_carea' id='block_1_43' title="bbox 138 4005 1796 4080">
    <p class='ocr_par' dir='ltr' id='par_1_43' title="bbox 138 4005 1796 4080">
     <span class='ocr_line' id='line_1_43' title="bbox 138 4005 1796 4080; baseline 0.001 -20"><span class='ocrx_word' id='word_1_287' title='bbox 138 4007 347 4061; x_wconf 88' lang='lat' dir='ltr'><strong>tinere.</strong></span> <span class='ocrx_word' id='word_1_288' title='bbox 374 4007 579 4069; x_wconf 91' lang='lat' dir='ltr'><strong>Omnis,</strong></span> <span class='ocrx_word' id='word_1_289' title='bbox 596 4006 808 4080; x_wconf 88' lang='lat' dir='ltr'><strong>inquit,</strong></span> <span class='ocrx_word' id='word_1_290' title='bbox 824 4007 1011 4063; x_wconf 86' lang='lat' dir='ltr'><strong>anima</strong></span> <span class='ocrx_word' id='word_1_291' title='bbox 1030 4005 1796 4078; x_wconf 83' lang='lat' dir='ltr'><strong>potestatibussublimioribus</strong></span> 
     </span>
    </p>
   </div>
   <div class='ocr_carea' id='block_1_44' title="bbox 138 4095 1796 4169">
    <p class='ocr_par' dir='ltr' id='par_1_44' title="bbox 138 4095 1796 4169">
     <span class='ocr_line' id='line_1_44' title="bbox 138 4095 1796 4169; baseline 0.001 -19"><span class='ocrx_word' id='word_1_292' title='bbox 138 4095 446 4151; x_wconf 86' lang='lat' dir='ltr'><strong>subditasit</strong></span> <span class='ocrx_word' id='word_1_293' title='bbox 466 4113 487 4150; x_wconf 83' lang='lat'><strong><em>:</em></strong></span> <span class='ocrx_word' id='word_1_294' title='bbox 510 4112 616 4151; x_wconf 89' lang='lat' dir='ltr'><strong>non</strong></span> <span class='ocrx_word' id='word_1_295' title='bbox 645 4104 719 4151; x_wconf 88' lang='lat' dir='ltr'><strong>est</strong></span> <span class='ocrx_word' id='word_1_296' title='bbox 748 4097 891 4152; x_wconf 88' lang='lat' dir='ltr'><strong>enim</strong></span> <span class='ocrx_word' id='word_1_297' title='bbox 919 4097 1303 4168; x_wconf 85' lang='lat' dir='ltr'><strong>potestas,nisi</strong></span> <span class='ocrx_word' id='word_1_298' title='bbox 1327 4114 1360 4151; x_wconf 91' lang='lat' dir='ltr'><strong>a</strong></span> <span class='ocrx_word' id='word_1_299' title='bbox 1391 4097 1527 4163; x_wconf 90' lang='lat' dir='ltr'><strong>Deo;</strong></span> <span class='ocrx_word' id='word_1_300' title='bbox 1564 4114 1680 4169; x_wconf 55' lang='lat' dir='ltr'><strong>qua</strong></span> <span class='ocrx_word' id='word_1_301' title='bbox 1698 4112 1796 4151; x_wconf 92' lang='lat' dir='ltr'><strong>au-</strong></span> 
     </span>
    </p>
   </div>
   <div class='ocr_carea' id='block_1_45' title="bbox 140 4185 1796 4258">
    <p class='ocr_par' dir='ltr' id='par_1_45' title="bbox 140 4185 1796 4258">
     <span class='ocr_line' id='line_1_45' title="bbox 140 4185 1796 4258; baseline 0.002 -21"><span class='ocrx_word' id='word_1_302' title='bbox 140 4192 243 4240; x_wconf 88' lang='lat' dir='ltr'><strong>tem</strong></span> <span class='ocrx_word' id='word_1_303' title='bbox 258 4192 412 4255; x_wconf 85' lang='lat' dir='ltr'><strong>sunt,</strong></span> <span class='ocrx_word' id='word_1_304' title='bbox 444 4202 478 4239; x_wconf 89' lang='lat' dir='ltr'><strong>a</strong></span> <span class='ocrx_word' id='word_1_305' title='bbox 505 4186 613 4240; x_wconf 89' lang='lat' dir='ltr'><strong>Deo</strong></span> <span class='ocrx_word' id='word_1_306' title='bbox 636 4185 905 4241; x_wconf 70' lang='lat' dir='ltr'><strong>ordinata:</strong></span> <span class='ocrx_word' id='word_1_307' title='bbox 926 4194 1076 4244; x_wconf 83' lang='lat' dir='ltr'><strong>sunt.</strong></span> <span class='ocrx_word' id='word_1_308' title='bbox 1110 4186 1448 4258; x_wconf 75' lang='lat' dir='ltr'><strong>Quapropter</strong></span> <span class='ocrx_word' id='word_1_309' title='bbox 1476 4188 1573 4258; x_wconf 88' lang='lat' dir='ltr'><strong>qui</strong></span> <span class='ocrx_word' id='word_1_310' title='bbox 1586 4185 1796 4242; x_wconf 85' lang='lat' dir='ltr'><strong>resistit</strong></span> 
     </span>
    </p>
   </div>
   <div class='ocr_carea' id='block_1_46' title="bbox 138 4272 1792 4347">
    <p class='ocr_par' dir='ltr' id='par_1_46' title="bbox 138 4272 1792 4347">
     <span class='ocr_line' id='line_1_46' title="bbox 138 4272 1792 4347; baseline 0.002 -20"><span class='ocrx_word' id='word_1_311' title='bbox 138 4274 417 4343; x_wconf 77' lang='lat' dir='ltr'><strong>potestati,</strong></span> <span class='ocrx_word' id='word_1_312' title='bbox 438 4272 542 4329; x_wconf 95' lang='lat' dir='ltr'><strong>Dei</strong></span> <span class='ocrx_word' id='word_1_313' title='bbox 564 4273 903 4330; x_wconf 85' lang='lat' dir='ltr'><strong>ordinationi</strong></span> <span class='ocrx_word' id='word_1_314' title='bbox 928 4277 1134 4331; x_wconf 73' lang='lat' dir='ltr'><strong>resistit</strong></span> <span class='ocrx_word' id='word_1_315' title='bbox 1160 4299 1178 4347; x_wconf 85' lang='lat'><strong>,-</strong></span> <span class='ocrx_word' id='word_1_316' title='bbox 1202 4277 1299 4347; x_wconf 85' lang='lat' dir='ltr'><strong>qui</strong></span> <span class='ocrx_word' id='word_1_317' title='bbox 1312 4284 1487 4333; x_wconf 85' lang='lat' dir='ltr'><strong>autem</strong></span> <span class='ocrx_word' id='word_1_318' title='bbox 1512 4277 1792 4342; x_wconf 85' lang='lat' dir='ltr'><strong>resistunt,</strong></span> 
     </span>
    </p>
   </div>
   <div class='ocr_carea' id='block_1_47' title="bbox 138 4362 1797 4437">
    <p class='ocr_par' dir='ltr' id='par_1_47' title="bbox 138 4362 1797 4437">
     <span class='ocr_line' id='line_1_47' title="bbox 138 4362 1797 4437; baseline 0.002 -22"><span class='ocrx_word' id='word_1_319' title='bbox 138 4362 246 4433; x_wconf 88' lang='lat' dir='ltr'><strong>ipsi</strong></span> <span class='ocrx_word' id='word_1_320' title='bbox 272 4362 382 4417; x_wconf 91' lang='lat' dir='ltr'><strong>sibi</strong></span> <span class='ocrx_word' id='word_1_321' title='bbox 403 4363 677 4434; x_wconf 83' lang='lat' dir='ltr'><strong>judicium</strong></span> <span class='ocrx_word' id='word_1_322' title='bbox 707 4365 999 4435; x_wconf 84' lang='lat' dir='ltr'><strong>acquirunt</strong></span> <span class='ocrx_word' id='word_1_323' title='bbox 1026 4385 1045 4422; x_wconf 92' lang='lat'><strong><em>:</em></strong></span> <span class='ocrx_word' id='word_1_324' title='bbox 1070 4365 1351 4437; x_wconf 85' lang='lat' dir='ltr'><strong>principes</strong></span> <span class='ocrx_word' id='word_1_325' title='bbox 1379 4367 1520 4421; x_wconf 88' lang='lat' dir='ltr'><strong>enim</strong></span> <span class='ocrx_word' id='word_1_326' title='bbox 1543 4383 1646 4420; x_wconf 88' lang='lat' dir='ltr'><strong>non</strong></span> <span class='ocrx_word' id='word_1_327' title='bbox 1668 4370 1797 4420; x_wconf 87' lang='lat' dir='ltr'><strong>sunt</strong></span> 
     </span>
    </p>
   </div>
   <div class='ocr_carea' id='block_1_48' title="bbox 142 4450 1797 4526">
    <p class='ocr_par' dir='ltr' id='par_1_48' title="bbox 142 4450 1797 4526">
     <span class='ocr_line' id='line_1_48' title="bbox 142 4450 1797 4526; baseline 0.002 -21"><span class='ocrx_word' id='word_1_328' title='bbox 142 4450 334 4507; x_wconf 80' lang='lat' dir='ltr'><strong>timori</strong></span> <span class='ocrx_word' id='word_1_329' title='bbox 362 4451 488 4507; x_wconf 84' lang='lat' dir='ltr'><strong>boni</strong></span> <span class='ocrx_word' id='word_1_330' title='bbox 510 4454 708 4524; x_wconf 88' lang='lat' dir='ltr'><strong>operis,</strong></span> <span class='ocrx_word' id='word_1_331' title='bbox 741 4453 831 4508; x_wconf 83' lang='lat' dir='ltr'><strong>sed</strong></span> <span class='ocrx_word' id='word_1_332' title='bbox 869 4454 1024 4511; x_wconf 89' lang='lat' dir='ltr'><strong>mali.</strong></span> <span class='ocrx_word' id='word_1_333' title='bbox 1063 4454 1155 4511; x_wconf 87' lang='lat' dir='ltr'><strong>Vis</strong></span> <span class='ocrx_word' id='word_1_334' title='bbox 1174 4461 1354 4511; x_wconf 88' lang='lat' dir='ltr'><strong>autem</strong></span> <span class='ocrx_word' id='word_1_335' title='bbox 1380 4472 1483 4510; x_wconf 89' lang='lat' dir='ltr'><strong>non</strong></span> <span class='ocrx_word' id='word_1_336' title='bbox 1505 4456 1692 4511; x_wconf 88' lang='lat' dir='ltr'><strong>timere</strong></span> <span class='ocrx_word' id='word_1_337' title='bbox 1702 4471 1797 4526; x_wconf 88' lang='lat' dir='ltr'><strong>po-</strong></span> 
     </span>
    </p>
   </div>
   <div class='ocr_carea' id='block_1_49' title="bbox 138 4541 1796 4613">
    <p class='ocr_par' dir='ltr' id='par_1_49' title="bbox 138 4541 1796 4613">
     <span class='ocr_line' id='line_1_49' title="bbox 138 4541 1796 4613; baseline 0.002 -19"><span class='ocrx_word' id='word_1_338' title='bbox 138 4547 383 4597; x_wconf 82' lang='lat' dir='ltr'><strong>testatem</strong></span> <span class='ocrx_word' id='word_1_339' title='bbox 403 4541 431 4596; x_wconf 87' lang='lat'><strong>?</strong></span> <span class='ocrx_word' id='word_1_340' title='bbox 472 4541 679 4597; x_wconf 88' lang='lat' dir='ltr'><strong>Bonum</strong></span> <span class='ocrx_word' id='word_1_341' title='bbox 706 4543 813 4613; x_wconf 82' lang='lat' dir='ltr'><strong>fac,</strong></span> <span class='ocrx_word' id='word_1_342' title='bbox 847 4550 896 4598; x_wconf 88' lang='lat' dir='ltr'><strong>et</strong></span> <span class='ocrx_word' id='word_1_343' title='bbox 940 4543 1152 4598; x_wconf 80' lang='lat' dir='ltr'><strong>habebis</strong></span> <span class='ocrx_word' id='word_1_344' title='bbox 1184 4543 1396 4600; x_wconf 82' lang='lat' dir='ltr'><strong>laudem</strong></span> <span class='ocrx_word' id='word_1_345' title='bbox 1428 4562 1492 4599; x_wconf 80' lang='lat' dir='ltr'><strong>ea;</strong></span> <span class='ocrx_word' id='word_1_346' title='bbox 1517 4545 1659 4599; x_wconf 87' lang='lat' dir='ltr'><strong>illa:</strong></span> <span class='ocrx_word' id='word_1_347' title='bbox 1691 4543 1796 4598; x_wconf 85' lang='lat' dir='ltr'><strong>Dei</strong></span> 
     </span>
    </p>
   </div>
   <div class='ocr_carea' id='block_1_50' title="bbox 141 4630 1796 4703">
    <p class='ocr_par' dir='ltr' id='par_1_50' title="bbox 141 4630 1796 4703">
     <span class='ocr_line' id='line_1_50' title="bbox 141 4630 1796 4703; baseline 0.002 -19"><span class='ocrx_word' id='word_1_348' title='bbox 141 4632 283 4685; x_wconf 76' lang='lat' dir='ltr'><strong>enim</strong></span> <span class='ocrx_word' id='word_1_349' title='bbox 322 4630 577 4686; x_wconf 82' lang='lat' dir='ltr'><strong>minister</strong></span> <span class='ocrx_word' id='word_1_350' title='bbox 614 4640 688 4687; x_wconf 85' lang='lat' dir='ltr'><strong>est</strong></span> <span class='ocrx_word' id='word_1_351' title='bbox 717 4632 816 4687; x_wconf 89' lang='lat' dir='ltr'><strong>tibi</strong></span> <span class='ocrx_word' id='word_1_352' title='bbox 842 4633 900 4687; x_wconf 85' lang='lat' dir='ltr'><strong>in</strong></span> <span class='ocrx_word' id='word_1_353' title='bbox 939 4632 1149 4688; x_wconf 86' lang='lat' dir='ltr'><strong>bonum.</strong></span> <span class='ocrx_word' id='word_1_354' title='bbox 1179 4634 1329 4699; x_wconf 85' lang='lat' dir='ltr'><strong>Quod</strong></span> <span class='ocrx_word' id='word_1_355' title='bbox 1356 4635 1407 4689; x_wconf 86' lang='lat' dir='ltr'><strong>si</strong></span> <span class='ocrx_word' id='word_1_356' title='bbox 1434 4633 1634 4689; x_wconf 88' lang='lat' dir='ltr'><strong>malum</strong></span> <span class='ocrx_word' id='word_1_357' title='bbox 1665 4633 1796 4703; x_wconf 78' lang='lat' dir='ltr'><strong>lece-</strong></span> 
     </span>
    </p>
   </div>
   <div class='ocr_carea' id='block_1_51' title="bbox 140 4720 1798 4794">
    <p class='ocr_par' dir='ltr' id='par_1_51' title="bbox 140 4720 1798 4794">
     <span class='ocr_line' id='line_1_51' title="bbox 140 4720 1798 4794; baseline 0.002 -20"><span class='ocrx_word' id='word_1_358' title='bbox 140 4721 242 4785; x_wconf 84' lang='lat' dir='ltr'><strong>ris,</strong></span> <span class='ocrx_word' id='word_1_359' title='bbox 306 4721 464 4786; x_wconf 86' lang='lat' dir='ltr'><strong>time;</strong></span> <span class='ocrx_word' id='word_1_360' title='bbox 498 4737 607 4775; x_wconf 86' lang='lat' dir='ltr'><strong>non</strong></span> <span class='ocrx_word' id='word_1_361' title='bbox 652 4721 795 4776; x_wconf 87' lang='lat' dir='ltr'><strong>enim</strong></span> <span class='ocrx_word' id='word_1_362' title='bbox 840 4720 1065 4791; x_wconf 83' lang='lat' dir='ltr'><strong>frustra</strong></span> <span class='ocrx_word' id='word_1_363' title='bbox 1119 4722 1368 4794; x_wconf 78' lang='lat' dir='ltr'><strong>gladium</strong></span> <span class='ocrx_word' id='word_1_364' title='bbox 1411 4729 1633 4794; x_wconf 83' lang='lat' dir='ltr'><strong>portat:</strong></span> <span class='ocrx_word' id='word_1_365' title='bbox 1692 4722 1798 4777; x_wconf 86' lang='lat' dir='ltr'><strong>Dei</strong></span> 
     </span>
    </p>
   </div>
   <div class='ocr_carea' id='block_1_52' title="bbox 138 4807 1795 4883">
    <p class='ocr_par' dir='ltr' id='par_1_52' title="bbox 138 4807 1795 4883">
     <span class='ocr_line' id='line_1_52' title="bbox 138 4807 1795 4883; baseline 0.002 -20"><span class='ocrx_word' id='word_1_366' title='bbox 138 4809 284 4863; x_wconf 89' lang='lat' dir='ltr'><strong>enim</strong></span> <span class='ocrx_word' id='word_1_367' title='bbox 309 4807 570 4863; x_wconf 80' lang='lat' dir='ltr'><strong>minister</strong></span> <span class='ocrx_word' id='word_1_368' title='bbox 602 4815 696 4876; x_wconf 83' lang='lat' dir='ltr'><strong>est,</strong></span> <span class='ocrx_word' id='word_1_369' title='bbox 737 4809 936 4865; x_wconf 72' lang='lat' dir='ltr'><strong>vindex</strong></span> <span class='ocrx_word' id='word_1_370' title='bbox 958 4811 1017 4865; x_wconf 87' lang='lat' dir='ltr'><strong>in</strong></span> <span class='ocrx_word' id='word_1_371' title='bbox 1061 4811 1207 4865; x_wconf 89' lang='lat' dir='ltr'><strong>iram</strong></span> <span class='ocrx_word' id='word_1_372' title='bbox 1253 4828 1301 4866; x_wconf 76' lang='lat' dir='ltr'><strong>ei</strong></span> <span class='ocrx_word' id='word_1_373' title='bbox 1346 4812 1448 4883; x_wconf 85' lang='lat' dir='ltr'><strong>qui</strong></span> <span class='ocrx_word' id='word_1_374' title='bbox 1486 4812 1627 4866; x_wconf 90' lang='lat' dir='ltr'><strong>male</strong></span> <span class='ocrx_word' id='word_1_375' title='bbox 1657 4812 1795 4883; x_wconf 85' lang='lat' dir='ltr'><strong>agit.</strong></span> 
     </span>
    </p>
   </div>
   <div class='ocr_carea' id='block_1_53' title="bbox 138 4896 1799 4971">
    <p class='ocr_par' dir='ltr' id='par_1_53' title="bbox 138 4896 1799 4971">
     <span class='ocr_line' id='line_1_53' title="bbox 138 4896 1799 4971; baseline 0 -19"><span class='ocrx_word' id='word_1_376' title='bbox 138 4896 366 4969; x_wconf 85' lang='lat' dir='ltr'><strong>Ideoque</strong></span> <span class='ocrx_word' id='word_1_377' title='bbox 419 4898 723 4955; x_wconf 83' lang='lat' dir='ltr'><strong>necessitate</strong></span> <span class='ocrx_word' id='word_1_378' title='bbox 767 4899 980 4955; x_wconf 76' lang='lat' dir='ltr'><strong>subditi</strong></span> <span class='ocrx_word' id='word_1_379' title='bbox 1024 4907 1199 4967; x_wconf 88' lang='lat' dir='ltr'><strong>estote,</strong></span> <span class='ocrx_word' id='word_1_380' title='bbox 1233 4917 1339 4955; x_wconf 89' lang='lat' dir='ltr'><strong>non</strong></span> <span class='ocrx_word' id='word_1_381' title='bbox 1368 4899 1535 4955; x_wconf 89' lang='lat' dir='ltr'><strong>solum</strong></span> <span class='ocrx_word' id='word_1_382' title='bbox 1572 4906 1799 4971; x_wconf 85' lang='lat' dir='ltr'><strong>propter</strong></span> 
     </span>
    </p>
   </div>
   <div class='ocr_carea' id='block_1_54' title="bbox 140 4986 1800 5059">
    <p class='ocr_par' dir='ltr' id='par_1_54' title="bbox 140 4986 1800 5059">
     <span class='ocr_line' id='line_1_54' title="bbox 140 4986 1800 5059; baseline 0.002 -19"><span class='ocrx_word' id='word_1_383' title='bbox 140 4987 309 5051; x_wconf 90' lang='lat' dir='ltr'><strong>iram,</strong></span> <span class='ocrx_word' id='word_1_384' title='bbox 331 4986 421 5041; x_wconf 84' lang='lat' dir='ltr'><strong>sed</strong></span> <span class='ocrx_word' id='word_1_385' title='bbox 439 4993 489 5042; x_wconf 90' lang='lat' dir='ltr'><strong>et</strong></span> <span class='ocrx_word' id='word_1_386' title='bbox 508 4995 735 5059; x_wconf 83' lang='lat' dir='ltr'><strong>propter</strong></span> <span class='ocrx_word' id='word_1_387' title='bbox 753 4990 1151 5046; x_wconf 83' lang='lat' dir='ltr'><strong>conscientiam.</strong></span> <span class='ocrx_word' id='word_1_388' title='bbox 1184 4988 1318 5046; x_wconf 88' lang='lat' dir='ltr'><strong>Ideo</strong></span> <span class='ocrx_word' id='word_1_389' title='bbox 1339 4990 1482 5045; x_wconf 88' lang='lat' dir='ltr'><strong>enim</strong></span> <span class='ocrx_word' id='word_1_390' title='bbox 1508 4995 1557 5045; x_wconf 88' lang='lat' dir='ltr'><strong>et</strong></span> <span class='ocrx_word' id='word_1_391' title='bbox 1587 4989 1800 5045; x_wconf 87' lang='lat' dir='ltr'><strong>tributa</strong></span> 
     </span>
    </p>
   </div>
   <div class='ocr_carea' id='block_1_55' title="bbox 139 5077 1802 5151">
    <p class='ocr_par' dir='ltr' id='par_1_55' title="bbox 139 5077 1802 5151">
     <span class='ocr_line' id='line_1_55' title="bbox 139 5077 1802 5151; baseline 0.002 -21"><span class='ocrx_word' id='word_1_392' title='bbox 139 5077 421 5147; x_wconf 68' lang='lat' dir='ltr'><strong>praestatis</strong></span> <span class='ocrx_word' id='word_1_393' title='bbox 452 5093 469 5130; x_wconf 88' lang='lat'><strong><em>:</em></strong></span> <span class='ocrx_word' id='word_1_394' title='bbox 499 5077 748 5132; x_wconf 86' lang='lat' dir='ltr'><strong>ministri</strong></span> <span class='ocrx_word' id='word_1_395' title='bbox 768 5080 914 5134; x_wconf 87' lang='lat' dir='ltr'><strong>enim</strong></span> <span class='ocrx_word' id='word_1_396' title='bbox 940 5080 1047 5134; x_wconf 86' lang='lat' dir='ltr'><strong>Dei</strong></span> <span class='ocrx_word' id='word_1_397' title='bbox 1071 5086 1217 5149; x_wconf 88' lang='lat' dir='ltr'><strong>sunt,</strong></span> <span class='ocrx_word' id='word_1_398' title='bbox 1246 5079 1306 5134; x_wconf 91' lang='lat' dir='ltr'><strong>in</strong></span> <span class='ocrx_word' id='word_1_399' title='bbox 1336 5078 1428 5135; x_wconf 87' lang='lat' dir='ltr'><strong>hoc</strong></span> <span class='ocrx_word' id='word_1_400' title='bbox 1476 5079 1651 5151; x_wconf 84' lang='lat' dir='ltr'><strong>ipsum</strong></span> <span class='ocrx_word' id='word_1_401' title='bbox 1676 5095 1802 5144; x_wconf 87' lang='lat' dir='ltr'><strong>per-</strong></span> 
     </span>
    </p>
   </div>
   <div class='ocr_carea' id='block_1_56' title="bbox 138 5165 1800 5233">
    <p class='ocr_par' dir='ltr' id='par_1_56' title="bbox 138 5165 1800 5233">
     <span class='ocr_line' id='line_1_56' title="bbox 138 5165 1800 5233; baseline 0.002 -15"><span class='ocrx_word' id='word_1_402' title='bbox 138 5171 465 5219; x_wconf 86' lang='lat' dir='ltr'><strong>severantes.</strong></span> <span class='ocrx_word' id='word_1_403' title='bbox 494 5165 717 5222; x_wconf 81' lang='lat' dir='ltr'><strong>Reddite</strong></span> <span class='ocrx_word' id='word_1_404' title='bbox 741 5166 986 5222; x_wconf 86' lang='lat' dir='ltr'><strong>omnibus</strong></span> <span class='ocrx_word' id='word_1_405' title='bbox 1021 5167 1197 5223; x_wconf 88' lang='lat' dir='ltr'><strong>debita</strong></span> <span class='ocrx_word' id='word_1_406' title='bbox 1212 5183 1236 5225; x_wconf 86' lang='lat'><strong>.°</strong></span> <span class='ocrx_word' id='word_1_407' title='bbox 1260 5169 1347 5224; x_wconf 81' lang='lat' dir='ltr'><strong>cui</strong></span> <span class='ocrx_word' id='word_1_408' title='bbox 1371 5168 1656 5233; x_wconf 81' lang='lat' dir='ltr'><strong>tributum,</strong></span> <span class='ocrx_word' id='word_1_409' title='bbox 1694 5167 1800 5223; x_wconf 89' lang='lat' dir='ltr'><strong>tri-</strong></span> 
     </span>
    </p>
   </div>
   <div class='ocr_carea' id='block_1_57' title="bbox 140 5254 1803 5329">
    <p class='ocr_par' dir='ltr' id='par_1_57' title="bbox 140 5254 1803 5329">
     <span class='ocr_line' id='line_1_57' title="bbox 140 5254 1803 5329; baseline 0.002 -21"><span class='ocrx_word' id='word_1_410' title='bbox 140 5255 369 5323; x_wconf 85' lang='lat' dir='ltr'><strong>butum;</strong></span> <span class='ocrx_word' id='word_1_411' title='bbox 392 5254 482 5309; x_wconf 85' lang='lat' dir='ltr'><strong>cui</strong></span> <span class='ocrx_word' id='word_1_412' title='bbox 519 5255 764 5327; x_wconf 77' lang='lat' dir='ltr'><strong>vectigal,</strong></span> <span class='ocrx_word' id='word_1_413' title='bbox 799 5256 1064 5327; x_wconf 86' lang='lat' dir='ltr'><strong>vectigal;</strong></span> <span class='ocrx_word' id='word_1_414' title='bbox 1096 5258 1185 5313; x_wconf 87' lang='lat' dir='ltr'><strong>cui</strong></span> <span class='ocrx_word' id='word_1_415' title='bbox 1218 5258 1478 5320; x_wconf 84' lang='lat' dir='ltr'><strong>timorem,</strong></span> <span class='ocrx_word' id='word_1_416' title='bbox 1514 5257 1756 5312; x_wconf 87' lang='lat' dir='ltr'><strong>timorem</strong></span> <span class='ocrx_word' id='word_1_417' title='bbox 1778 5280 1803 5329; x_wconf 84' lang='lat'><strong><em>;</em></strong></span> 
     </span>
    </p>
   </div>
   <div class='ocr_carea' id='block_1_58' title="bbox 136 5342 1805 5418">
    <p class='ocr_par' dir='ltr' id='par_1_58' title="bbox 136 5342 1805 5418">
     <span class='ocr_line' id='line_1_58' title="bbox 136 5342 1805 5418; baseline 0.002 -20"><span class='ocrx_word' id='word_1_418' title='bbox 136 5343 231 5398; x_wconf 86' lang='lat' dir='ltr'><strong>cui</strong></span> <span class='ocrx_word' id='word_1_419' title='bbox 260 5342 532 5413; x_wconf 80' lang='lat' dir='ltr'><strong>honorem,</strong></span> <span class='ocrx_word' id='word_1_420' title='bbox 554 5345 823 5401; x_wconf 82' lang='lat' dir='ltr'><strong>honorem.</strong></span> <span class='ocrx_word' id='word_1_421' title='bbox 850 5346 1078 5401; x_wconf 84' lang='lat' dir='ltr'><strong>Nemini</strong></span> <span class='ocrx_word' id='word_1_422' title='bbox 1093 5347 1382 5418; x_wconf 85' lang='lat' dir='ltr'><strong>quidquam</strong></span> <span class='ocrx_word' id='word_1_423' title='bbox 1404 5347 1655 5412; x_wconf 84' lang='lat' dir='ltr'><strong>debeatis,</strong></span> <span class='ocrx_word' id='word_1_424' title='bbox 1684 5344 1805 5403; x_wconf 87' lang='lat' dir='ltr'><strong>nisi</strong></span> 
     </span>
    </p>
   </div>
   <div class='ocr_carea' id='block_1_59' title="bbox 204 5540 1802 5609">
    <p class='ocr_par' dir='ltr' id='par_1_59' title="bbox 204 5540 1802 5609">
     <span class='ocr_line' id='line_1_59' title="bbox 204 5540 1802 5609; baseline 0.004 -18"><span class='ocrx_word' id='word_1_425' title='bbox 204 5544 218 5576; x_wconf 84' lang='grc'>¹</span> <span class='ocrx_word' id='word_1_426' title='bbox 250 5540 337 5591; x_wconf 83' lang='lat' dir='ltr'><strong>Sic</strong></span> <span class='ocrx_word' id='word_1_427' title='bbox 366 5554 532 5609; x_wconf 78' lang='lat' dir='ltr'><strong>prOpe</strong></span> <span class='ocrx_word' id='word_1_428' title='bbox 562 5556 751 5609; x_wconf 75' lang='lat' dir='ltr'><strong>omnes</strong></span> <span class='ocrx_word' id='word_1_429' title='bbox 765 5544 887 5594; x_wconf 85' lang='lat' dir='ltr'><strong>Mss.</strong></span> <span class='ocrx_word' id='word_1_430' title='bbox 914 5546 1017 5609; x_wconf 71' lang='lat' dir='ltr'><strong>At.</strong></span> <span class='ocrx_word' id='word_1_431' title='bbox 1036 5545 1167 5595; x_wconf 89' lang='lat' dir='ltr'><strong>Edd.</strong></span> <span class='ocrx_word' id='word_1_432' title='bbox 1203 5544 1418 5609; x_wconf 88' lang='lat' dir='ltr'><strong>habent,</strong></span> <span class='ocrx_word' id='word_1_433' title='bbox 1451 5547 1511 5595; x_wconf 89' lang='lat' dir='ltr'><strong>de</strong></span> <span class='ocrx_word' id='word_1_434' title='bbox 1544 5549 1802 5609; x_wconf 86' lang='lat' dir='ltr'><strong>potestati-</strong></span> 
     </span>
    </p>
   </div>
   <div class='ocr_carea' id='block_1_60' title="bbox 144 5604 1801 5677">
    <p class='ocr_par' dir='ltr' id='par_1_60' title="bbox 144 5604 1801 5677">
     <span class='ocr_line' id='line_1_60' title="bbox 144 5604 1801 5677; baseline 0.005 -24"><span class='ocrx_word' id='word_1_435' title='bbox 144 5604 824 5677; x_wconf 36' lang='lat' dir='ltr'><strong>bus“usstris‘s¢ee_utaribus</strong></span> <span class='ocrx_word' id='word_1_436' title='bbox 856 5608 1089 5667; x_wconf 85' lang='lat' dir='ltr'><strong>terruit;</strong></span> <span class='ocrx_word' id='word_1_437' title='bbox 1138 5609 1213 5659; x_wconf 89' lang='lat' dir='ltr'><strong>uti</strong></span> <span class='ocrx_word' id='word_1_438' title='bbox 1271 5612 1321 5659; x_wconf 90' lang='lat' dir='ltr'><strong>et</strong></span> <span class='ocrx_word' id='word_1_439' title='bbox 1371 5604 1671 5667; x_wconf 73' lang='lat' dir='ltr'><strong>Gratianus,</strong></span> <span class='ocrx_word' id='word_1_440' title='bbox 1708 5612 1801 5677; x_wconf 90' lang='lat' dir='ltr'><strong>qui</strong></span> 
     </span>
    </p>
   </div>
   <div class='ocr_carea' id='block_1_61' title="bbox 145 5666 689 5732">
    <p class='ocr_par' dir='ltr' id='par_1_61' title="bbox 145 5666 689 5732">
     <span class='ocr_line' id='line_1_61' title="bbox 145 5666 689 5732; baseline -0.004 -13"><span class='ocrx_word' id='word_1_441' title='bbox 145 5666 313 5725; x_wconf 83' lang='lat' dir='ltr'><strong>addit,</strong></span> <span class='ocrx_word' id='word_1_442' title='bbox 338 5668 689 5732; x_wconf 61' lang='lat' dir='ltr'><strong>prementibus.</strong></span> 
     </span>
    </p>
   </div>
   <div class='ocr_carea' id='block_1_62' title="bbox 1422 190 2398 258">
    <p class='ocr_par' dir='ltr' id='par_1_62' title="bbox 1422 190 2398 258">
     <span class='ocr_line' id='line_1_62' title="bbox 1422 190 2398 258; baseline 0.005 -7"><span class='ocrx_word' id='word_1_443' title='bbox 1422 190 1926 254; x_wconf 75' lang='lat' dir='ltr'><strong>EPISTOLARUM</strong></span> <span class='ocrx_word' id='word_1_444' title='bbox 1967 196 2258 255; x_wconf 86' lang='lat' dir='ltr'><strong>CLASSIS</strong></span> <span class='ocrx_word' id='word_1_445' title='bbox 2294 200 2368 255; x_wconf 87' lang='lat' dir='ltr'><strong>Ill</strong></span> <span class='ocrx_word' id='word_1_446' title='bbox 2384 244 2398 258; x_wconf 91' lang='lat'><strong>.</strong></span> 
     </span>
    </p>
   </div>
   <div class='ocr_carea' id='block_1_63' title="bbox 3474 194 3583 255">
    <p class='ocr_par' dir='ltr' id='par_1_63' title="bbox 3474 194 3583 255">
     <span class='ocr_line' id='line_1_63' title="bbox 3474 194 3583 255; baseline 0 0"><span class='ocrx_word' id='word_1_447' title='bbox 3474 194 3583 255; x_wconf 75' lang='lat'><strong>662</strong></span> 
     </span>
    </p>
   </div>
   <div class='ocr_carea' id='block_1_64' title="bbox 1923 322 3580 396">
    <p class='ocr_par' dir='ltr' id='par_1_64' title="bbox 1923 322 3580 396">
     <span class='ocr_line' id='line_1_64' title="bbox 1923 322 3580 396; baseline 0.002 -19"><span class='ocrx_word' id='word_1_448' title='bbox 1923 329 1985 378; x_wconf 87' lang='lat' dir='ltr'><strong>ut</strong></span> <span class='ocrx_word' id='word_1_449' title='bbox 2010 323 2237 379; x_wconf 83' lang='lat' dir='ltr'><strong>invicem</strong></span> <span class='ocrx_word' id='word_1_450' title='bbox 2250 324 2503 396; x_wconf 84' lang='lat' dir='ltr'><strong>diligatis</strong></span> <span class='ocrx_word' id='word_1_451' title='bbox 2530 325 2713 395; x_wconf 80' lang='lat' dir='ltr'><strong>(Rom.</strong></span> <span class='ocrx_word' id='word_1_452' title='bbox 2736 338 2857 395; x_wconf 80' lang='lat' dir='ltr'><strong>xui,</strong></span> <span class='ocrx_word' id='word_1_453' title='bbox 2880 323 3013 396; x_wconf 79' lang='grc'><strong>1-8).</strong></span> <span class='ocrx_word' id='word_1_454' title='bbox 3031 329 3163 380; x_wconf 69' lang='lat' dir='ltr'><strong>Hmc</strong></span> <span class='ocrx_word' id='word_1_455' title='bbox 3182 322 3370 381; x_wconf 88' lang='lat' dir='ltr'><strong>verba</strong></span> <span class='ocrx_word' id='word_1_456' title='bbox 3392 327 3580 395; x_wconf 84' lang='lat' dir='ltr'><strong>Apos-</strong></span> 
     </span>
    </p>
   </div>
   <div class='ocr_carea' id='block_1_65' title="bbox 1922 411 3577 481">
    <p class='ocr_par' dir='ltr' id='par_1_65' title="bbox 1922 411 3577 481">
     <span class='ocr_line' id='line_1_65' title="bbox 1922 411 3577 481; baseline 0.002 -16"><span class='ocrx_word' id='word_1_457' title='bbox 1922 411 2048 481; x_wconf 88' lang='lat' dir='ltr'><strong>toli,</strong></span> <span class='ocrx_word' id='word_1_458' title='bbox 2066 412 2375 469; x_wconf 86' lang='lat' dir='ltr'><strong>utilitatem</strong></span> <span class='ocrx_word' id='word_1_459' title='bbox 2394 417 2605 469; x_wconf 64' lang='lat' dir='ltr'><strong>vestrae</strong></span> <span class='ocrx_word' id='word_1_460' title='bbox 2624 413 2957 470; x_wconf 88' lang='lat' dir='ltr'><strong>severitatis</strong></span> <span class='ocrx_word' id='word_1_461' title='bbox 2974 413 3577 469; x_wconf 88' lang='lat' dir='ltr'><strong>ostendunt.Proinde</strong></span> 
     </span>
    </p>
   </div>
   <div class='ocr_carea' id='block_1_66' title="bbox 1924 500 3582 574">
    <p class='ocr_par' dir='ltr' id='par_1_66' title="bbox 1924 500 3582 574">
     <span class='ocr_line' id='line_1_66' title="bbox 1924 500 3582 574; baseline 0.001 -18"><span class='ocrx_word' id='word_1_462' title='bbox 1924 500 2078 556; x_wconf 91' lang='lat' dir='ltr'><strong>sicut</strong></span> <span class='ocrx_word' id='word_1_463' title='bbox 2107 501 2487 558; x_wconf 89' lang='lat' dir='ltr'><strong>dilectionem</strong></span> <span class='ocrx_word' id='word_1_464' title='bbox 2507 502 2659 573; x_wconf 88' lang='lat' dir='ltr'><strong>jussi</strong></span> <span class='ocrx_word' id='word_1_465' title='bbox 2692 506 2829 558; x_wconf 91' lang='lat' dir='ltr'><strong>sunt</strong></span> <span class='ocrx_word' id='word_1_466' title='bbox 2850 500 3204 556; x_wconf 89' lang='lat' dir='ltr'><strong>terrentibus</strong></span> <span class='ocrx_word' id='word_1_467' title='bbox 3238 500 3457 557; x_wconf 90' lang='lat' dir='ltr'><strong>debere</strong></span> <span class='ocrx_word' id='word_1_468' title='bbox 3475 503 3582 574; x_wconf 89' lang='lat' dir='ltr'><strong>qui</strong></span> 
     </span>
    </p>
   </div>
   <div class='ocr_carea' id='block_1_67' title="bbox 1924 590 3576 662">
    <p class='ocr_par' dir='ltr' id='par_1_67' title="bbox 1924 590 3576 662">
     <span class='ocr_line' id='line_1_67' title="bbox 1924 590 3576 662; baseline 0.001 -16"><span class='ocrx_word' id='word_1_469' title='bbox 1924 590 2152 658; x_wconf 89' lang='lat' dir='ltr'><strong>timent,</strong></span> <span class='ocrx_word' id='word_1_470' title='bbox 2170 592 2243 648; x_wconf 87' lang='lat' dir='ltr'><strong>ita</strong></span> <span class='ocrx_word' id='word_1_471' title='bbox 2261 592 2798 662; x_wconf 89' lang='lat' dir='ltr'><strong>dilectionemjussi</strong></span> <span class='ocrx_word' id='word_1_472' title='bbox 2816 597 2952 646; x_wconf 90' lang='lat' dir='ltr'><strong>sunt</strong></span> <span class='ocrx_word' id='word_1_473' title='bbox 2966 590 3312 646; x_wconf 89' lang='lat' dir='ltr'><strong>timentibus</strong></span> <span class='ocrx_word' id='word_1_474' title='bbox 3337 591 3576 656; x_wconf 89' lang='lat' dir='ltr'><strong>debere,</strong></span> 
     </span>
    </p>
   </div>
   <div class='ocr_carea' id='block_1_68' title="bbox 1922 679 3577 751">
    <p class='ocr_par' dir='ltr' id='par_1_68' title="bbox 1922 679 3577 751">
     <span class='ocr_line' id='line_1_68' title="bbox 1922 679 3577 751; baseline 0.001 -16"><span class='ocrx_word' id='word_1_475' title='bbox 1922 680 2024 751; x_wconf 89' lang='lat' dir='ltr'><strong>qui</strong></span> <span class='ocrx_word' id='word_1_476' title='bbox 2048 684 2283 736; x_wconf 89' lang='lat' dir='ltr'><strong>terrent.</strong></span> <span class='ocrx_word' id='word_1_477' title='bbox 2315 680 2465 737; x_wconf 86' lang='lat' dir='ltr'><strong>Nihil</strong></span> <span class='ocrx_word' id='word_1_478' title='bbox 2488 680 2741 735; x_wconf 91' lang='lat' dir='ltr'><strong>nocendi</strong></span> <span class='ocrx_word' id='word_1_479' title='bbox 2765 679 3089 750; x_wconf 89' lang='lat' dir='ltr'><strong>cupiditate</strong></span> <span class='ocrx_word' id='word_1_480' title='bbox 3115 679 3348 747; x_wconf 87' lang='lat' dir='ltr'><strong>ﬁat,sed</strong></span> <span class='ocrx_word' id='word_1_481' title='bbox 3370 680 3577 737; x_wconf 86' lang='lat' dir='ltr'><strong>omnia</strong></span> 
     </span>
    </p>
   </div>
   <div class='ocr_carea' id='block_1_69' title="bbox 1921 767 3575 837">
    <p class='ocr_par' dir='ltr' id='par_1_69' title="bbox 1921 767 3575 837">
     <span class='ocr_line' id='line_1_69' title="bbox 1921 767 3575 837; baseline 0 -14"><span class='ocrx_word' id='word_1_482' title='bbox 1921 768 2273 824; x_wconf 90' lang='lat' dir='ltr'><strong>consulendi</strong></span> <span class='ocrx_word' id='word_1_483' title='bbox 2303 769 2586 825; x_wconf 87' lang='lat' dir='ltr'><strong>charitate</strong></span> <span class='ocrx_word' id='word_1_484' title='bbox 2611 767 2982 835; x_wconf 86' lang='lat' dir='ltr'><strong>;etnihilﬁat</strong></span> <span class='ocrx_word' id='word_1_485' title='bbox 3010 769 3027 803; x_wconf 82' lang='grc'>¹</span> <span class='ocrx_word' id='word_1_486' title='bbox 3056 767 3575 837; x_wconf 88' lang='lat' dir='ltr'><strong>immaniter,nihil</strong></span> 
     </span>
    </p>
   </div>
   <div class='ocr_carea' id='block_1_70' title="bbox 1919 855 3574 926">
    <p class='ocr_par' dir='ltr' id='par_1_70' title="bbox 1919 855 3574 926">
     <span class='ocr_line' id='line_1_70' title="bbox 1919 855 3574 926; baseline 0.001 -15"><span class='ocrx_word' id='word_1_487' title='bbox 1919 856 2341 915; x_wconf 89' lang='lat' dir='ltr'><strong>inhumaniter.</strong></span> <span class='ocrx_word' id='word_1_488' title='bbox 2376 858 2460 914; x_wconf 92' lang='lat' dir='ltr'><strong>Ita</strong></span> <span class='ocrx_word' id='word_1_489' title='bbox 2488 856 2904 914; x_wconf 87' lang='lat' dir='ltr'><strong>formidabitur</strong></span> <span class='ocrx_word' id='word_1_490' title='bbox 2930 855 3072 911; x_wconf 92' lang='lat' dir='ltr'><strong>ultio</strong></span> <span class='ocrx_word' id='word_1_491' title='bbox 3102 856 3443 926; x_wconf 85' lang='lat' dir='ltr'><strong>cognitoris,</strong></span> <span class='ocrx_word' id='word_1_492' title='bbox 3469 862 3532 913; x_wconf 90' lang='lat' dir='ltr'><strong>ut</strong></span> <span class='ocrx_word' id='word_1_493' title='bbox 3555 862 3574 893; x_wconf 84' lang='grc'>²</span> 
     </span>
    </p>
   </div>
   <div class='ocr_carea' id='block_1_71' title="bbox 1919 945 3576 1019">
    <p class='ocr_par' dir='ltr' id='par_1_71' title="bbox 1919 945 3576 1019">
     <span class='ocr_line' id='line_1_71' title="bbox 1919 945 3576 1019; baseline 0 -19"><span class='ocrx_word' id='word_1_494' title='bbox 1919 960 2030 1002; x_wconf 90' lang='lat' dir='ltr'><strong>nec</strong></span> <span class='ocrx_word' id='word_1_495' title='bbox 2052 947 2462 1003; x_wconf 89' lang='lat' dir='ltr'><strong>intercessoris</strong></span> <span class='ocrx_word' id='word_1_496' title='bbox 2489 947 2695 1019; x_wconf 82' lang='lat' dir='ltr'><strong>religio</strong></span> <span class='ocrx_word' id='word_1_497' title='bbox 2731 950 3183 1011; x_wconf 89' lang='lat' dir='ltr'><strong>contemnatur;</strong></span> <span class='ocrx_word' id='word_1_498' title='bbox 3216 945 3357 1016; x_wconf 90' lang='lat' dir='ltr'><strong>quia</strong></span> <span class='ocrx_word' id='word_1_499' title='bbox 3379 950 3433 1000; x_wconf 91' lang='lat' dir='ltr'><strong>et</strong></span> <span class='ocrx_word' id='word_1_500' title='bbox 3454 946 3576 1016; x_wconf 90' lang='lat' dir='ltr'><strong>ple-</strong></span> 
     </span>
    </p>
   </div>
   <div class='ocr_carea' id='block_1_72' title="bbox 1916 1033 3575 1108">
    <p class='ocr_par' dir='ltr' id='par_1_72' title="bbox 1916 1033 3575 1108">
     <span class='ocr_line' id='line_1_72' title="bbox 1916 1033 3575 1108; baseline 0 -19"><span class='ocrx_word' id='word_1_501' title='bbox 1916 1035 2132 1090; x_wconf 89' lang='lat' dir='ltr'><strong>ctendo</strong></span> <span class='ocrx_word' id='word_1_502' title='bbox 2146 1041 2201 1092; x_wconf 89' lang='lat' dir='ltr'><strong>et</strong></span> <span class='ocrx_word' id='word_1_503' title='bbox 2225 1037 2598 1108; x_wconf 88' lang='lat' dir='ltr'><strong>ignoscendo</strong></span> <span class='ocrx_word' id='word_1_504' title='bbox 2612 1036 2727 1092; x_wconf 91' lang='lat' dir='ltr'><strong>hoc</strong></span> <span class='ocrx_word' id='word_1_505' title='bbox 2753 1035 2947 1090; x_wconf 91' lang='lat' dir='ltr'><strong>solum</strong></span> <span class='ocrx_word' id='word_1_506' title='bbox 2961 1033 3115 1090; x_wconf 89' lang='lat' dir='ltr'><strong>bene</strong></span> <span class='ocrx_word' id='word_1_507' title='bbox 3136 1033 3354 1103; x_wconf 86' lang='lat' dir='ltr'><strong>agitur,</strong></span> <span class='ocrx_word' id='word_1_508' title='bbox 3381 1034 3575 1089; x_wconf 88' lang='lat' dir='ltr'><strong>utvita</strong></span> 
     </span>
    </p>
   </div>
   <div class='ocr_carea' id='block_1_73' title="bbox 1918 1123 3578 1195">
    <p class='ocr_par' dir='ltr' id='par_1_73' title="bbox 1918 1123 3578 1195">
     <span class='ocr_line' id='line_1_73' title="bbox 1918 1123 3578 1195; baseline 0 -16"><span class='ocrx_word' id='word_1_509' title='bbox 1918 1123 2167 1180; x_wconf 90' lang='lat' dir='ltr'><strong>hominu</strong></span> <span class='ocrx_word' id='word_1_510' title='bbox 2178 1141 2235 1180; x_wconf 93' lang='lat' dir='ltr'><strong>m</strong></span> <span class='ocrx_word' id='word_1_511' title='bbox 2249 1125 2598 1195; x_wconf 84' lang='lat' dir='ltr'><strong>corrigatur.</strong></span> <span class='ocrx_word' id='word_1_512' title='bbox 2624 1124 2793 1191; x_wconf 88' lang='lat' dir='ltr'><strong>Quod</strong></span> <span class='ocrx_word' id='word_1_513' title='bbox 2807 1125 2853 1179; x_wconf 90' lang='lat' dir='ltr'><strong>si</strong></span> <span class='ocrx_word' id='word_1_514' title='bbox 2869 1128 3033 1180; x_wconf 86' lang='lat' dir='ltr'><strong>tanta</strong></span> <span class='ocrx_word' id='word_1_515' title='bbox 3046 1128 3133 1179; x_wconf 91' lang='lat' dir='ltr'><strong>est</strong></span> <span class='ocrx_word' id='word_1_516' title='bbox 3146 1123 3504 1195; x_wconf 87' lang='lat' dir='ltr'><strong>perversitas</strong></span> <span class='ocrx_word' id='word_1_517' title='bbox 3522 1128 3578 1179; x_wconf 91' lang='lat' dir='ltr'><strong>et</strong></span> 
     </span>
    </p>
   </div>
   <div class='ocr_carea' id='block_1_74' title="bbox 1920 1212 3579 1285">
    <p class='ocr_par' dir='ltr' id='par_1_74' title="bbox 1920 1212 3579 1285">
     <span class='ocr_line' id='line_1_74' title="bbox 1920 1212 3579 1285; baseline 0.001 -18"><span class='ocrx_word' id='word_1_518' title='bbox 1920 1212 2224 1284; x_wconf 88' lang='lat' dir='ltr'><strong>impietas,</strong></span> <span class='ocrx_word' id='word_1_519' title='bbox 2281 1219 2346 1269; x_wconf 89' lang='lat' dir='ltr'><strong>ut</strong></span> <span class='ocrx_word' id='word_1_520' title='bbox 2374 1215 2425 1269; x_wconf 91' lang='lat' dir='ltr'><strong>ei</strong></span> <span class='ocrx_word' id='word_1_521' title='bbox 2475 1214 2844 1285; x_wconf 73' lang='lat' dir='ltr'><strong>corrigendae</strong></span> <span class='ocrx_word' id='word_1_522' title='bbox 2875 1228 2985 1268; x_wconf 90' lang='lat' dir='ltr'><strong>nec</strong></span> <span class='ocrx_word' id='word_1_523' title='bbox 3019 1212 3337 1284; x_wconf 90' lang='lat' dir='ltr'><strong>disciplina</strong></span> <span class='ocrx_word' id='word_1_524' title='bbox 3385 1214 3579 1283; x_wconf 89' lang='lat' dir='ltr'><strong>possit</strong></span> 
     </span>
    </p>
   </div>
   <div class='ocr_carea' id='block_1_75' title="bbox 1920 1302 3575 1374">
    <p class='ocr_par' dir='ltr' id='par_1_75' title="bbox 1920 1302 3575 1374">
     <span class='ocr_line' id='line_1_75' title="bbox 1920 1302 3575 1374; baseline 0.001 -17"><span class='ocrx_word' id='word_1_525' title='bbox 1920 1302 2228 1374; x_wconf 87' lang='lat' dir='ltr'><strong>prodesse,</strong></span> <span class='ocrx_word' id='word_1_526' title='bbox 2260 1319 2370 1358; x_wconf 90' lang='lat' dir='ltr'><strong>nec</strong></span> <span class='ocrx_word' id='word_1_527' title='bbox 2399 1304 2575 1359; x_wconf 86' lang='lat' dir='ltr'><strong>venia</strong></span> <span class='ocrx_word' id='word_1_528' title='bbox 2604 1321 2616 1370; x_wconf 86' lang='lat'>;</span> <span class='ocrx_word' id='word_1_529' title='bbox 2652 1319 2687 1360; x_wconf 92' lang='lat' dir='ltr'><strong>a</strong></span> <span class='ocrx_word' id='word_1_530' title='bbox 2706 1302 2884 1359; x_wconf 88' lang='lat' dir='ltr'><strong>bonis</strong></span> <span class='ocrx_word' id='word_1_531' title='bbox 2911 1306 3110 1358; x_wconf 89' lang='lat' dir='ltr'><strong>tamen</strong></span> <span class='ocrx_word' id='word_1_532' title='bbox 3139 1302 3462 1358; x_wconf 90' lang='lat' dir='ltr'><strong>intentione</strong></span> <span class='ocrx_word' id='word_1_533' title='bbox 3489 1306 3575 1358; x_wconf 91' lang='lat' dir='ltr'><strong>at-</strong></span> 
     </span>
    </p>
   </div>
   <div class='ocr_carea' id='block_1_76' title="bbox 1919 1390 3573 1464">
    <p class='ocr_par' dir='ltr' id='par_1_76' title="bbox 1919 1390 3573 1464">
     <span class='ocr_line' id='line_1_76' title="bbox 1919 1390 3573 1464; baseline 0.001 -19"><span class='ocrx_word' id='word_1_534' title='bbox 1919 1405 2037 1461; x_wconf 91' lang='lat' dir='ltr'><strong>que</strong></span> <span class='ocrx_word' id='word_1_535' title='bbox 2067 1391 2433 1447; x_wconf 89' lang='lat' dir='ltr'><strong>conscientia</strong></span> <span class='ocrx_word' id='word_1_536' title='bbox 2458 1407 2644 1464; x_wconf 90' lang='lat' dir='ltr'><strong>quam</strong></span> <span class='ocrx_word' id='word_1_537' title='bbox 2675 1394 2827 1447; x_wconf 88' lang='lat' dir='ltr'><strong>Deus</strong></span> <span class='ocrx_word' id='word_1_538' title='bbox 2849 1391 3053 1457; x_wconf 92' lang='lat' dir='ltr'><strong>cernit,</strong></span> <span class='ocrx_word' id='word_1_539' title='bbox 3088 1390 3211 1446; x_wconf 90' lang='lat' dir='ltr'><strong>sive</strong></span> <span class='ocrx_word' id='word_1_540' title='bbox 3236 1390 3573 1459; x_wconf 87' lang='lat' dir='ltr'><strong>severitate,</strong></span> 
     </span>
    </p>
   </div>
   <div class='ocr_carea' id='block_1_77' title="bbox 1921 1478 3576 1545">
    <p class='ocr_par' dir='ltr' id='par_1_77' title="bbox 1921 1478 3576 1545">
     <span class='ocr_line' id='line_1_77' title="bbox 1921 1478 3576 1545; baseline 0.001 -12"><span class='ocrx_word' id='word_1_541' title='bbox 1921 1479 2047 1535; x_wconf 90' lang='lat' dir='ltr'><strong>sive</strong></span> <span class='ocrx_word' id='word_1_542' title='bbox 2110 1478 2369 1545; x_wconf 90' lang='lat' dir='ltr'><strong>lenitate,</strong></span> <span class='ocrx_word' id='word_1_543' title='bbox 2438 1480 2677 1537; x_wconf 91' lang='lat' dir='ltr'><strong>nonnisi</strong></span> <span class='ocrx_word' id='word_1_544' title='bbox 2742 1478 3010 1536; x_wconf 85' lang='lat' dir='ltr'><strong>ofﬁcium</strong></span> <span class='ocrx_word' id='word_1_545' title='bbox 3065 1479 3399 1536; x_wconf 88' lang='lat' dir='ltr'><strong>dilectionis</strong></span> <span class='ocrx_word' id='word_1_546' title='bbox 3469 1481 3576 1535; x_wconf 90' lang='lat' dir='ltr'><strong>im-</strong></span> 
     </span>
    </p>
   </div>
   <div class='ocr_carea' id='block_1_78' title="bbox 1919 1567 2135 1639">
    <p class='ocr_par' dir='ltr' id='par_1_78' title="bbox 1919 1567 2135 1639">
     <span class='ocr_line' id='line_1_78' title="bbox 1919 1567 2135 1639; baseline 0.014 -19"><span class='ocrx_word' id='word_1_547' title='bbox 1919 1567 2135 1639; x_wconf 87' lang='lat' dir='ltr'><strong>plctur.</strong></span> 
     </span>
    </p>
   </div>
   <div class='ocr_carea' id='block_1_79' title="bbox 1990 1656 3573 1729">
    <p class='ocr_par' dir='ltr' id='par_1_79' title="bbox 1990 1656 3573 1729">
     <span class='ocr_line' id='line_1_79' title="bbox 1990 1656 3573 1729; baseline -0.001 -17"><span class='ocrx_word' id='word_1_548' title='bbox 1990 1659 2081 1714; x_wconf 85' lang='lat'><strong>20.</strong></span> <span class='ocrx_word' id='word_1_549' title='bbox 2095 1656 2267 1723; x_wconf 82' lang='lat' dir='ltr'><strong>Quod</strong></span> <span class='ocrx_word' id='word_1_550' title='bbox 2281 1662 2481 1714; x_wconf 88' lang='lat' dir='ltr'><strong>autem</strong></span> <span class='ocrx_word' id='word_1_551' title='bbox 2497 1658 2555 1713; x_wconf 93' lang='lat' dir='ltr'><strong>in</strong></span> <span class='ocrx_word' id='word_1_552' title='bbox 2570 1656 2823 1729; x_wconf 89' lang='lat' dir='ltr'><strong>epistola</strong></span> <span class='ocrx_word' id='word_1_553' title='bbox 2847 1661 2950 1713; x_wconf 89' lang='lat' dir='ltr'><strong>tua</strong></span> <span class='ocrx_word' id='word_1_554' title='bbox 2968 1656 3258 1728; x_wconf 88' lang='lat' dir='ltr'><strong>sequitur,</strong></span> <span class='ocrx_word' id='word_1_555' title='bbox 3282 1656 3384 1711; x_wconf 92' lang='lat' dir='ltr'><strong>ubi</strong></span> <span class='ocrx_word' id='word_1_556' title='bbox 3399 1656 3573 1723; x_wconf 89' lang='lat' dir='ltr'><strong>dicis,</strong></span> 
     </span>
    </p>
   </div>
   <div class='ocr_carea' id='block_1_80' title="bbox 1929 1744 3576 1817">
    <p class='ocr_par' dir='ltr' id='par_1_80' title="bbox 1929 1744 3576 1817">
     <span class='ocr_line' id='line_1_80' title="bbox 1929 1744 3576 1817; baseline -0.001 -15"><span class='ocrx_word' id='word_1_557' title='bbox 1929 1744 2130 1802; x_wconf 81' lang='lat' dir='ltr'><strong>Verum</strong></span> <span class='ocrx_word' id='word_1_558' title='bbox 2178 1762 2339 1817; x_wconf 86' lang='lat' dir='ltr'><strong>nunc,</strong></span> <span class='ocrx_word' id='word_1_559' title='bbox 2372 1752 2434 1802; x_wconf 90' lang='lat' dir='ltr'><strong>ut</strong></span> <span class='ocrx_word' id='word_1_560' title='bbox 2463 1763 2637 1802; x_wconf 88' lang='lat' dir='ltr'><strong>mores</strong></span> <span class='ocrx_word' id='word_1_561' title='bbox 2667 1747 2847 1801; x_wconf 87' lang='lat' dir='ltr'><strong>nostri</strong></span> <span class='ocrx_word' id='word_1_562' title='bbox 2875 1752 3077 1810; x_wconf 84' lang='lat' dir='ltr'><strong>sunt,et</strong></span> <span class='ocrx_word' id='word_1_563' title='bbox 3116 1745 3340 1801; x_wconf 77' lang='lat' dir='ltr'><strong>sceleris</strong></span> <span class='ocrx_word' id='word_1_564' title='bbox 3363 1761 3576 1816; x_wconf 83' lang='lat' dir='ltr'><strong>pamam</strong></span> 
     </span>
    </p>
   </div>
   <div class='ocr_carea' id='block_1_81' title="bbox 1917 1835 3575 1907">
    <p class='ocr_par' dir='ltr' id='par_1_81' title="bbox 1917 1835 3575 1907">
     <span class='ocr_line' id='line_1_81' title="bbox 1917 1835 3575 1907; baseline -0.001 -16"><span class='ocrx_word' id='word_1_565' title='bbox 1917 1835 2149 1906; x_wconf 85' lang='lat' dir='ltr'><strong>cupiunt</strong></span> <span class='ocrx_word' id='word_1_566' title='bbox 2167 1835 2271 1890; x_wconf 86' lang='lat' dir='ltr'><strong>sibi</strong></span> <span class='ocrx_word' id='word_1_567' title='bbox 2287 1836 2521 1891; x_wconf 85' lang='lat' dir='ltr'><strong>homines</strong></span> <span class='ocrx_word' id='word_1_568' title='bbox 2545 1836 2830 1901; x_wconf 70' lang='lat' dir='ltr'><strong>relaxari,</strong></span> <span class='ocrx_word' id='word_1_569' title='bbox 2860 1842 2908 1890; x_wconf 89' lang='lat' dir='ltr'><strong>et</strong></span> <span class='ocrx_word' id='word_1_570' title='bbox 2930 1836 2988 1890; x_wconf 86' lang='lat' dir='ltr'><strong>id</strong></span> <span class='ocrx_word' id='word_1_571' title='bbox 3002 1842 3227 1907; x_wconf 85' lang='lat' dir='ltr'><strong>propter</strong></span> <span class='ocrx_word' id='word_1_572' title='bbox 3254 1835 3575 1906; x_wconf 81' lang='lat' dir='ltr'><strong>quodscelus</strong></span> 
     </span>
    </p>
   </div>
   <div class='ocr_carea' id='block_1_82' title="bbox 1919 1924 3572 1998">
    <p class='ocr_par' dir='ltr' id='par_1_82' title="bbox 1919 1924 3572 1998">
     <span class='ocr_line' id='line_1_82' title="bbox 1919 1924 3572 1998; baseline -0.001 -19"><span class='ocrx_word' id='word_1_573' title='bbox 1919 1924 2210 1980; x_wconf 87' lang='lat' dir='ltr'><strong>admissum</strong></span> <span class='ocrx_word' id='word_1_574' title='bbox 2239 1932 2314 1980; x_wconf 86' lang='lat' dir='ltr'><strong>est</strong></span> <span class='ocrx_word' id='word_1_575' title='bbox 2335 1925 2649 1997; x_wconf 84' lang='lat' dir='ltr'><strong>possidere,-</strong></span> <span class='ocrx_word' id='word_1_576' title='bbox 2682 1926 3013 1998; x_wconf 90' lang='lat' dir='ltr'><strong>pessimum</strong></span> <span class='ocrx_word' id='word_1_577' title='bbox 3037 1925 3350 1980; x_wconf 90' lang='lat' dir='ltr'><strong>hominum</strong></span> <span class='ocrx_word' id='word_1_578' title='bbox 3383 1939 3572 1994; x_wconf 84' lang='lat' dir='ltr'><strong>genus</strong></span> 
     </span>
    </p>
   </div>
   <div class='ocr_carea' id='block_1_83' title="bbox 1919 2011 3570 2085">
    <p class='ocr_par' dir='ltr' id='par_1_83' title="bbox 1919 2011 3570 2085">
     <span class='ocr_line' id='line_1_83' title="bbox 1919 2011 3570 2085; baseline 0 -18"><span class='ocrx_word' id='word_1_579' title='bbox 1919 2027 2382 2082; x_wconf 86' lang='lat' dir='ltr'><strong>commemoras,</strong></span> <span class='ocrx_word' id='word_1_580' title='bbox 2401 2014 2495 2069; x_wconf 91' lang='lat' dir='ltr'><strong>cui</strong></span> <span class='ocrx_word' id='word_1_581' title='bbox 2523 2012 2853 2085; x_wconf 67' lang='lat' dir='ltr'><strong>paenitendi</strong></span> <span class='ocrx_word' id='word_1_582' title='bbox 2872 2012 3170 2067; x_wconf 88' lang='lat' dir='ltr'><strong>medicina</strong></span> <span class='ocrx_word' id='word_1_583' title='bbox 3187 2011 3433 2067; x_wconf 89' lang='lat' dir='ltr'><strong>omnino</strong></span> <span class='ocrx_word' id='word_1_584' title='bbox 3451 2027 3570 2067; x_wconf 90' lang='lat' dir='ltr'><strong>non</strong></span> 
     </span>
    </p>
   </div>
   <div class='ocr_carea' id='block_1_84' title="bbox 1920 2100 3566 2173">
    <p class='ocr_par' dir='ltr' id='par_1_84' title="bbox 1920 2100 3566 2173">
     <span class='ocr_line' id='line_1_84' title="bbox 1920 2100 3566 2173; baseline -0.001 -17"><span class='ocrx_word' id='word_1_585' title='bbox 1920 2100 2186 2172; x_wconf 89' lang='lat' dir='ltr'><strong>prodest.</strong></span> <span class='ocrx_word' id='word_1_586' title='bbox 2204 2102 2261 2157; x_wconf 96' lang='lat' dir='ltr'><strong>Si</strong></span> <span class='ocrx_word' id='word_1_587' title='bbox 2284 2102 2444 2158; x_wconf 91' lang='lat' dir='ltr'><strong>enim</strong></span> <span class='ocrx_word' id='word_1_588' title='bbox 2458 2117 2552 2158; x_wconf 84' lang='lat' dir='ltr'><strong>res</strong></span> <span class='ocrx_word' id='word_1_589' title='bbox 2567 2101 3035 2173; x_wconf 88' lang='lat' dir='ltr'><strong>aliena,propter</strong></span> <span class='ocrx_word' id='word_1_590' title='bbox 3046 2117 3230 2173; x_wconf 87' lang='lat' dir='ltr'><strong>quam</strong></span> <span class='ocrx_word' id='word_1_591' title='bbox 3250 2104 3566 2172; x_wconf 87' lang='lat' dir='ltr'><strong>peccatum</strong></span> 
     </span>
    </p>
   </div>
   <div class='ocr_carea' id='block_1_85' title="bbox 1918 2190 3565 2262">
    <p class='ocr_par' dir='ltr' id='par_1_85' title="bbox 1918 2190 3565 2262">
     <span class='ocr_line' id='line_1_85' title="bbox 1918 2190 3565 2262; baseline 0 -18"><span class='ocrx_word' id='word_1_592' title='bbox 1918 2193 2024 2255; x_wconf 88' lang='lat' dir='ltr'><strong>est,</strong></span> <span class='ocrx_word' id='word_1_593' title='bbox 2054 2205 2191 2245; x_wconf 89' lang='lat' dir='ltr'><strong>cum</strong></span> <span class='ocrx_word' id='word_1_594' title='bbox 2220 2190 2386 2246; x_wconf 91' lang='lat' dir='ltr'><strong>reddi</strong></span> <span class='ocrx_word' id='word_1_595' title='bbox 2407 2192 2617 2262; x_wconf 89' lang='lat' dir='ltr'><strong>possit,</strong></span> <span class='ocrx_word' id='word_1_596' title='bbox 2649 2206 2771 2246; x_wconf 92' lang='lat' dir='ltr'><strong>non</strong></span> <span class='ocrx_word' id='word_1_597' title='bbox 2796 2190 3077 2255; x_wconf 90' lang='lat' dir='ltr'><strong>redditur,</strong></span> <span class='ocrx_word' id='word_1_598' title='bbox 3101 2205 3223 2246; x_wconf 92' lang='lat' dir='ltr'><strong>non</strong></span> <span class='ocrx_word' id='word_1_599' title='bbox 3237 2190 3433 2259; x_wconf 89' lang='lat' dir='ltr'><strong>agitur</strong></span> <span class='ocrx_word' id='word_1_600' title='bbox 3445 2204 3565 2261; x_wconf 74' lang='lat' dir='ltr'><strong>pca-</strong></span> 
     </span>
    </p>
   </div>
   <div class='ocr_carea' id='block_1_86' title="bbox 1916 2277 3563 2352">
    <p class='ocr_par' dir='ltr' id='par_1_86' title="bbox 1916 2277 3563 2352">
     <span class='ocr_line' id='line_1_86' title="bbox 1916 2277 3563 2352; baseline -0.001 -19"><span class='ocrx_word' id='word_1_601' title='bbox 1916 2277 2298 2345; x_wconf 87' lang='lat' dir='ltr'><strong>nitentia,sed</strong></span> <span class='ocrx_word' id='word_1_602' title='bbox 2315 2280 2588 2352; x_wconf 88' lang='lat' dir='ltr'><strong>ﬁngitur:</strong></span> <span class='ocrx_word' id='word_1_603' title='bbox 2623 2280 2673 2335; x_wconf 90' lang='lat' dir='ltr'><strong>si</strong></span> <span class='ocrx_word' id='word_1_604' title='bbox 2688 2283 2890 2336; x_wconf 87' lang='lat' dir='ltr'><strong>autem</strong></span> <span class='ocrx_word' id='word_1_605' title='bbox 2915 2279 3202 2335; x_wconf 87' lang='lat' dir='ltr'><strong>veraciter</strong></span> <span class='ocrx_word' id='word_1_606' title='bbox 3223 2280 3563 2351; x_wconf 87' lang='lat' dir='ltr'><strong>agitur,non</strong></span> 
     </span>
    </p>
   </div>
   <div class='ocr_carea' id='block_1_87' title="bbox 1914 2366 3564 2440">
    <p class='ocr_par' dir='ltr' id='par_1_87' title="bbox 1914 2366 3564 2440">
     <span class='ocr_line' id='line_1_87' title="bbox 1914 2366 3564 2440; baseline 0 -17"><span class='ocrx_word' id='word_1_607' title='bbox 1914 2367 2244 2424; x_wconf 88' lang='lat' dir='ltr'><strong>remittetur</strong></span> <span class='ocrx_word' id='word_1_608' title='bbox 2274 2374 2604 2440; x_wconf 86' lang='lat' dir='ltr'><strong>peccatum,</strong></span> <span class='ocrx_word' id='word_1_609' title='bbox 2628 2369 2738 2424; x_wconf 92' lang='lat' dir='ltr'><strong>nisi</strong></span> <span class='ocrx_word' id='word_1_610' title='bbox 2754 2369 3097 2424; x_wconf 89' lang='lat' dir='ltr'><strong>restituatur</strong></span> <span class='ocrx_word' id='word_1_611' title='bbox 3118 2366 3415 2439; x_wconf 87' lang='lat' dir='ltr'><strong>ablatum;</strong></span> <span class='ocrx_word' id='word_1_612' title='bbox 3435 2368 3564 2432; x_wconf 91' lang='lat' dir='ltr'><strong>sed,</strong></span> 
     </span>
    </p>
   </div>
   <div class='ocr_carea' id='block_1_88' title="bbox 1916 2456 3567 2530">
    <p class='ocr_par' dir='ltr' id='par_1_88' title="bbox 1916 2456 3567 2530">
     <span class='ocr_line' id='line_1_88' title="bbox 1916 2456 3567 2530; baseline 0 -18"><span class='ocrx_word' id='word_1_613' title='bbox 1916 2460 1980 2512; x_wconf 85' lang='lat' dir='ltr'><strong>ut</strong></span> <span class='ocrx_word' id='word_1_614' title='bbox 2008 2456 2155 2524; x_wconf 84' lang='lat' dir='ltr'><strong>dixi,</strong></span> <span class='ocrx_word' id='word_1_615' title='bbox 2188 2472 2325 2513; x_wconf 91' lang='lat' dir='ltr'><strong>cum</strong></span> <span class='ocrx_word' id='word_1_616' title='bbox 2358 2458 2581 2514; x_wconf 88' lang='lat' dir='ltr'><strong>restitui</strong></span> <span class='ocrx_word' id='word_1_617' title='bbox 2638 2461 2851 2530; x_wconf 90' lang='lat' dir='ltr'><strong>potest.</strong></span> <span class='ocrx_word' id='word_1_618' title='bbox 2890 2456 3242 2529; x_wconf 89' lang='lat' dir='ltr'><strong>Plerumque</strong></span> <span class='ocrx_word' id='word_1_619' title='bbox 3271 2457 3429 2511; x_wconf 88' lang='lat' dir='ltr'><strong>enim</strong></span> <span class='ocrx_word' id='word_1_620' title='bbox 3463 2457 3567 2529; x_wconf 92' lang='lat' dir='ltr'><strong>qui</strong></span> 
     </span>
    </p>
   </div>
   <div class='ocr_carea' id='block_1_89' title="bbox 1913 2543 3567 2619">
    <p class='ocr_par' dir='ltr' id='par_1_89' title="bbox 1913 2543 3567 2619">
     <span class='ocr_line' id='line_1_89' title="bbox 1913 2543 3567 2619; baseline 0.001 -19"><span class='ocrx_word' id='word_1_621' title='bbox 1913 2543 2121 2610; x_wconf 87' lang='lat' dir='ltr'><strong>aufert,</strong></span> <span class='ocrx_word' id='word_1_622' title='bbox 2146 2545 2395 2612; x_wconf 89' lang='lat' dir='ltr'><strong>amittit;</strong></span> <span class='ocrx_word' id='word_1_623' title='bbox 2424 2546 2547 2601; x_wconf 92' lang='lat' dir='ltr'><strong>sive</strong></span> <span class='ocrx_word' id='word_1_624' title='bbox 2572 2546 2721 2602; x_wconf 88' lang='lat' dir='ltr'><strong>alios</strong></span> <span class='ocrx_word' id='word_1_625' title='bbox 2750 2545 3036 2619; x_wconf 88' lang='lat' dir='ltr'><strong>patiendo</strong></span> <span class='ocrx_word' id='word_1_626' title='bbox 3067 2545 3413 2612; x_wconf 89' lang='lat' dir='ltr'><strong>malos,sive</strong></span> <span class='ocrx_word' id='word_1_627' title='bbox 3439 2546 3567 2617; x_wconf 92' lang='lat' dir='ltr'><strong>ipse</strong></span> 
     </span>
    </p>
   </div>
   <div class='ocr_carea' id='block_1_90' title="bbox 1913 2633 3565 2701">
    <p class='ocr_par' dir='ltr' id='par_1_90' title="bbox 1913 2633 3565 2701">
     <span class='ocr_line' id='line_1_90' title="bbox 1913 2633 3565 2701; baseline 0.001 -13"><span class='ocrx_word' id='word_1_628' title='bbox 1913 2633 2068 2690; x_wconf 89' lang='lat' dir='ltr'><strong>male</strong></span> <span class='ocrx_word' id='word_1_629' title='bbox 2086 2635 2364 2701; x_wconf 89' lang='lat' dir='ltr'><strong>vivendo,</strong></span> <span class='ocrx_word' id='word_1_630' title='bbox 2399 2650 2508 2691; x_wconf 92' lang='lat' dir='ltr'><strong>nec</strong></span> <span class='ocrx_word' id='word_1_631' title='bbox 2521 2635 2684 2692; x_wconf 91' lang='lat' dir='ltr'><strong>aliud</strong></span> <span class='ocrx_word' id='word_1_632' title='bbox 2713 2636 2895 2692; x_wconf 88' lang='lat' dir='ltr'><strong>habet</strong></span> <span class='ocrx_word' id='word_1_633' title='bbox 2921 2634 3081 2691; x_wconf 90' lang='lat' dir='ltr'><strong>unde</strong></span> <span class='ocrx_word' id='word_1_634' title='bbox 3112 2635 3394 2691; x_wconf 90' lang='lat' dir='ltr'><strong>restituat.</strong></span> <span class='ocrx_word' id='word_1_635' title='bbox 3422 2635 3565 2690; x_wconf 89' lang='lat' dir='ltr'><strong>Huic</strong></span> 
     </span>
    </p>
   </div>
   <div class='ocr_carea' id='block_1_91' title="bbox 1910 2724 3563 2797">
    <p class='ocr_par' dir='ltr' id='par_1_91' title="bbox 1910 2724 3563 2797">
     <span class='ocr_line' id='line_1_91' title="bbox 1910 2724 3563 2797; baseline 0.001 -20"><span class='ocrx_word' id='word_1_636' title='bbox 1910 2729 2064 2780; x_wconf 90' lang='lat' dir='ltr'><strong>certe</strong></span> <span class='ocrx_word' id='word_1_637' title='bbox 2090 2739 2212 2780; x_wconf 93' lang='lat' dir='ltr'><strong>non</strong></span> <span class='ocrx_word' id='word_1_638' title='bbox 2235 2741 2560 2797; x_wconf 90' lang='lat' dir='ltr'><strong>possumus</strong></span> <span class='ocrx_word' id='word_1_639' title='bbox 2590 2725 2805 2791; x_wconf 88' lang='lat' dir='ltr'><strong>dicere,</strong></span> <span class='ocrx_word' id='word_1_640' title='bbox 2823 2725 3022 2781; x_wconf 86' lang='lat' dir='ltr'><strong>Redde</strong></span> <span class='ocrx_word' id='word_1_641' title='bbox 3045 2724 3212 2797; x_wconf 91' lang='lat' dir='ltr'><strong>quod</strong></span> <span class='ocrx_word' id='word_1_642' title='bbox 3239 2724 3563 2791; x_wconf 86' lang='lat' dir='ltr'><strong>abstulisti,</strong></span> 
     </span>
    </p>
   </div>
   <div class='ocr_carea' id='block_1_92' title="bbox 1910 2813 3565 2885">
    <p class='ocr_par' dir='ltr' id='par_1_92' title="bbox 1910 2813 3565 2885">
     <span class='ocr_line' id='line_1_92' title="bbox 1910 2813 3565 2885; baseline 0 -17"><span class='ocrx_word' id='word_1_643' title='bbox 1910 2813 2021 2868; x_wconf 90' lang='lat' dir='ltr'><strong>nisi</strong></span> <span class='ocrx_word' id='word_1_644' title='bbox 2050 2829 2187 2869; x_wconf 93' lang='lat' dir='ltr'><strong>cum</strong></span> <span class='ocrx_word' id='word_1_645' title='bbox 2214 2830 2353 2869; x_wconf 89' lang='lat' dir='ltr'><strong>eum</strong></span> <span class='ocrx_word' id='word_1_646' title='bbox 2375 2814 2597 2870; x_wconf 90' lang='lat' dir='ltr'><strong>habere</strong></span> <span class='ocrx_word' id='word_1_647' title='bbox 2622 2813 2925 2870; x_wconf 90' lang='lat' dir='ltr'><strong>credimus</strong></span> <span class='ocrx_word' id='word_1_648' title='bbox 2948 2820 3004 2870; x_wconf 92' lang='lat' dir='ltr'><strong>et</strong></span> <span class='ocrx_word' id='word_1_649' title='bbox 3026 2829 3267 2884; x_wconf 87' lang='lat' dir='ltr'><strong>negare.</strong></span> <span class='ocrx_word' id='word_1_650' title='bbox 3300 2813 3407 2869; x_wconf 92' lang='lat' dir='ltr'><strong>Ubi</strong></span> <span class='ocrx_word' id='word_1_651' title='bbox 3429 2814 3565 2885; x_wconf 87' lang='lat' dir='ltr'><strong>qui-</strong></span> 
     </span>
    </p>
   </div>
   <div class='ocr_carea' id='block_1_93' title="bbox 1909 2901 3563 2975">
    <p class='ocr_par' dir='ltr' id='par_1_93' title="bbox 1909 2901 3563 2975">
     <span class='ocr_line' id='line_1_93' title="bbox 1909 2901 3563 2975; baseline 0 -18"><span class='ocrx_word' id='word_1_652' title='bbox 1909 2902 2049 2957; x_wconf 91' lang='lat' dir='ltr'><strong>dem</strong></span> <span class='ocrx_word' id='word_1_653' title='bbox 2072 2902 2120 2957; x_wconf 90' lang='lat' dir='ltr'><strong>si</strong></span> <span class='ocrx_word' id='word_1_654' title='bbox 2148 2902 2377 2974; x_wconf 90' lang='lat' dir='ltr'><strong>aliquos</strong></span> <span class='ocrx_word' id='word_1_655' title='bbox 2401 2903 2653 2959; x_wconf 89' lang='lat' dir='ltr'><strong>sustinet</strong></span> <span class='ocrx_word' id='word_1_656' title='bbox 2682 2918 2718 2959; x_wconf 91' lang='lat' dir='ltr'><strong>a</strong></span> <span class='ocrx_word' id='word_1_657' title='bbox 2739 2907 3041 2975; x_wconf 82' lang='lat' dir='ltr'><strong>repetente</strong></span> <span class='ocrx_word' id='word_1_658' title='bbox 3069 2904 3387 2968; x_wconf 86' lang='lat' dir='ltr'><strong>cruciatus,</strong></span> <span class='ocrx_word' id='word_1_659' title='bbox 3415 2901 3563 2957; x_wconf 89' lang='lat' dir='ltr'><strong>dum</strong></span> 
     </span>
    </p>
   </div>
   <div class='ocr_carea' id='block_1_94' title="bbox 1909 2988 3566 3062">
    <p class='ocr_par' dir='ltr' id='par_1_94' title="bbox 1909 2988 3566 3062">
     <span class='ocr_line' id='line_1_94' title="bbox 1909 2988 3566 3062; baseline 0.001 -19"><span class='ocrx_word' id='word_1_660' title='bbox 1909 2988 2275 3046; x_wconf 82' lang='lat' dir='ltr'><strong>existimatur</strong></span> <span class='ocrx_word' id='word_1_661' title='bbox 2304 2990 2526 3046; x_wconf 90' lang='lat' dir='ltr'><strong>habere</strong></span> <span class='ocrx_word' id='word_1_662' title='bbox 2556 2990 2723 3061; x_wconf 87' lang='lat' dir='ltr'><strong>quod</strong></span> <span class='ocrx_word' id='word_1_663' title='bbox 2759 2990 2994 3060; x_wconf 86' lang='lat' dir='ltr'><strong>reddat,</strong></span> <span class='ocrx_word' id='word_1_664' title='bbox 3025 2989 3192 3045; x_wconf 90' lang='lat' dir='ltr'><strong>nulla</strong></span> <span class='ocrx_word' id='word_1_665' title='bbox 3221 2993 3313 3045; x_wconf 88' lang='lat' dir='ltr'><strong>est</strong></span> <span class='ocrx_word' id='word_1_666' title='bbox 3342 2990 3566 3062; x_wconf 90' lang='lat' dir='ltr'><strong>iniqui-</strong></span> 
     </span>
    </p>
   </div>
   <div class='ocr_carea' id='block_1_95' title="bbox 1909 3078 3559 3151">
    <p class='ocr_par' dir='ltr' id='par_1_95' title="bbox 1909 3078 3559 3151">
     <span class='ocr_line' id='line_1_95' title="bbox 1909 3078 3559 3151; baseline -0.001 -16"><span class='ocrx_word' id='word_1_667' title='bbox 1909 3082 2000 3135; x_wconf 89' lang='lat' dir='ltr'><strong>tas</strong></span> <span class='ocrx_word' id='word_1_668' title='bbox 2027 3093 2041 3145; x_wconf 90' lang='lat'><strong>;</strong></span> <span class='ocrx_word' id='word_1_669' title='bbox 2067 3078 2213 3151; x_wconf 88' lang='lat' dir='ltr'><strong>quia</strong></span> <span class='ocrx_word' id='word_1_670' title='bbox 2225 3079 2333 3135; x_wconf 87' lang='lat' dir='ltr'><strong>etsi</strong></span> <span class='ocrx_word' id='word_1_671' title='bbox 2356 3094 2478 3134; x_wconf 92' lang='lat' dir='ltr'><strong>non</strong></span> <span class='ocrx_word' id='word_1_672' title='bbox 2503 3085 2594 3134; x_wconf 88' lang='lat' dir='ltr'><strong>est</strong></span> <span class='ocrx_word' id='word_1_673' title='bbox 2613 3079 2906 3135; x_wconf 90' lang='lat' dir='ltr'><strong>undeluat</strong></span> <span class='ocrx_word' id='word_1_674' title='bbox 2928 3078 3193 3134; x_wconf 90' lang='lat' dir='ltr'><strong>ablatam</strong></span> <span class='ocrx_word' id='word_1_675' title='bbox 3218 3078 3559 3150; x_wconf 90' lang='lat' dir='ltr'><strong>pecuniam,</strong></span> 
     </span>
    </p>
   </div>
   <div class='ocr_carea' id='block_1_96' title="bbox 1911 3166 3563 3238">
    <p class='ocr_par' dir='ltr' id='par_1_96' title="bbox 1911 3166 3563 3238">
     <span class='ocr_line' id='line_1_96' title="bbox 1911 3166 3563 3238; baseline 0 -17"><span class='ocrx_word' id='word_1_676' title='bbox 1911 3166 2120 3222; x_wconf 90' lang='lat' dir='ltr'><strong>merito</strong></span> <span class='ocrx_word' id='word_1_677' title='bbox 2153 3170 2353 3222; x_wconf 88' lang='lat' dir='ltr'><strong>tamen</strong></span> <span class='ocrx_word' id='word_1_678' title='bbox 2382 3166 2529 3223; x_wconf 90' lang='lat' dir='ltr'><strong>dum</strong></span> <span class='ocrx_word' id='word_1_679' title='bbox 2580 3182 2711 3223; x_wconf 89' lang='lat' dir='ltr'><strong>eam</strong></span> <span class='ocrx_word' id='word_1_680' title='bbox 2749 3182 2856 3238; x_wconf 89' lang='lat' dir='ltr'><strong>per</strong></span> <span class='ocrx_word' id='word_1_681' title='bbox 2886 3166 3189 3222; x_wconf 87' lang='lat' dir='ltr'><strong>molestias</strong></span> <span class='ocrx_word' id='word_1_682' title='bbox 3220 3166 3563 3237; x_wconf 91' lang='lat' dir='ltr'><strong>corporales</strong></span> 
     </span>
    </p>
   </div>
   <div class='ocr_carea' id='block_1_97' title="bbox 1906 3253 3560 3328">
    <p class='ocr_par' dir='ltr' id='par_1_97' title="bbox 1906 3253 3560 3328">
     <span class='ocr_line' id='line_1_97' title="bbox 1906 3253 3560 3328; baseline 0.002 -20"><span class='ocrx_word' id='word_1_683' title='bbox 1906 3253 2219 3310; x_wconf 88' lang='lat' dir='ltr'><strong>redhibere</strong></span> <span class='ocrx_word' id='word_1_684' title='bbox 2263 3254 2659 3326; x_wconf 88' lang='lat' dir='ltr'><strong>compellitur,</strong></span> <span class='ocrx_word' id='word_1_685' title='bbox 2708 3256 2939 3328; x_wconf 84' lang='lat' dir='ltr'><strong>peccati</strong></span> <span class='ocrx_word' id='word_1_686' title='bbox 2971 3271 3095 3328; x_wconf 91' lang='lat' dir='ltr'><strong>quo</strong></span> <span class='ocrx_word' id='word_1_687' title='bbox 3150 3255 3305 3311; x_wconf 90' lang='lat' dir='ltr'><strong>male</strong></span> <span class='ocrx_word' id='word_1_688' title='bbox 3358 3256 3560 3312; x_wconf 88' lang='lat' dir='ltr'><strong>ablata</strong></span> 
     </span>
    </p>
   </div>
   <div class='ocr_carea' id='block_1_98' title="bbox 1907 3343 3561 3417">
    <p class='ocr_par' dir='ltr' id='par_1_98' title="bbox 1907 3343 3561 3417">
     <span class='ocr_line' id='line_1_98' title="bbox 1907 3343 3561 3417; baseline 0.001 -19"><span class='ocrx_word' id='word_1_689' title='bbox 1907 3348 2012 3409; x_wconf 91' lang='lat' dir='ltr'><strong>est,</strong></span> <span class='ocrx_word' id='word_1_690' title='bbox 2036 3358 2249 3414; x_wconf 74' lang='lat' dir='ltr'><strong>pmuas</strong></span> <span class='ocrx_word' id='word_1_691' title='bbox 2277 3343 2403 3401; x_wconf 89' lang='lat' dir='ltr'><strong>luit.</strong></span> <span class='ocrx_word' id='word_1_692' title='bbox 2423 3343 2541 3400; x_wconf 91' lang='lat' dir='ltr'><strong>Sed</strong></span> <span class='ocrx_word' id='word_1_693' title='bbox 2569 3344 2970 3401; x_wconf 89' lang='lat' dir='ltr'><strong>inhumanum</strong></span> <span class='ocrx_word' id='word_1_694' title='bbox 2993 3359 3116 3401; x_wconf 91' lang='lat' dir='ltr'><strong>non</strong></span> <span class='ocrx_word' id='word_1_695' title='bbox 3138 3350 3226 3401; x_wconf 89' lang='lat' dir='ltr'><strong>est</strong></span> <span class='ocrx_word' id='word_1_696' title='bbox 3254 3344 3431 3401; x_wconf 90' lang='lat' dir='ltr'><strong>etiam</strong></span> <span class='ocrx_word' id='word_1_697' title='bbox 3453 3360 3561 3417; x_wconf 91' lang='lat' dir='ltr'><strong>pro</strong></span> 
     </span>
    </p>
   </div>
   <div class='ocr_carea' id='block_1_99' title="bbox 1907 3432 3559 3506">
    <p class='ocr_par' dir='ltr' id='par_1_99' title="bbox 1907 3432 3559 3506">
     <span class='ocr_line' id='line_1_99' title="bbox 1907 3432 3559 3506; baseline 0.002 -19"><span class='ocrx_word' id='word_1_698' title='bbox 1907 3432 2125 3488; x_wconf 89' lang='lat' dir='ltr'><strong>talibus</strong></span> <span class='ocrx_word' id='word_1_699' title='bbox 2150 3432 2535 3499; x_wconf 87' lang='lat' dir='ltr'><strong>intercedere,</strong></span> <span class='ocrx_word' id='word_1_700' title='bbox 2568 3439 2856 3506; x_wconf 90' lang='lat' dir='ltr'><strong>tanquam</strong></span> <span class='ocrx_word' id='word_1_701' title='bbox 2887 3450 2996 3506; x_wconf 91' lang='lat' dir='ltr'><strong>pro</strong></span> <span class='ocrx_word' id='word_1_702' title='bbox 3049 3434 3165 3490; x_wconf 90' lang='lat' dir='ltr'><strong>reis</strong></span> <span class='ocrx_word' id='word_1_703' title='bbox 3199 3434 3517 3490; x_wconf 89' lang='lat' dir='ltr'><strong>criminum</strong></span> <span class='ocrx_word' id='word_1_704' title='bbox 3546 3451 3559 3501; x_wconf 93' lang='lat'>;</span> 
     </span>
    </p>
   </div>
   <div class='ocr_carea' id='block_1_100' title="bbox 1905 3521 3562 3590">
    <p class='ocr_par' dir='ltr' id='par_1_100' title="bbox 1905 3521 3562 3590">
     <span class='ocr_line' id='line_1_100' title="bbox 1905 3521 3562 3590; baseline 0.002 -13"><span class='ocrx_word' id='word_1_705' title='bbox 1905 3536 2028 3577; x_wconf 93' lang='lat' dir='ltr'><strong>non</strong></span> <span class='ocrx_word' id='word_1_706' title='bbox 2054 3521 2133 3577; x_wconf 89' lang='lat' dir='ltr'><strong>ad</strong></span> <span class='ocrx_word' id='word_1_707' title='bbox 2163 3522 2276 3577; x_wconf 89' lang='lat' dir='ltr'><strong>hoc</strong></span> <span class='ocrx_word' id='word_1_708' title='bbox 2308 3527 2371 3579; x_wconf 91' lang='lat' dir='ltr'><strong>ut</strong></span> <span class='ocrx_word' id='word_1_709' title='bbox 2401 3522 2649 3579; x_wconf 90' lang='lat' dir='ltr'><strong>minime</strong></span> <span class='ocrx_word' id='word_1_710' title='bbox 2676 3523 3060 3580; x_wconf 87' lang='lat' dir='ltr'><strong>restituantur</strong></span> <span class='ocrx_word' id='word_1_711' title='bbox 3085 3523 3302 3590; x_wconf 90' lang='lat' dir='ltr'><strong>aliena,</strong></span> <span class='ocrx_word' id='word_1_712' title='bbox 3352 3523 3457 3579; x_wconf 90' lang='lat' dir='ltr'><strong>sed</strong></span> <span class='ocrx_word' id='word_1_713' title='bbox 3487 3539 3562 3580; x_wconf 91' lang='lat' dir='ltr'><strong>ne</strong></span> 
     </span>
    </p>
   </div>
   <div class='ocr_carea' id='block_1_101' title="bbox 1904 3608 3561 3685">
    <p class='ocr_par' dir='ltr' id='par_1_101' title="bbox 1904 3608 3561 3685">
     <span class='ocr_line' id='line_1_101' title="bbox 1904 3608 3561 3685; baseline 0.003 -21"><span class='ocrx_word' id='word_1_714' title='bbox 1904 3608 2124 3666; x_wconf 90' lang='lat' dir='ltr'><strong>frustra</strong></span> <span class='ocrx_word' id='word_1_715' title='bbox 2176 3610 2363 3667; x_wconf 91' lang='lat' dir='ltr'><strong>homo</strong></span> <span class='ocrx_word' id='word_1_716' title='bbox 2396 3612 2450 3666; x_wconf 90' lang='lat' dir='ltr'><strong>in</strong></span> <span class='ocrx_word' id='word_1_717' title='bbox 2484 3612 2795 3668; x_wconf 88' lang='lat' dir='ltr'><strong>hominem</strong></span> <span class='ocrx_word' id='word_1_718' title='bbox 2828 3612 3051 3679; x_wconf 78' lang='lat' dir='ltr'><strong>saeviat,</strong></span> <span class='ocrx_word' id='word_1_719' title='bbox 3085 3611 3199 3668; x_wconf 66' lang='lat' dir='ltr'><strong>illa:</strong></span> <span class='ocrx_word' id='word_1_720' title='bbox 3228 3613 3561 3685; x_wconf 68' lang='lat' dir='ltr'><strong>prmsertim</strong></span> 
     </span>
    </p>
   </div>
   <div class='ocr_carea' id='block_1_102' title="bbox 1904 3698 3563 3772">
    <p class='ocr_par' dir='ltr' id='par_1_102' title="bbox 1904 3698 3563 3772">
     <span class='ocr_line' id='line_1_102' title="bbox 1904 3698 3563 3772; baseline 0.003 -19"><span class='ocrx_word' id='word_1_721' title='bbox 1904 3698 2008 3769; x_wconf 90' lang='lat' dir='ltr'><strong>qui</strong></span> <span class='ocrx_word' id='word_1_722' title='bbox 2033 3698 2161 3769; x_wconf 91' lang='lat' dir='ltr'><strong>jam</strong></span> <span class='ocrx_word' id='word_1_723' title='bbox 2192 3699 2425 3755; x_wconf 90' lang='lat' dir='ltr'><strong>remisit</strong></span> <span class='ocrx_word' id='word_1_724' title='bbox 2451 3700 2716 3772; x_wconf 91' lang='lat' dir='ltr'><strong>culpam,</strong></span> <span class='ocrx_word' id='word_1_725' title='bbox 2746 3701 2851 3755; x_wconf 92' lang='lat' dir='ltr'><strong>sed</strong></span> <span class='ocrx_word' id='word_1_726' title='bbox 2881 3700 3096 3772; x_wconf 70' lang='lat' dir='ltr'><strong>quaerit</strong></span> <span class='ocrx_word' id='word_1_727' title='bbox 3124 3701 3470 3772; x_wconf 89' lang='lat' dir='ltr'><strong>pecuniam,</strong></span> <span class='ocrx_word' id='word_1_728' title='bbox 3504 3706 3563 3758; x_wconf 91' lang='lat' dir='ltr'><strong>et</strong></span> 
     </span>
    </p>
   </div>
   <div class='ocr_carea' id='block_1_103' title="bbox 1904 3785 3560 3861">
    <p class='ocr_par' dir='ltr' id='par_1_103' title="bbox 1904 3785 3560 3861">
     <span class='ocr_line' id='line_1_103' title="bbox 1904 3785 3560 3861; baseline 0.003 -19"><span class='ocrx_word' id='word_1_729' title='bbox 1904 3787 1953 3842; x_wconf 92' lang='lat' dir='ltr'><strong>si</strong></span> <span class='ocrx_word' id='word_1_730' title='bbox 1982 3785 2247 3844; x_wconf 86' lang='lat' dir='ltr'><strong>fraudari</strong></span> <span class='ocrx_word' id='word_1_731' title='bbox 2272 3789 2495 3853; x_wconf 88' lang='lat' dir='ltr'><strong>metuit,</strong></span> <span class='ocrx_word' id='word_1_732' title='bbox 2530 3804 2651 3845; x_wconf 93' lang='lat' dir='ltr'><strong>non</strong></span> <span class='ocrx_word' id='word_1_733' title='bbox 2683 3789 2902 3861; x_wconf 86' lang='lat' dir='ltr'><strong>expetit</strong></span> <span class='ocrx_word' id='word_1_734' title='bbox 2930 3788 3236 3846; x_wconf 85' lang='lat' dir='ltr'><strong>vindicari.</strong></span> <span class='ocrx_word' id='word_1_735' title='bbox 3295 3790 3560 3861; x_wconf 87' lang='lat' dir='ltr'><strong>Denique</strong></span> 
     </span>
    </p>
   </div>
   <div class='ocr_carea' id='block_1_104' title="bbox 1904 3874 3557 3950">
    <p class='ocr_par' dir='ltr' id='par_1_104' title="bbox 1904 3874 3557 3950">
     <span class='ocr_line' id='line_1_104' title="bbox 1904 3874 3557 3950; baseline 0.002 -20"><span class='ocrx_word' id='word_1_736' title='bbox 1904 3874 1964 3930; x_wconf 93' lang='lat' dir='ltr'><strong>in</strong></span> <span class='ocrx_word' id='word_1_737' title='bbox 1996 3875 2215 3931; x_wconf 90' lang='lat' dir='ltr'><strong>talibus</strong></span> <span class='ocrx_word' id='word_1_738' title='bbox 2235 3877 2457 3943; x_wconf 89' lang='lat' dir='ltr'><strong>causis,</strong></span> <span class='ocrx_word' id='word_1_739' title='bbox 2483 3878 2529 3933; x_wconf 91' lang='lat' dir='ltr'><strong>si</strong></span> <span class='ocrx_word' id='word_1_740' title='bbox 2548 3878 2911 3950; x_wconf 88' lang='lat' dir='ltr'><strong>persuadere</strong></span> <span class='ocrx_word' id='word_1_741' title='bbox 2928 3878 3302 3949; x_wconf 89' lang='lat' dir='ltr'><strong>potuerimus</strong></span> <span class='ocrx_word' id='word_1_742' title='bbox 3325 3893 3426 3934; x_wconf 89' lang='lat' dir='ltr'><strong>eos</strong></span> <span class='ocrx_word' id='word_1_743' title='bbox 3448 3892 3557 3949; x_wconf 93' lang='lat' dir='ltr'><strong>pro</strong></span> 
     </span>
    </p>
   </div>
   <div class='ocr_carea' id='block_1_105' title="bbox 1902 3963 3553 4040">
    <p class='ocr_par' dir='ltr' id='par_1_105' title="bbox 1902 3963 3553 4040">
     <span class='ocr_line' id='line_1_105' title="bbox 1902 3963 3553 4040; baseline 0.002 -21"><span class='ocrx_word' id='word_1_744' title='bbox 1902 3963 2124 4036; x_wconf 90' lang='lat' dir='ltr'><strong>quibus</strong></span> <span class='ocrx_word' id='word_1_745' title='bbox 2153 3965 2612 4035; x_wconf 89' lang='lat' dir='ltr'><strong>intervenimus,</strong></span> <span class='ocrx_word' id='word_1_746' title='bbox 2646 3981 2768 4022; x_wconf 92' lang='lat' dir='ltr'><strong>non</strong></span> <span class='ocrx_word' id='word_1_747' title='bbox 2820 3967 3041 4023; x_wconf 90' lang='lat' dir='ltr'><strong>habere</strong></span> <span class='ocrx_word' id='word_1_748' title='bbox 3067 3967 3233 4040; x_wconf 91' lang='lat' dir='ltr'><strong>quod</strong></span> <span class='ocrx_word' id='word_1_749' title='bbox 3264 3967 3553 4040; x_wconf 90' lang='lat' dir='ltr'><strong>poscitur,</strong></span> 
     </span>
    </p>
   </div>
   <div class='ocr_carea' id='block_1_106' title="bbox 1903 4054 3555 4128">
    <p class='ocr_par' dir='ltr' id='par_1_106' title="bbox 1903 4054 3555 4128">
     <span class='ocr_line' id='line_1_106' title="bbox 1903 4054 3555 4128; baseline 0.002 -20"><span class='ocrx_word' id='word_1_750' title='bbox 1903 4055 2189 4110; x_wconf 88' lang='lat' dir='ltr'><strong>continuo</strong></span> <span class='ocrx_word' id='word_1_751' title='bbox 2202 4054 2375 4111; x_wconf 93' lang='lat' dir='ltr'><strong>nobis</strong></span> <span class='ocrx_word' id='word_1_752' title='bbox 2387 4071 2590 4112; x_wconf 91' lang='lat' dir='ltr'><strong>eorum</strong></span> <span class='ocrx_word' id='word_1_753' title='bbox 2606 4054 2889 4113; x_wconf 64' lang='lat' dir='ltr'><strong>molestias</strong></span> <span class='ocrx_word' id='word_1_754' title='bbox 2901 4056 3555 4128; x_wconf 83' lang='lat' dir='ltr'><strong>relaxantur.Aliquan-</strong></span> 
     </span>
    </p>
   </div>
   <div class='ocr_carea' id='block_1_107' title="bbox 1902 4140 3555 4217">
    <p class='ocr_par' dir='ltr' id='par_1_107' title="bbox 1902 4140 3555 4217">
     <span class='ocr_line' id='line_1_107' title="bbox 1902 4140 3555 4217; baseline 0.003 -21"><span class='ocrx_word' id='word_1_755' title='bbox 1902 4140 1977 4196; x_wconf 92' lang='lat' dir='ltr'><strong>do</strong></span> <span class='ocrx_word' id='word_1_756' title='bbox 2002 4148 2202 4199; x_wconf 89' lang='lat' dir='ltr'><strong>autem</strong></span> <span class='ocrx_word' id='word_1_757' title='bbox 2232 4143 2649 4201; x_wconf 90' lang='lat' dir='ltr'><strong>misericordes</strong></span> <span class='ocrx_word' id='word_1_758' title='bbox 2678 4150 2735 4201; x_wconf 88' lang='lat' dir='ltr'><strong>et</strong></span> <span class='ocrx_word' id='word_1_759' title='bbox 2761 4146 2822 4200; x_wconf 92' lang='lat' dir='ltr'><strong>in</strong></span> <span class='ocrx_word' id='word_1_760' title='bbox 2844 4145 2978 4217; x_wconf 91' lang='lat' dir='ltr'><strong>ipso</strong></span> <span class='ocrx_word' id='word_1_761' title='bbox 3005 4145 3186 4202; x_wconf 93' lang='lat' dir='ltr'><strong>dubio</strong></span> <span class='ocrx_word' id='word_1_762' title='bbox 3210 4146 3423 4202; x_wconf 88' lang='lat' dir='ltr'><strong>nolunt</strong></span> <span class='ocrx_word' id='word_1_763' title='bbox 3449 4145 3555 4201; x_wconf 88' lang='lat' dir='ltr'><strong>ho-</strong></span> 
     </span>
    </p>
   </div>
   <div class='ocr_carea' id='block_1_108' title="bbox 1903 4229 3555 4307">
    <p class='ocr_par' dir='ltr' id='par_1_108' title="bbox 1903 4229 3555 4307">
     <span class='ocr_line' id='line_1_108' title="bbox 1903 4229 3555 4307; baseline 0.003 -22"><span class='ocrx_word' id='word_1_764' title='bbox 1903 4229 2171 4303; x_wconf 90' lang='lat' dir='ltr'><strong>minipro</strong></span> <span class='ocrx_word' id='word_1_765' title='bbox 2189 4232 2411 4289; x_wconf 89' lang='lat' dir='ltr'><strong>incerta</strong></span> <span class='ocrx_word' id='word_1_766' title='bbox 2426 4234 2681 4305; x_wconf 89' lang='lat' dir='ltr'><strong>pecunia</strong></span> <span class='ocrx_word' id='word_1_767' title='bbox 2701 4240 2862 4291; x_wconf 90' lang='lat' dir='ltr'><strong>certa</strong></span> <span class='ocrx_word' id='word_1_768' title='bbox 2884 4234 3098 4290; x_wconf 88' lang='lat' dir='ltr'><strong>inferre</strong></span> <span class='ocrx_word' id='word_1_769' title='bbox 3130 4234 3441 4307; x_wconf 91' lang='lat' dir='ltr'><strong>supplicia.</strong></span> <span class='ocrx_word' id='word_1_770' title='bbox 3464 4234 3555 4290; x_wconf 82' lang='lat' dir='ltr'><strong>Ad</strong></span> 
     </span>
    </p>
   </div>
   <div class='ocr_carea' id='block_1_109' title="bbox 1901 4319 3555 4395">
    <p class='ocr_par' dir='ltr' id='par_1_109' title="bbox 1901 4319 3555 4395">
     <span class='ocr_line' id='line_1_109' title="bbox 1901 4319 3555 4395; baseline 0.002 -21"><span class='ocrx_word' id='word_1_771' title='bbox 1901 4319 2059 4375; x_wconf 88' lang='lat' dir='ltr'><strong>hanc</strong></span> <span class='ocrx_word' id='word_1_772' title='bbox 2090 4322 2559 4379; x_wconf 89' lang='lat' dir='ltr'><strong>misericordiam</strong></span> <span class='ocrx_word' id='word_1_773' title='bbox 2612 4339 2719 4378; x_wconf 86' lang='lat' dir='ltr'><strong>vos</strong></span> <span class='ocrx_word' id='word_1_774' title='bbox 2775 4323 2955 4379; x_wconf 90' lang='lat' dir='ltr'><strong>etiam</strong></span> <span class='ocrx_word' id='word_1_775' title='bbox 3008 4339 3119 4379; x_wconf 92' lang='lat' dir='ltr'><strong>nos</strong></span> <span class='ocrx_word' id='word_1_776' title='bbox 3152 4338 3478 4395; x_wconf 90' lang='lat' dir='ltr'><strong>provocare</strong></span> <span class='ocrx_word' id='word_1_777' title='bbox 3498 4327 3555 4378; x_wconf 89' lang='lat' dir='ltr'><strong>et</strong></span> 
     </span>
    </p>
   </div>
   <div class='ocr_carea' id='block_1_110' title="bbox 1902 4409 3556 4477">
    <p class='ocr_par' dir='ltr' id='par_1_110' title="bbox 1902 4409 3556 4477">
     <span class='ocr_line' id='line_1_110' title="bbox 1902 4409 3556 4477; baseline 0.002 -14"><span class='ocrx_word' id='word_1_778' title='bbox 1902 4409 2201 4467; x_wconf 89' lang='lat' dir='ltr'><strong>exhortari</strong></span> <span class='ocrx_word' id='word_1_779' title='bbox 2226 4410 2430 4471; x_wconf 91' lang='lat' dir='ltr'><strong>decet:</strong></span> <span class='ocrx_word' id='word_1_780' title='bbox 2456 4412 2664 4467; x_wconf 89' lang='lat' dir='ltr'><strong>melius</strong></span> <span class='ocrx_word' id='word_1_781' title='bbox 2689 4412 2869 4477; x_wconf 91' lang='lat' dir='ltr'><strong>enim,</strong></span> <span class='ocrx_word' id='word_1_782' title='bbox 2886 4412 3121 4468; x_wconf 88' lang='lat' dir='ltr'><strong>etiamsi</strong></span> <span class='ocrx_word' id='word_1_783' title='bbox 3146 4412 3343 4477; x_wconf 88' lang='lat' dir='ltr'><strong>habet,</strong></span> <span class='ocrx_word' id='word_1_784' title='bbox 3380 4411 3556 4468; x_wconf 88' lang='lat' dir='ltr'><strong>amit-</strong></span> 
     </span>
    </p>
   </div>
   <div class='ocr_carea' id='block_1_111' title="bbox 1904 4495 3551 4569">
    <p class='ocr_par' dir='ltr' id='par_1_111' title="bbox 1904 4495 3551 4569">
     <span class='ocr_line' id='line_1_111' title="bbox 1904 4495 3551 4569; baseline 0 -17"><span class='ocrx_word' id='word_1_785' title='bbox 1904 4495 1995 4561; x_wconf 90' lang='lat' dir='ltr'><strong>tis,</strong></span> <span class='ocrx_word' id='word_1_786' title='bbox 2029 4513 2209 4569; x_wconf 90' lang='lat' dir='ltr'><strong>quam</strong></span> <span class='ocrx_word' id='word_1_787' title='bbox 2243 4501 2289 4553; x_wconf 90' lang='lat' dir='ltr'><strong>si</strong></span> <span class='ocrx_word' id='word_1_788' title='bbox 2309 4514 2427 4554; x_wconf 90' lang='lat' dir='ltr'><strong>non</strong></span> <span class='ocrx_word' id='word_1_789' title='bbox 2456 4499 2657 4565; x_wconf 91' lang='lat' dir='ltr'><strong>habet,</strong></span> <span class='ocrx_word' id='word_1_790' title='bbox 2687 4504 2790 4555; x_wconf 89' lang='lat' dir='ltr'><strong>aut</strong></span> <span class='ocrx_word' id='word_1_791' title='bbox 2814 4501 3141 4569; x_wconf 84' lang='lat' dir='ltr'><strong>excrucias,</strong></span> <span class='ocrx_word' id='word_1_792' title='bbox 3175 4504 3280 4555; x_wconf 92' lang='lat' dir='ltr'><strong>aut</strong></span> <span class='ocrx_word' id='word_1_793' title='bbox 3304 4499 3551 4555; x_wconf 91' lang='lat' dir='ltr'><strong>occidis.</strong></span> 
     </span>
    </p>
   </div>
   <div class='ocr_carea' id='block_1_112' title="bbox 1905 4586 3549 4661">
    <p class='ocr_par' dir='ltr' id='par_1_112' title="bbox 1905 4586 3549 4661">
     <span class='ocr_line' id='line_1_112' title="bbox 1905 4586 3549 4661; baseline 0.002 -21"><span class='ocrx_word' id='word_1_794' title='bbox 1905 4586 2021 4641; x_wconf 91' lang='lat' dir='ltr'><strong>Sed</strong></span> <span class='ocrx_word' id='word_1_795' title='bbox 2048 4602 2150 4657; x_wconf 88' lang='lat' dir='ltr'><strong>pro</strong></span> <span class='ocrx_word' id='word_1_796' title='bbox 2178 4587 2301 4642; x_wconf 86' lang='lat' dir='ltr'><strong>istis</strong></span> <span class='ocrx_word' id='word_1_797' title='bbox 2333 4588 2526 4657; x_wconf 84' lang='lat' dir='ltr'><strong>magis</strong></span> <span class='ocrx_word' id='word_1_798' title='bbox 2557 4588 2719 4659; x_wconf 89' lang='lat' dir='ltr'><strong>apud</strong></span> <span class='ocrx_word' id='word_1_799' title='bbox 2750 4604 2852 4643; x_wconf 89' lang='lat' dir='ltr'><strong>eos</strong></span> <span class='ocrx_word' id='word_1_800' title='bbox 2883 4588 2989 4660; x_wconf 93' lang='lat' dir='ltr'><strong>qui</strong></span> <span class='ocrx_word' id='word_1_801' title='bbox 3018 4593 3305 4659; x_wconf 89' lang='lat' dir='ltr'><strong>repetunt,</strong></span> <span class='ocrx_word' id='word_1_802' title='bbox 3361 4604 3549 4661; x_wconf 92' lang='lat' dir='ltr'><strong>quam</strong></span> 
     </span>
    </p>
   </div>
   <div class='ocr_carea' id='block_1_113' title="bbox 1904 4674 3555 4750">
    <p class='ocr_par' dir='ltr' id='par_1_113' title="bbox 1904 4674 3555 4750">
     <span class='ocr_line' id='line_1_113' title="bbox 1904 4674 3555 4750; baseline 0.004 -22"><span class='ocrx_word' id='word_1_803' title='bbox 1904 4674 2067 4745; x_wconf 92' lang='lat' dir='ltr'><strong>apud</strong></span> <span class='ocrx_word' id='word_1_804' title='bbox 2082 4690 2184 4730; x_wconf 92' lang='lat' dir='ltr'><strong>eos</strong></span> <span class='ocrx_word' id='word_1_805' title='bbox 2200 4676 2303 4747; x_wconf 90' lang='lat' dir='ltr'><strong>qui</strong></span> <span class='ocrx_word' id='word_1_806' title='bbox 2312 4675 2333 4746; x_wconf 92' lang='lat' dir='ltr'><strong>j</strong></span> <span class='ocrx_word' id='word_1_807' title='bbox 2345 4675 2605 4742; x_wconf 89' lang='lat' dir='ltr'><strong>udicant,</strong></span> <span class='ocrx_word' id='word_1_808' title='bbox 2626 4676 2990 4733; x_wconf 88' lang='lat' dir='ltr'><strong>intercedere</strong></span> <span class='ocrx_word' id='word_1_809' title='bbox 3008 4678 3286 4734; x_wconf 89' lang='lat' dir='ltr'><strong>convenit</strong></span> <span class='ocrx_word' id='word_1_810' title='bbox 3305 4695 3317 4744; x_wconf 93' lang='lat'>;</span> <span class='ocrx_word' id='word_1_811' title='bbox 3339 4693 3415 4734; x_wconf 91' lang='lat' dir='ltr'><strong>ne</strong></span> <span class='ocrx_word' id='word_1_812' title='bbox 3428 4678 3555 4750; x_wconf 87' lang='lat' dir='ltr'><strong>ipse</strong></span> 
     </span>
    </p>
   </div>
   <div class='ocr_carea' id='block_1_114' title="bbox 1903 4762 3557 4839">
    <p class='ocr_par' dir='ltr' id='par_1_114' title="bbox 1903 4762 3557 4839">
     <span class='ocr_line' id='line_1_114' title="bbox 1903 4762 3557 4839; baseline 0.005 -24"><span class='ocrx_word' id='word_1_813' title='bbox 1903 4762 2175 4819; x_wconf 89' lang='lat' dir='ltr'><strong>videatur</strong></span> <span class='ocrx_word' id='word_1_814' title='bbox 2200 4763 2451 4829; x_wconf 85' lang='lat' dir='ltr'><strong>auferre,</strong></span> <span class='ocrx_word' id='word_1_815' title='bbox 2480 4766 2585 4837; x_wconf 92' lang='lat' dir='ltr'><strong>qui</strong></span> <span class='ocrx_word' id='word_1_816' title='bbox 2615 4781 2753 4821; x_wconf 90' lang='lat' dir='ltr'><strong>cum</strong></span> <span class='ocrx_word' id='word_1_817' title='bbox 2784 4766 3005 4823; x_wconf 89' lang='lat' dir='ltr'><strong>haheat</strong></span> <span class='ocrx_word' id='word_1_818' title='bbox 3028 4771 3400 4839; x_wconf 88' lang='lat' dir='ltr'><strong>potestatem,</strong></span> <span class='ocrx_word' id='word_1_819' title='bbox 3434 4782 3557 4823; x_wconf 91' lang='lat' dir='ltr'><strong>non</strong></span> 
     </span>
    </p>
   </div>
   <div class='ocr_carea' id='block_1_115' title="bbox 1904 4850 3557 4928">
    <p class='ocr_par' dir='ltr' id='par_1_115' title="bbox 1904 4850 3557 4928">
     <span class='ocr_line' id='line_1_115' title="bbox 1904 4850 3557 4928; baseline 0.003 -22"><span class='ocrx_word' id='word_1_820' title='bbox 1904 4850 2064 4921; x_wconf 89' lang='lat' dir='ltr'><strong>cogit</strong></span> <span class='ocrx_word' id='word_1_821' title='bbox 2114 4852 2363 4908; x_wconf 88' lang='lat' dir='ltr'><strong>reddere</strong></span> <span class='ocrx_word' id='word_1_822' title='bbox 2405 4869 2416 4907; x_wconf 91' lang='lat'>:</span> <span class='ocrx_word' id='word_1_823' title='bbox 2458 4855 2740 4926; x_wconf 89' lang='lat' dir='ltr'><strong>quamvis</strong></span> <span class='ocrx_word' id='word_1_824' title='bbox 2789 4856 2849 4911; x_wconf 92' lang='lat' dir='ltr'><strong>in</strong></span> <span class='ocrx_word' id='word_1_825' title='bbox 2899 4855 3173 4928; x_wconf 82' lang='lat' dir='ltr'><strong>cogendo</strong></span> <span class='ocrx_word' id='word_1_826' title='bbox 3215 4857 3296 4913; x_wconf 89' lang='lat' dir='ltr'><strong>ita</strong></span> <span class='ocrx_word' id='word_1_827' title='bbox 3338 4856 3557 4912; x_wconf 88' lang='lat' dir='ltr'><strong>debeat</strong></span> 
     </span>
    </p>
   </div>
   <div class='ocr_carea' id='block_1_116' title="bbox 1906 4940 3558 5012">
    <p class='ocr_par' dir='ltr' id='par_1_116' title="bbox 1906 4940 3558 5012">
     <span class='ocr_line' id='line_1_116' title="bbox 1906 4940 3558 5012; baseline 0.002 -15"><span class='ocrx_word' id='word_1_828' title='bbox 1906 4940 2190 4998; x_wconf 88' lang='lat' dir='ltr'><strong>adhibere</strong></span> <span class='ocrx_word' id='word_1_829' title='bbox 2246 4941 2668 5012; x_wconf 88' lang='lat' dir='ltr'><strong>integritatem,</strong></span> <span class='ocrx_word' id='word_1_830' title='bbox 2704 4949 2766 5001; x_wconf 90' lang='lat' dir='ltr'><strong>ut</strong></span> <span class='ocrx_word' id='word_1_831' title='bbox 2808 4960 2882 5001; x_wconf 89' lang='lat' dir='ltr'><strong>ne</strong></span> <span class='ocrx_word' id='word_1_832' title='bbox 2935 4945 3169 5003; x_wconf 88' lang='lat' dir='ltr'><strong>amittat</strong></span> <span class='ocrx_word' id='word_1_833' title='bbox 3221 4944 3558 5001; x_wconf 88' lang='lat' dir='ltr'><strong>humanita-</strong></span> 
     </span>
    </p>
   </div>
   <div class='ocr_carea' id='block_1_117' title="bbox 1908 5034 2048 5087">
    <p class='ocr_par' dir='ltr' id='par_1_117' title="bbox 1908 5034 2048 5087">
     <span class='ocr_line' id='line_1_117' title="bbox 1908 5034 2048 5087; baseline -0.021 0"><span class='ocrx_word' id='word_1_834' title='bbox 1908 5034 2048 5087; x_wconf 88' lang='lat' dir='ltr'><strong>tem.</strong></span> 
     </span>
    </p>
   </div>
   <div class='ocr_carea' id='block_1_118' title="bbox 1980 5118 3557 5194">
    <p class='ocr_par' dir='ltr' id='par_1_118' title="bbox 1980 5118 3557 5194">
     <span class='ocr_line' id='line_1_118' title="bbox 1980 5118 3557 5194; baseline 0.002 -20"><span class='ocrx_word' id='word_1_835' title='bbox 1980 5120 2067 5174; x_wconf 82' lang='grc'><strong>21.</strong></span> <span class='ocrx_word' id='word_1_836' title='bbox 2102 5118 2249 5175; x_wconf 91' lang='lat' dir='ltr'><strong>Illud</strong></span> <span class='ocrx_word' id='word_1_837' title='bbox 2266 5136 2406 5177; x_wconf 91' lang='lat' dir='ltr'><strong>vero</strong></span> <span class='ocrx_word' id='word_1_838' title='bbox 2433 5120 2825 5180; x_wconf 89' lang='lat' dir='ltr'><strong>ﬁdentissime</strong></span> <span class='ocrx_word' id='word_1_839' title='bbox 2849 5123 3119 5189; x_wconf 86' lang='lat' dir='ltr'><strong>dixerim,</strong></span> <span class='ocrx_word' id='word_1_840' title='bbox 3152 5138 3291 5178; x_wconf 88' lang='lat' dir='ltr'><strong>eum</strong></span> <span class='ocrx_word' id='word_1_841' title='bbox 3312 5122 3416 5194; x_wconf 90' lang='lat' dir='ltr'><strong>qui</strong></span> <span class='ocrx_word' id='word_1_842' title='bbox 3447 5135 3557 5193; x_wconf 91' lang='lat' dir='ltr'><strong>pro</strong></span> 
     </span>
    </p>
   </div>
   <div class='ocr_carea' id='block_1_119' title="bbox 1909 5208 3557 5275">
    <p class='ocr_par' dir='ltr' id='par_1_119' title="bbox 1909 5208 3557 5275">
     <span class='ocr_line' id='line_1_119' title="bbox 1909 5208 3557 5275; baseline 0.002 -12"><span class='ocrx_word' id='word_1_843' title='bbox 1909 5208 2153 5265; x_wconf 89' lang='lat' dir='ltr'><strong>homine</strong></span> <span class='ocrx_word' id='word_1_844' title='bbox 2165 5210 2242 5265; x_wconf 89' lang='lat' dir='ltr'><strong>ad</strong></span> <span class='ocrx_word' id='word_1_845' title='bbox 2255 5210 2692 5268; x_wconf 87' lang='lat' dir='ltr'><strong>hocintervenit</strong></span> <span class='ocrx_word' id='word_1_846' title='bbox 2714 5228 2787 5268; x_wconf 91' lang='lat' dir='ltr'><strong>ne</strong></span> <span class='ocrx_word' id='word_1_847' title='bbox 2799 5213 2955 5268; x_wconf 89' lang='lat' dir='ltr'><strong>male</strong></span> <span class='ocrx_word' id='word_1_848' title='bbox 2982 5211 3183 5268; x_wconf 90' lang='lat' dir='ltr'><strong>ablata</strong></span> <span class='ocrx_word' id='word_1_849' title='bbox 3194 5212 3482 5275; x_wconf 88' lang='lat' dir='ltr'><strong>restituat,</strong></span> <span class='ocrx_word' id='word_1_850' title='bbox 3500 5213 3557 5267; x_wconf 91' lang='lat' dir='ltr'><strong>et</strong></span> 
     </span>
    </p>
   </div>
   <div class='ocr_carea' id='block_1_120' title="bbox 1909 5298 3555 5374">
    <p class='ocr_par' dir='ltr' id='par_1_120' title="bbox 1909 5298 3555 5374">
     <span class='ocr_line' id='line_1_120' title="bbox 1909 5298 3555 5374; baseline 0.003 -22"><span class='ocrx_word' id='word_1_851' title='bbox 1909 5298 2011 5369; x_wconf 90' lang='lat' dir='ltr'><strong>qui</strong></span> <span class='ocrx_word' id='word_1_852' title='bbox 2024 5299 2098 5353; x_wconf 89' lang='lat' dir='ltr'><strong>ad</strong></span> <span class='ocrx_word' id='word_1_853' title='bbox 2113 5314 2175 5354; x_wconf 91' lang='lat' dir='ltr'><strong>se</strong></span> <span class='ocrx_word' id='word_1_854' title='bbox 2186 5299 2652 5370; x_wconf 86' lang='lat' dir='ltr'><strong>confugientem,</strong></span> <span class='ocrx_word' id='word_1_855' title='bbox 2675 5308 2970 5374; x_wconf 88' lang='lat' dir='ltr'><strong>quantum</strong></span> <span class='ocrx_word' id='word_1_856' title='bbox 2989 5301 3237 5357; x_wconf 90' lang='lat' dir='ltr'><strong>honeste</strong></span> <span class='ocrx_word' id='word_1_857' title='bbox 3252 5298 3555 5371; x_wconf 89' lang='lat' dir='ltr'><strong>potest,ad</strong></span> 
     </span>
    </p>
   </div>
   <div class='ocr_carea' id='block_1_121' title="bbox 1907 5386 3557 5464">
    <p class='ocr_par' dir='ltr' id='par_1_121' title="bbox 1907 5386 3557 5464">
     <span class='ocr_line' id='line_1_121' title="bbox 1907 5386 3557 5464; baseline 0.003 -23"><span class='ocrx_word' id='word_1_858' title='bbox 1907 5386 2339 5443; x_wconf 87' lang='lat' dir='ltr'><strong>restituendum</strong></span> <span class='ocrx_word' id='word_1_859' title='bbox 2365 5404 2485 5445; x_wconf 91' lang='lat' dir='ltr'><strong>non</strong></span> <span class='ocrx_word' id='word_1_860' title='bbox 2509 5390 2829 5464; x_wconf 89' lang='lat' dir='ltr'><strong>compellit,</strong></span> <span class='ocrx_word' id='word_1_861' title='bbox 2852 5390 3079 5446; x_wconf 90' lang='lat' dir='ltr'><strong>socium</strong></span> <span class='ocrx_word' id='word_1_862' title='bbox 3098 5404 3226 5445; x_wconf 91' lang='lat' dir='ltr'><strong>esse</strong></span> <span class='ocrx_word' id='word_1_863' title='bbox 3258 5388 3487 5446; x_wconf 88' lang='lat' dir='ltr'><strong>fraudis</strong></span> <span class='ocrx_word' id='word_1_864' title='bbox 3500 5392 3557 5447; x_wconf 91' lang='lat' dir='ltr'><strong>et</strong></span> 
     </span>
    </p>
   </div>
   <div class='ocr_carea' id='block_1_122' title="bbox 1908 5475 3556 5551">
    <p class='ocr_par' dir='ltr' id='par_1_122' title="bbox 1908 5475 3556 5551">
     <span class='ocr_line' id='line_1_122' title="bbox 1908 5475 3556 5551; baseline 0.004 -21"><span class='ocrx_word' id='word_1_865' title='bbox 1908 5475 2192 5531; x_wconf 88' lang='lat' dir='ltr'><strong>criminis.</strong></span> <span class='ocrx_word' id='word_1_866' title='bbox 2224 5478 2371 5533; x_wconf 87' lang='lat' dir='ltr'><strong>Nam</strong></span> <span class='ocrx_word' id='word_1_867' title='bbox 2391 5478 2833 5535; x_wconf 80' lang='lat' dir='ltr'><strong>misericordias</strong></span> <span class='ocrx_word' id='word_1_868' title='bbox 2863 5494 3035 5551; x_wconf 84' lang='lat' dir='ltr'><strong>Opem</strong></span> <span class='ocrx_word' id='word_1_869' title='bbox 3053 5478 3556 5536; x_wconf 89' lang='lat' dir='ltr'><strong>nostramtalibus</strong></span> 
     </span>
    </p>
   </div>
   <div class='ocr_carea' id='block_1_123' title="bbox 1969 5608 3547 5677">
    <p class='ocr_par' dir='ltr' id='par_1_123' title="bbox 1969 5608 3547 5677">
     <span class='ocr_line' id='line_1_123' title="bbox 1969 5608 3547 5677; baseline 0.007 -19"><span class='ocrx_word' id='word_1_870' title='bbox 1969 5612 1984 5677; x_wconf 64' lang='grc' dir='ltr'><strong>ξ</strong></span> <span class='ocrx_word' id='word_1_871' title='bbox 2016 5608 2139 5677; x_wconf 61' lang='grc' dir='ltr'><strong>ῌεε.</strong></span> <span class='ocrx_word' id='word_1_872' title='bbox 2178 5609 2383 5677; x_wconf 79' lang='lat' dir='ltr'><strong>aliquot</strong></span> <span class='ocrx_word' id='word_1_873' title='bbox 2414 5611 2627 5677; x_wconf 63' lang='lat' dir='ltr'><strong>optimis</strong></span> <span class='ocrx_word' id='word_1_874' title='bbox 2649 5614 2818 5677; x_wconf 60' lang='lat' dir='ltr'><strong>potas,</strong></span> <span class='ocrx_word' id='word_1_875' title='bbox 2857 5617 2900 5662; x_wconf 88' lang='lat' dir='ltr'><strong>et</strong></span> <span class='ocrx_word' id='word_1_876' title='bbox 2937 5613 3072 5663; x_wconf 83' lang='lat' dir='ltr'><strong>nihil</strong></span> <span class='ocrx_word' id='word_1_877' title='bbox 3098 5614 3182 5677; x_wconf 80' lang='lat' dir='ltr'><strong>fiet</strong></span> <span class='ocrx_word' id='word_1_878' title='bbox 3230 5614 3547 5669; x_wconf 86' lang='lat' dir='ltr'><strong>immaniter.</strong></span> 
     </span>
    </p>
   </div>
   <div class='ocr_carea' id='block_1_124' title="bbox 1968 5671 2931 5731">
    <p class='ocr_par' dir='ltr' id='par_1_124' title="bbox 1968 5671 2931 5731">
     <span class='ocr_line' id='line_1_124' title="bbox 1968 5671 2931 5731; baseline 0.003 -11"><span class='ocrx_word' id='word_1_879' title='bbox 1968 5672 1987 5706; x_wconf 84' lang='grc'>²</span> <span class='ocrx_word' id='word_1_880' title='bbox 2022 5671 2169 5731; x_wconf 87' lang='lat' dir='ltr'><strong>Lov.,</strong></span> <span class='ocrx_word' id='word_1_881' title='bbox 2207 5673 2253 5722; x_wconf 86' lang='lat' dir='ltr'><strong>si</strong></span> <span class='ocrx_word' id='word_1_882' title='bbox 2268 5671 2391 5722; x_wconf 47' lang='lat' dir='ltr'><strong>‘nee.</strong></span> <span class='ocrx_word' id='word_1_883' title='bbox 2422 5671 2522 5722; x_wconf 51' lang='lat' dir='ltr'><strong>A‘lii</strong></span> <span class='ocrx_word' id='word_1_884' title='bbox 2556 5673 2706 5731; x_wconf 90' lang='lat' dir='ltr'><strong>Cdd.,</strong></span> <span class='ocrx_word' id='word_1_885' title='bbox 2738 5680 2794 5725; x_wconf 87' lang='lat' dir='ltr'><strong>ut</strong></span> <span class='ocrx_word' id='word_1_886' title='bbox 2828 5689 2931 5725; x_wconf 86' lang='lat' dir='ltr'><strong>nee.</strong></span> 
     </span>
    </p>
   </div>
  </div>
