4136 6172
553 171 662 231 663

556 292 987 357 subtrahimus,
1022 303 1208 363 quam
1224 284 1661 358 impendimus:
1693 297 1814 340 non
1846 283 2006 339 enim
2033 298 2211 355 opem

557 384 668 441 fert
685 385 787 457 qui
812 382 887 438 ad
906 377 1282 453 peccandum
1306 376 1574 447 adjuvat,
1598 391 1668 430 ac
1693 389 1813 429 non
1842 374 2042 445 potius
2068 372 2213 428 sub-

557 475 916 542 vertitatque
940 467 1240 539 opprimit.
1260 466 1370 520 Sed
1387 463 1686 536 numquid
1701 463 1834 518 ideo
1849 478 1955 518 nos
1975 467 2076 517 aut
2091 462 2210 517 exi-

557 578 712 633 gere,
749 564 853 614 aut
881 558 955 614 ad
980 555 1341 626 exigendum
1375 555 1621 619 tradere,
1648 553 1740 608 vel
1771 568 2095 623 possumus
2123 549 2215 606 vel

555 651 848 706 debemus
866 648 892 701 ‘?
907 647 1152 716 Agimus
1167 649 1457 716 quantum
1478 640 1833 715 episcOpalis
1847 640 2096 696 facultas
2113 640 2214 696 da-

559 737 1083 808 tur,ethumanum
1102 733 1344 804 quidem
1363 730 1940 802 nonnunquam,sed
1957 730 2216 784 maxime

560 843 630 882 ac
653 825 1176 898 semperdivinum
1201 822 1494 893 judicium
1519 820 1980 875 comminantes.
2004 818 2219 873 Nolen-

562 921 646 972 tes
660 921 860 972 autem
881 914 1151 979 reddere,
1181 926 1335 982 quos
1359 908 1637 965 novimus
1652 914 1706 964 et
1731 908 1883 963 male
1898 906 2218 963 abstulisse

565 1008 621 1060 et
654 1005 808 1059 unde
839 1003 1089 1058 reddant
1115 997 1712 1068 habere,arguimus,
1737 998 2138 1068 increpamus,
2164 996 2219 1050 et

565 1095 933 1149 detestamur
966 1091 1309 1163 ;quosdam
1345 1089 1520 1152 clam,
1555 1087 1853 1159 quosdam
1882 1086 2108 1157 palam,
2143 1084 2222 1140 si-

566 1189 665 1239 cut
690 1182 1000 1238 diversitas
1034 1194 1428 1251 personarum
1458 1178 1761 1232 diversam
1784 1176 2014 1232 videtur
2046 1189 2222 1246 posse

567 1272 828 1344 recipere
860 1269 1239 1335 medicinam,
1275 1283 1385 1323 nec
1418 1268 1476 1322 in
1505 1266 1757 1322 aliorum
1790 1264 2112 1336 perniciem
2144 1262 2223 1320 ad

569 1362 861 1432 majorem
891 1358 1191 1414 insaniam
1224 1356 1533 1412 concitari.
1569 1355 1909 1426 Aliquando
1940 1355 2140 1417 etiam,
2175 1353 2222 1407 si

566 1467 660 1507 res
691 1451 884 1521 magis
942 1447 1213 1503 curanda
1269 1462 1390 1501 non
1451 1445 1720 1516 impedit,
1783 1445 1971 1500 sancti
2021 1441 2222 1499 altaris

568 1538 994 1596 communione
1035 1537 1365 1609 privamus.

640 1633 727 1683 22.
747 1630 955 1681 Verum
983 1641 1142 1697 saepe
1158 1623 1575 1680 acciditutnos
1597 1621 1821 1687 fallant,
1841 1618 2225 1691 velnegando

569 1732 630 1772 se
651 1716 990 1779 abstulisse,
1019 1713 1110 1769 vel
1138 1712 1497 1768 afﬁrmando
1513 1727 1574 1766 se
1589 1711 1746 1766 unde
1769 1710 2080 1765 restituant
2105 1724 2224 1764 non

571 1805 823 1862 habere:
862 1818 1012 1874 saepe
1043 1803 1220 1857 etiam
1254 1806 1308 1856 et
1341 1816 1444 1855 vos
1497 1799 1787 1866 fallimini,
1836 1800 2106 1871 putando
2137 1796 2229 1852 vel

572 1911 682 1949 nos
709 1908 829 1948 non
863 1907 1037 1962 agere
1069 1896 1127 1946 ut
1156 1889 1433 1954 reddant,
1480 1888 1570 1944 vel
1603 1889 1768 1960 ipsos
1817 1888 2038 1944 habere
2071 1886 2230 1942 unde

572 1982 862 2050 reddant;
897 1986 951 2034 et
981 1994 1190 2035 omnes
1224 1985 1324 2034 aut
1352 1993 1502 2049 pene
1530 1993 1740 2032 omnes
1767 1978 2044 2032 homines
2066 1993 2230 2033 ama-

575 2088 710 2127 mus
741 2075 976 2124 nostras
1006 2067 1378 2138 suspiciones
1409 2066 1501 2122 vel
1524 2081 1738 2122 vocare
1769 2066 1857 2121 vel
1889 2066 2230 2122 existimare

575 2159 964 2232 cognitiones,
993 2159 1240 2229 quando
1271 2155 1658 2211 credibilibus
1687 2171 1884 2210 rerum
1904 2155 2089 2225 signis
2108 2170 2231 2210 mo-

575 2263 806 2312 vemur,
840 2263 977 2302 cum
1011 2243 1317 2301 credibilia
1356 2243 1642 2299 nonnulla
1707 2244 1824 2299 sint
1869 2243 2038 2308 falsa,
2082 2245 2235 2298 sicut

576 2336 948 2394 incredibilia
962 2333 1252 2390 nonnulla
1271 2339 1407 2388 sunt
1420 2349 1581 2388 vera.
1599 2333 1737 2389 Ideo
1752 2332 2050 2403 quosdam
2066 2348 2234 2388 com-

576 2424 1055 2496 memorans,qui
1078 2423 1359 2477 etsceleris
1376 2439 1588 2492 pernam
1601 2422 1942 2491 sibicupiunt
1964 2421 2232 2489 relaxari,

577 2524 622 2571 et
652 2516 705 2569 id
722 2521 948 2586 propter
977 2512 1112 2582 quod
1138 2512 1303 2566 scelus
1323 2511 1613 2565 admissum
1645 2517 1719 2564 est
1740 2511 2025 2579 posside-re,
2057 2511 2230 2566 addi-

579 2605 714 2660 disti
746 2608 802 2658 et
832 2603 959 2656 aisti
987 2618 998 2655 :
1025 2601 1136 2655 Pro
1168 2601 1460 2670 hisquoque
1487 2599 1947 2654 interveniendum
1973 2607 2128 2670 putat
2151 2617 2233 2655 sa-

579 2691 875 2747 cerdotium
899 2698 1154 2746 vestrum.
1173 2689 1316 2745 Fieri
1338 2689 1497 2744 enim
1510 2693 1780 2760 potestut
1812 2695 1870 2744 tu
1885 2689 2042 2745 scias
2069 2691 2232 2761 quod

579 2796 691 2851 ego
717 2781 940 2845 nescio,
975 2784 1031 2835 et
1060 2783 1374 2851 propterea
1397 2785 1591 2850 putem
1614 2793 1722 2849 pro
1756 2777 1956 2850 aliquo
1980 2778 2234 2834 interve-

578 2869 889 2935 niendum,
923 2868 1088 2941 quod
1125 2883 1216 2923 me
1247 2867 1450 2924 fallere
1483 2868 1696 2938 potuit,
1724 2884 1863 2923 cum
1896 2872 1948 2923 te
1977 2884 2098 2924 non
2125 2885 2233 2941 po-

582 2961 771 3026 tuerit,
805 2964 868 3015 ut
899 2974 1010 3028 ego
1042 2974 1178 3014 eum
1220 2973 1340 3012 non
1374 2957 1617 3013 credam
1651 2958 1952 3029 possidere
1974 2960 2138 3030 quod
2171 2965 2235 3016 tu

581 3049 881 3121 possidere
915 3048 1088 3104 nosti.
1124 3045 1279 3103 ltafit
1311 3050 1371 3102 ut
1405 3063 1540 3101 cum
1569 3047 1642 3101 de
1675 3062 1775 3102 reo
1792 3049 2082 3104 sententia
2111 3064 2233 3105 non

581 3153 703 3194 una
733 3138 804 3193 sit
833 3142 1056 3203 nostra,
1087 3137 1278 3192 neutri
1312 3141 1510 3191 tamen
1534 3140 1806 3192 nostrum
1831 3136 2056 3206 placeat
2075 3139 2235 3209 quod

580 3244 675 3284 res
706 3244 825 3282 non
859 3227 1125 3282 redditur
1173 3225 1386 3282 aliena.
1425 3228 1500 3280 De
1533 3225 1796 3289 homine,
1849 3231 1910 3281 ut
1939 3226 2234 3292 homines,

538 3333 558 3344 ο
581 3317 820 3373 diversa
851 3316 1175 3380 sentimus;
1203 3315 1309 3369 sed
1337 3315 1396 3369 in
1428 3315 1796 3386 ipsajustitia
1811 3315 2232 3372 simulsumus.

583 3406 806 3462 Eodem
824 3405 1006 3459 modo
1023 3404 1202 3459 etiam
1225 3403 1350 3458 ﬁeri
1370 3407 1565 3475 potest
1585 3404 1825 3474 utquod
1841 3404 1962 3460 scio
1976 3405 2236 3478 aliquem

582 3509 707 3550 non
734 3493 976 3557 habere,
1009 3492 1123 3547 hoc
1148 3508 1286 3547 eum
1321 3495 1382 3547 tu
1403 3491 1625 3548 habere
1654 3507 1775 3547 non
1808 3493 2132 3551 certissime
2161 3501 2237 3552 te-

582 3598 748 3646 neas,
779 3580 883 3635 sed
909 3580 1267 3636 credibiliter
1299 3580 1656 3652 suspiceris;
1690 3586 1744 3636 et
1775 3581 1853 3637 ob
1884 3581 1998 3637 hoc
2028 3583 2128 3638 tibi
2163 3585 2238 3640 vi-

584 3669 730 3725 dear
763 3669 1114 3725 intervenire
1151 3685 1260 3741 pro
1286 3685 1356 3725 eo
1384 3669 1565 3741 quiet
1592 3669 1829 3725 sceleris
1854 3686 2096 3742 poenam
2125 3673 2237 3729 sibi

584 3758 786 3830 cupiat
800 3758 1138 3824 relaxari,et
1156 3758 1216 3814 id
1231 3763 1474 3830 propter
1499 3759 1663 3830 quod
1683 3760 1874 3815 scelus
1903 3760 2238 3819 admissum

584 3851 672 3904 est
693 3848 1022 3920 possidere.
1037 3848 1119 3903 Ad
1139 3863 1444 3904 summam
1460 3846 1634 3919 igitur
1647 3863 1841 3921 neque
1864 3850 2027 3921 apud
2050 3854 2124 3916 te,
2142 3863 2239 3906 ne-

584 3953 703 4010 que
730 3937 892 4008 apud
924 3938 1087 4001 tales,
1135 3937 1182 3991 si
1209 3938 1314 4008 qui
1345 3938 1717 4008 reperiuntur
1747 3938 1989 4010 qualem
2021 3944 2075 3996 te
2106 3956 2240 3996 esse

586 4026 945 4097 gaudemus,
978 4041 1194 4096 neque
1233 4026 1396 4097 apud
1424 4027 1592 4097 ipsos
1622 4027 1725 4099 qui
1789 4044 2011 4098 magno
2043 4029 2240 4086 studio

591 4115 788 4171 aliena
819 4131 886 4169 ac
918 4114 1065 4170 nihil
1096 4114 1431 4185 profutura,
1465 4117 1842 4187 multumque
1873 4117 2053 4173 etiam
2086 4119 2242 4188 peri-

592 4202 798 4259 culosa
824 4219 892 4258 ac
923 4202 1258 4274 perniciosa
1285 4207 1508 4274 petunt,
1541 4219 1733 4275 neque
1748 4205 1908 4275 apud
1924 4221 2024 4260 cor
2039 4223 2240 4263 meum

598 4291 694 4346 cui
727 4291 887 4346 testis
918 4297 1005 4348 est
1036 4292 1210 4355 Deus,
1237 4292 1428 4346 ausim
1452 4291 1666 4358 dicere,
1693 4293 1928 4362 sentire,
1957 4295 2240 4352 decerne-

594 4395 677 4445 re,
711 4380 1226 4437 interveniendum
1256 4395 1384 4436 esse
1438 4397 1546 4452 pro
1578 4381 1799 4454 aliquo,
1839 4388 1901 4438 ut
1925 4386 2087 4455 quod
2121 4402 2244 4441 sce-

594 4470 711 4526 lere
744 4471 1003 4537 abstulit,
1035 4469 1272 4526 sceleris
1304 4469 1656 4542 impunitate
1687 4472 2018 4543 possideat:
2047 4475 2151 4530 sed
2184 4482 2245 4533 ut

591 4561 843 4616 remissa
898 4561 1138 4632 injuria,
1173 4560 1336 4633 quod
1396 4561 1683 4631 injuriose
1728 4563 1968 4619 abstulit
1998 4565 2240 4632 reddat;

593 4650 641 4703 si
682 4653 881 4705 tamen
911 4649 1094 4706 habet
1118 4649 1277 4722 quod
1314 4650 1575 4715 abstulit,
1603 4650 1696 4706 vel
1718 4651 1880 4707 aliud
1909 4653 2064 4709 unde
2097 4654 2243 4712 illud

588 4737 878 4793 restituat.

658 4828 746 4882 23.
765 4829 890 4882 Non
903 4843 1045 4884 sane
1059 4827 1354 4901 quidquid
1368 4828 1656 4885 ab‘invito
1679 4831 2242 4902 sumitur,injuriose

583 4916 868 4973 aufertur.
895 4920 1043 4973 Nam
1069 4917 1336 4990 plerique
1368 4934 1475 4972 nec
1509 4919 1742 4975 medico
1771 4920 1968 4976 volunt
1998 4922 2242 4978 reddere

583 5006 877 5063 honorem
894 5022 1092 5075 suum,
1117 5021 1225 5061 nec
1238 5007 1514 5078 operario
1530 5009 1867 5064 mercedem
1887 5026 1898 5070 ;
1916 5026 2023 5065 nec
2043 5015 2242 5067 tamen

582 5096 710 5152 haec
733 5095 837 5168 qui
870 5094 1145 5152 abinvito
1165 5095 1600 5167 accipiunt,per
1619 5097 1902 5166 injuriam
1917 5100 2238 5171 accipiunt,

583 5202 721 5257 quae
743 5186 940 5256 potius
955 5200 1058 5257 per
1072 5185 1356 5256 injuriam
1388 5200 1510 5240 non
1525 5185 1955 5242 darentur.Sed
1972 5203 2091 5243 non
2107 5189 2240 5244 ideo

585 5273 761 5329 debet
781 5274 968 5346 judex
986 5273 1486 5344 venderejustum
1505 5272 1825 5341 judicium,
1851 5277 2242 5331 auttestisve-

585 5377 719 5417 rum
733 5363 1322 5435 testimonium,quia
1336 5362 1539 5417 vendit
1553 5362 1908 5433 advocatusj
1924 5372 2120 5420 ustum
2138 5382 2237 5436 pa-

588 5452 904 5506 trocinium
928 5453 1367 5524 etjurisperitus
1381 5467 1588 5507 verum
1619 5451 1962 5507 consilium:
1987 5453 2238 5510 illienim

587 5537 737 5592 inter
769 5543 1081 5611 utramque
1112 5546 1339 5611 partem
1355 5541 1430 5597 ad
1458 5557 1709 5596 examen
1741 5542 2236 5608 adhibentur;isti

590 5641 662 5683 ex
676 5641 797 5681 una
817 5634 982 5697 parte
1008 5632 1512 5687 consistunt.Cnm
1543 5639 1742 5686 autem
1754 5631 1981 5700 judicia
1995 5636 2049 5690 et
2076 5635 2238 5689 testi-

1839 157 1900 214 S.
1940 155 2330 214 AUGUSTINI
2367 159 2690 220 EPISCOPI

3836 170 3928 226 664

2317 287 2542 353 monia,
2570 304 2706 360 quae
2733 305 2842 346 nec
2863 290 3028 360 justa
3058 293 3113 345 et
3137 303 3277 344 vera
3327 288 3638 345 vendenda
3663 295 3810 357 sunt,
3839 292 3934 349 ini-

2318 376 2461 447 quia
2485 381 2543 432 et
2572 377 2722 434 falsa
2751 381 3111 444 venduntur,
3160 378 3348 433 multo
3380 378 3726 434 sceleratius
3759 381 3934 454 utique

2320 467 2575 535 pecunia
2597 469 2872 536 sumitur,
2905 467 3049 539 quia
3079 466 3363 522 scelerate
3409 466 3590 523 etiam
3620 470 3879 538 quamvis
3907 487 3936 525 a

2321 554 2649 611 volentibus
2675 556 2868 613 datur.
2905 556 2998 612 llle
3051 561 3253 612 tamen
3304 555 3448 611 solet
3491 562 3774 628 tanquam
3807 559 3937 614 male

2322 642 2434 698 sibi
2464 644 2728 701 ablatam
2751 647 3070 718 pecuniam
3100 651 3384 716 repetere,
3413 645 3519 718 qui
3547 645 3773 715 justum
3800 647 3938 717 judi-

2323 733 2480 788 cium
2510 735 2672 800 emit,
2707 735 2994 807 quoniam
3029 734 3240 790 venale
3272 749 3398 789 esse
3432 749 3553 789 non
3584 734 3782 790 debuit
3811 753 3822 790 :
3853 738 3939 808 qui

2323 838 2460 878 vero
2491 837 2599 894 pro
2627 824 2832 896 iniquo
2853 824 3078 895 judicio
3109 824 3292 888 dedit,
3328 822 3762 894 velletquidem
3788 839 3938 896 repe-

2324 915 2465 977 tere,
2499 912 2608 967 nisi
2642 913 2875 968 timeret
2905 913 2992 968 vel
3031 912 3278 984 puderet
3312 913 3556 968 emisse.

2393 1000 2482 1056 24.
2501 1003 2644 1058 Sunt
2658 1003 2788 1058 aliae
2807 1018 3077 1074 persona
3105 1001 3398 1058 inferioris
3411 1000 3554 1072 loci,
3578 1016 3711 1072 quin
3724 1001 3798 1057 ab
3813 1007 3944 1059 utra-

2325 1105 2442 1160 que
2467 1095 2632 1161 parte
2644 1091 3098 1147 noninsolenter
3118 1091 3615 1162 accipiuntjsicut
3627 1090 3945 1159 ofﬁcialis,et

2327 1194 2363 1234 a
2393 1193 2514 1249 quo
2529 1180 2940 1247 admovetur‘,
2973 1186 3030 1237 et
3060 1181 3155 1235 cui
3188 1179 3549 1236 admovetur
3574 1178 3855 1234 ofﬁcium:
3882 1179 3942 1235 ab

2327 1268 2418 1323 his
2444 1274 2674 1324 extorta
2691 1285 2796 1340 per
2816 1269 3279 1326 immoderatam
3305 1268 3763 1340 improbitatem,
3791 1267 3944 1340 repeti

2329 1356 2551 1425 solent;
2584 1357 2727 1413 data
2753 1373 2858 1430 per
2909 1357 3276 1414 tolerabilem
3305 1357 3816 1424 consuetudinem,
3845 1375 3942 1414 non

2329 1447 2547 1502 solent:
2586 1448 2897 1520 magisque
2928 1447 3447 1519 reprehendimus,
3481 1446 3586 1519 qui
3620 1445 3755 1502 talia
3786 1448 3942 1503 inusi-

2333 1540 2448 1592 tate
2474 1537 2896 1608 repetiverunt,
2936 1553 3125 1609 quam
3154 1537 3256 1609 qui
3311 1552 3384 1592 ea
3410 1537 3482 1591 de
3515 1552 3680 1592 more
3710 1552 3943 1607 sumpse-

2331 1632 2496 1696 runt;
2555 1627 2846 1698 quoniam
2880 1626 3080 1682 multae
3113 1627 3466 1682 necessarias
3501 1641 3767 1696 persona;
3795 1625 3943 1680 rebus

2332 1714 2636 1781 humanis,
2668 1715 2761 1771 vel
2789 1716 3114 1771 invitantur
3142 1715 3493 1786 hujusmodi
3518 1714 3855 1777 commodis,
3875 1714 3943 1768 vel

2335 1810 2628 1860 tenentur.
2663 1804 2758 1860 Isti
2790 1806 2837 1860 si
2867 1805 3032 1860 viam
3060 1805 3190 1860 vitai
3246 1805 3631 1870 mutaverint,
3664 1810 3761 1860 aut
3783 1803 3942 1859 excel-

2334 1894 2598 1949 lentioris
2628 1894 3429 1950 conscenderintsanctitatis
3443 1894 3719 1964 gradum,
3744 1893 3939 1950 facilius

2337 1999 2407 2039 ea
2457 1999 2593 2054 quas
2646 1983 2761 2039 hoc
2801 1984 2983 2038 modo
3040 1982 3474 2054 acquisierunt,
3536 1988 3815 2054 tanquam
3861 1995 3944 2035 sua

2337 2072 2704 2144 pauperibus
2733 2072 3086 2141 largiuntur,
3115 2088 3301 2144 quam
3325 2072 3412 2126 eis
3443 2088 3480 2127 a
3505 2073 3719 2142 quibus
3741 2076 3945 2141 accepta

2339 2168 2498 2231 sunt,
2533 2166 2823 2233 tanquam
2855 2161 3051 2216 aliena
3095 2161 3433 2216 restituunt.
3472 2162 3583 2226 Qui
3616 2177 3749 2216 vero
3777 2165 3945 2215 contra

2335 2251 2434 2323 jus
2481 2251 2777 2307 societatis
2808 2251 3112 2315 humanae,
3145 2249 3338 2313 furtis,
3368 2250 3622 2321 rapinis,
3654 2249 3942 2310 calumniis,

2341 2340 2862 2413 oppressionibus,
2887 2339 3305 2395 invasionibus
3325 2337 3661 2404 abstulerit,
3687 2338 3943 2393 reddenda

2344 2432 2544 2503 potius
2568 2446 2755 2502 quam
2769 2429 3058 2486 donanda
3079 2444 3398 2485 censemus
3423 2428 3672 2494 ;Zachaei
3689 2425 3943 2499 publicani

2345 2519 2687 2588 evangelico
2715 2519 3007 2589 exemplo,
3040 2518 3144 2589 qui
3191 2534 3328 2572 cum
3384 2518 3643 2588 hospitio
3676 2516 3941 2572 Dominum

2345 2609 2719 2679 suscepisset,
2740 2608 2797 2661 in
2827 2607 3008 2662 vitam
3030 2611 3300 2662 sanctam
3327 2613 3575 2677 repente
3600 2611 3854 2672 mutatus,
3869 2604 3941 2657 Di-

2343 2697 2591 2761 midium,
2644 2697 2854 2768 inquit,
2889 2713 3074 2751 rerum
3109 2712 3349 2750 mearum
3402 2695 3468 2750 do
3494 2693 3820 2774 pauperibus,
3849 2699 3887 2746 et
3909 2693 3946 2744 si

2343 2788 2432 2842 cui
2457 2787 2670 2858 aliquid
2694 2785 2918 2851 abstuli,
2941 2785 3306 2857 quadruplum
3328 2785 3496 2840 reddo
3521 2785 3672 2856 (Luc.
3700 2799 3808 2848 Xlx,
3832 2781 3890 2849 8).

2417 2881 2504 2932 25.
2539 2877 2965 2931 Verumtamen
2990 2874 3039 2929 si
3061 2873 3292 2946 justitia
3319 2873 3610 2930 sincerius
3629 2872 3942 2932 consulatur,

2347 2966 2564 3037 iustius
2595 2965 2810 3020 dicitur
2855 2965 3168 3028 advocato,
3225 2962 3428 3018 Redde
3483 2962 3648 3034 quod
3697 2956 3944 3029 accepisti,

2346 3054 2592 3127 quando
2623 3059 2830 3110 contra
2843 3055 3150 3110 veritatem
3165 3052 3395 3121 stetisti,
3414 3049 3707 3123 iniquitati
3729 3045 3942 3104 adfuisti.

2341 3143 2602 3216 judicem
2637 3142 2909 3207 fefellisti,
2957 3142 3183 3213 justam
3229 3155 3480 3196 causam
3520 3135 3864 3211 oppressisti,
3891 3131 3945 3186 de

2346 3233 2598 3290 falsitate
2630 3231 2813 3287 vicisti
2847 3231 3032 3303 (quod
3068 3230 3232 3285 vides
3263 3230 3488 3286 multos
3540 3226 3945 3285 honestissimos

2347 3327 2403 3378 et
2433 3321 2854 3377 disertissimos
2885 3320 3063 3384 viros,
3093 3335 3214 3374 non
3247 3319 3444 3374 solum
3480 3319 3736 3389 impune,
3783 3325 3940 3368 verum

2347 3411 2528 3467 etiam
2559 3410 2813 3479 gloriose
2840 3408 3023 3464 videri
3057 3407 3166 3463 sibi
3201 3406 3630 3476 committere);
3663 3418 3827 3477 quam
3853 3398 3940 3454 cui-

2347 3515 2532 3572 quam
2555 3501 2613 3553 in
2640 3498 2907 3570 quolibet
2932 3497 3128 3553 ofﬁcio
3156 3497 3454 3562 militanti,
3487 3494 3679 3551 Redde
3704 3490 3848 3564 quod
3869 3501 3943 3541 ac-

2347 3588 2575 3660 cepisti,
2608 3587 2853 3660 quando
2875 3587 3122 3659 jubente
3159 3585 3365 3658 judice
3418 3585 3761 3654 cuicumque
3789 3589 3940 3634 causa

2348 3676 2752 3732 necessarium
2808 3675 3117 3730 hominem
3159 3674 3421 3740 tenuisti,
3458 3689 3531 3728 ne
3564 3672 3832 3727 resisteret
3855 3664 3945 3717 vin-

2348 3765 2510 3834 xisti,
2544 3781 2617 3821 ne
2656 3765 2885 3834 fugeret
2916 3762 3231 3829 inclusisti,
3284 3769 3588 3834 postremo
3634 3763 3729 3815 aut
3760 3767 3944 3829 perma—

2349 3862 2526 3912 nente
2547 3856 2644 3912 lite
2671 3854 3013 3920 exhibuisti,
3048 3858 3152 3910 aut
3177 3852 3344 3909 ﬁnita
3377 3851 3670 3907 dimisisti.
3702 3846 3803 3905 Sed
3832 3838 3943 3900 illud

2349 3962 2455 4002 cur
2485 3945 2778 4002 advocato
2799 3959 2921 3999 non
2949 3943 3182 3998 dicatur
3203 3943 3262 3997 in
3281 3946 3566 4013 promptu
3587 3944 3689 4004 est,
3711 3935 3837 4009 quia
3862 3927 3946 3984 sci-

2348 4035 2482 4092 licet
2506 4035 2588 4090 ita
2619 4050 2739 4091 non
2773 4033 2893 4088 vult
2922 4032 3105 4088 homo
3132 4036 3398 4103 repetere
3438 4029 3601 4103 quod
3629 4033 3872 4099 patrono,
3900 4020 3946 4071 ul

2350 4126 2509 4181 male
2535 4124 2811 4186 vinceret,
2861 4122 3057 4187 dedit;
3089 4122 3240 4176 sicut
3266 4136 3386 4176 non
3416 4120 3542 4174 vult
3570 4117 3798 4174 reddere
3819 4104 3943 4182 quod

2351 4215 2428 4272 ab
2450 4213 2814 4277 adversario,
2837 4227 2974 4266 cum
2998 4210 3153 4266 male
3171 4210 3427 4274 vicisset,
3448 4207 3686 4278 accepit.
3708 4202 3943 4269 Quistan-

2351 4303 2490 4359 dem
2521 4302 2990 4368 advocatus,aut
3019 4316 3086 4355 ex
3099 4300 3168 4354 ad
3181 4304 3386 4355 vocato
3420 4301 3498 4353 ita
3526 4297 3607 4353 vir
3637 4293 3869 4366 optimus
3883 4285 3943 4340 fa-

2350 4393 2459 4449 cile
2490 4391 2916 4464 reperitur,qui
2947 4393 3223 4460 suscepto
3240 4404 3350 4443 suo
3377 4388 3561 4443 dicat:
3592 4383 3785 4452 Recipe
3813 4372 3938 4464 quod

2353 4482 2516 4546 mihi,
2549 4461 2687 4536 cum
2715 4479 2814 4535 tibi
2834 4461 2988 4535 male
3021 4475 3582 4542 adessem,dedisti;
3616 4477 3669 4529 et
3693 4467 3850 4526 redde
3865 4461 3941 4518 ad-

2349 4571 2609 4626 versario
2641 4574 2739 4626 tuo
2785 4568 2970 4640 quod.
3006 4583 3101 4622 me
3141 4571 3373 4636 agente,
3409 4566 3604 4635 inique
3640 4549 3939 4616 abstulisti?

2350 4663 2413 4716 Et
2443 4665 2641 4715 tamen
2672 4674 2854 4730 quem
2889 4657 3099 4729 prioris
3157 4671 3276 4711 non
3306 4659 3479 4711 rectae
3509 4653 3635 4708 vitae
3665 4641 3936 4734 rectissim}?

2349 4748 2615 4820 poenitet,
2648 4747 2824 4803 etiam
2855 4747 2967 4801 hoc
2995 4746 3188 4801 facere
3219 4743 3416 4810 debet,
3447 4749 3507 4796 ut
3555 4740 3601 4795 si
3632 4737 3716 4793 ille
3743 4731 3832 4806 qui
3855 4731 3934 4820 ini-

2349 4817 2740 4910 quelitigavit,
2760 4851 2878 4890 non
2900 4834 3020 4890 vult
3048 4833 3392 4889 admonitus
3415 4829 3694 4901 corrigere
3717 4817 3938 4891 iniquita~

2349 4932 2488 4991 tem,
2514 4927 2642 4996 ejus
2668 4929 2868 4980 tamen
2897 4923 3221 4995 iniquitatis
3237 4923 3383 4978 nolit
3405 4922 3509 4976 iste
3527 4917 3735 4973 habere
3761 4917 3934 4996 merce-

2349 5015 2516 5073 dem:
2547 4994 2658 5070 nisi
2685 5014 2827 5069 forte
2851 4994 3280 5067 restituendum
3310 5009 3677 5069 estalienum,
3700 4994 3841 5072 quod
3857 5004 3934 5064 Per

2350 5105 2567 5160 furtum
2597 5103 2868 5158 clanculo
2891 5101 3174 5164 aufertur,
3206 5105 3261 5156 et
3292 5093 3709 5154 restituendum
3735 5098 3837 5141 non
3867 5082 3930 5177 est

2349 5193 2510 5265 quod
2534 5194 2590 5246 in
2606 5193 2735 5262 ipso
2755 5191 2878 5246 foro
2897 5190 2993 5244 ubi
3015 5195 3254 5261 peccata
3274 5189 3612 5260 puniuntur,
3640 5179 3930 5265 deceptOJll'

2348 5262 2500 5348 dice,
2521 5280 3009 5338 etcircumventis
3043 5279 3275 5348 legibus
3289 5277 3579 5333 obtinetur
3600 5272 3609 5322 !
3629 5262 3928 5354 Quiddicam

2349 5372 2421 5426 de
2439 5347 2650 5434 usuris,
2684 5386 2837 5442 quas
2866 5371 3038 5423 etiam
3075 5347 3218 5438 ipsae
3243 5367 3398 5436 leges
3415 5361 3696 5433 etjudices
3712 5347 3927 5413 redtliju-

2408 5518 2426 5548 ²
2461 5515 2607 5570 Lov.,
2639 5518 2683 5562 et
2720 5529 2750 5561 (ι
2780 5527 2875 5576 quo
2907 5516 3186 5561 amovetur.
3235 5513 3299 5560 At
3352 5511 3470 5576 Mss.
3494 5496 3921 5576 habenttefdaﬂfll'ﬁ

2347 5555 2681 5633 αάιηῦὖέέιὶνῖξ
2710 5555 2760 5623 {Et
2781 5555 2889 5630 'esi,
2909 5555 3299 5638 "erasasqu
3321 5555 3590 5624 officialem
3622 5563 3681 5614 ad
3713 5555 3920 5623 praestan-

2348 5641 2471 5690 dam
2503 5652 2720 5702 operam
2756 5638 3024 5688 conducit.
