4136 6172
203 342 483 402 bent?An
496 339 792 399 crudelior
807 338 1013 413 estqui
1030 336 1326 395 subtrahit
1339 337 1567 410 aliquid
1579 336 1672 393 vel
1684 336 1857 408 eripit

206 433 586 505 diviti,quam
616 431 721 503 qui
742 430 997 486 trucidat
1026 444 1355 502 pauperem
1386 427 1759 485 fenore‘ﬂlac
1773 431 1856 482 at-

205 539 319 595 que
349 520 701 593 hujusmodi
717 519 875 576 male
906 518 1112 591 utique
1138 518 1538 590 possidentur,
1558 523 1612 573 et
1642 516 1854 573 vellem

205 613 673 677 restituerentur;
707 608 811 664 sed
844 624 963 663 non
995 613 1082 663 est
1110 623 1231 679 quo
1256 606 1457 676 judice
1490 611 1852 678 repetantur.

270 705 360 757 26.
390 702 668 757 Jamvero
698 699 744 753 si
766 696 1090 770 prudenter
1110 698 1447 752 intueamur
1475 695 1641 767 quod
1673 696 1855 766 scrip-

202 795 328 849 tum
354 794 462 855 est,
494 788 718 845 Fidelis
744 788 997 844 hominis
1025 792 1180 842 totus
1217 786 1475 842 mundus
1505 784 1855 841 divitiarum

204 887 305 948 est,
323 877 584 948 inﬁdelis
596 884 791 934 autem
816 890 924 932 nec
944 875 1237 946 obolus(a)
1256 890 1488 941 ,-nonne
1519 889 1733 929 omnes
1752 874 1856 945 qui

204 969 315 1026 sibi
357 967 631 1023 videntur
652 964 914 1037 gaudere
942 964 1095 1020 licite
1127 963 1499 1036 conquisitis,
1540 963 1743 1036 eisque
1775 962 1857 1018 uti

203 1061 495 1120 nesciunt,
519 1056 718 1111 aliena
738 1053 1044 1126 possidere
1064 1053 1475 1109 convincimus
1500 1053 1527 1109 ‘I
1548 1055 1666 1108 Hoc
1696 1052 1855 1109 enim

203 1152 360 1204 certe
391 1146 654 1203 alienum
690 1159 813 1200 non
840 1148 950 1210 est,
978 1142 1145 1214 quod
1172 1143 1304 1214 jure
1342 1142 1715 1214 possidetur;
1742 1142 1856 1198 hoc

206 1242 410 1293 autem
421 1234 557 1307 jure
572 1233 737 1305 quod
746 1232 926 1304 juste,
947 1237 1005 1288 et
1019 1233 1132 1288 hoc
1140 1231 1301 1300 juste
1312 1231 1475 1303 quod
1491 1230 1857 1286 bene.0mne

206 1325 387 1396 igitur
434 1322 600 1396 quod
635 1321 790 1378 male
836 1321 1197 1393 possidetur,
1230 1320 1496 1377 alienum
1527 1325 1649 1386 est;
1702 1317 1857 1375 male

207 1418 411 1469 autem
431 1410 712 1484 possidet,
745 1411 849 1483 qui
870 1410 1025 1467 male
1048 1410 1246 1466 utitur.
1275 1408 1478 1465 Cernis
1502 1424 1645 1478 ergo
1669 1424 1857 1480 quam

205 1501 380 1559 multi
418 1501 677 1557 debeant
700 1500 949 1556 reddere
978 1499 1191 1568 aliena,
1224 1500 1273 1554 si
1311 1501 1400 1554 vel
1426 1499 1605 1571 pauci
1634 1497 1856 1570 quibus

204 1591 554 1657 reddantur,
598 1589 1135 1661 reperianturzqui
1178 1594 1379 1645 tamen
1411 1588 1513 1644 ubi
1546 1587 1647 1643 ubi
1698 1591 1856 1653 sunt,

203 1685 373 1738 tanto
385 1680 578 1749 magis
593 1679 704 1735 ista
715 1682 1356 1750 contemnunt,quanto
1368 1693 1439 1733 ea
1446 1678 1661 1747 justius
1678 1676 1861 1748 possi-

200 1771 346 1826 dere
358 1768 724 1841 potueruntJ
733 1767 982 1823 ustitiam
994 1768 1233 1839 quippe,
1250 1774 1305 1823 et
1316 1782 1484 1824 nemo
1499 1766 1856 1840 malelhabet,

205 1864 259 1917 et
288 1859 398 1932 qui
424 1873 543 1914 non
566 1857 833 1913 dilexerit
864 1872 986 1913 non
1028 1856 1228 1913 habet.
1263 1858 1516 1914 Pecunia
1546 1873 1709 1927 vero,
1740 1864 1794 1914 et
1825 1873 1861 1913 a

206 1948 388 2006 malis
420 1946 574 2003 male
602 1946 876 2017 habetur,
906 1951 964 2002 et
989 1962 1026 2002 a
1056 1946 1231 2003 bonis
1257 1951 1418 2003 tanto
1450 1947 1659 2002 melius
1673 1946 1862 2003 habe-

206 2040 319 2105 iur,
352 2040 580 2109 quanto
611 2036 807 2092 minus
842 2040 1096 2092 amatur.
1149 2036 1265 2092 Sed
1307 2038 1456 2092 inter
1492 2036 1620 2092 haec
1652 2036 1862 2093 tolera-

208 2134 303 2185 tur
328 2126 615 2199 iniquitas
640 2125 792 2182 male
813 2126 1182 2192 habentium,
1207 2126 1556 2199 etquasdam
1578 2128 1727 2182 inter
1755 2141 1860 2181 eos

202 2218 345 2289 jura
385 2216 843 2281 constituuntur,
876 2230 1014 2286 quae
1052 2214 1430 2287 appellantur
1469 2214 1700 2281 civilia;
1741 2231 1860 2270 non

207 2304 367 2378 quod
379 2304 518 2360 hinc
533 2303 638 2360 ﬂat
652 2308 713 2359 ut
727 2303 878 2359 bene
892 2309 1121 2359 utentes
1133 2304 1265 2369 sint,
1276 2304 1381 2359 sed
1396 2309 1458 2360 ut
1470 2303 1615 2360 male
1632 2308 1863 2361 utentes

210 2394 414 2452 minus
436 2392 668 2449 molesti
691 2393 807 2448 sint
826 2409 837 2447 :
862 2392 1054 2448 donec
1070 2392 1275 2448 ﬁdeles
1288 2398 1342 2449 et
1354 2393 1720 2465 pii,quorum
1729 2392 1864 2465 jure

210 2488 355 2539 sunt
379 2482 603 2547 omnia,
632 2482 736 2554 qui
755 2482 1067 2537 velexillis
1092 2483 1262 2549 ﬁunt,
1290 2482 1383 2539 vel
1404 2483 1555 2538 inter
1580 2482 1711 2538 illos
1734 2486 1865 2538 tan-

209 2573 399 2644 tisper
427 2572 684 2627 viventes
710 2570 883 2627 malis
904 2587 1113 2627 eorum
1129 2587 1248 2627 non
1266 2571 1742 2643 obstringuntur,
1757 2573 1862 2627 sed

208 2665 581 2725 exercentur,
601 2660 1042 2733 perveniantad
1056 2660 1215 2717 illam
1228 2662 1548 2727 civitatem,
1571 2662 1866 2717 ubibaare-

210 2750 725 2807 ditasmternitatis
746 2752 868 2806 est1
901 2766 914 2817 ;
946 2750 1047 2805 ubi
1072 2765 1194 2805 non
1218 2750 1398 2806 habet
1421 2751 1750 2822 nisijustus
1784 2752 1866 2807 lo-

210 2855 376 2906 cum,
391 2840 631 2895 nonnisi
652 2838 889 2911 sapiens
906 2839 1326 2911 principatum,
1355 2841 1456 2897 ubi
1471 2840 1866 2912 possidebunt

209 2929 580 3000 quicumque
620 2928 703 2983 ibi
737 2934 931 2993 erunt,
956 2946 1090 2985 vere
1125 2946 1251 2986 sua.
1297 2930 1410 2987 Sed
1450 2936 1649 2987 tamen
1683 2929 1866 2985 etiam

208 3016 304 3073 hic
333 3033 459 3073 non
483 3018 907 3074 intercedimus
932 3024 995 3075 ut
1016 3019 1349 3076 secundum
1365 3036 1562 3076 mores
1582 3019 1866 3091 legesque

209 3112 477 3163 terrenas
519 3122 639 3163 non
664 3108 1049 3164 restituantur
1079 3108 1271 3165 aliena
1298 3126 1316 3180 ;
1348 3110 1623 3181 quamvis
1665 3108 1864 3181 placa-

208 3196 359 3252 biles
381 3212 490 3253 vos
522 3196 777 3252 velimus
806 3198 1004 3264 malis,
1038 3213 1158 3254 non
1206 3204 1269 3253 ut
1305 3198 1581 3269 placeant
1608 3198 1704 3253 vel
1736 3215 1864 3271 per-

206 3291 499 3342 maneant
539 3286 700 3352 mali,
744 3287 849 3341 sed
879 3288 1024 3359 quia
1052 3302 1122 3343 ex
1152 3287 1267 3343 illis
1294 3288 1447 3344 ﬁunt
1496 3287 1866 3360 quicumque

207 3375 361 3431 ﬁunt
384 3375 545 3441 boni,
579 3381 635 3431 et
658 3376 952 3432 sacriﬁcio
966 3376 1384 3433 misericordiae
1405 3376 1672 3448 placatur
1689 3380 1863 3443 Deus,

208 3480 394 3536 quem
446 3464 561 3520 nisi
600 3465 926 3537 propitium
957 3464 1247 3522 baberent
1284 3466 1446 3532 mali,
1490 3466 1636 3522 nulli
1667 3471 1865 3523 essent

209 3552 377 3610 boni.
414 3553 520 3609 Diu
564 3558 650 3609 est
678 3554 844 3626 quod
892 3555 1382 3626 occupationibus
1413 3556 1529 3611 tuis
1558 3556 1864 3628 loquendo

211 3643 422 3699 videor
433 3659 744 3709 onerosus,
761 3659 899 3699 cum
914 3643 1018 3700 tibi
1032 3644 1261 3700 homini
1288 3650 1464 3703 aucto
1488 3652 1542 3702 et
1558 3646 1734 3703 docto
1748 3648 1863 3704 cito

212 3732 362 3788 solvi
404 3732 663 3804 potuerit
705 3733 869 3805 quod
900 3734 1233 3805 quaerebas.
1265 3735 1627 3791 Iamdudum
1664 3741 1863 3793 autem

212 3821 385 3877 ﬁnire
415 3820 718 3887 deberem,
749 3822 795 3877 si
824 3828 878 3879 te
896 3828 1127 3878 tantum
1143 3824 1353 3879 scirem
1369 3823 1547 3879 fuisse
1570 3824 1861 3882 lecturum

211 3910 380 3983 quod
415 3910 702 3983 ﬂagitasti
732 3918 796 3969 ut
824 3912 1231 3969 rescriberem.
1260 3912 1412 3969 Felix
1441 3913 1504 3969 in
1525 3913 1759 3971 Christo
1783 3916 1866 3971 vi-

214 4015 342 4065 vas,
375 3999 459 4056 ﬁli
499 4000 869 4059 charissima.

716 4135 1055 4194 EPISTOLA
1081 4135 1244 4193 CLIV
1262 4136 1367 4209 (b).

213 4261 558 4321 Macedonius
595 4261 925 4334 Augustino,
964 4263 1279 4335 signiﬁcans
1306 4280 1360 4319 se
1373 4263 1694 4335 prestitisse
1730 4264 1867 4335 quod

280 4351 349 4408 ab
398 4352 513 4424 ipso
540 4353 832 4408 verecunde
875 4354 1003 4409 adeo
1058 4355 1287 4424 petierat
1318 4370 1338 4420 ;
1380 4361 1493 4409 tum
1512 4354 1674 4409 etiam
1697 4355 1869 4425 ipsius

281 4440 453 4497 libros
506 4459 702 4514 magna
729 4458 848 4498 cum
890 4443 1165 4515 voluptate
1206 4450 1254 4498 et
1287 4442 1649 4499 admiratione
1699 4443 1867 4515 perle-

283 4547 422 4601 gisse
435 4574 448 4587 .

213 4646 469 4705 Domino
499 4649 709 4705 merito
734 4647 1060 4705 venerabili
1089 4652 1143 4705 et
1162 4664 1296 4705 vere
1310 4648 1690 4721 suspiciendo
1714 4648 1866 4721 patri

508 4740 823 4795 Ausus'rmo
853 4738 1159 4811 episcopo,
1190 4738 1560 4795 Macenomus.

288 4878 337 4929 l.
370 4872 517 4929 Miro
561 4872 710 4928 modo
750 4872 974 4942 afﬁcior
1002 4872 1281 4944 sapientia
1310 4879 1408 4929 tua
1449 4874 1538 4942 (c),
1570 4879 1620 4928 et
1649 4873 1714 4929 in
1752 4872 1869 4929 illis

273 5102 287 5131 ⁸
322 5097 470 5155 Lov.,
487 5098 761 5162 teter-nitas
782 5100 869 5148 est.
899 5097 980 5146 At.
1006 5096 1137 5147 Bad.
1176 5099 1294 5145 Am.
1314 5095 1399 5145 Er.
1424 5098 1476 5146 et
1495 5096 1623 5146 Mss.
1654 5097 1867 5162 habent,

210 5161 518 5211 wternitatis
537 5164 630 5209 est.

274 5227 347 5286 (α)
384 5224 571 5273 1811]ωο
585 5222 849 5272 sententia
862 5221 1057 5285 scripta
1079 5226 1159 5286 est
1183 5222 1325 5285 apud
1346 5222 1493 5280 LXX,
1522 5222 1770 5272 Proverb.
1790 5225 1867 5281 17,

213 5284 340 5399 goat
390 5300 610 5359 versum
651 5287 696 5341 6,
735 5284 1035 5357 citcturque
1088 5284 1154 5333 ab
1190 5284 1497 5357 Augustino
1528 5287 1728 5348 passim
1758 5301 1769 5343 ;
1802 5287 1869 5335 ab

262 5362 562 5399 ieronvmo.
599 5361 652 5397 1n
679 5350 829 5399 epist.
870 5348 959 5395 103
980 5346 1048 5396 ad
1082 5346 1381 5399 Paulinum.
1419 5351 1471 5396 et
1488 5362 1540 5395 in
1571 5349 1869 5398 Comment.

262 5348 652 5419 ieronvmo_,__in
679 5347 829 5419 epist.
865 5346 959 5419 103
980 5346 1381 5419 adﬂi’aulinum,
1419 5346 1544 5419 etin—
1571 5349 1869 5419 Comment.

215 5414 266 5462 in
308 5409 634 5486 Bacchidi;
655 5409 1004 5486 ‘a’Cassiano,
1033 5409 1235 5486 ροιιαι.
1273 5410 1352 5466 24,
1386 5424 1430 5457 c.
1458 5410 1517 5458 26
1548 5424 1559 5467 ;
1596 5414 1648 5460 et
1691 5425 1723 5461 a
1754 5411 1871 5461 Ber-

214 5473 388 5526 nardo
415 5475 468 5523 in
494 5475 544 5523 s.
570 5472 839 5523 Malachiaa
866 5473 988 5527 vita,
1022 5475 1120 5521 etc.

276 5537 353 5599 (b)
388 5537 528 5586 Alias
553 5537 608 5585 51
650 5552 659 5584 :
715 5550 834 5599 quas
864 5539 1044 5585 autem
1077 5536 1161 5584 154
1198 5538 1329 5591 erat,
1362 5547 1507 5583 nunc
1540 5536 1617 5583 47.
1664 5535 1871 5598 Scripta

216 5602 353 5651 forte
380 5603 606 5649 exeunte
641 5612 729 5648 an.
759 5600 868 5647 414.

262 5662 621 5734 _(_e)_i_§pistplte
642 5660 1105 5734 hujusexordium
1123 5661 1287 5734 atfert
1310 5658 1601 5734 Possidius,
1621 5673 1737 5726 cap.
1768 5662 1828 5710 20
1856 5677 1867 5709 :

220 5722 315 5783 ubi
348 5722 727 5778 macedonium
752 5724 940 5777 Africae
976 5724 1232 5776 vicarium
1262 5723 1429 5775 fuisse
1455 5722 1603 5775 dicit.

1452 209 1961 271 EPISTOLARUM
1994 212 2289 279 CLASSIS
2324 222 2427 280 III.

3513 224 3621 283 666

1964 355 2082 410 quae
2113 342 2355 415 edidisti,
2379 355 2429 404 et
2460 351 2521 405 in
2538 350 2624 406 his
2637 367 2755 421 quae
2780 350 3143 405 interveniens
3160 368 3261 422 pro
3288 350 3570 407 sceleratis
3594 353 3611 387 ¹

1965 431 2185 489 mittere
2215 452 2319 491 non
2346 441 2619 509 gravaris.
2650 441 2795 495 Nam
2824 446 2872 493 et
2902 439 3003 494 illa
3029 445 3237 495 tantum
3269 440 3463 495 habent
3486 457 3622 496 acu-

1964 520 2152 588 minis,
2180 525 2440 592 scientiae,
2460 529 2789 593 sanctitatis,
2832 534 2890 583 ut
2912 529 3062 584 nihil
3090 546 3257 600 supra
3293 530 3405 597 sit;
3441 538 3490 585 et
3508 530 3620 585 hac

1966 616 2182 667 tantum
2218 617 2577 683 verecundia,
2610 624 2671 673 ut
2700 618 2813 672 nisi
2836 617 3037 688 faciam
3067 617 3211 688 quod
3237 617 3476 681 mandas,
3508 618 3620 673 cul-

1960 716 2088 770 pam
2111 717 2268 771 penes
2291 721 2370 758 me
2391 722 2691 770 remanere,
2714 723 2820 761 non
2852 708 2911 760 in
2935 707 3147 775 negotio
3178 722 3284 760 esse
3304 705 3618 775 diiudicem,

1965 787 2176 845 domine
2187 794 2381 849 merito
2400 795 2744 861 venerabilis,
2760 801 2808 849 et
2825 811 2940 849 vere
2950 794 3287 865 suspiciende
3303 801 3479 865 pater.
3496 795 3620 850 Non

1965 879 2110 934 enim
2136 879 2307 936 instas
2329 883 2489 954 (quod
2520 884 2764 956 plerique
2798 884 3042 940 homines
3072 884 3234 937 istius
3258 882 3359 937 loci
3384 883 3619 953 faciunt)

1965 976 2025 1023 ut
2055 969 2409 1042 quodcumque
2422 973 2686 1029 sollicitus
2710 972 2966 1039 volueris,
2999 979 3313 1043 extorqueas
3335 988 3351 1036 ;
3370 970 3458 1025 sed
3488 971 3623 1041 quod

1968 1057 2128 1113 tibia
2164 1060 2348 1130 judice
2374 1066 2447 1117 tot
2494 1064 2645 1118 curis
2686 1063 2940 1119 obstricto
2958 1061 3177 1134 petibile
3206 1063 3373 1116 visum
3427 1061 3620 1129 fuerit,

1965 1148 2212 1204 admones
2238 1152 2604 1217 subserviente
2621 1152 2967 1216 verecundia,
3008 1168 3125 1222 quae
3154 1151 3399 1205 maxima
3427 1149 3624 1219 diffici-

1970 1236 2103 1293 lium
2144 1238 2290 1293 inter
2329 1238 2485 1295 bonos
2512 1241 2754 1313 efﬁcacia
2783 1248 2877 1296 est.
2898 1239 3133 1295 Proinde
3152 1240 3341 1293 statim
3365 1254 3620 1293 commen-

1966 1326 2111 1381 datis
2164 1328 2407 1398 effectum
2450 1329 2711 1386 desiderii
2736 1330 2913 1385 tribui
2943 1350 2963 1387 :
2995 1346 3121 1384 nam
3177 1327 3439 1401 sperandi
3477 1329 3621 1381 viam

1966 1423 2089 1471 ante
2128 1419 2501 1487 patefeceram.

2038 1505 2089 1559 2.
2131 1506 2391 1577 Explicui
2411 1515 2526 1563 tuos
2553 1508 2717 1563 libros
2730 1509 2807 1579 (a)
2828 1525 2851 1572 ;
2878 1524 3042 1579 neque
3065 1506 3215 1562 enim
3229 1514 3340 1562 tam
3373 1505 3624 1576 languidi

1966 1601 2068 1649 aut
2099 1594 2299 1651 inertes
2318 1605 2497 1665 erant,
2518 1604 2581 1653 ut
2600 1614 2680 1652 me
2709 1596 2870 1652 aliud
2889 1613 3047 1667 quam
3076 1613 3128 1650 se
3151 1612 3349 1651 curare
3374 1602 3624 1667 pateren-

1968 1691 2062 1740 tur
2090 1702 2106 1739 .·
2140 1686 2446 1756 injecerunt
2487 1703 2723 1749 manum,
2759 1693 3101 1757 ereptumque
3129 1685 3257 1739 aliis
3295 1684 3627 1739 sollicitudi-

1966 1791 2096 1831 num
2120 1777 2315 1843 causis,
2339 1777 2454 1831 suis
2465 1776 2702 1831 vinculis
2720 1776 3019 1847 illigarunt
3044 1775 3146 1846 (ita
3164 1774 3306 1829 enim
3326 1774 3468 1828 mihi
3488 1775 3626 1829 Deus

1965 1866 2240 1940 propitius
2268 1865 2386 1937 sit),
2415 1872 2476 1920 ut
2504 1882 2601 1936 ego
2629 1882 2819 1936 anceps
2842 1866 2945 1919 sim
2967 1864 3101 1936 quid
3132 1865 3193 1919 in
3207 1864 3329 1920 illis
3343 1864 3627 1934 magismi-

1968 1972 2081 2020 rer,
2132 1954 2423 2010 sacerdotii
2488 1953 2889 2025 perfectionem,
2942 1953 3295 2024 philosophia
3354 1952 3620 2023 dogmata,

1968 2044 2208 2100 historiae
2235 2043 2448 2113 plenam
2474 2042 2747 2106 notitiam,
2786 2058 2859 2096 an
2897 2041 3177 2112 facundia
3207 2040 3621 2111 iucunditatem,

1969 2151 2086 2207 quae
2112 2134 2192 2187 ita
2231 2133 2507 2202 imperitos
2537 2131 2698 2185 etiam
2724 2130 2938 2184 illicere
2959 2137 3155 2201 potest,
3183 2136 3242 2184 ut
3268 2129 3431 2183 donec
3457 2128 3628 2199 eapli—

1969 2230 2085 2279 cent
2114 2239 2219 2277 non
2251 2222 2532 2284 desistant,
2562 2227 2611 2275 et
2641 2236 2759 2274 cum
2788 2218 3208 2289 explicaverint,
3248 2218 3420 2273 adhuc
3446 2216 3626 2287 requi-

1968 2319 2118 2367 rant.
2149 2310 2394 2366 Convicti
2408 2324 2634 2379 namque
2652 2306 3132 2377 suntimpudenter
3148 2307 3481 2377 pertinaces,
3506 2308 3626 2375 iam

1970 2402 2097 2456 inde
2134 2418 2169 2455 a
2198 2400 2346 2454 bonis
2366 2414 2482 2469 qum
2510 2394 3054 2467 memorantsazculis,
3074 2411 3177 2466 pro
3202 2402 3417 2450 naturae
3439 2411 3626 2450 rerum

1968 2488 2583 2559 obscurz'tatefcontigisse
2600 2486 2807 2558 pejora,
2832 2484 3100 2556 falsosque
3126 2501 3300 2540 omnes
3320 2484 3484 2538 illitis
3496 2501 3626 2555 qua-

1972 2581 2093 2636 dam
2121 2578 2405 2635 dulcedine
2429 2575 2784 2647 felicitatibus
2799 2577 2932 2642 suis,
2955 2591 3056 2645 per
3079 2590 3209 2645 quas
3238 2590 3343 2628 non
3364 2573 3433 2628 ad
3463 2572 3626 2627 beati-

1975 2670 2233 2734 tudinem,
2257 2666 2347 2721 sed
2375 2665 2447 2720 ad
2473 2672 2762 2736 prwrupta
2790 2672 2915 2719 sunt
2946 2663 3126 2719 ducti:
3150 2663 3261 2717 hac
3285 2677 3412 2718 vero
3441 2668 3626 2716 nostra

1971 2765 2263 2832 praecepta,
2295 2755 2618 2827 etsimplicis
2644 2754 2861 2825 verique
2891 2753 2994 2808 Dei
3013 2752 3290 2824 mysteria,
3320 2757 3524 2821 praeter
3543 2750 3628 2804 vi-

1978 2854 2084 2903 tam
2101 2850 2416 2917 perpetuam
2436 2860 2603 2913 quam
2620 2841 2940 2912 purissimis
2952 2839 3255 2895 virtutibus
3274 2839 3623 2910 pollicentur,

1975 2938 2138 2993 etiam
2166 2935 2279 2990 haec
2309 2932 2599 2988 saecularia
2627 2937 2675 2985 et
2696 2931 2997 2984 necessario
3013 2930 3108 2999 qui
3123 2928 3247 2982 nati
3272 2944 3458 2983 sumus
3479 2944 3628 2981 even-

1977 3033 2105 3081 tura
2133 3026 2411 3096 mitigare.
2451 3022 2517 3075 Et
2551 3036 2677 3075 usus
2697 3035 2747 3073 es
2762 3017 3105 3072 validissimo
3136 3019 3373 3087 exemplo
3397 3016 3628 3071 recentis

1972 3115 2324 3179 calamitatis,
2360 3127 2461 3183 quo
2501 3109 2616 3164 licet
2646 3108 2880 3179 ﬁrmisse
2916 3122 3131 3161 causam
3182 3105 3502 3169 muniveris,
3548 3110 3628 3158 ta-

1976 3223 2091 3261 men
2116 3204 2164 3260 si
2183 3200 2450 3259 utrumvis
2476 3198 2737 3263 licuisset,
2771 3197 2829 3253 id
2871 3196 2980 3252 tibi
3001 3195 3276 3251 nolueram
3300 3194 3623 3264 suffragari.

1975 3294 2078 3351 Sed
2092 3292 2304 3366 quando
2327 3297 2453 3346 orta
2480 3289 2604 3343 inde
2634 3287 2826 3358 fuerat
2856 3284 3341 3342 convincendorum
3370 3282 3625 3338 stulittiae

1972 3383 2211 3457 querela,
2242 3396 2441 3437 necesse
2468 3378 2586 3449 fuit
2632 3376 2758 3433 inde
2796 3380 3119 3448 argumenta
3166 3373 3417 3429 veritatis
3446 3388 3627 3427 accer-

1974 3490 2086 3529 δενε
2095 3515 2108 3527 .

2044 3562 2096 3618 3.
2126 3561 2252 3617 Haec
2283 3559 2507 3615 interim
2538 3561 2824 3626 occupatus
2844 3553 2972 3609 aliis
3002 3552 3170 3617 curis,
3197 3568 3315 3623 quae
3345 3549 3444 3606 etsi
3473 3564 3630 3605 vanae

1972 3658 2118 3719 sunt,
2141 3668 2260 3706 cum
2284 3664 2469 3704 rerum
2501 3646 2720 3701 exitum
2749 3644 3068 3714 cogitamus,
3103 3648 3281 3696 tamen
3295 3640 3452 3712 quasi
3466 3655 3633 3694 neces-

1972 3742 2137 3797 sarias
2144 3756 2247 3810 pro
2259 3736 2517 3793 nascendi
2528 3733 2860 3798 conditione,
2884 3731 3164 3801 rescripsi.
3180 3730 3245 3783 Si
3263 3730 3434 3784 otium
3453 3728 3632 3799 fuerit

1974 3838 2021 3886 et
2050 3833 2317 3899 superstes
2355 3826 2490 3889 vita,
2535 3824 2700 3878 etiam
2729 3821 2791 3875 de
2826 3820 3001 3875 Italia
3040 3817 3351 3881 rescribam,
3383 3824 3630 3871 uttantm

1972 3919 2236 3975 doctrina:
2263 3932 2392 3987 opus
2407 3912 2622 3977 debitis,
2639 3912 2742 3967 etsi
2765 3926 2872 3965 non
2884 3907 3364 3979 satisfacientibus,
3384 3921 3632 3960 remune-

1973 4016 2131 4065 retur
2151 4007 2370 4079 ofﬁciis.
2411 4003 2738 4059 Incolumem
2784 4001 3068 4069 latamque
3100 3997 3449 4052 Sanctitatem
3481 4001 3632 4049 tuam

1982 4098 2122 4154 Deus
2142 4095 2478 4165 omnipotens
2494 4107 2607 4149 zvo
2623 4090 2929 4162 largissimo
2942 4093 3188 4153 tueatur,
3215 4084 3424 4141 domine
3439 4083 3633 4138 merito

1974 4183 2373 4254 desiderabilis,
2412 4188 2461 4237 et
2480 4197 2598 4237 vere
2625 4176 2963 4251 suspiciende
2987 4180 3164 4248 pater.

2505 4321 2840 4378 EPISTOLA
2880 4319 3013 4377 CLV
3048 4318 3147 4392 (b).

1976 4472 2021 4528 Α
2031 4470 2315 4544 ugustinus
2326 4464 2658 4533 Macedonio,
2675 4462 2862 4519 docens
2873 4461 3043 4516 vitam
3070 4460 3283 4516 beatam
3301 4465 3350 4514 et
3375 4458 3632 4514 virtutem

2387 4570 2573 4611 veram
2609 4568 2717 4607 non
2746 4568 2851 4607 esse
2880 4550 2997 4605 nisi
3023 4567 3059 4604 a
3097 4548 3221 4604 Deo.

1976 4686 2318 4740 AUGUSTINUS
2369 4677 2713 4749 episcopus,
2793 4671 3056 4729 famulus
3112 4670 3322 4728 Christi
3376 4667 3635 4727 familiai-

2047 4785 2165 4844 que
2195 4768 2347 4840 ejus,
2380 4764 2594 4821 dilecto
2630 4762 2754 4819 ﬁlio
2792 4762 3127 4827 Mscsnomo,
3160 4760 3221 4816 in
3258 4758 3513 4816 Domino
3536 4772 3634 4814 sa-

2046 4861 2254 4917 lutem.

2050 4980 2278 5041 CAPUT
2299 4978 2584 5037 PRIMUM.
2602 5008 2667 5019 —
2685 4981 2733 5033 1.
2754 4973 3041 5043 Quamvis
3062 4971 3421 5044 sapientiam
3446 4983 3631 5041 quam

1980 5076 2124 5132 mihi
2137 5071 2369 5137 tribuis,
2384 5070 2444 5125 in
2460 5083 2554 5123 me
2569 5082 2692 5124 non
2706 5081 3056 5137 agnoscam,
3072 5067 3249 5120 tantas
3264 5064 3463 5115 tamen
3492 5071 3636 5126 erga

1979 5182 2074 5223 me
2085 5160 2510 5221 benevolentiae
2525 5164 2641 5215 tuas
2658 5162 2902 5228 tamque
2916 5155 3159 5209 sinceras
3173 5149 3392 5219 gratias
3407 5162 3519 5218 ago
3534 5146 3636 5202 de-

1977 5254 2210 5327 beoque
2225 5252 2582 5324 plurimas;et
2594 5262 2847 5302 meorum
2860 5242 3185 5299 studiorum
3199 5238 3438 5327 labores
3449 5234 3552 5292 tali
3565 5251 3637 5327 ac

1981 5324 2138 5400 tanto
2151 5342 2271 5398 viro
2283 5338 2580 5413 placuisse
2592 5330 3050 5392 delectorzmulto
3062 5343 3198 5385 vero
3211 5324 3635 5398 amplius,quod

2040 5536 2054 5567 ¹
2088 5532 2250 5589 Alias,
2272 5530 2522 5580 sollicitis.
3176 5582 3187 5592 .

2040 5597 2110 5695 5a)
2146 5596 2273 5667 Tres
2295 5594 2491 5680 priores
2521 5588 2587 5638 de
2620 5586 2843 5637 Civitate
2867 5584 2976 5641 Dei,
3009 5597 3073 5633 ex
3106 5582 3246 5645 epist
3276 5593 3477 5695 δείξῃ.

2064 5658 2113 5695 m
2152 5657 2289 5695 Αιιιιη
2322 5657 2381 5695 se
2412 5693 2419 5695 _
2459 5666 2578 5695 num
2608 5652 2787 5695 autem
2819 5649 2909 5695 155
2940 5649 3069 5695 erat.
3106 5659 3250 5695 nunc
3283 5643 3345 5693 85
3383 5680 3394 5692 .
3427 5643 3565 5695 8cm

2062 5598 2110 5657 α)
2146 5597 2273 5643 Tres
2295 5597 2491 5657 priores
2521 5597 2587 5638 de
2620 5597 2843 5637 Cmtate
2868 5597 2976 5641 υθι,
3009 5597 3073 5633 ex
3106 5597 3246 5645 epist
3276 5597 3387 5695 seq.
3422 5597 3477 5628 ιι.
3513 5597 3583 5653 ξ,“

2040 5597 2113 5721 Eb)
2146 5657 2301 5721 Alias,
2322 5657 2381 5704 52
2411 5669 2422 5703 :
2459 5666 2578 5718 quas
2608 5652 2787 5702 autem
2819 5649 2909 5698 155
2940 5649 3069 5705 erat,
3106 5659 3250 5696 nunc
3283 5643 3345 5693 85
3383 5643 3646 5707 .-Scnpta

1980 5719 2102 5788 post
2127 5719 2474 5784 superiorem.
