4098 6166
522 149 641 220 ,εδδ-ι

533 271 806 331 animum
825 275 989 328 tuum
1005 269 1288 326 charitate
1299 269 1640 324 aeternitatis
1653 272 1706 324 et
1719 269 2188 340 veritatis,atque

535 363 727 436 ipsius
758 360 915 417 chari
929 359 1059 414 tatis
1079 357 1360 414 affectum
1373 358 1589 414 divinas
1619 358 2057 432 illicaelestique
2078 358 2187 413 rei-

536 451 809 525 publicae,
837 449 1004 517 cujus
1029 452 1309 517 regnator
1332 452 1420 504 est
1441 448 1728 512 Christus,
1745 453 1801 504 et
1826 449 1885 504 in
1907 465 2028 519 qua
2060 448 2183 504 sola

536 554 773 609 semper
799 537 1094 609 beateque
1121 536 1444 592 vivendum
1464 542 1570 601 est,
1591 536 1641 592 si
1669 543 1822 593 recte
1853 537 1948 593 hic
1972 538 2186 609 pieque

533 628 784 691 vivatur,
815 625 1442 695 agnoscoinhiantem,
1463 626 1635 682 video
1659 626 2182 698 propinquantem,

531 716 784 788 ejusque
799 714 1102 786 potiundae
1116 714 1442 787 amplector
1455 716 1784 771 ardentem.
1806 716 1946 771 lude
1958 715 2185 788 quippe

527 810 736 861 manat
772 804 953 860 etiam
988 820 1124 860 vera
1151 804 1424 869 amicitia,
1458 820 1581 860 non
1615 805 1929 872 pensanda
1958 810 2182 877 tempo-

531 893 757 950 ralibus
784 893 1140 958 commodis,
1185 892 1289 948 sed
1332 893 1587 963 gratuito
1613 909 1819 950 amore
1847 894 2113 965 putanda
2140 895 2180 950 ¹.

533 986 718 1038 Nemo
749 981 911 1037 enim
946 986 1137 1052 potest
1159 981 1441 1037 veraciter
1471 983 1702 1038 amicus
1735 999 1866 1039 esse
1899 983 2182 1049 hominis,

534 1070 647 1125 nisi
672 1070 842 1125 fuerit
872 1070 1052 1140 ipsius
1086 1070 1361 1142 primitus
1392 1071 1689 1128 veritatis:
1723 1072 1887 1142 quod
1921 1073 1966 1126 si
1998 1073 2184 1142 gratis

535 1174 658 1214 non
697 1159 820 1224 ﬁat,
851 1157 1013 1214 nullo
1044 1159 1169 1214 ﬁeri
1201 1164 1376 1230 pacto
1403 1163 1616 1230 potest.

605 1251 658 1302 2.
705 1252 781 1304 De
810 1263 933 1320 qua
959 1263 1019 1303 re
1052 1247 1229 1304 etiam
1263 1248 1605 1320 philosophi
1654 1248 1842 1304 multa
1867 1249 2142 1306 dixerunt
2171 1272 2182 1316 ;

536 1340 640 1393 sed
666 1338 827 1410 apud
857 1354 960 1394 eos
999 1353 1138 1393 vera
1167 1338 1376 1410 pietas,
1408 1337 1468 1392 id
1491 1343 1576 1393 est
1594 1354 1772 1394 verax
1795 1339 1913 1394 veri
1939 1339 2038 1394 Dei
2067 1339 2187 1396 cul-

535 1430 650 1494 tus,
673 1427 834 1483 unde
864 1427 1070 1483 omnia
1099 1431 1253 1482 recte
1283 1426 1522 1482 vivendi
1543 1427 1683 1482 duci
1704 1433 1930 1499 oportet
1968 1428 2184 1494 ofﬁcia,

535 1532 658 1573 non
685 1517 1024 1573 invenitur:
1067 1532 1188 1572 non
1227 1517 1307 1572 ob
1350 1516 1536 1584 aliud,
1569 1521 1867 1590 quantum
1897 1518 2185 1589 intelligo,

535 1606 653 1661 nisi
680 1605 1069 1676 quiabeatam
1082 1604 1385 1675 vitamipsi
1400 1605 1509 1660 sibi
1535 1605 1990 1676 quodammodo
2011 1607 2187 1662 fabri-

537 1709 670 1750 care
684 1693 1018 1758 voluerunt,
1036 1693 1384 1764 potriusque
1400 1693 1760 1762 patrandam
1787 1711 1972 1766 quam
2005 1695 2188 1767 impe-

538 1783 804 1839 trandam
821 1787 1335 1854 putaverunt;cum
1348 1783 1476 1853 ejus
1489 1783 1660 1838 dator
1671 1798 1792 1839 non
1806 1785 1878 1840 sit
1894 1783 2184 1853 nisiDeus,

537 1874 736 1941 Neque
766 1870 924 1925 enim
955 1869 1097 1925 facit
1126 1870 1366 1926 beatum
1406 1871 1736 1936 hominem,
1769 1871 1884 1926 nisi
1915 1872 2021 1944 qui
2053 1874 2188 1930 fecit

535 1958 863 2015 hominem.
885 1962 1029 2015 Nam
1045 1959 1148 2031 qui
1165 1964 1324 2015 tanta
1354 1964 1640 2016 creaturae
1667 1976 1788 2016 suae
1818 1961 1982 2018 bona
2009 1962 2186 2019 bonis

536 2047 1404 2120 malisquelargitur,utsint,ut
1418 2048 1693 2105 homines
1706 2050 2188 2121 sint,utvigentes

537 2136 835 2203 sensibus,
878 2137 1143 2193 valentes
1174 2137 1421 2202 viribus,
1453 2137 1764 2195 afﬂuentes
1787 2139 2006 2211 opibus
2027 2142 2184 2208 sint;

535 2224 803 2297 seipsum
832 2225 1009 2281 bonis
1037 2225 1204 2282 dabit
1241 2225 1474 2282 utbeati
1513 2227 1646 2292 sint,
1675 2228 1819 2300 quia
1856 2229 1985 2300 ejus
2009 2230 2187 2286 etiam

536 2313 652 2370 hoc
665 2330 887 2370 munus
901 2320 987 2370 est
1001 2320 1064 2371 ut
1079 2314 1219 2370 boni
1233 2316 1366 2371 sint.
1384 2315 1470 2371 Illi
1491 2331 1633 2371 vero
1644 2317 1746 2388 qui
1763 2317 1954 2389 injhac
1974 2335 2188 2374 aerum-

537 2417 686 2458 nosa
698 2402 840 2468 vita,
868 2403 929 2458 in
949 2403 1042 2458 his
1064 2403 1442 2459 moribundis
1463 2405 1770 2473 membris,
1800 2406 1912 2462 sub
1935 2406 2048 2463 hac
2069 2423 2186 2463 sar-

538 2491 676 2548 cina
701 2492 1099 2563 corruptibilis
1114 2492 1582 2558 carnis,autores
1605 2509 1728 2549 suae
1759 2494 1952 2551 beatas
1990 2497 2118 2552 vitae
2131 2501 2189 2553 et

539 2579 716 2651 quasi
743 2580 1080 2635 conditores
1097 2596 1226 2635 esse
1251 2579 1587 2647 voluerunt,
1610 2582 1770 2639 velut
1784 2585 2039 2656 propriis
2053 2601 2187 2640 eam

538 2668 852 2724 virtutibus
878 2674 1242 2740 appetentes,
1251 2671 1274 2742 j
1284 2686 1502 2742 amque
1515 2671 1983 2739 retinentes,non
1997 2674 2074 2729 ab
2086 2674 2185 2731 illo

537 2756 698 2814 fonte
713 2758 987 2814 virtutum
1001 2764 1259 2830 petentes
1273 2764 1450 2832 atque
1463 2765 1968 2832 Sperantes,Deum
1984 2780 2189 2835 super-

537 2844 652 2902 bire
670 2862 792 2902 suae
804 2847 1172 2904 resistentem
1189 2849 1402 2904 sentire
1415 2849 1653 2905 minime
1667 2856 2006 2921 potuerunt.
2025 2853 2189 2909 Unde

535 2933 597 2990 in
617 2949 878 2990 errorem
905 2936 1752 3010 absurdissimumlapsisunt;
1771 2946 1831 2995 ut
1862 2956 2000 2995 cum
2029 2957 2188 2998 asse-

535 3025 934 3080 verantetiam
951 3026 1007 3081 in
1025 3026 1348 3082 Phalaridis
1364 3032 1533 3083 tauro
1547 3027 1787 3084 beatum
1806 3045 1940 3084 esse
1955 3031 2188 3102 sapien-

536 3117 679 3181 tem,
703 3118 999 3184 cogantur
1023 3115 1194 3172 fateri
1225 3117 1408 3172 vitam
1433 3116 1673 3173 beatam
1705 3117 2032 3189 aliquando
2062 3135 2189 3177 esse

535 3202 1288 3274 fugiendam.Exaggeratis
1301 3205 1456 3260 enim
1479 3205 1650 3261 malis
1667 3207 1934 3276 corporis
1947 3207 2185 3273 cedunt,

538 3293 783 3364 atquein
805 3308 1014 3348 eorum
1039 3293 1320 3348 molestiis
1348 3293 1722 3363 gravissimis
1737 3295 2186 3353 abscedendum

536 3396 608 3436 ex
633 3380 746 3437 hac
779 3381 896 3436 vita
931 3396 1061 3435 esse
1087 3381 1433 3437 decernunt.
1472 3381 1576 3438 Ubi
1609 3383 1748 3438 nolo
1777 3384 1972 3439 dicere
2000 3401 2187 3456 quan-

537 3474 662 3526 tum
684 3469 940 3525 sitnefas
953 3471 1218 3541 seipsum
1234 3471 1542 3526 hominem
1574 3472 1848 3528 occidere
1865 3472 2185 3541 insontem,

537 3572 676 3613 cum
723 3558 972 3614 omnino
1025 3574 1144 3614 non
1184 3559 1394 3616 debeat
1423 3560 1514 3616 vel
1558 3566 1911 3628 nocentem;
1943 3563 2101 3619 unde
2127 3567 2188 3621 in

537 3645 731 3718 primo
771 3646 922 3702 libro
952 3649 1128 3703 trium
1178 3647 1439 3715 illorum,
1473 3665 1625 3721 quos
1657 3649 2085 3720 benignissime
2133 3658 2190 3710 et

535 3734 1303 3808 studiosissimeperlegisti,
1337 3739 1525 3794 multa
1549 3739 1675 3810 jam
1694 3739 1955 3795 diximus
1987 3741 2129 3812 (Lib.
2157 3744 2181 3797 l

534 3823 596 3878 de
615 3823 782 3881 Civzt.
799 3825 920 3894 Dei,
943 3842 1059 3898 cap.
1085 3828 1151 3880 17
1177 3835 1224 3882 et
1236 3827 1421 3900 seqq.).
1439 3828 1550 3884 Sed
1576 3832 1729 3884 certe
1755 3829 2186 3898 consideretur,

535 3927 645 3969 nec
697 3915 952 3986 superbe
984 3916 1089 3971 sed
1142 3917 1340 3973 sobrie
1382 3918 1681 3986 judicetur
1723 3919 2022 3989 quomodo
2067 3921 2188 3976 vita

535 4002 714 4060 beata
739 4005 829 4069 sit,
861 4021 984 4077 qua
1011 4021 1134 4061 non
1158 4007 1399 4078 sapiens
1420 4013 1644 4063 retenta
1669 4007 1897 4072 fruitur,
1923 4009 2026 4064 sed
2058 4009 2184 4066 illa-

535 4093 610 4148 tis
635 4092 747 4147 sibi
778 4093 1061 4149 manibus
1083 4110 1284 4150 carere
1315 4096 1710 4167 compellitur.

608 4181 661 4234 3.
705 4181 975 4254 Estapud
998 4184 1359 4249 Ciceronem,
1393 4185 1450 4238 in
1470 4190 1751 4248 extrema,
1777 4191 1839 4241 ut
1866 4186 2185 4258 scis,parte

537 4269 728 4342 quinti
749 4270 1218 4328 Tusculanarum
1241 4272 1375 4328 libri
1396 4273 1585 4338 locus,
1610 4279 1852 4345 pr0pter
1863 4275 2027 4346 quod
2049 4276 2184 4332 dico

535 4358 1127 4417 animadvertendus.
1152 4363 1295 4417 Cum
1327 4363 1486 4418 enim
1525 4368 1599 4418 de
1635 4363 1895 4420 caecitate
1921 4367 2185 4436 corporis

537 4455 756 4518 ageret,
780 4455 960 4522 atque
983 4450 1308 4508 afﬁrmaret
1332 4452 1510 4508 etiam
1539 4468 1763 4509 caecum
1779 4454 2021 4509 beatum
2053 4471 2185 4510 esse

536 4552 713 4608 posse
740 4540 1092 4611 sapientem,
1117 4541 1305 4598 multa
1335 4541 1482 4598 dixit
1507 4558 1643 4614 quis
1662 4558 1766 4614 per
1787 4558 1961 4598 aures
1995 4545 2182 4614 perci-

535 4627 1342 4702 piendogauderet.ltemque
1356 4632 1406 4686 si
1437 4631 1650 4686 surdus
1665 4636 1835 4697 esset,
1864 4647 1935 4688 ea
1963 4631 2183 4705 quibus

536 4715 923 4773 oblectaretur
943 4718 1018 4774 ad
1044 4718 1250 4775 oculos
1276 4720 1589 4776 transtulit.
1614 4721 1670 4775 Si
1698 4726 1898 4776 autem
1932 4727 2183 4794 utroque

535 4821 714 4862 sensu
744 4805 1072 4871 orbaretur,
1092 4813 1146 4862 et
1175 4824 1366 4863 caecus
1392 4809 1924 4880 surdusqueﬁeret,
1949 4825 2069 4865 non
2098 4815 2184 4866 est

535 4912 718 4953 ausus
728 4894 870 4952 hinc
889 4894 1039 4951 ferre
1053 4899 1694 4970 sententiam,eumque
1705 4899 1948 4955 beatum
1964 4899 2180 4957 dicere.

536 4986 647 5043 Sed
676 4985 908 5042 addidit
929 4986 1108 5042 etiam
1120 4987 1355 5042 dolores
1369 4987 1754 5057 gravissimos
1768 4989 2056 5059 corporis,
2080 4989 2180 5062 qui

534 5090 671 5132 eum
684 5076 727 5131 si
745 5092 867 5136 non
893 5075 1316 5142 interemerint,
1333 5076 1464 5149 ipse
1477 5077 1869 5144 seinterimat,
1883 5079 2028 5133 etad
2044 5095 2180 5150 por-

534 5168 660 5220 tum
698 5182 820 5223 non
852 5166 1142 5223 sentiendi
1168 5165 1283 5223 hac
1303 5166 1588 5222 liberatus
1619 5167 1828 5222 virtute
1857 5168 2178 5238 perveniat.

535 5253 696 5312 Cedit
721 5255 898 5328 igitur
929 5256 1172 5330 sapiens
1212 5255 1664 5313 immanissimis
1700 5253 1971 5312 cladibus
2003 5261 2181 5326 atque

534 5347 889 5410 succumbit,
920 5346 981 5402 in
1020 5352 1252 5403 tantum
1279 5347 1696 5416 uteiscogatur
1715 5351 1771 5401 et
1817 5346 1876 5400 in
1917 5345 2182 5417 seipsum

533 5517 800 5646 pg‘fﬁdgz,
834 5523 1093 5584 potienda.
1130 5525 1255 5576 Mss.
1279 5525 1554 5583 tredecim,
1601 5525 1850 5588 potanda.
1912 5525 2010 5574 Alii
2044 5529 2182 5588 octo,

1716 203 1726 215 _
1799 144 1868 200 S.
1909 139 2299 200 AUGUSTINI
2338 142 2657 200 EPISCOPI
3803 146 3892 204 668

2293 267 2688 324 homicidium
2701 271 3066 340 perpetrare.
3081 265 3186 323 Cui
3193 266 3318 338 jam
3331 271 3541 338 parcat
3552 270 3614 323 ut
3625 265 3731 323 illis
3743 277 3913 327 careat

2295 357 2488 428 malis,
2519 360 2621 430 qui
2653 357 2763 412 sibi
2788 356 2917 428 ipse
2941 370 3062 411 non
3093 354 3329 424 parcit?
3351 357 3516 411 Certe
3538 371 3770 426 semper
3794 358 3908 416 bea-

2294 451 2386 502 tus
2425 453 2531 509 est,
2564 453 2717 504 certe
2740 446 2979 502 beatam
3009 445 3197 500 vitam
3222 444 3284 499 in
3311 461 3424 501 sua
3453 449 3740 516 potestate
3768 463 3912 504 cons-

2293 535 2548 602 titutam,
2578 535 2742 592 nulla
2767 535 2823 590 vi
2854 533 3236 606 potestullius
3271 533 3633 589 calamitatis
3659 535 3914 593 amittere.

2293 629 2435 681 Ecce
2460 626 2520 682 in
2548 625 2809 682 caecitate
2834 631 2893 680 et
2920 623 3205 680 surditate
3235 628 3288 678 et
3316 623 3703 679 atrocissimis
3732 627 3917 683 crucia-

2295 714 2451 771 tibus
2481 715 2771 785 corporis,
2796 717 2898 770 aut
2922 711 3128 768 amisit
3155 710 3396 768 beatam
3422 711 3608 767 vitam
3643 728 3655 778 ;
3685 719 3780 768 aut
3806 715 3848 769 si
3873 721 3918 771 et

2293 803 2354 859 in
2381 804 2504 860 istis
2534 802 2960 860 afﬂictionibus
2977 801 3176 858 adhuc
3199 800 3372 856 beata
3399 806 3511 864 est,
3531 800 3597 855 ﬁt
3623 816 3724 873 per
3741 801 3919 873 hujus-

2292 892 2524 949 cemodi
2556 892 3034 948 doctissimorum
3068 889 3384 946 hominum
3410 890 3853 961 disputationes,
3870 899 3919 949 ut

2295 982 2368 1039 sit
2415 981 2742 1055 aliquando
2780 981 2959 1037 beata
2996 979 3117 1035 vita
3158 995 3344 1051 quam
3371 979 3619 1051 sapiens
3648 979 3789 1034 ferre
3819 996 3916 1038 non

2293 1072 2522 1145 possit;
2586 1070 2700 1136 vel,
2731 1069 2899 1142 quod
2937 1073 3027 1125 est
3076 1067 3420 1133 absurdius,
3483 1084 3672 1140 quam
3714 1069 3918 1140 sapiens

2293 1160 2444 1217 ferre
2457 1175 2578 1216 non
2596 1158 3092 1230 debeat,eamque
3103 1157 3314 1228 fugiat,
3331 1156 3916 1227 abrumpat,abjiciat,

2294 1265 2542 1321 seseque
2567 1249 2645 1306 ab
2667 1264 2738 1304 ea
2767 1247 2922 1304 ferro
2948 1245 3152 1312 etiam,
3185 1261 3290 1302 seu
3305 1260 3567 1309 veneno,
3591 1244 3682 1300 vel
3713 1245 3819 1302 alia
3839 1262 3920 1302 vo-

2293 1338 2549 1394 luntaria
2576 1341 2765 1394 morte
2787 1335 3116 1400 subducat;
3139 1343 3201 1390 ut
3224 1334 3285 1389 in
3302 1341 3482 1406 portu
3504 1349 3630 1389 non
3657 1333 3919 1390 sentiendi

2294 1426 2594 1482 velnullus
2625 1425 2873 1481 omnino
2905 1425 3000 1489 sit,
3021 1423 3187 1496 quod
3212 1423 3506 1494 Epicurei,
3541 1428 3599 1478 et
3630 1422 3677 1477 si
3705 1423 3800 1493 qui
3838 1422 3918 1478 alii

2295 1516 2406 1571 sim
2433 1515 2488 1570 ili
2520 1514 2784 1580 stultitia,
2813 1518 3174 1586 putaverunt
3205 1531 3218 1581 ;
3251 1512 3343 1568 vel
3374 1511 3518 1568 ideo
3549 1511 3780 1577 beatus,
3800 1526 3919 1582 quo-

2295 1605 2453 1660 niam
2488 1603 2660 1659 fuerit
2698 1603 2776 1658 ab
2811 1601 2911 1658 illa
2940 1601 3117 1657 beata
3155 1601 3287 1664 vita,
3319 1606 3621 1672 tanquam
3637 1599 3712 1655 ab
3748 1598 3918 1671 aliqua

2295 1698 2458 1766 peste
2505 1692 2813 1748 liberatus.
2857 1693 2900 1748 Ο
2937 1690 3190 1746 nimium
3235 1689 3504 1760 superba
3529 1688 3808 1760 jactantia
3835 1687 3844 1739 !
3873 1690 3916 1743 Si

2294 1783 2471 1839 beata
2508 1783 2629 1837 vita
2668 1785 2754 1836 est
2784 1781 2843 1836 in
2887 1779 3247 1836 cruciatibus
3281 1778 3577 1850 corporis,
3609 1792 3712 1832 cur
3740 1778 3912 1832 nonin

2295 1887 2366 1928 ea
2396 1875 2598 1927 manet
2636 1869 2877 1941 sapiens
2904 1873 2969 1923 ut
2997 1867 3263 1924 fruatur?
3294 1867 3341 1922 si
3363 1873 3570 1923 autem
3602 1866 3810 1920 misera
3831 1871 3914 1927 est,

2293 1960 2462 2032 quid,
2495 1959 2748 2014 obsecro
2781 1964 2854 2022 te,
2879 1956 2994 2012 nisi
3035 1957 3256 2028 typhus
3285 1956 3539 2028 impedit
3566 1970 3640 2010 ne
3679 1953 3913 2017 fateatur,

2296 2065 2370 2106 ne
2389 2053 2518 2104 oret
2547 2047 3009 2119 Deum,nejusto
3023 2051 3082 2101 et
3107 2045 3485 2102 misericordi
3523 2043 3820 2117 supplicet,
3833 2042 3912 2113 qui
4007 2033 4011 2044 ’

2295 2144 2506 2210 potens
2536 2143 2621 2193 est
2649 2142 2704 2192 et
2741 2137 2872 2192 vitm
2911 2136 3092 2207 hujus
3123 2134 3284 2190 mala
3312 2136 3408 2190 vel
3436 2141 3700 2191 avertere
3723 2131 3803 2186 vel
3830 2129 3917 2185 mi-

2297 2226 2610 2297 tigare,vel
2648 2225 2725 2282 ad
2748 2241 2818 2281 ea
2850 2223 3160 2281 toleranda
3190 2223 3543 2280 fortitudine
3581 2235 3816 2282 armare,
3846 2217 3912 2273 vel

2296 2316 2374 2372 ab
2403 2316 2487 2372 eis
2506 2315 2671 2371 omni
2712 2314 2894 2371 modo
2923 2313 3198 2381 liberare,
3237 2321 3294 2369 et
3321 2317 3460 2383 post
3503 2313 3631 2367 haec
3656 2324 3782 2365 vere
3805 2308 3915 2363 bea-

2300 2410 2420 2462 tam
2451 2404 2635 2460 vitam
2652 2403 2954 2473 dare,quo
2977 2401 3209 2458 nullum
3244 2400 3476 2458 malum
3501 2399 3846 2461 admittatur,
3872 2403 3915 2450 et

2297 2495 2398 2551 ubi
2424 2508 2729 2550 summum
2763 2493 2992 2548 bonum
3023 2507 3338 2563 nunquam
3363 2488 3717 2547 amittatur?

2366 2605 2417 2657 4.
2463 2603 2582 2657 Hoc
2612 2602 2850 2674 piorum
2889 2599 3202 2672 praemium
3237 2605 3345 2665 est,
3381 2600 3560 2670 cujus
3587 2592 3913 2668 adipiscendi

2298 2705 2403 2761 spe
2443 2690 2625 2745 vitam
2648 2689 2822 2743 istam
2848 2687 3238 2758 temporalem
3263 2695 3447 2759 atque
3476 2685 3795 2749 mortalem,
3820 2696 3914 2737 non

2299 2783 2417 2835 tam
2467 2776 2889 2834 delectabiliter
2918 2792 3104 2848 quam
3151 2775 3542 2832 tolerabiliter
3579 2774 3845 2836 ducimus,
3871 2775 3912 2823 et

2297 2868 2456 2924 mala
2471 2869 2602 2939 ejus
2635 2874 2774 2922 tunc
2790 2866 2948 2921 bono
2971 2865 3218 2920 consilio
3247 2871 3303 2920 et
3329 2865 3542 2920 divino
3575 2875 3804 2919 munere
3825 2859 3912 2914 for-

2298 2957 2428 3012 titer
2460 2956 2726 3020 ferimus,
2770 2971 2907 3010 cum
2943 2955 3240 3010 bonorum
3280 2960 3644 3010 aeternorum
3675 2949 3814 3006 ﬁdeli
3837 2945 3910 3000 Dei

2298 3046 2699 3118 promissione
2728 3049 2784 3099 et
2810 3043 2968 3099 ﬁdeli
3025 3048 3228 3098 nostra
3255 3043 3703 3115 exspectatione
3733 3035 3912 3107 gaude-

2297 3150 2453 3190 mus.
2477 3133 2565 3189 Λᾶ
2595 3134 2710 3190 hoc
2748 3148 2860 3189 nos
2885 3132 3230 3188 exhortatus
3256 3132 3576 3204 apostolus
3604 3128 3805 3185 Paulus
3831 3123 3905 3183 ait.

2296 3225 2395 3296 Spe
2424 3223 2732 3295 gaudentes,
2766 3223 2822 3277 in
2849 3221 3203 3277 tribulatione
3224 3222 3496 3291 patientes
3527 3220 3673 3291 (Rom
3696 3231 3786 3279 xu,
3811 3212 3905 3280 t2):

2296 3309 2559 3365 ostendit
2592 3309 2752 3363 enim
2776 3322 2964 3379 quare
2994 3308 3054 3360 in
3091 3306 3450 3361 tribulatione
3491 3305 3770 3377 patientes,
3790 3313 3907 3369 prae-

2300 3398 2712 3468 mittenclo,spe
2738 3396 3045 3468 gaudentes.
3076 3395 3168 3450 Ad
3180 3396 3338 3450 hanc
3359 3411 3526 3467 spem
3544 3393 3802 3450 exhortor
3825 3397 3903 3456 per

2293 3488 2321 3541 J
2330 3503 2502 3542 esum
2517 3486 2808 3542 Christum
2825 3484 3145 3540 Dominum
3173 3491 3442 3540 nostrum
3455 3526 3468 3539 .
3497 3486 3614 3540 Hoc
3625 3479 3768 3536 enim
3786 3476 3904 3529 Deus

2295 3577 2425 3648 ipse
2458 3577 2761 3644 magister,
2793 3574 3012 3629 latente
3027 3573 3338 3644 majestate
3360 3570 3704 3634 divinitatis,
3728 3569 3778 3622 et
3803 3576 3899 3618 car-

2296 3666 2387 3720 nis
2405 3664 2744 3719 inﬁrmitate
2767 3667 3117 3734 apparente,
3142 3677 3262 3717 non
3283 3662 3483 3717 solum
3508 3655 3785 3715 sermonis
3802 3665 3901 3707 ora-

2295 3754 2430 3809 culo
2451 3753 2671 3815 docuit,
2715 3768 2921 3806 verum
2950 3751 3129 3807 etiam
3170 3766 3296 3806 suae
3337 3748 3635 3822 passionis
3660 3749 3713 3801 et
3740 3753 3898 3799 resur-

2294 3842 2572 3899 rectionis
2612 3839 3228 3911 exemploroboravit.
3268 3839 3331 3893 In
3345 3840 3532 3896 altera
3560 3835 3712 3894 enim
3736 3826 3901 3904 qualia

2295 3931 2562 3996 tolerare,
2588 3931 2646 3985 in
2676 3929 2857 3984 altera
2894 3927 3102 4000 qualia
3131 3927 3464 3983 debeamus
3485 3939 3715 3999 sperare
3739 3930 3898 3975 mons-

2295 4021 2488 4076 travit.
2520 4019 2698 4089 Cujus
2719 4022 2773 4073 et
2795 4017 2872 4072 illi
2888 4018 3139 4089 gratiam
3165 4022 3552 4080 mererentur,
3570 4013 3677 4070 nisi
3705 4004 3897 4065 elatiin—

2293 4109 2536 4180 ﬂatique
2559 4107 2856 4178 superbia,
2881 4105 3138 4161 inaniter
3169 4109 3531 4161 conarentur
3561 4105 3724 4158 istam
3754 4095 3896 4149 vitam

2294 4197 2534 4253 beatam
2573 4195 2684 4267 ipsi
2717 4193 2833 4250 sibi
2854 4193 3067 4258 facere,
3099 4194 3266 4265 quod
3297 4193 3459 4249 solus
3489 4196 3635 4249 Deus
3663 4181 3898 4242 veraciter

2294 4285 2617 4341 cultoribus
2648 4284 2792 4349 suis,
2822 4287 2958 4354 post
2979 4282 3135 4338 hanc
3167 4283 3353 4338 vitam
3377 4297 3438 4337 se
3451 4280 3784 4350 largiturum
3797 4281 3897 4325 esse

2294 4374 2586 4446 promisit.
2622 4372 2839 4428 Sanior
2861 4372 3082 4443 quippe
3109 4375 3203 4426 est
3232 4372 3502 4442 ejusdem
3529 4362 3798 4426 Ciceronis
3820 4355 3894 4412 illa

2294 4463 2605 4526 sententia,
2651 4461 2750 4516 ubi
2773 4463 2853 4516 ait
2885 4477 2896 4514 :
2940 4461 3087 4516 Num
3135 4460 3247 4516 hac
3290 4461 3402 4515 vita
3427 4459 3635 4531 quidem
3663 4466 3790 4509 mors
3820 4450 3891 4502 est.

2291 4570 2447 4624 quam
2462 4551 2753 4607 lamentari
2760 4567 2976 4622 possem,
2994 4551 3049 4605 si
3067 4550 3254 4605 liberet
3268 4550 3410 4621 (Cic.
3431 4551 3489 4604 in
3521 4549 3664 4604 Tusc.
3686 4534 3889 4609 θωπί)

2294 4641 2608 4708 Quomodo
2636 4655 2778 4708 ergo
2810 4641 2857 4695 si
2877 4645 3029 4694 recte
3049 4640 3430 4702 lamentatur,
3463 4638 3640 4695 beata
3663 4637 3890 4697 compro-

2293 4731 2468 4787 batur
2501 4748 2513 4798 ;
2563 4745 2630 4784 ac
2671 4744 2790 4784 non
2824 4729 3019 4799 potius
3064 4727 3353 4799 quoniam
3381 4733 3532 4783 recte
3560 4717 3885 4780 lamentatur,

2295 4820 2509 4875 misera
2550 4834 2676 4874 esse
2707 4817 3077 4873 convincitur
3105 4817 3133 4871 ?
3159 4817 3352 4882 Quare
3373 4829 3664 4880 assuesce,
3683 4807 3888 4862 obsecrﬁ

2293 4915 2368 4978 te,
2385 4908 2470 4964 vir
2484 4909 2660 4971 bone,
2676 4907 2886 4962 beatus
2916 4921 3044 4961 esse
3065 4906 3294 4960 interim
3312 4922 3438 4975 spe,
3473 4912 3532 4960 ut
3557 4902 3633 4958 sis
3653 4897 3804 4954 etiam
3823 4901 3880 4950 re,

2291 5015 2430 5055 cum
2468 4996 2672 5070 pietati
2702 4996 3310 5069 perseverantissimae
3333 4995 3673 5052 retribuetur
3699 4987 3881 5039 merces

2293 5087 2580 5144 felicitatis
2612 5090 2868 5142 aeternas.

2365 5221 2589 5275 CAPUT
2610 5221 2674 5274 ll.
2705 5252 2764 5260 —
2781 5225 2829 5274 5.
2863 5219 2918 5275 Si
2936 5218 3169 5292 prolixa
3190 5217 3439 5290 epistola
3462 5223 3729 5274 onerosus
3752 5209 3877 5292 sum;

2295 5313 2414 5365 tute
2443 5307 2557 5363 hoc
2579 5307 2821 5362 intulisti
2839 5289 2960 5373 tibi,
2992 5307 3092 5379 qui
3115 5323 3210 5362 me
3242 5308 3570 5378 sapientem
3599 5289 3873 5371 appellasti-

2295 5398 2438 5453 Hinc
2467 5397 2625 5452 enim
2666 5413 2852 5452 ausus
2888 5413 3022 5450 sum
3061 5396 3188 5450 hinc
3209 5395 3286 5451 ad
3323 5401 3375 5451 te
3405 5395 3583 5468 loqui,
3607 5392 3661 5444 ut
3687 5380 3772 5439 tibi
3808 5387 3876 5426 sa-

2293 5485 2597 5558 pientiam,
2625 5501 2745 5540 non
2771 5484 2965 5558 qualis
2981 5483 3121 5539 mihi
3152 5485 3242 5548 sit,
3265 5489 3636 5543 ostentarem,
3659 5468 3747 5528 sed
3762 5475 3872 5558 αυξτ

2293 5554 2366 5634 lis
2379 5590 2508 5631 esse
2519 5554 3271 5633 debeatostenderem.Haec
3283 5578 3370 5632 est
3381 5581 3575 5631 autem
3587 5571 3638 5626 in
3651 5554 3873 5638 praesenti
