  <div class='ocr_page' id='page_1' title='image "/cluster/home/n/w/nwhite01/storage/ocr_20150623/33/hvd.32044096580568/332.png"; bbox 0 0 4136 6172; ppageno 0'>
   <div class='ocr_carea' id='block_1_1' title="bbox 235 147 360 204">
    <p class='ocr_par' dir='ltr' id='par_1_1' title="bbox 235 147 360 204">
     <span class='ocr_line' id='line_1_1' title="bbox 235 147 360 204; baseline -0.008 0"><span class='ocrx_word' id='word_1_1' title='bbox 235 147 360 204; x_wconf 83' lang='lat'>669</span> 
     </span>
    </p>
   </div>
   <div class='ocr_carea' id='block_1_2' title="bbox 231 271 1896 346">
    <p class='ocr_par' dir='ltr' id='par_1_2' title="bbox 231 271 1896 346">
     <span class='ocr_line' id='line_1_2' title="bbox 231 271 1896 346; baseline 0.003 -18"><span class='ocrx_word' id='word_1_2' title='bbox 231 271 462 329; x_wconf 61' lang='lat' dir='ltr'>saculo</span> <span class='ocrx_word' id='word_1_3' title='bbox 474 287 652 328; x_wconf 87' lang='lat' dir='ltr'>verus</span> <span class='ocrx_word' id='word_1_4' title='bbox 666 272 784 327; x_wconf 90' lang='lat' dir='ltr'>veri</span> <span class='ocrx_word' id='word_1_5' title='bbox 808 272 907 328; x_wconf 86' lang='lat' dir='ltr'>Dei</span> <span class='ocrx_word' id='word_1_6' title='bbox 923 272 1139 339; x_wconf 89' lang='lat' dir='ltr'>cultus,</span> <span class='ocrx_word' id='word_1_7' title='bbox 1154 277 1218 330; x_wconf 86' lang='lat' dir='ltr'>ut</span> <span class='ocrx_word' id='word_1_8' title='bbox 1239 273 1315 328; x_wconf 81' lang='lat' dir='ltr'>sit.</span> <span class='ocrx_word' id='word_1_9' title='bbox 1334 273 1465 346; x_wconf 86' lang='lat' dir='ltr'>ejus</span> <span class='ocrx_word' id='word_1_10' title='bbox 1491 275 1549 331; x_wconf 92' lang='lat' dir='ltr'>in</span> <span class='ocrx_word' id='word_1_11' title='bbox 1573 275 1772 332; x_wconf 83' lang='lat' dir='ltr'>futuro</span> <span class='ocrx_word' id='word_1_12' title='bbox 1789 292 1896 333; x_wconf 66' lang='lat' dir='ltr'>sas-</span> 
     </span>
    </p>
   </div>
   <div class='ocr_carea' id='block_1_3' title="bbox 229 362 1896 433">
    <p class='ocr_par' dir='ltr' id='par_1_3' title="bbox 229 362 1896 433">
     <span class='ocr_line' id='line_1_3' title="bbox 229 362 1896 433; baseline 0.002 -16"><span class='ocrx_word' id='word_1_13' title='bbox 229 362 372 418; x_wconf 91' lang='lat' dir='ltr'>culo</span> <span class='ocrx_word' id='word_1_14' title='bbox 387 370 582 417; x_wconf 89' lang='lat' dir='ltr'>certus</span> <span class='ocrx_word' id='word_1_15' title='bbox 597 367 774 433; x_wconf 90' lang='lat' dir='ltr'>atque</span> <span class='ocrx_word' id='word_1_16' title='bbox 796 362 1020 431; x_wconf 81' lang='lat' dir='ltr'>integer</span> <span class='ocrx_word' id='word_1_17' title='bbox 1041 362 1396 420; x_wconf 88' lang='lat' dir='ltr'>fructus.Hic</span> <span class='ocrx_word' id='word_1_18' title='bbox 1410 367 1896 422; x_wconf 81' lang='lat' dir='ltr'>constantissime</span> 
     </span>
    </p>
   </div>
   <div class='ocr_carea' id='block_1_4' title="bbox 227 449 1895 526">
    <p class='ocr_par' dir='ltr' id='par_1_4' title="bbox 227 449 1895 526">
     <span class='ocr_line' id='line_1_4' title="bbox 227 449 1895 526; baseline 0.004 -21"><span class='ocrx_word' id='word_1_19' title='bbox 227 450 448 522; x_wconf 89' lang='lat' dir='ltr'>pietas,</span> <span class='ocrx_word' id='word_1_20' title='bbox 465 449 548 505; x_wconf 85' lang='lat' dir='ltr'>ibi</span> <span class='ocrx_word' id='word_1_21' title='bbox 563 451 924 521; x_wconf 90' lang='lat' dir='ltr'>sempiterna</span> <span class='ocrx_word' id='word_1_22' title='bbox 938 451 1290 508; x_wconf 85' lang='lat' dir='ltr'>felicitas.Ex</span> <span class='ocrx_word' id='word_1_23' title='bbox 1307 453 1425 510; x_wconf 88' lang='lat' dir='ltr'>ista</span> <span class='ocrx_word' id='word_1_24' title='bbox 1437 454 1744 525; x_wconf 76' lang='lat' dir='ltr'>sapientia,</span> <span class='ocrx_word' id='word_1_25' title='bbox 1761 470 1895 526; x_wconf 70' lang='lat' dir='ltr'>quas</span> 
     </span>
    </p>
   </div>
   <div class='ocr_carea' id='block_1_5' title="bbox 229 540 1895 614">
    <p class='ocr_par' dir='ltr' id='par_1_5' title="bbox 229 540 1895 614">
     <span class='ocr_line' id='line_1_5' title="bbox 229 540 1895 614; baseline 0.003 -19"><span class='ocrx_word' id='word_1_26' title='bbox 229 555 357 595; x_wconf 86' lang='lat' dir='ltr'>una</span> <span class='ocrx_word' id='word_1_27' title='bbox 389 555 528 595; x_wconf 89' lang='lat' dir='ltr'>vera</span> <span class='ocrx_word' id='word_1_28' title='bbox 559 544 668 605; x_wconf 90' lang='lat' dir='ltr'>est,</span> <span class='ocrx_word' id='word_1_29' title='bbox 701 540 748 594; x_wconf 90' lang='lat' dir='ltr'>si</span> <span class='ocrx_word' id='word_1_30' title='bbox 780 540 920 611; x_wconf 91' lang='lat' dir='ltr'>quid</span> <span class='ocrx_word' id='word_1_31' title='bbox 955 540 1169 606; x_wconf 85' lang='lat' dir='ltr'>habeo,</span> <span class='ocrx_word' id='word_1_32' title='bbox 1201 557 1236 596; x_wconf 92' lang='lat' dir='ltr'>a</span> <span class='ocrx_word' id='word_1_33' title='bbox 1270 543 1387 598; x_wconf 91' lang='lat' dir='ltr'>Deo</span> <span class='ocrx_word' id='word_1_34' title='bbox 1420 545 1673 614; x_wconf 86' lang='lat' dir='ltr'>sumpsi,</span> <span class='ocrx_word' id='word_1_35' title='bbox 1708 559 1827 600; x_wconf 92' lang='lat' dir='ltr'>non</span> <span class='ocrx_word' id='word_1_36' title='bbox 1859 560 1895 601; x_wconf 90' lang='lat' dir='ltr'>a</span> 
     </span>
    </p>
   </div>
   <div class='ocr_carea' id='block_1_6' title="bbox 231 629 1897 704">
    <p class='ocr_par' dir='ltr' id='par_1_6' title="bbox 231 629 1897 704">
     <span class='ocr_line' id='line_1_6' title="bbox 231 629 1897 704; baseline 0.004 -21"><span class='ocrx_word' id='word_1_37' title='bbox 231 644 331 684; x_wconf 91' lang='lat' dir='ltr'>me</span> <span class='ocrx_word' id='word_1_38' title='bbox 362 629 753 700; x_wconf 66' lang='lat' dir='ltr'>prmsumpsi;</span> <span class='ocrx_word' id='word_1_39' title='bbox 780 635 958 700; x_wconf 90' lang='lat' dir='ltr'>atque</span> <span class='ocrx_word' id='word_1_40' title='bbox 984 630 1061 685; x_wconf 89' lang='lat' dir='ltr'>ab</span> <span class='ocrx_word' id='word_1_41' title='bbox 1088 630 1187 686; x_wconf 92' lang='lat' dir='ltr'>illo</span> <span class='ocrx_word' id='word_1_42' title='bbox 1215 631 1273 686; x_wconf 89' lang='lat' dir='ltr'>in</span> <span class='ocrx_word' id='word_1_43' title='bbox 1303 648 1398 688; x_wconf 91' lang='lat' dir='ltr'>me</span> <span class='ocrx_word' id='word_1_44' title='bbox 1425 633 1629 704; x_wconf 89' lang='lat' dir='ltr'>perﬁci</span> <span class='ocrx_word' id='word_1_45' title='bbox 1653 632 1897 690; x_wconf 88' lang='lat' dir='ltr'>ﬁdeliter</span> 
     </span>
    </p>
   </div>
   <div class='ocr_carea' id='block_1_7' title="bbox 229 717 1895 790">
    <p class='ocr_par' dir='ltr' id='par_1_7' title="bbox 229 717 1895 790">
     <span class='ocr_line' id='line_1_7' title="bbox 229 717 1895 790; baseline 0.004 -19"><span class='ocrx_word' id='word_1_46' title='bbox 229 732 430 788; x_wconf 89' lang='lat' dir='ltr'>spero,</span> <span class='ocrx_word' id='word_1_47' title='bbox 446 732 482 772; x_wconf 90' lang='lat' dir='ltr'>a</span> <span class='ocrx_word' id='word_1_48' title='bbox 503 733 625 788; x_wconf 91' lang='lat' dir='ltr'>quo</span> <span class='ocrx_word' id='word_1_49' title='bbox 648 717 995 774; x_wconf 90' lang='lat' dir='ltr'>inchoatum</span> <span class='ocrx_word' id='word_1_50' title='bbox 1012 735 1143 774; x_wconf 88' lang='lat' dir='ltr'>esse</span> <span class='ocrx_word' id='word_1_51' title='bbox 1164 720 1467 776; x_wconf 79' lang='lat' dir='ltr'>humiliter</span> <span class='ocrx_word' id='word_1_52' title='bbox 1492 721 1760 790; x_wconf 83' lang='lat' dir='ltr'>gaudeo;</span> <span class='ocrx_word' id='word_1_53' title='bbox 1786 737 1895 778; x_wconf 93' lang='lat' dir='ltr'>nec</span> 
     </span>
    </p>
   </div>
   <div class='ocr_carea' id='block_1_8' title="bbox 229 804 1892 878">
    <p class='ocr_par' dir='ltr' id='par_1_8' title="bbox 229 804 1892 878">
     <span class='ocr_line' id='line_1_8' title="bbox 229 804 1892 878; baseline 0.004 -18"><span class='ocrx_word' id='word_1_54' title='bbox 229 804 294 860; x_wconf 90' lang='lat' dir='ltr'>in</span> <span class='ocrx_word' id='word_1_55' title='bbox 315 822 384 861; x_wconf 92' lang='lat' dir='ltr'>eo</span> <span class='ocrx_word' id='word_1_56' title='bbox 410 806 577 878; x_wconf 90' lang='lat' dir='ltr'>quod</span> <span class='ocrx_word' id='word_1_57' title='bbox 597 806 797 862; x_wconf 89' lang='lat' dir='ltr'>adhuc</span> <span class='ocrx_word' id='word_1_58' title='bbox 827 822 947 862; x_wconf 91' lang='lat' dir='ltr'>non</span> <span class='ocrx_word' id='word_1_59' title='bbox 973 807 1224 864; x_wconf 91' lang='lat' dir='ltr'>donavit</span> <span class='ocrx_word' id='word_1_60' title='bbox 1244 809 1608 875; x_wconf 87' lang='lat' dir='ltr'>incredulus,</span> <span class='ocrx_word' id='word_1_61' title='bbox 1624 812 1802 866; x_wconf 91' lang='lat' dir='ltr'>necin</span> <span class='ocrx_word' id='word_1_62' title='bbox 1824 826 1892 866; x_wconf 90' lang='lat' dir='ltr'>eo</span> 
     </span>
    </p>
   </div>
   <div class='ocr_carea' id='block_1_9' title="bbox 227 894 1894 969">
    <p class='ocr_par' dir='ltr' id='par_1_9' title="bbox 227 894 1894 969">
     <span class='ocr_line' id='line_1_9' title="bbox 227 894 1894 969; baseline 0.002 -19"><span class='ocrx_word' id='word_1_63' title='bbox 227 895 536 966; x_wconf 89' lang='lat' dir='ltr'>quodjam</span> <span class='ocrx_word' id='word_1_64' title='bbox 558 894 809 951; x_wconf 88' lang='lat' dir='ltr'>donavit</span> <span class='ocrx_word' id='word_1_65' title='bbox 830 896 1122 965; x_wconf 86' lang='lat' dir='ltr'>ingratus.</span> <span class='ocrx_word' id='word_1_66' title='bbox 1139 900 1267 954; x_wconf 82' lang='lat' dir='ltr'>Non</span> <span class='ocrx_word' id='word_1_67' title='bbox 1289 899 1446 954; x_wconf 91' lang='lat' dir='ltr'>enim</span> <span class='ocrx_word' id='word_1_68' title='bbox 1465 915 1599 955; x_wconf 93' lang='lat' dir='ltr'>meo</span> <span class='ocrx_word' id='word_1_69' title='bbox 1620 899 1714 954; x_wconf 89' lang='lat' dir='ltr'>vel</span> <span class='ocrx_word' id='word_1_70' title='bbox 1733 899 1894 969; x_wconf 83' lang='lat' dir='ltr'>inge-</span> 
     </span>
    </p>
   </div>
   <div class='ocr_carea' id='block_1_10' title="bbox 230 984 1895 1060">
    <p class='ocr_par' dir='ltr' id='par_1_10' title="bbox 230 984 1895 1060">
     <span class='ocr_line' id='line_1_10' title="bbox 230 984 1895 1060; baseline 0.003 -21"><span class='ocrx_word' id='word_1_71' title='bbox 230 985 334 1039; x_wconf 91' lang='lat' dir='ltr'>nio</span> <span class='ocrx_word' id='word_1_72' title='bbox 357 984 449 1039; x_wconf 89' lang='lat' dir='ltr'>vel</span> <span class='ocrx_word' id='word_1_73' title='bbox 471 984 703 1048; x_wconf 91' lang='lat' dir='ltr'>merito,</span> <span class='ocrx_word' id='word_1_74' title='bbox 724 985 829 1040; x_wconf 90' lang='lat' dir='ltr'>sed</span> <span class='ocrx_word' id='word_1_75' title='bbox 844 985 973 1056; x_wconf 88' lang='lat' dir='ltr'>ejus</span> <span class='ocrx_word' id='word_1_76' title='bbox 996 986 1158 1042; x_wconf 89' lang='lat' dir='ltr'>dono</span> <span class='ocrx_word' id='word_1_77' title='bbox 1183 1004 1342 1053; x_wconf 89' lang='lat' dir='ltr'>sum,</span> <span class='ocrx_word' id='word_1_78' title='bbox 1359 988 1561 1060; x_wconf 91' lang='lat' dir='ltr'>siquid</span> <span class='ocrx_word' id='word_1_79' title='bbox 1580 987 1895 1044; x_wconf 81' lang='lat' dir='ltr'>laudabili-</span> 
     </span>
    </p>
   </div>
   <div class='ocr_carea' id='block_1_11' title="bbox 230 1074 1892 1146">
    <p class='ocr_par' dir='ltr' id='par_1_11' title="bbox 230 1074 1892 1146">
     <span class='ocr_line' id='line_1_11' title="bbox 230 1074 1892 1146; baseline 0.002 -18"><span class='ocrx_word' id='word_1_80' title='bbox 230 1077 319 1128; x_wconf 90' lang='lat' dir='ltr'>ter</span> <span class='ocrx_word' id='word_1_81' title='bbox 349 1090 506 1128; x_wconf 90' lang='lat' dir='ltr'>sum.</span> <span class='ocrx_word' id='word_1_82' title='bbox 526 1074 676 1129; x_wconf 90' lang='lat' dir='ltr'>Nam</span> <span class='ocrx_word' id='word_1_83' title='bbox 698 1075 982 1146; x_wconf 67' lang='lat' dir='ltr'>quaedam</span> <span class='ocrx_word' id='word_1_84' title='bbox 1009 1076 1357 1132; x_wconf 89' lang='lat' dir='ltr'>acutissima</span> <span class='ocrx_word' id='word_1_85' title='bbox 1382 1092 1452 1132; x_wconf 84' lang='lat' dir='ltr'>ex</span> <span class='ocrx_word' id='word_1_86' title='bbox 1476 1075 1892 1132; x_wconf 80' lang='lat' dir='ltr'>excellentissi-</span> 
     </span>
    </p>
   </div>
   <div class='ocr_carea' id='block_1_12' title="bbox 230 1162 1891 1238">
    <p class='ocr_par' dir='ltr' id='par_1_12' title="bbox 230 1162 1891 1238">
     <span class='ocr_line' id='line_1_12' title="bbox 230 1162 1891 1238; baseline 0.002 -20"><span class='ocrx_word' id='word_1_87' title='bbox 230 1178 334 1218; x_wconf 91' lang='lat' dir='ltr'>ma</span> <span class='ocrx_word' id='word_1_88' title='bbox 355 1162 592 1232; x_wconf 89' lang='lat' dir='ltr'>ingenia</span> <span class='ocrx_word' id='word_1_89' title='bbox 610 1169 773 1219; x_wconf 90' lang='lat' dir='ltr'>tanto</span> <span class='ocrx_word' id='word_1_90' title='bbox 796 1163 856 1219; x_wconf 91' lang='lat' dir='ltr'>in</span> <span class='ocrx_word' id='word_1_91' title='bbox 885 1164 1145 1235; x_wconf 82' lang='lat' dir='ltr'>majores</span> <span class='ocrx_word' id='word_1_92' title='bbox 1175 1180 1402 1221; x_wconf 91' lang='lat' dir='ltr'>errores</span> <span class='ocrx_word' id='word_1_93' title='bbox 1425 1167 1636 1231; x_wconf 90' lang='lat' dir='ltr'>ierunt,</span> <span class='ocrx_word' id='word_1_94' title='bbox 1668 1171 1891 1238; x_wconf 91' lang='lat' dir='ltr'>quanto</span> 
     </span>
    </p>
   </div>
   <div class='ocr_carea' id='block_1_13' title="bbox 227 1252 1891 1325">
    <p class='ocr_par' dir='ltr' id='par_1_13' title="bbox 227 1252 1891 1325">
     <span class='ocr_line' id='line_1_13' title="bbox 227 1252 1891 1325; baseline 0.002 -18"><span class='ocrx_word' id='word_1_95' title='bbox 227 1252 642 1323; x_wconf 70' lang='lat' dir='ltr'>praeﬁdentius</span> <span class='ocrx_word' id='word_1_96' title='bbox 661 1259 948 1325; x_wconf 89' lang='lat' dir='ltr'>tanquam</span> <span class='ocrx_word' id='word_1_97' title='bbox 973 1254 1098 1309; x_wconf 88' lang='lat' dir='ltr'>suis</span> <span class='ocrx_word' id='word_1_98' title='bbox 1124 1255 1346 1311; x_wconf 83' lang='lat' dir='ltr'>viribus</span> <span class='ocrx_word' id='word_1_99' title='bbox 1359 1261 1767 1322; x_wconf 89' lang='lat' dir='ltr'>cucurrerunt,</span> <span class='ocrx_word' id='word_1_100' title='bbox 1784 1271 1891 1311; x_wconf 91' lang='lat' dir='ltr'>nec</span> 
     </span>
    </p>
   </div>
   <div class='ocr_carea' id='block_1_14' title="bbox 227 1341 1890 1413">
    <p class='ocr_par' dir='ltr' id='par_1_14' title="bbox 227 1341 1890 1413">
     <span class='ocr_line' id='line_1_14' title="bbox 227 1341 1890 1413; baseline 0.002 -17"><span class='ocrx_word' id='word_1_101' title='bbox 227 1341 580 1413; x_wconf 86' lang='lat' dir='ltr'>suppliciter</span> <span class='ocrx_word' id='word_1_102' title='bbox 601 1359 671 1398; x_wconf 93' lang='lat' dir='ltr'>ac</span> <span class='ocrx_word' id='word_1_103' title='bbox 693 1342 977 1398; x_wconf 83' lang='lat' dir='ltr'>veraciter</span> <span class='ocrx_word' id='word_1_104' title='bbox 991 1343 1201 1410; x_wconf 89' lang='lat' dir='ltr'>Deum,</span> <span class='ocrx_word' id='word_1_105' title='bbox 1217 1349 1279 1400; x_wconf 93' lang='lat' dir='ltr'>ut</span> <span class='ocrx_word' id='word_1_106' title='bbox 1302 1343 1417 1400; x_wconf 88' lang='lat' dir='ltr'>sibi</span> <span class='ocrx_word' id='word_1_107' title='bbox 1444 1345 1599 1400; x_wconf 91' lang='lat' dir='ltr'>viam</span> <span class='ocrx_word' id='word_1_108' title='bbox 1617 1345 1890 1401; x_wconf 84' lang='lat' dir='ltr'>ostende-</span> 
     </span>
    </p>
   </div>
   <div class='ocr_carea' id='block_1_15' title="bbox 226 1431 1887 1504">
    <p class='ocr_par' dir='ltr' id='par_1_15' title="bbox 226 1431 1887 1504">
     <span class='ocr_line' id='line_1_15' title="bbox 226 1431 1887 1504; baseline 0.004 -20"><span class='ocrx_word' id='word_1_109' title='bbox 226 1435 334 1496; x_wconf 88' lang='lat' dir='ltr'>ret,</span> <span class='ocrx_word' id='word_1_110' title='bbox 369 1431 725 1502; x_wconf 88' lang='lat' dir='ltr'>petiverunt.</span> <span class='ocrx_word' id='word_1_111' title='bbox 761 1432 957 1488; x_wconf 78' lang='lat' dir='ltr'>Merita</span> <span class='ocrx_word' id='word_1_112' title='bbox 977 1448 1117 1487; x_wconf 90' lang='lat' dir='ltr'>vero</span> <span class='ocrx_word' id='word_1_113' title='bbox 1144 1433 1549 1504; x_wconf 91' lang='lat' dir='ltr'>quorumlibet</span> <span class='ocrx_word' id='word_1_114' title='bbox 1575 1433 1887 1490; x_wconf 86' lang='lat' dir='ltr'>hominum</span> 
     </span>
    </p>
   </div>
   <div class='ocr_carea' id='block_1_16' title="bbox 225 1521 1888 1594">
    <p class='ocr_par' dir='ltr' id='par_1_16' title="bbox 225 1521 1888 1594">
     <span class='ocr_line' id='line_1_16' title="bbox 225 1521 1888 1594; baseline 0.002 -20"><span class='ocrx_word' id='word_1_115' title='bbox 225 1534 365 1591; x_wconf 66' lang='lat' dir='ltr'>quae</span> <span class='ocrx_word' id='word_1_116' title='bbox 379 1526 546 1588; x_wconf 90' lang='lat' dir='ltr'>sunt;</span> <span class='ocrx_word' id='word_1_117' title='bbox 567 1521 1061 1592; x_wconf 83' lang='lat' dir='ltr'>quandoquidem</span> <span class='ocrx_word' id='word_1_118' title='bbox 1081 1522 1302 1594; x_wconf 89' lang='lat' dir='ltr'>ille,qui</span> <span class='ocrx_word' id='word_1_119' title='bbox 1321 1538 1442 1578; x_wconf 91' lang='lat' dir='ltr'>non</span> <span class='ocrx_word' id='word_1_120' title='bbox 1461 1539 1596 1578; x_wconf 92' lang='lat' dir='ltr'>cum</span> <span class='ocrx_word' id='word_1_121' title='bbox 1615 1523 1888 1578; x_wconf 91' lang='lat' dir='ltr'>mercede</span> 
     </span>
    </p>
   </div>
   <div class='ocr_carea' id='block_1_17' title="bbox 227 1608 1887 1683">
    <p class='ocr_par' dir='ltr' id='par_1_17' title="bbox 227 1608 1887 1683">
     <span class='ocr_line' id='line_1_17' title="bbox 227 1608 1887 1683; baseline 0.002 -19"><span class='ocrx_word' id='word_1_122' title='bbox 227 1608 454 1674; x_wconf 89' lang='lat' dir='ltr'>debita,</span> <span class='ocrx_word' id='word_1_123' title='bbox 472 1612 578 1665; x_wconf 89' lang='lat' dir='ltr'>sed</span> <span class='ocrx_word' id='word_1_124' title='bbox 601 1626 738 1666; x_wconf 93' lang='lat' dir='ltr'>cum</span> <span class='ocrx_word' id='word_1_125' title='bbox 759 1611 1018 1680; x_wconf 90' lang='lat' dir='ltr'>gratuita</span> <span class='ocrx_word' id='word_1_126' title='bbox 1040 1611 1230 1680; x_wconf 87' lang='lat' dir='ltr'>gratia</span> <span class='ocrx_word' id='word_1_127' title='bbox 1251 1611 1430 1678; x_wconf 87' lang='lat' dir='ltr'>venit,</span> <span class='ocrx_word' id='word_1_128' title='bbox 1445 1628 1657 1667; x_wconf 88' lang='lat' dir='ltr'>omnes</span> <span class='ocrx_word' id='word_1_129' title='bbox 1682 1627 1887 1683; x_wconf 89' lang='lat' dir='ltr'>pecca-</span> 
     </span>
    </p>
   </div>
   <div class='ocr_carea' id='block_1_18' title="bbox 226 1698 1887 1773">
    <p class='ocr_par' dir='ltr' id='par_1_18' title="bbox 226 1698 1887 1773">
     <span class='ocr_line' id='line_1_18' title="bbox 226 1698 1887 1773; baseline 0.001 -20"><span class='ocrx_word' id='word_1_130' title='bbox 226 1703 384 1754; x_wconf 86' lang='lat' dir='ltr'>tores</span> <span class='ocrx_word' id='word_1_131' title='bbox 419 1698 582 1756; x_wconf 91' lang='lat' dir='ltr'>solus</span> <span class='ocrx_word' id='word_1_132' title='bbox 610 1715 645 1754; x_wconf 93' lang='lat' dir='ltr'>a</span> <span class='ocrx_word' id='word_1_133' title='bbox 675 1700 935 1772; x_wconf 85' lang='lat' dir='ltr'>peccatis</span> <span class='ocrx_word' id='word_1_134' title='bbox 955 1699 1104 1756; x_wconf 90' lang='lat' dir='ltr'>liber</span> <span class='ocrx_word' id='word_1_135' title='bbox 1124 1705 1303 1773; x_wconf 87' lang='lat' dir='ltr'>atque</span> <span class='ocrx_word' id='word_1_136' title='bbox 1322 1700 1602 1757; x_wconf 86' lang='lat' dir='ltr'>liberator</span> <span class='ocrx_word' id='word_1_137' title='bbox 1623 1699 1887 1757; x_wconf 83' lang='lat' dir='ltr'>invenit?</span> 
     </span>
    </p>
   </div>
   <div class='ocr_carea' id='block_1_19' title="bbox 296 1815 1882 1886">
    <p class='ocr_par' dir='ltr' id='par_1_19' title="bbox 296 1815 1882 1886">
     <span class='ocr_line' id='line_1_19' title="bbox 296 1815 1882 1886; baseline 0.003 -18"><span class='ocrx_word' id='word_1_138' title='bbox 296 1816 350 1868; x_wconf 89' lang='lat'>6.</span> <span class='ocrx_word' id='word_1_139' title='bbox 389 1815 446 1871; x_wconf 91' lang='lat' dir='ltr'>Si</span> <span class='ocrx_word' id='word_1_140' title='bbox 476 1830 618 1886; x_wconf 91' lang='lat' dir='ltr'>ergo</span> <span class='ocrx_word' id='word_1_141' title='bbox 666 1831 776 1870; x_wconf 90' lang='lat' dir='ltr'>nos</span> <span class='ocrx_word' id='word_1_142' title='bbox 807 1816 991 1871; x_wconf 89' lang='lat' dir='ltr'>virtus</span> <span class='ocrx_word' id='word_1_143' title='bbox 1035 1832 1171 1872; x_wconf 89' lang='lat' dir='ltr'>vera</span> <span class='ocrx_word' id='word_1_144' title='bbox 1201 1817 1474 1880; x_wconf 84' lang='lat' dir='ltr'>delectat,</span> <span class='ocrx_word' id='word_1_145' title='bbox 1507 1817 1554 1873; x_wconf 91' lang='lat' dir='ltr'>ei</span> <span class='ocrx_word' id='word_1_146' title='bbox 1587 1817 1882 1884; x_wconf 90' lang='lat' dir='ltr'>dicamus,</span> 
     </span>
    </p>
   </div>
   <div class='ocr_carea' id='block_1_20' title="bbox 224 1903 1881 1977">
    <p class='ocr_par' dir='ltr' id='par_1_20' title="bbox 224 1903 1881 1977">
     <span class='ocr_line' id='line_1_20' title="bbox 224 1903 1881 1977; baseline 0.002 -19"><span class='ocrx_word' id='word_1_147' title='bbox 224 1903 392 1975; x_wconf 91' lang='lat' dir='ltr'>quod</span> <span class='ocrx_word' id='word_1_148' title='bbox 412 1903 468 1958; x_wconf 92' lang='lat' dir='ltr'>in</span> <span class='ocrx_word' id='word_1_149' title='bbox 493 1904 623 1974; x_wconf 86' lang='lat' dir='ltr'>ejus</span> <span class='ocrx_word' id='word_1_150' title='bbox 643 1903 830 1959; x_wconf 89' lang='lat' dir='ltr'>sacris</span> <span class='ocrx_word' id='word_1_151' title='bbox 854 1904 1080 1960; x_wconf 87' lang='lat' dir='ltr'>Litteris</span> <span class='ocrx_word' id='word_1_152' title='bbox 1105 1906 1379 1976; x_wconf 81' lang='lat' dir='ltr'>legimus,</span> <span class='ocrx_word' id='word_1_153' title='bbox 1397 1906 1654 1977; x_wconf 84' lang='lat' dir='ltr'>Diligam</span> <span class='ocrx_word' id='word_1_154' title='bbox 1678 1913 1751 1974; x_wconf 91' lang='lat' dir='ltr'>te,</span> <span class='ocrx_word' id='word_1_155' title='bbox 1769 1908 1881 1962; x_wconf 89' lang='lat' dir='ltr'>Do-</span> 
     </span>
    </p>
   </div>
   <div class='ocr_carea' id='block_1_21' title="bbox 224 1993 1884 2066">
    <p class='ocr_par' dir='ltr' id='par_1_21' title="bbox 224 1993 1884 2066">
     <span class='ocr_line' id='line_1_21' title="bbox 224 1993 1884 2066; baseline 0.001 -18"><span class='ocrx_word' id='word_1_156' title='bbox 224 1993 403 2057; x_wconf 83' lang='lat' dir='ltr'>mine,</span> <span class='ocrx_word' id='word_1_157' title='bbox 422 1994 614 2049; x_wconf 83' lang='lat' dir='ltr'>virtus</span> <span class='ocrx_word' id='word_1_158' title='bbox 639 2007 767 2050; x_wconf 89' lang='lat' dir='ltr'>mea</span> <span class='ocrx_word' id='word_1_159' title='bbox 791 1993 972 2063; x_wconf 87' lang='lat' dir='ltr'>(Psal.</span> <span class='ocrx_word' id='word_1_160' title='bbox 1002 2010 1142 2059; x_wconf 82' lang='lat' dir='ltr'>vaI,</span> <span class='ocrx_word' id='word_1_161' title='bbox 1157 1994 1242 2066; x_wconf 88' lang='lat'>2):</span> <span class='ocrx_word' id='word_1_162' title='bbox 1270 2000 1326 2051; x_wconf 87' lang='lat' dir='ltr'>et</span> <span class='ocrx_word' id='word_1_163' title='bbox 1347 1995 1397 2049; x_wconf 89' lang='lat' dir='ltr'>si</span> <span class='ocrx_word' id='word_1_164' title='bbox 1422 2011 1554 2050; x_wconf 89' lang='lat' dir='ltr'>vere</span> <span class='ocrx_word' id='word_1_165' title='bbox 1571 1995 1731 2050; x_wconf 86' lang='lat' dir='ltr'>beati</span> <span class='ocrx_word' id='word_1_166' title='bbox 1754 2010 1884 2050; x_wconf 89' lang='lat' dir='ltr'>esse</span> 
     </span>
    </p>
   </div>
   <div class='ocr_carea' id='block_1_22' title="bbox 226 2080 1884 2156">
    <p class='ocr_par' dir='ltr' id='par_1_22' title="bbox 226 2080 1884 2156">
     <span class='ocr_line' id='line_1_22' title="bbox 226 2080 1884 2156; baseline 0.002 -22"><span class='ocrx_word' id='word_1_167' title='bbox 226 2080 510 2137; x_wconf 87' lang='lat' dir='ltr'>volumus</span> <span class='ocrx_word' id='word_1_168' title='bbox 536 2081 720 2153; x_wconf 86' lang='lat' dir='ltr'>(quod</span> <span class='ocrx_word' id='word_1_169' title='bbox 738 2081 893 2138; x_wconf 90' lang='lat' dir='ltr'>nolle</span> <span class='ocrx_word' id='word_1_170' title='bbox 917 2098 1036 2139; x_wconf 93' lang='lat' dir='ltr'>non</span> <span class='ocrx_word' id='word_1_171' title='bbox 1059 2084 1502 2155; x_wconf 90' lang='lat' dir='ltr'>possumus),id</span> <span class='ocrx_word' id='word_1_172' title='bbox 1523 2084 1759 2156; x_wconf 88' lang='lat' dir='ltr'>quodin</span> <span class='ocrx_word' id='word_1_173' title='bbox 1778 2084 1884 2138; x_wconf 85' lang='lat' dir='ltr'>eis-</span> 
     </span>
    </p>
   </div>
   <div class='ocr_carea' id='block_1_23' title="bbox 225 2169 1884 2242">
    <p class='ocr_par' dir='ltr' id='par_1_23' title="bbox 225 2169 1884 2242">
     <span class='ocr_line' id='line_1_23' title="bbox 225 2169 1884 2242; baseline 0.003 -17"><span class='ocrx_word' id='word_1_174' title='bbox 225 2171 365 2226; x_wconf 90' lang='lat' dir='ltr'>dem</span> <span class='ocrx_word' id='word_1_175' title='bbox 396 2169 623 2226; x_wconf 86' lang='lat' dir='ltr'>Litteris</span> <span class='ocrx_word' id='word_1_176' title='bbox 646 2170 1115 2238; x_wconf 90' lang='lat' dir='ltr'>didicimus,ﬁdo</span> <span class='ocrx_word' id='word_1_177' title='bbox 1132 2173 1309 2228; x_wconf 90' lang='lat' dir='ltr'>corde</span> <span class='ocrx_word' id='word_1_178' title='bbox 1325 2179 1654 2242; x_wconf 87' lang='lat' dir='ltr'>teneamus,</span> <span class='ocrx_word' id='word_1_179' title='bbox 1671 2173 1884 2230; x_wconf 81' lang='lat' dir='ltr'>Beatus</span> 
     </span>
    </p>
   </div>
   <div class='ocr_carea' id='block_1_24' title="bbox 225 2261 1885 2333">
    <p class='ocr_par' dir='ltr' id='par_1_24' title="bbox 225 2261 1885 2333">
     <span class='ocr_line' id='line_1_24' title="bbox 225 2261 1885 2333; baseline 0.001 -17"><span class='ocrx_word' id='word_1_180' title='bbox 225 2261 320 2316; x_wconf 84' lang='lat' dir='ltr'>vir</span> <span class='ocrx_word' id='word_1_181' title='bbox 345 2261 515 2330; x_wconf 82' lang='lat' dir='ltr'>cujus</span> <span class='ocrx_word' id='word_1_182' title='bbox 533 2268 613 2317; x_wconf 90' lang='lat' dir='ltr'>est</span> <span class='ocrx_word' id='word_1_183' title='bbox 627 2277 838 2318; x_wconf 85' lang='lat' dir='ltr'>nomen</span> <span class='ocrx_word' id='word_1_184' title='bbox 852 2261 1090 2318; x_wconf 81' lang='lat' dir='ltr'>Domini</span> <span class='ocrx_word' id='word_1_185' title='bbox 1106 2277 1236 2332; x_wconf 86' lang='lat' dir='ltr'>spes</span> <span class='ocrx_word' id='word_1_186' title='bbox 1247 2265 1395 2333; x_wconf 84' lang='lat' dir='ltr'>ejus,</span> <span class='ocrx_word' id='word_1_187' title='bbox 1411 2271 1462 2319; x_wconf 91' lang='lat' dir='ltr'>et</span> <span class='ocrx_word' id='word_1_188' title='bbox 1476 2278 1595 2319; x_wconf 89' lang='lat' dir='ltr'>non</span> <span class='ocrx_word' id='word_1_189' title='bbox 1623 2263 1885 2332; x_wconf 73' lang='lat' dir='ltr'>respexit</span> 
     </span>
    </p>
   </div>
   <div class='ocr_carea' id='block_1_25' title="bbox 223 2348 1871 2423">
    <p class='ocr_par' dir='ltr' id='par_1_25' title="bbox 223 2348 1871 2423">
     <span class='ocr_line' id='line_1_25' title="bbox 223 2348 1871 2423; baseline 0.004 -21"><span class='ocrx_word' id='word_1_190' title='bbox 223 2348 286 2404; x_wconf 88' lang='lat' dir='ltr'>in</span> <span class='ocrx_word' id='word_1_191' title='bbox 315 2349 603 2406; x_wconf 82' lang='lat' dir='ltr'>vanitates</span> <span class='ocrx_word' id='word_1_192' title='bbox 629 2357 682 2406; x_wconf 89' lang='lat' dir='ltr'>et</span> <span class='ocrx_word' id='word_1_193' title='bbox 707 2351 976 2407; x_wconf 76' lang='lat' dir='ltr'>insanias</span> <span class='ocrx_word' id='word_1_194' title='bbox 1005 2353 1314 2408; x_wconf 84' lang='lat' dir='ltr'>mendaces</span> <span class='ocrx_word' id='word_1_195' title='bbox 1345 2353 1532 2421; x_wconf 84' lang='lat' dir='ltr'>(Psal.</span> <span class='ocrx_word' id='word_1_196' title='bbox 1567 2368 1767 2417; x_wconf 76' lang='lat' dir='ltr'><strong>xxxrx,</strong></span> <span class='ocrx_word' id='word_1_197' title='bbox 1793 2353 1871 2423; x_wconf 87' lang='lat'>5).</span> 
     </span>
    </p>
   </div>
   <div class='ocr_carea' id='block_1_26' title="bbox 223 2438 1881 2513">
    <p class='ocr_par' dir='ltr' id='par_1_26' title="bbox 223 2438 1881 2513">
     <span class='ocr_line' id='line_1_26' title="bbox 223 2438 1881 2513; baseline 0.002 -22"><span class='ocrx_word' id='word_1_198' title='bbox 223 2438 458 2502; x_wconf 87' lang='lat' dir='ltr'>Quanta</span> <span class='ocrx_word' id='word_1_199' title='bbox 476 2442 771 2494; x_wconf 90' lang='lat' dir='ltr'>estautem</span> <span class='ocrx_word' id='word_1_200' title='bbox 786 2440 1279 2512; x_wconf 87' lang='lat' dir='ltr'>vanitas,quanta</span> <span class='ocrx_word' id='word_1_201' title='bbox 1299 2441 1881 2513; x_wconf 87' lang='lat' dir='ltr'>insania,quantum-</span> 
     </span>
    </p>
   </div>
   <div class='ocr_carea' id='block_1_27' title="bbox 222 2527 1881 2599">
    <p class='ocr_par' dir='ltr' id='par_1_27' title="bbox 222 2527 1881 2599">
     <span class='ocr_line' id='line_1_27' title="bbox 222 2527 1881 2599; baseline 0.003 -18"><span class='ocrx_word' id='word_1_202' title='bbox 222 2542 342 2599; x_wconf 92' lang='lat' dir='ltr'>que</span> <span class='ocrx_word' id='word_1_203' title='bbox 375 2527 1100 2598; x_wconf 89' lang='lat' dir='ltr'>mendacium,hominem</span> <span class='ocrx_word' id='word_1_204' title='bbox 1123 2530 1881 2595; x_wconf 68' lang='lat' dir='ltr'>mortalem,mrumnosam</span> 
     </span>
    </p>
   </div>
   <div class='ocr_carea' id='block_1_28' title="bbox 219 2615 1882 2690">
    <p class='ocr_par' dir='ltr' id='par_1_28' title="bbox 219 2615 1882 2690">
     <span class='ocr_line' id='line_1_28' title="bbox 219 2615 1882 2690; baseline 0.002 -20"><span class='ocrx_word' id='word_1_205' title='bbox 219 2615 406 2671; x_wconf 85' lang='lat' dir='ltr'>vitam</span> <span class='ocrx_word' id='word_1_206' title='bbox 456 2617 728 2672; x_wconf 90' lang='lat' dir='ltr'>mutabili</span> <span class='ocrx_word' id='word_1_207' title='bbox 760 2623 816 2672; x_wconf 89' lang='lat' dir='ltr'>et</span> <span class='ocrx_word' id='word_1_208' title='bbox 862 2618 1070 2690; x_wconf 87' lang='lat' dir='ltr'>spiritu</span> <span class='ocrx_word' id='word_1_209' title='bbox 1102 2625 1159 2674; x_wconf 90' lang='lat' dir='ltr'>et</span> <span class='ocrx_word' id='word_1_210' title='bbox 1202 2635 1380 2674; x_wconf 88' lang='lat' dir='ltr'>carne</span> <span class='ocrx_word' id='word_1_211' title='bbox 1424 2618 1764 2684; x_wconf 89' lang='lat' dir='ltr'>ducentem,</span> <span class='ocrx_word' id='word_1_212' title='bbox 1799 2623 1882 2674; x_wconf 89' lang='lat' dir='ltr'>tot</span> 
     </span>
    </p>
   </div>
   <div class='ocr_carea' id='block_1_29' title="bbox 219 2706 1880 2776">
    <p class='ocr_par' dir='ltr' id='par_1_29' title="bbox 219 2706 1880 2776">
     <span class='ocr_line' id='line_1_29' title="bbox 219 2706 1880 2776; baseline 0.003 -18"><span class='ocrx_word' id='word_1_213' title='bbox 219 2706 480 2776; x_wconf 87' lang='lat' dir='ltr'>peccatis</span> <span class='ocrx_word' id='word_1_214' title='bbox 509 2711 843 2771; x_wconf 88' lang='lat' dir='ltr'>oneratum,</span> <span class='ocrx_word' id='word_1_215' title='bbox 877 2713 959 2762; x_wconf 92' lang='lat' dir='ltr'>tot</span> <span class='ocrx_word' id='word_1_216' title='bbox 990 2709 1416 2763; x_wconf 90' lang='lat' dir='ltr'>tentationibus</span> <span class='ocrx_word' id='word_1_217' title='bbox 1448 2708 1880 2775; x_wconf 88' lang='lat' dir='ltr'>subditum,tot</span> 
     </span>
    </p>
   </div>
   <div class='ocr_carea' id='block_1_30' title="bbox 218 2793 1881 2868">
    <p class='ocr_par' dir='ltr' id='par_1_30' title="bbox 218 2793 1881 2868">
     <span class='ocr_line' id='line_1_30' title="bbox 218 2793 1881 2868; baseline 0.002 -21"><span class='ocrx_word' id='word_1_218' title='bbox 218 2793 702 2865; x_wconf 88' lang='lat' dir='ltr'>corruptionibus</span> <span class='ocrx_word' id='word_1_219' title='bbox 715 2795 1745 2868; x_wconf 75' lang='lat' dir='ltr'>obnoxium,pmnisquejustissimis</span> <span class='ocrx_word' id='word_1_220' title='bbox 1758 2797 1881 2852; x_wconf 90' lang='lat' dir='ltr'>des-</span> 
     </span>
    </p>
   </div>
   <div class='ocr_carea' id='block_1_31' title="bbox 221 2883 1879 2960">
    <p class='ocr_par' dir='ltr' id='par_1_31' title="bbox 221 2883 1879 2960">
     <span class='ocr_line' id='line_1_31' title="bbox 221 2883 1879 2960; baseline 0.002 -22"><span class='ocrx_word' id='word_1_221' title='bbox 221 2883 499 2949; x_wconf 88' lang='lat' dir='ltr'>tinatum,</span> <span class='ocrx_word' id='word_1_222' title='bbox 529 2885 587 2939; x_wconf 91' lang='lat' dir='ltr'>in</span> <span class='ocrx_word' id='word_1_223' title='bbox 620 2884 818 2956; x_wconf 90' lang='lat' dir='ltr'>seipso</span> <span class='ocrx_word' id='word_1_224' title='bbox 850 2885 1033 2942; x_wconf 89' lang='lat' dir='ltr'>ﬁdere</span> <span class='ocrx_word' id='word_1_225' title='bbox 1069 2893 1128 2941; x_wconf 93' lang='lat' dir='ltr'>ut</span> <span class='ocrx_word' id='word_1_226' title='bbox 1161 2887 1369 2943; x_wconf 86' lang='lat' dir='ltr'>beatus</span> <span class='ocrx_word' id='word_1_227' title='bbox 1403 2887 1496 2952; x_wconf 91' lang='lat' dir='ltr'>sit,</span> <span class='ocrx_word' id='word_1_228' title='bbox 1529 2887 1774 2960; x_wconf 89' lang='lat' dir='ltr'>quando</span> <span class='ocrx_word' id='word_1_229' title='bbox 1805 2903 1879 2942; x_wconf 93' lang='lat' dir='ltr'>ne</span> 
     </span>
    </p>
   </div>
   <div class='ocr_carea' id='block_1_32' title="bbox 216 2972 1878 3048">
    <p class='ocr_par' dir='ltr' id='par_1_32' title="bbox 216 2972 1878 3048">
     <span class='ocr_line' id='line_1_32' title="bbox 216 2972 1878 3048; baseline 0.004 -21"><span class='ocrx_word' id='word_1_230' title='bbox 216 2972 363 3027; x_wconf 91' lang='lat' dir='ltr'>illud</span> <span class='ocrx_word' id='word_1_231' title='bbox 398 2972 668 3044; x_wconf 91' lang='lat' dir='ltr'>quidem,</span> <span class='ocrx_word' id='word_1_232' title='bbox 694 2975 852 3046; x_wconf 86' lang='lat' dir='ltr'>quod</span> <span class='ocrx_word' id='word_1_233' title='bbox 884 2975 1062 3030; x_wconf 88' lang='lat' dir='ltr'>habet</span> <span class='ocrx_word' id='word_1_234' title='bbox 1094 2976 1150 3030; x_wconf 90' lang='lat' dir='ltr'>in</span> <span class='ocrx_word' id='word_1_235' title='bbox 1179 2982 1407 3031; x_wconf 65' lang='lat' dir='ltr'>naturae</span> <span class='ocrx_word' id='word_1_236' title='bbox 1439 2991 1561 3031; x_wconf 71' lang='lat' dir='ltr'>sua:</span> <span class='ocrx_word' id='word_1_237' title='bbox 1592 2976 1878 3048; x_wconf 85' lang='lat' dir='ltr'>dignitate</span> 
     </span>
    </p>
   </div>
   <div class='ocr_carea' id='block_1_33' title="bbox 218 3062 1881 3137">
    <p class='ocr_par' dir='ltr' id='par_1_33' title="bbox 218 3062 1881 3137">
     <span class='ocr_line' id='line_1_33' title="bbox 218 3062 1881 3137; baseline 0.002 -20"><span class='ocrx_word' id='word_1_238' title='bbox 218 3062 616 3135; x_wconf 68' lang='lat' dir='ltr'>prmcipuum,</span> <span class='ocrx_word' id='word_1_239' title='bbox 649 3063 706 3118; x_wconf 89' lang='lat' dir='ltr'>id</span> <span class='ocrx_word' id='word_1_240' title='bbox 740 3067 829 3119; x_wconf 87' lang='lat' dir='ltr'>est</span> <span class='ocrx_word' id='word_1_241' title='bbox 853 3069 1114 3120; x_wconf 89' lang='lat' dir='ltr'>mentem</span> <span class='ocrx_word' id='word_1_242' title='bbox 1141 3069 1318 3137; x_wconf 90' lang='lat' dir='ltr'>atque</span> <span class='ocrx_word' id='word_1_243' title='bbox 1343 3065 1657 3129; x_wconf 88' lang='lat' dir='ltr'>rationem,</span> <span class='ocrx_word' id='word_1_244' title='bbox 1683 3069 1881 3136; x_wconf 89' lang='lat' dir='ltr'>potest</span> 
     </span>
    </p>
   </div>
   <div class='ocr_carea' id='block_1_34' title="bbox 217 3151 1876 3218">
    <p class='ocr_par' dir='ltr' id='par_1_34' title="bbox 217 3151 1876 3218">
     <span class='ocr_line' id='line_1_34' title="bbox 217 3151 1876 3218; baseline 0.001 -10"><span class='ocrx_word' id='word_1_245' title='bbox 217 3151 529 3208; x_wconf 89' lang='lat' dir='ltr'>vindicare</span> <span class='ocrx_word' id='word_1_246' title='bbox 572 3153 649 3209; x_wconf 90' lang='lat' dir='ltr'>ab</span> <span class='ocrx_word' id='word_1_247' title='bbox 680 3154 1004 3218; x_wconf 87' lang='lat' dir='ltr'>erroribus,</span> <span class='ocrx_word' id='word_1_248' title='bbox 1043 3154 1159 3209; x_wconf 91' lang='lat' dir='ltr'>nisi</span> <span class='ocrx_word' id='word_1_249' title='bbox 1191 3155 1342 3209; x_wconf 85' lang='lat' dir='ltr'>Deus</span> <span class='ocrx_word' id='word_1_250' title='bbox 1383 3154 1544 3210; x_wconf 90' lang='lat' dir='ltr'>adsit</span> <span class='ocrx_word' id='word_1_251' title='bbox 1575 3153 1676 3209; x_wconf 83' lang='lat' dir='ltr'>lux</span> <span class='ocrx_word' id='word_1_252' title='bbox 1710 3170 1876 3210; x_wconf 84' lang='lat' dir='ltr'>men-</span> 
     </span>
    </p>
   </div>
   <div class='ocr_carea' id='block_1_35' title="bbox 214 3241 1880 3315">
    <p class='ocr_par' dir='ltr' id='par_1_35' title="bbox 214 3241 1880 3315">
     <span class='ocr_line' id='line_1_35' title="bbox 214 3241 1880 3315; baseline 0.001 -18"><span class='ocrx_word' id='word_1_253' title='bbox 214 3242 368 3298; x_wconf 89' lang='lat' dir='ltr'>tium</span> <span class='ocrx_word' id='word_1_254' title='bbox 390 3242 402 3296; x_wconf 88' lang='lat' dir='ltr'>l</span> <span class='ocrx_word' id='word_1_255' title='bbox 427 3241 796 3313; x_wconf 84' lang='lat' dir='ltr'>Abjiciamus</span> <span class='ocrx_word' id='word_1_256' title='bbox 817 3243 1038 3315; x_wconf 89' lang='lat' dir='ltr'>itaque,</span> <span class='ocrx_word' id='word_1_257' title='bbox 1063 3243 1312 3299; x_wconf 90' lang='lat' dir='ltr'>obsecro</span> <span class='ocrx_word' id='word_1_258' title='bbox 1334 3247 1406 3306; x_wconf 89' lang='lat' dir='ltr'>te,</span> <span class='ocrx_word' id='word_1_259' title='bbox 1434 3243 1719 3298; x_wconf 84' lang='lat' dir='ltr'>falsorum</span> <span class='ocrx_word' id='word_1_260' title='bbox 1750 3244 1880 3314; x_wconf 88' lang='lat' dir='ltr'>phi-</span> 
     </span>
    </p>
   </div>
   <div class='ocr_carea' id='block_1_36' title="bbox 213 3331 1878 3405">
    <p class='ocr_par' dir='ltr' id='par_1_36' title="bbox 213 3331 1878 3405">
     <span class='ocr_line' id='line_1_36' title="bbox 213 3331 1878 3405; baseline 0.002 -18"><span class='ocrx_word' id='word_1_261' title='bbox 213 3331 615 3403; x_wconf 88' lang='lat' dir='ltr'>losophorum</span> <span class='ocrx_word' id='word_1_262' title='bbox 647 3333 939 3388; x_wconf 89' lang='lat' dir='ltr'>vanitates</span> <span class='ocrx_word' id='word_1_263' title='bbox 964 3337 1020 3388; x_wconf 92' lang='lat' dir='ltr'>et</span> <span class='ocrx_word' id='word_1_264' title='bbox 1043 3332 1311 3389; x_wconf 88' lang='lat' dir='ltr'>insanias</span> <span class='ocrx_word' id='word_1_265' title='bbox 1344 3332 1665 3389; x_wconf 89' lang='lat' dir='ltr'>mendaces</span> <span class='ocrx_word' id='word_1_266' title='bbox 1691 3356 1702 3387; x_wconf 86' lang='lat'><strong>:</strong></span> <span class='ocrx_word' id='word_1_267' title='bbox 1733 3333 1878 3405; x_wconf 87' lang='lat' dir='ltr'>quia</span> 
     </span>
    </p>
   </div>
   <div class='ocr_carea' id='block_1_37' title="bbox 215 3420 1872 3493">
    <p class='ocr_par' dir='ltr' id='par_1_37' title="bbox 215 3420 1872 3493">
     <span class='ocr_line' id='line_1_37' title="bbox 215 3420 1872 3493; baseline 0.001 -17"><span class='ocrx_word' id='word_1_268' title='bbox 215 3435 329 3476; x_wconf 91' lang='lat' dir='ltr'>nec</span> <span class='ocrx_word' id='word_1_269' title='bbox 362 3420 542 3475; x_wconf 90' lang='lat' dir='ltr'>virtus</span> <span class='ocrx_word' id='word_1_270' title='bbox 573 3420 750 3477; x_wconf 91' lang='lat' dir='ltr'>nobis</span> <span class='ocrx_word' id='word_1_271' title='bbox 779 3422 904 3488; x_wconf 90' lang='lat' dir='ltr'>erit,</span> <span class='ocrx_word' id='word_1_272' title='bbox 940 3421 1049 3476; x_wconf 91' lang='lat' dir='ltr'>nisi</span> <span class='ocrx_word' id='word_1_273' title='bbox 1077 3421 1235 3478; x_wconf 86' lang='lat' dir='ltr'>adsit</span> <span class='ocrx_word' id='word_1_274' title='bbox 1264 3421 1391 3492; x_wconf 91' lang='lat' dir='ltr'>ipse</span> <span class='ocrx_word' id='word_1_275' title='bbox 1425 3437 1547 3493; x_wconf 92' lang='lat' dir='ltr'>quo</span> <span class='ocrx_word' id='word_1_276' title='bbox 1572 3423 1872 3492; x_wconf 89' lang='lat' dir='ltr'>juvemur;</span> 
     </span>
    </p>
   </div>
   <div class='ocr_carea' id='block_1_38' title="bbox 215 3508 1877 3581">
    <p class='ocr_par' dir='ltr' id='par_1_38' title="bbox 215 3508 1877 3581">
     <span class='ocr_line' id='line_1_38' title="bbox 215 3508 1877 3581; baseline 0.001 -16"><span class='ocrx_word' id='word_1_277' title='bbox 215 3524 330 3565; x_wconf 86' lang='lat' dir='ltr'>nec</span> <span class='ocrx_word' id='word_1_278' title='bbox 355 3508 674 3581; x_wconf 88' lang='lat' dir='ltr'>beatitudo,</span> <span class='ocrx_word' id='word_1_279' title='bbox 708 3509 824 3565; x_wconf 87' lang='lat' dir='ltr'>nisi</span> <span class='ocrx_word' id='word_1_280' title='bbox 858 3510 1019 3566; x_wconf 88' lang='lat' dir='ltr'>adsit</span> <span class='ocrx_word' id='word_1_281' title='bbox 1047 3511 1172 3577; x_wconf 88' lang='lat' dir='ltr'>ipse</span> <span class='ocrx_word' id='word_1_282' title='bbox 1216 3526 1338 3581; x_wconf 91' lang='lat' dir='ltr'>quo</span> <span class='ocrx_word' id='word_1_283' title='bbox 1368 3510 1654 3573; x_wconf 83' lang='lat' dir='ltr'>fruamur,</span> <span class='ocrx_word' id='word_1_284' title='bbox 1696 3516 1750 3567; x_wconf 90' lang='lat' dir='ltr'>et</span> <span class='ocrx_word' id='word_1_285' title='bbox 1792 3517 1877 3567; x_wconf 81' lang='lat' dir='ltr'>to-</span> 
     </span>
    </p>
   </div>
   <div class='ocr_carea' id='block_1_39' title="bbox 217 3597 1876 3673">
    <p class='ocr_par' dir='ltr' id='par_1_39' title="bbox 217 3597 1876 3673">
     <span class='ocr_line' id='line_1_39' title="bbox 217 3597 1876 3673; baseline 0.002 -20"><span class='ocrx_word' id='word_1_286' title='bbox 217 3603 346 3653; x_wconf 91' lang='lat' dir='ltr'>tum</span> <span class='ocrx_word' id='word_1_287' title='bbox 385 3597 670 3654; x_wconf 90' lang='lat' dir='ltr'>mutabile</span> <span class='ocrx_word' id='word_1_288' title='bbox 710 3605 890 3671; x_wconf 89' lang='lat' dir='ltr'>atque</span> <span class='ocrx_word' id='word_1_289' title='bbox 933 3599 1320 3671; x_wconf 87' lang='lat' dir='ltr'>corruptibile</span> <span class='ocrx_word' id='word_1_290' title='bbox 1370 3605 1666 3667; x_wconf 86' lang='lat' dir='ltr'>nostrum,</span> <span class='ocrx_word' id='word_1_291' title='bbox 1708 3600 1876 3673; x_wconf 91' lang='lat' dir='ltr'>quod</span> 
     </span>
    </p>
   </div>
   <div class='ocr_carea' id='block_1_40' title="bbox 217 3687 1878 3761">
    <p class='ocr_par' dir='ltr' id='par_1_40' title="bbox 217 3687 1878 3761">
     <span class='ocr_line' id='line_1_40' title="bbox 217 3687 1878 3761; baseline 0.003 -20"><span class='ocrx_word' id='word_1_292' title='bbox 217 3702 322 3758; x_wconf 90' lang='lat' dir='ltr'>per</span> <span class='ocrx_word' id='word_1_293' title='bbox 351 3687 617 3759; x_wconf 90' lang='lat' dir='ltr'>seipsum</span> <span class='ocrx_word' id='word_1_294' title='bbox 651 3688 1017 3744; x_wconf 91' lang='lat' dir='ltr'>imbecillum</span> <span class='ocrx_word' id='word_1_295' title='bbox 1050 3693 1106 3745; x_wconf 92' lang='lat' dir='ltr'>et</span> <span class='ocrx_word' id='word_1_296' title='bbox 1136 3689 1419 3761; x_wconf 67' lang='lat' dir='ltr'>quaedam</span> <span class='ocrx_word' id='word_1_297' title='bbox 1451 3692 1730 3745; x_wconf 86' lang='lat' dir='ltr'>materies</span> <span class='ocrx_word' id='word_1_298' title='bbox 1766 3691 1878 3746; x_wconf 92' lang='lat' dir='ltr'>mi-</span> 
     </span>
    </p>
   </div>
   <div class='ocr_carea' id='block_1_41' title="bbox 216 3775 1876 3851">
    <p class='ocr_par' dir='ltr' id='par_1_41' title="bbox 216 3775 1876 3851">
     <span class='ocr_line' id='line_1_41' title="bbox 216 3775 1876 3851; baseline 0.002 -20"><span class='ocrx_word' id='word_1_299' title='bbox 216 3775 509 3831; x_wconf 90' lang='lat' dir='ltr'>seriarum</span> <span class='ocrx_word' id='word_1_300' title='bbox 543 3783 650 3841; x_wconf 89' lang='lat' dir='ltr'>est,</span> <span class='ocrx_word' id='word_1_301' title='bbox 671 3777 831 3833; x_wconf 93' lang='lat' dir='ltr'>dono</span> <span class='ocrx_word' id='word_1_302' title='bbox 861 3778 1326 3833; x_wconf 88' lang='lat' dir='ltr'>immortalitatis</span> <span class='ocrx_word' id='word_1_303' title='bbox 1350 3784 1527 3850; x_wconf 89' lang='lat' dir='ltr'>atque</span> <span class='ocrx_word' id='word_1_304' title='bbox 1560 3779 1876 3851; x_wconf 89' lang='lat' dir='ltr'>incorrup-</span> 
     </span>
    </p>
   </div>
   <div class='ocr_carea' id='block_1_42' title="bbox 216 3863 762 3921">
    <p class='ocr_par' dir='ltr' id='par_1_42' title="bbox 216 3863 762 3921">
     <span class='ocr_line' id='line_1_42' title="bbox 216 3863 762 3921; baseline -0.002 -1"><span class='ocrx_word' id='word_1_305' title='bbox 216 3863 394 3921; x_wconf 90' lang='lat' dir='ltr'>tionis</span> <span class='ocrx_word' id='word_1_306' title='bbox 425 3864 762 3921; x_wconf 88' lang='lat' dir='ltr'>absorbeat.</span> 
     </span>
    </p>
   </div>
   <div class='ocr_carea' id='block_1_43' title="bbox 287 3981 1873 4055">
    <p class='ocr_par' dir='ltr' id='par_1_43' title="bbox 287 3981 1873 4055">
     <span class='ocr_line' id='line_1_43' title="bbox 287 3981 1873 4055; baseline 0.003 -19"><span class='ocrx_word' id='word_1_307' title='bbox 287 3987 341 4036; x_wconf 85' lang='lat'>7.</span> <span class='ocrx_word' id='word_1_308' title='bbox 367 3981 655 4047; x_wconf 84' lang='lat' dir='ltr'>Quoniam</span> <span class='ocrx_word' id='word_1_309' title='bbox 677 3997 817 4038; x_wconf 90' lang='lat' dir='ltr'>vero</span> <span class='ocrx_word' id='word_1_310' title='bbox 845 3986 896 4038; x_wconf 90' lang='lat' dir='ltr'>te</span> <span class='ocrx_word' id='word_1_311' title='bbox 921 3982 1262 4055; x_wconf 72' lang='lat' dir='ltr'>reipublicae</span> <span class='ocrx_word' id='word_1_312' title='bbox 1275 3983 1497 4038; x_wconf 90' lang='lat' dir='ltr'>scimus</span> <span class='ocrx_word' id='word_1_313' title='bbox 1520 3990 1873 4050; x_wconf 89' lang='lat' dir='ltr'>amatorem,</span> 
     </span>
    </p>
   </div>
   <div class='ocr_carea' id='block_1_44' title="bbox 213 4070 1875 4138">
    <p class='ocr_par' dir='ltr' id='par_1_44' title="bbox 213 4070 1875 4138">
     <span class='ocr_line' id='line_1_44' title="bbox 213 4070 1875 4138; baseline 0.001 -10"><span class='ocrx_word' id='word_1_314' title='bbox 213 4085 340 4128; x_wconf 88' lang='lat' dir='ltr'>non</span> <span class='ocrx_word' id='word_1_315' title='bbox 364 4070 604 4126; x_wconf 90' lang='lat' dir='ltr'>aliunde</span> <span class='ocrx_word' id='word_1_316' title='bbox 626 4087 758 4127; x_wconf 90' lang='lat' dir='ltr'>esse</span> <span class='ocrx_word' id='word_1_317' title='bbox 783 4071 1028 4127; x_wconf 87' lang='lat' dir='ltr'>beatum</span> <span class='ocrx_word' id='word_1_318' title='bbox 1051 4072 1377 4138; x_wconf 89' lang='lat' dir='ltr'>hominem,</span> <span class='ocrx_word' id='word_1_319' title='bbox 1405 4073 1648 4128; x_wconf 91' lang='lat' dir='ltr'>aliunde</span> <span class='ocrx_word' id='word_1_320' title='bbox 1675 4073 1875 4130; x_wconf 87' lang='lat' dir='ltr'>civita-</span> 
     </span>
    </p>
   </div>
   <div class='ocr_carea' id='block_1_45' title="bbox 212 4160 1873 4232">
    <p class='ocr_par' dir='ltr' id='par_1_45' title="bbox 212 4160 1873 4232">
     <span class='ocr_line' id='line_1_45' title="bbox 212 4160 1873 4232; baseline 0.001 -15"><span class='ocrx_word' id='word_1_321' title='bbox 212 4164 358 4225; x_wconf 81' lang='lat' dir='ltr'>tem,</span> <span class='ocrx_word' id='word_1_322' title='bbox 375 4160 510 4215; x_wconf 90' lang='lat' dir='ltr'>vide</span> <span class='ocrx_word' id='word_1_323' title='bbox 527 4176 712 4232; x_wconf 91' lang='lat' dir='ltr'>quam</span> <span class='ocrx_word' id='word_1_324' title='bbox 726 4160 870 4216; x_wconf 91' lang='lat' dir='ltr'>sitin</span> <span class='ocrx_word' id='word_1_325' title='bbox 885 4160 997 4216; x_wconf 91' lang='lat' dir='ltr'>illis</span> <span class='ocrx_word' id='word_1_326' title='bbox 1018 4162 1201 4217; x_wconf 90' lang='lat' dir='ltr'>sacris</span> <span class='ocrx_word' id='word_1_327' title='bbox 1221 4162 1443 4217; x_wconf 85' lang='lat' dir='ltr'>Litteris</span> <span class='ocrx_word' id='word_1_328' title='bbox 1462 4163 1710 4218; x_wconf 90' lang='lat' dir='ltr'>clarum.</span> <span class='ocrx_word' id='word_1_329' title='bbox 1727 4166 1873 4219; x_wconf 84' lang='lat' dir='ltr'>Nam</span> 
     </span>
    </p>
   </div>
   <div class='ocr_carea' id='block_1_46' title="bbox 212 4248 1876 4325">
    <p class='ocr_par' dir='ltr' id='par_1_46' title="bbox 212 4248 1876 4325">
     <span class='ocr_line' id='line_1_46' title="bbox 212 4248 1876 4325; baseline 0.002 -21"><span class='ocrx_word' id='word_1_330' title='bbox 212 4248 466 4321; x_wconf 90' lang='lat' dir='ltr'>quidam</span> <span class='ocrx_word' id='word_1_331' title='bbox 496 4249 559 4305; x_wconf 91' lang='lat' dir='ltr'>in</span> <span class='ocrx_word' id='word_1_332' title='bbox 585 4251 668 4305; x_wconf 92' lang='lat' dir='ltr'>eis</span> <span class='ocrx_word' id='word_1_333' title='bbox 698 4254 908 4305; x_wconf 90' lang='lat' dir='ltr'>sancto</span> <span class='ocrx_word' id='word_1_334' title='bbox 941 4250 1160 4322; x_wconf 86' lang='lat' dir='ltr'>Spiritu</span> <span class='ocrx_word' id='word_1_335' title='bbox 1191 4250 1403 4322; x_wconf 91' lang='lat' dir='ltr'>plenus</span> <span class='ocrx_word' id='word_1_336' title='bbox 1444 4252 1573 4307; x_wconf 64' lang='lat' dir='ltr'>haec</span> <span class='ocrx_word' id='word_1_337' title='bbox 1613 4253 1876 4325; x_wconf 92' lang='lat' dir='ltr'>loquitur</span> 
     </span>
    </p>
   </div>
   <div class='ocr_carea' id='block_1_47' title="bbox 212 4338 1874 4413">
    <p class='ocr_par' dir='ltr' id='par_1_47' title="bbox 212 4338 1874 4413">
     <span class='ocr_line' id='line_1_47' title="bbox 212 4338 1874 4413; baseline 0.002 -18"><span class='ocrx_word' id='word_1_338' title='bbox 212 4354 396 4395; x_wconf 90' lang='lat' dir='ltr'>orans</span> <span class='ocrx_word' id='word_1_339' title='bbox 415 4355 426 4392; x_wconf 90' lang='lat'><strong>:</strong></span> <span class='ocrx_word' id='word_1_340' title='bbox 443 4338 634 4394; x_wconf 72' lang='lat' dir='ltr'>Exime</span> <span class='ocrx_word' id='word_1_341' title='bbox 659 4356 739 4394; x_wconf 86' lang='lat' dir='ltr'>me</span> <span class='ocrx_word' id='word_1_342' title='bbox 759 4339 820 4395; x_wconf 89' lang='lat' dir='ltr'>de</span> <span class='ocrx_word' id='word_1_343' title='bbox 848 4357 1012 4394; x_wconf 87' lang='lat' dir='ltr'>manu</span> <span class='ocrx_word' id='word_1_344' title='bbox 1037 4340 1281 4411; x_wconf 78' lang='lat' dir='ltr'>ﬁliorum</span> <span class='ocrx_word' id='word_1_345' title='bbox 1301 4340 1626 4408; x_wconf 86' lang='lat' dir='ltr'>alienorum,</span> <span class='ocrx_word' id='word_1_346' title='bbox 1647 4359 1874 4413; x_wconf 89' lang='lat' dir='ltr'>quorum</span> 
     </span>
    </p>
   </div>
   <div class='ocr_carea' id='block_1_48' title="bbox 213 4427 1877 4495">
    <p class='ocr_par' dir='ltr' id='par_1_48' title="bbox 213 4427 1877 4495">
     <span class='ocr_line' id='line_1_48' title="bbox 213 4427 1877 4495; baseline 0.003 -12"><span class='ocrx_word' id='word_1_347' title='bbox 213 4444 268 4483; x_wconf 87' lang='lat' dir='ltr'>os</span> <span class='ocrx_word' id='word_1_348' title='bbox 290 4427 523 4483; x_wconf 85' lang='lat' dir='ltr'>locutum</span> <span class='ocrx_word' id='word_1_349' title='bbox 554 4436 625 4482; x_wconf 86' lang='lat' dir='ltr'>est</span> <span class='ocrx_word' id='word_1_350' title='bbox 651 4429 966 4495; x_wconf 75' lang='lat' dir='ltr'>vanitatem,</span> <span class='ocrx_word' id='word_1_351' title='bbox 997 4436 1045 4484; x_wconf 84' lang='lat' dir='ltr'>et</span> <span class='ocrx_word' id='word_1_352' title='bbox 1068 4429 1292 4484; x_wconf 71' lang='lat' dir='ltr'>dextera</span> <span class='ocrx_word' id='word_1_353' title='bbox 1310 4446 1493 4485; x_wconf 84' lang='lat' dir='ltr'>eorum</span> <span class='ocrx_word' id='word_1_354' title='bbox 1519 4431 1743 4487; x_wconf 73' lang='lat' dir='ltr'>dextera</span> <span class='ocrx_word' id='word_1_355' title='bbox 1769 4433 1877 4488; x_wconf 86' lang='lat' dir='ltr'>ini-</span> 
     </span>
    </p>
   </div>
   <div class='ocr_carea' id='block_1_49' title="bbox 211 4516 1876 4592">
    <p class='ocr_par' dir='ltr' id='par_1_49' title="bbox 211 4516 1876 4592">
     <span class='ocr_line' id='line_1_49' title="bbox 211 4516 1876 4592; baseline 0.004 -22"><span class='ocrx_word' id='word_1_356' title='bbox 211 4517 460 4588; x_wconf 87' lang='lat' dir='ltr'>quitatis.</span> <span class='ocrx_word' id='word_1_357' title='bbox 492 4516 732 4582; x_wconf 84' lang='lat' dir='ltr'>Quorum</span> <span class='ocrx_word' id='word_1_358' title='bbox 760 4517 869 4588; x_wconf 81' lang='lat' dir='ltr'>ﬁlii</span> <span class='ocrx_word' id='word_1_359' title='bbox 902 4518 1043 4572; x_wconf 85' lang='lat' dir='ltr'>velut</span> <span class='ocrx_word' id='word_1_360' title='bbox 1066 4517 1284 4572; x_wconf 69' lang='lat' dir='ltr'>novella:</span> <span class='ocrx_word' id='word_1_361' title='bbox 1314 4519 1670 4574; x_wconf 64' lang='lat' dir='ltr'>constabilitas</span> <span class='ocrx_word' id='word_1_362' title='bbox 1702 4521 1761 4574; x_wconf 88' lang='lat' dir='ltr'>in</span> <span class='ocrx_word' id='word_1_363' title='bbox 1785 4522 1876 4592; x_wconf 89' lang='lat' dir='ltr'>ju-</span> 
     </span>
    </p>
   </div>
   <div class='ocr_carea' id='block_1_50' title="bbox 211 4606 1876 4678">
    <p class='ocr_par' dir='ltr' id='par_1_50' title="bbox 211 4606 1876 4678">
     <span class='ocr_line' id='line_1_50' title="bbox 211 4606 1876 4678; baseline 0.002 -17"><span class='ocrx_word' id='word_1_364' title='bbox 211 4613 424 4661; x_wconf 85' lang='lat' dir='ltr'>ventute</span> <span class='ocrx_word' id='word_1_365' title='bbox 453 4622 573 4661; x_wconf 87' lang='lat' dir='ltr'>sua.</span> <span class='ocrx_word' id='word_1_366' title='bbox 606 4606 773 4661; x_wconf 73' lang='lat' dir='ltr'>Filiae</span> <span class='ocrx_word' id='word_1_367' title='bbox 813 4617 998 4661; x_wconf 86' lang='lat' dir='ltr'>eorum</span> <span class='ocrx_word' id='word_1_368' title='bbox 1043 4609 1368 4678; x_wconf 70' lang='lat' dir='ltr'>compositae,</span> <span class='ocrx_word' id='word_1_369' title='bbox 1398 4616 1447 4663; x_wconf 89' lang='lat' dir='ltr'>et</span> <span class='ocrx_word' id='word_1_370' title='bbox 1493 4615 1700 4664; x_wconf 76' lang='lat' dir='ltr'>ornatae—</span> <span class='ocrx_word' id='word_1_371' title='bbox 1738 4611 1876 4666; x_wconf 80' lang='lat' dir='ltr'>sicut</span> 
     </span>
    </p>
   </div>
   <div class='ocr_carea' id='block_1_51' title="bbox 208 4695 1876 4768">
    <p class='ocr_par' dir='ltr' id='par_1_51' title="bbox 208 4695 1876 4768">
     <span class='ocr_line' id='line_1_51' title="bbox 208 4695 1876 4768; baseline 0.004 -20"><span class='ocrx_word' id='word_1_372' title='bbox 208 4695 514 4750; x_wconf 81' lang='lat' dir='ltr'>similitudo</span> <span class='ocrx_word' id='word_1_373' title='bbox 545 4695 751 4766; x_wconf 88' lang='lat' dir='ltr'>templi.</span> <span class='ocrx_word' id='word_1_374' title='bbox 785 4695 1024 4751; x_wconf 82' lang='lat' dir='ltr'>Cellaria</span> <span class='ocrx_word' id='word_1_375' title='bbox 1054 4714 1236 4752; x_wconf 86' lang='lat' dir='ltr'>eorum</span> <span class='ocrx_word' id='word_1_376' title='bbox 1264 4697 1443 4768; x_wconf 81' lang='lat' dir='ltr'>plena,</span> <span class='ocrx_word' id='word_1_377' title='bbox 1473 4699 1777 4753; x_wconf 87' lang='lat' dir='ltr'>eructantia</span> <span class='ocrx_word' id='word_1_378' title='bbox 1809 4716 1876 4756; x_wconf 75' lang='lat' dir='ltr'>ex</span> 
     </span>
    </p>
   </div>
   <div class='ocr_carea' id='block_1_52' title="bbox 210 4784 1874 4858">
    <p class='ocr_par' dir='ltr' id='par_1_52' title="bbox 210 4784 1874 4858">
     <span class='ocr_line' id='line_1_52' title="bbox 210 4784 1874 4858; baseline 0.004 -20"><span class='ocrx_word' id='word_1_379' title='bbox 210 4786 307 4839; x_wconf 83' lang='lat' dir='ltr'>hoc</span> <span class='ocrx_word' id='word_1_380' title='bbox 334 4785 393 4838; x_wconf 89' lang='lat' dir='ltr'>in</span> <span class='ocrx_word' id='word_1_381' title='bbox 415 4784 526 4840; x_wconf 88' lang='lat' dir='ltr'>hoc.</span> <span class='ocrx_word' id='word_1_382' title='bbox 557 4785 686 4842; x_wconf 81' lang='lat' dir='ltr'>Oves</span> <span class='ocrx_word' id='word_1_383' title='bbox 706 4802 890 4841; x_wconf 83' lang='lat' dir='ltr'>eorum</span> <span class='ocrx_word' id='word_1_384' title='bbox 915 4787 1158 4858; x_wconf 81' lang='lat' dir='ltr'>fecundae</span> <span class='ocrx_word' id='word_1_385' title='bbox 1184 4788 1613 4858; x_wconf 83' lang='lat' dir='ltr'>multiplicantes</span> <span class='ocrx_word' id='word_1_386' title='bbox 1637 4790 1691 4842; x_wconf 87' lang='lat' dir='ltr'>in</span> <span class='ocrx_word' id='word_1_387' title='bbox 1715 4791 1874 4845; x_wconf 73' lang='lat' dir='ltr'>exiti-</span> 
     </span>
    </p>
   </div>
   <div class='ocr_carea' id='block_1_53' title="bbox 211 4874 1870 4947">
    <p class='ocr_par' dir='ltr' id='par_1_53' title="bbox 211 4874 1870 4947">
     <span class='ocr_line' id='line_1_53' title="bbox 211 4874 1870 4947; baseline 0.005 -20"><span class='ocrx_word' id='word_1_388' title='bbox 211 4874 310 4928; x_wconf 81' lang='lat' dir='ltr'>bus</span> <span class='ocrx_word' id='word_1_389' title='bbox 336 4875 481 4944; x_wconf 85' lang='lat' dir='ltr'>suis;</span> <span class='ocrx_word' id='word_1_390' title='bbox 504 4875 649 4930; x_wconf 82' lang='lat' dir='ltr'>boves</span> <span class='ocrx_word' id='word_1_391' title='bbox 675 4892 858 4930; x_wconf 86' lang='lat' dir='ltr'>eorum</span> <span class='ocrx_word' id='word_1_392' title='bbox 887 4893 1103 4934; x_wconf 60' lang='lat' dir='ltr'>crassw.</span> <span class='ocrx_word' id='word_1_393' title='bbox 1135 4877 1258 4932; x_wconf 89' lang='lat' dir='ltr'>Non</span> <span class='ocrx_word' id='word_1_394' title='bbox 1288 4885 1361 4932; x_wconf 90' lang='lat' dir='ltr'>est</span> <span class='ocrx_word' id='word_1_395' title='bbox 1399 4879 1568 4932; x_wconf 85' lang='lat' dir='ltr'>ruina</span> <span class='ocrx_word' id='word_1_396' title='bbox 1604 4880 1870 4947; x_wconf 68' lang='lat' dir='ltr'>maceriae,</span> 
     </span>
    </p>
   </div>
   <div class='ocr_carea' id='block_1_54' title="bbox 207 4965 1872 5038">
    <p class='ocr_par' dir='ltr' id='par_1_54' title="bbox 207 4965 1872 5038">
     <span class='ocr_line' id='line_1_54' title="bbox 207 4965 1872 5038; baseline 0.006 -21"><span class='ocrx_word' id='word_1_397' title='bbox 207 4980 376 5034; x_wconf 81' lang='lat' dir='ltr'>neque</span> <span class='ocrx_word' id='word_1_398' title='bbox 400 4971 685 5032; x_wconf 80' lang='lat' dir='ltr'>transitus,</span> <span class='ocrx_word' id='word_1_399' title='bbox 710 4983 875 5036; x_wconf 83' lang='lat' dir='ltr'>neque</span> <span class='ocrx_word' id='word_1_400' title='bbox 896 4965 1100 5020; x_wconf 82' lang='lat' dir='ltr'>clamor</span> <span class='ocrx_word' id='word_1_401' title='bbox 1127 4967 1184 5020; x_wconf 89' lang='lat' dir='ltr'>in</span> <span class='ocrx_word' id='word_1_402' title='bbox 1201 4967 1398 5038; x_wconf 79' lang='lat' dir='ltr'>plateis</span> <span class='ocrx_word' id='word_1_403' title='bbox 1412 4985 1615 5023; x_wconf 83' lang='lat' dir='ltr'>eorum.</span> <span class='ocrx_word' id='word_1_404' title='bbox 1648 4968 1872 5027; x_wconf 79' lang='lat' dir='ltr'>Beatum</span> 
     </span>
    </p>
   </div>
   <div class='ocr_carea' id='block_1_55' title="bbox 207 5052 1872 5130">
    <p class='ocr_par' dir='ltr' id='par_1_55' title="bbox 207 5052 1872 5130">
     <span class='ocr_line' id='line_1_55' title="bbox 207 5052 1872 5130; baseline 0.006 -24"><span class='ocrx_word' id='word_1_405' title='bbox 207 5052 474 5108; x_wconf 71' lang='lat' dir='ltr'>di&#39;xerunt</span> <span class='ocrx_word' id='word_1_406' title='bbox 500 5054 756 5126; x_wconf 86' lang='lat' dir='ltr'>populum</span> <span class='ocrx_word' id='word_1_407' title='bbox 782 5055 872 5110; x_wconf 85' lang='lat' dir='ltr'>cui</span> <span class='ocrx_word' id='word_1_408' title='bbox 903 5055 1018 5110; x_wconf 75' lang='lat' dir='ltr'>haec</span> <span class='ocrx_word' id='word_1_409' title='bbox 1044 5063 1167 5111; x_wconf 84' lang='lat' dir='ltr'>sunt</span> <span class='ocrx_word' id='word_1_410' title='bbox 1199 5075 1214 5110; x_wconf 91' lang='lat'><em>:</em></span> <span class='ocrx_word' id='word_1_411' title='bbox 1243 5055 1424 5111; x_wconf 82' lang='lat' dir='ltr'>beatus</span> <span class='ocrx_word' id='word_1_412' title='bbox 1449 5057 1684 5130; x_wconf 87' lang='lat' dir='ltr'>populus</span> <span class='ocrx_word' id='word_1_413' title='bbox 1719 5060 1872 5130; x_wconf 80' lang='lat' dir='ltr'>cujus</span> 
     </span>
    </p>
   </div>
   <div class='ocr_carea' id='block_1_56' title="bbox 205 5143 1475 5218">
    <p class='ocr_par' dir='ltr' id='par_1_56' title="bbox 205 5143 1475 5218">
     <span class='ocr_line' id='line_1_56' title="bbox 205 5143 1475 5218; baseline 0.003 -21"><span class='ocrx_word' id='word_1_414' title='bbox 205 5143 478 5198; x_wconf 80' lang='lat' dir='ltr'>Dominus</span> <span class='ocrx_word' id='word_1_415' title='bbox 499 5145 632 5199; x_wconf 84' lang='lat' dir='ltr'>Deus</span> <span class='ocrx_word' id='word_1_416' title='bbox 663 5144 828 5215; x_wconf 81' lang='lat' dir='ltr'>ipsius</span> <span class='ocrx_word' id='word_1_417' title='bbox 853 5144 1020 5216; x_wconf 91' lang='lat' dir='ltr'>(Psal.</span> <span class='ocrx_word' id='word_1_418' title='bbox 1045 5160 1229 5211; x_wconf 78' lang='lat' dir='ltr'>CXLIII,</span> <span class='ocrx_word' id='word_1_419' title='bbox 1268 5147 1475 5218; x_wconf 85' lang='lat' dir='ltr'>ll-l5).</span> 
     </span>
    </p>
   </div>
   <div class='ocr_carea' id='block_1_57' title="bbox 277 5267 1866 5340">
    <p class='ocr_par' dir='ltr' id='par_1_57' title="bbox 277 5267 1866 5340">
     <span class='ocr_line' id='line_1_57' title="bbox 277 5267 1866 5340; baseline 0.005 -18"><span class='ocrx_word' id='word_1_420' title='bbox 277 5269 333 5322; x_wconf 92' lang='lat'>8.</span> <span class='ocrx_word' id='word_1_421' title='bbox 359 5267 539 5322; x_wconf 85' lang='lat' dir='ltr'>Vides</span> <span class='ocrx_word' id='word_1_422' title='bbox 560 5269 1022 5340; x_wconf 82' lang='lat' dir='ltr'>exaggeratione</span> <span class='ocrx_word' id='word_1_423' title='bbox 1042 5275 1288 5325; x_wconf 66' lang='lat' dir='ltr'>terrente</span> <span class='ocrx_word' id='word_1_424' title='bbox 1310 5270 1600 5328; x_wconf 84' lang='lat' dir='ltr'>felicitatis</span> <span class='ocrx_word' id='word_1_425' title='bbox 1623 5273 1866 5330; x_wconf 90' lang='lat' dir='ltr'>beatum</span> 
     </span>
    </p>
   </div>
   <div class='ocr_carea' id='block_1_58' title="bbox 203 5355 1867 5435">
    <p class='ocr_par' dir='ltr' id='par_1_58' title="bbox 203 5355 1867 5435">
     <span class='ocr_line' id='line_1_58' title="bbox 203 5355 1867 5435; baseline 0.005 -25"><span class='ocrx_word' id='word_1_426' title='bbox 203 5355 502 5426; x_wconf 89' lang='lat' dir='ltr'>populum</span> <span class='ocrx_word' id='word_1_427' title='bbox 525 5371 647 5412; x_wconf 90' lang='lat' dir='ltr'>non</span> <span class='ocrx_word' id='word_1_428' title='bbox 665 5357 808 5427; x_wconf 92' lang='lat' dir='ltr'>dici,</span> <span class='ocrx_word' id='word_1_429' title='bbox 824 5359 933 5414; x_wconf 87' lang='lat' dir='ltr'>nisi</span> <span class='ocrx_word' id='word_1_430' title='bbox 959 5375 991 5414; x_wconf 92' lang='lat' dir='ltr'>a</span> <span class='ocrx_word' id='word_1_431' title='bbox 1014 5358 1152 5414; x_wconf 89' lang='lat' dir='ltr'>ﬁliis</span> <span class='ocrx_word' id='word_1_432' title='bbox 1175 5358 1402 5426; x_wconf 90' lang='lat' dir='ltr'>alienis,</span> <span class='ocrx_word' id='word_1_433' title='bbox 1420 5360 1476 5414; x_wconf 91' lang='lat' dir='ltr'>id</span> <span class='ocrx_word' id='word_1_434' title='bbox 1496 5367 1585 5416; x_wconf 91' lang='lat' dir='ltr'>est</span> <span class='ocrx_word' id='word_1_435' title='bbox 1606 5377 1724 5418; x_wconf 90' lang='lat' dir='ltr'>non</span> <span class='ocrx_word' id='word_1_436' title='bbox 1739 5379 1867 5435; x_wconf 87' lang='lat' dir='ltr'>per-</span> 
     </span>
    </p>
   </div>
   <div class='ocr_carea' id='block_1_59' title="bbox 202 5445 1866 5521">
    <p class='ocr_par' dir='ltr' id='par_1_59' title="bbox 202 5445 1866 5521">
     <span class='ocr_line' id='line_1_59' title="bbox 202 5445 1866 5521; baseline 0.005 -22"><span class='ocrx_word' id='word_1_437' title='bbox 202 5445 536 5502; x_wconf 90' lang='lat' dir='ltr'>tinentibus</span> <span class='ocrx_word' id='word_1_438' title='bbox 573 5451 650 5502; x_wconf 89' lang='lat' dir='ltr'>ad</span> <span class='ocrx_word' id='word_1_439' title='bbox 697 5448 1209 5516; x_wconf 87' lang='lat' dir='ltr'>regenerationem</span> <span class='ocrx_word' id='word_1_440' title='bbox 1263 5465 1386 5521; x_wconf 88' lang='lat' dir='ltr'>qua</span> <span class='ocrx_word' id='word_1_441' title='bbox 1432 5450 1726 5507; x_wconf 80' lang='lat' dir='ltr'>efﬁcimur</span> <span class='ocrx_word' id='word_1_442' title='bbox 1758 5453 1866 5510; x_wconf 89' lang='lat' dir='ltr'>ﬁlii</span> 
     </span>
    </p>
   </div>
   <div class='ocr_carea' id='block_1_60' title="bbox 199 5533 1865 5610">
    <p class='ocr_par' dir='ltr' id='par_1_60' title="bbox 199 5533 1865 5610">
     <span class='ocr_line' id='line_1_60' title="bbox 199 5533 1865 5610; baseline 0.005 -21"><span class='ocrx_word' id='word_1_443' title='bbox 199 5533 393 5590; x_wconf 89' lang='lat' dir='ltr'>Dei:a</span> <span class='ocrx_word' id='word_1_444' title='bbox 422 5550 684 5607; x_wconf 90' lang='lat' dir='ltr'>quorum</span> <span class='ocrx_word' id='word_1_445' title='bbox 717 5552 900 5592; x_wconf 88' lang='lat' dir='ltr'>manu</span> <span class='ocrx_word' id='word_1_446' title='bbox 932 5539 1040 5592; x_wconf 89' lang='lat' dir='ltr'>iste</span> <span class='ocrx_word' id='word_1_447' title='bbox 1073 5553 1133 5593; x_wconf 89' lang='lat' dir='ltr'>se</span> <span class='ocrx_word' id='word_1_448' title='bbox 1163 5538 1340 5594; x_wconf 83' lang='lat' dir='ltr'>eximi</span> <span class='ocrx_word' id='word_1_449' title='bbox 1369 5544 1663 5610; x_wconf 89' lang='lat' dir='ltr'>precatur,</span> <span class='ocrx_word' id='word_1_450' title='bbox 1684 5556 1756 5596; x_wconf 91' lang='lat' dir='ltr'>ne</span> <span class='ocrx_word' id='word_1_451' title='bbox 1787 5542 1865 5597; x_wconf 92' lang='lat' dir='ltr'>ab</span> 
     </span>
    </p>
   </div>
   <div class='ocr_carea' id='block_1_61' title="bbox 195 5623 1866 5707">
    <p class='ocr_par' dir='ltr' id='par_1_61' title="bbox 195 5623 1866 5707">
     <span class='ocr_line' id='line_1_61' title="bbox 195 5623 1866 5707; baseline 0.006 -27"><span class='ocrx_word' id='word_1_452' title='bbox 195 5624 285 5681; x_wconf 89' lang='lat' dir='ltr'>eis</span> <span class='ocrx_word' id='word_1_453' title='bbox 309 5623 371 5682; x_wconf 90' lang='lat' dir='ltr'>in</span> <span class='ocrx_word' id='word_1_454' title='bbox 399 5625 558 5683; x_wconf 88' lang='lat' dir='ltr'>hanc</span> <span class='ocrx_word' id='word_1_455' title='bbox 581 5625 925 5700; x_wconf 86' lang='lat' dir='ltr'>opinionem</span> <span class='ocrx_word' id='word_1_456' title='bbox 951 5631 1131 5700; x_wconf 87' lang='lat' dir='ltr'>atque</span> <span class='ocrx_word' id='word_1_457' title='bbox 1159 5625 1220 5683; x_wconf 89' lang='lat' dir='ltr'>in</span> <span class='ocrx_word' id='word_1_458' title='bbox 1246 5631 1495 5702; x_wconf 87' lang='lat' dir='ltr'>peccata</span> <span class='ocrx_word' id='word_1_459' title='bbox 1516 5629 1706 5707; x_wconf 89' lang='lat' dir='ltr'>impia</span> <span class='ocrx_word' id='word_1_460' title='bbox 1731 5647 1866 5706; x_wconf 91' lang='lat' dir='ltr'>per-</span> 
     </span>
    </p>
   </div>
   <div class='ocr_carea' id='block_1_62' title="bbox 1492 147 2468 211">
    <p class='ocr_par' dir='ltr' id='par_1_62' title="bbox 1492 147 2468 211">
     <span class='ocr_line' id='line_1_62' title="bbox 1492 147 2468 211; baseline 0.006 -7"><span class='ocrx_word' id='word_1_461' title='bbox 1492 147 2001 210; x_wconf 76' lang='lat' dir='ltr'>EPISTOLARUM</span> <span class='ocrx_word' id='word_1_462' title='bbox 2041 150 2331 210; x_wconf 77' lang='lat' dir='ltr'>CLASSIS</span> <span class='ocrx_word' id='word_1_463' title='bbox 2371 153 2468 211; x_wconf 88' lang='grc' dir='ltr'><strong>ΙΙΙ.</strong></span> 
     </span>
    </p>
   </div>
   <div class='ocr_carea' id='block_1_63' title="bbox 3566 153 3680 214">
    <p class='ocr_par' dir='ltr' id='par_1_63' title="bbox 3566 153 3680 214">
     <span class='ocr_line' id='line_1_63' title="bbox 3566 153 3680 214; baseline 0.035 -4"><span class='ocrx_word' id='word_1_464' title='bbox 3566 153 3680 214; x_wconf 77' lang='grc' dir='ltr'>6το</span> 
     </span>
    </p>
   </div>
   <div class='ocr_carea' id='block_1_64' title="bbox 2004 295 3673 369">
    <p class='ocr_par' dir='ltr' id='par_1_64' title="bbox 2004 295 3673 369">
     <span class='ocr_line' id='line_1_64' title="bbox 2004 295 3673 369; baseline 0.001 -18"><span class='ocrx_word' id='word_1_465' title='bbox 2004 295 2298 352; x_wconf 88' lang='lat' dir='ltr'>trahatur.</span> <span class='ocrx_word' id='word_1_466' title='bbox 2317 297 2642 368; x_wconf 90' lang='lat' dir='ltr'>Loquendo</span> <span class='ocrx_word' id='word_1_467' title='bbox 2658 296 2883 369; x_wconf 90' lang='lat' dir='ltr'>quippe</span> <span class='ocrx_word' id='word_1_468' title='bbox 2913 296 3264 358; x_wconf 85' lang='lat' dir='ltr'>vanitatem.</span> <span class='ocrx_word' id='word_1_469' title='bbox 3285 296 3491 353; x_wconf 84' lang='lat' dir='ltr'>beatum</span> <span class='ocrx_word' id='word_1_470' title='bbox 3517 297 3673 353; x_wconf 56' lang='lat' dir='ltr'>dixe»</span> 
     </span>
    </p>
   </div>
   <div class='ocr_carea' id='block_1_65' title="bbox 2004 385 3672 457">
    <p class='ocr_par' dir='ltr' id='par_1_65' title="bbox 2004 385 3672 457">
     <span class='ocr_line' id='line_1_65' title="bbox 2004 385 3672 457; baseline 0.003 -19"><span class='ocrx_word' id='word_1_471' title='bbox 2004 392 2137 440; x_wconf 84' lang='lat' dir='ltr'>runt</span> <span class='ocrx_word' id='word_1_472' title='bbox 2166 385 2428 457; x_wconf 85' lang='lat' dir='ltr'>populum</span> <span class='ocrx_word' id='word_1_473' title='bbox 2456 387 2546 442; x_wconf 88' lang='lat' dir='ltr'>cui</span> <span class='ocrx_word' id='word_1_474' title='bbox 2563 389 2677 441; x_wconf 52' lang='lat' dir='ltr'>hac</span> <span class='ocrx_word' id='word_1_475' title='bbox 2707 391 2837 442; x_wconf 85' lang='lat' dir='ltr'>sunt</span> <span class='ocrx_word' id='word_1_476' title='bbox 2869 401 3004 457; x_wconf 71' lang='lat' dir='ltr'>quae</span> <span class='ocrx_word' id='word_1_477' title='bbox 3028 401 3211 456; x_wconf 86' lang='lat' dir='ltr'>supra</span> <span class='ocrx_word' id='word_1_478' title='bbox 3237 402 3672 444; x_wconf 90' lang='lat' dir='ltr'>commemora-</span> 
     </span>
    </p>
   </div>
   <div class='ocr_carea' id='block_1_66' title="bbox 2003 474 3670 546">
    <p class='ocr_par' dir='ltr' id='par_1_66' title="bbox 2003 474 3670 546">
     <span class='ocr_line' id='line_1_66' title="bbox 2003 474 3670 546; baseline 0.002 -18"><span class='ocrx_word' id='word_1_479' title='bbox 2003 475 2102 538; x_wconf 87' lang='lat' dir='ltr'>vit,</span> <span class='ocrx_word' id='word_1_480' title='bbox 2121 474 2340 546; x_wconf 89' lang='lat' dir='ltr'>quibus</span> <span class='ocrx_word' id='word_1_481' title='bbox 2355 491 2424 530; x_wconf 90' lang='lat' dir='ltr'>ea</span> <span class='ocrx_word' id='word_1_482' title='bbox 2441 475 2690 530; x_wconf 88' lang='lat' dir='ltr'>felicitas</span> <span class='ocrx_word' id='word_1_483' title='bbox 2705 479 2943 530; x_wconf 88' lang='lat' dir='ltr'>constat</span> <span class='ocrx_word' id='word_1_484' title='bbox 2961 490 3136 545; x_wconf 90' lang='lat' dir='ltr'>quam</span> <span class='ocrx_word' id='word_1_485' title='bbox 3154 474 3340 529; x_wconf 92' lang='lat' dir='ltr'>solam</span> <span class='ocrx_word' id='word_1_486' title='bbox 3360 475 3670 531; x_wconf 89' lang='lat' dir='ltr'>dilectores</span> 
     </span>
    </p>
   </div>
   <div class='ocr_carea' id='block_1_67' title="bbox 2003 562 3671 636">
    <p class='ocr_par' dir='ltr' id='par_1_67' title="bbox 2003 562 3671 636">
     <span class='ocr_line' id='line_1_67' title="bbox 2003 562 3671 636; baseline 0.002 -19"><span class='ocrx_word' id='word_1_487' title='bbox 2003 562 2183 632; x_wconf 87' lang='lat' dir='ltr'>hujus</span> <span class='ocrx_word' id='word_1_488' title='bbox 2207 564 2413 619; x_wconf 87' lang='lat' dir='ltr'>mundi</span> <span class='ocrx_word' id='word_1_489' title='bbox 2447 565 2779 636; x_wconf 90' lang='lat' dir='ltr'>inquirunt.</span> <span class='ocrx_word' id='word_1_490' title='bbox 2815 566 2878 619; x_wconf 87' lang='lat' dir='ltr'>Et</span> <span class='ocrx_word' id='word_1_491' title='bbox 2910 564 3046 619; x_wconf 91' lang='lat' dir='ltr'>ideo</span> <span class='ocrx_word' id='word_1_492' title='bbox 3072 563 3291 618; x_wconf 70' lang='lat' dir='ltr'>dextera</span> <span class='ocrx_word' id='word_1_493' title='bbox 3320 580 3522 631; x_wconf 86' lang='lat' dir='ltr'>eorum,</span> <span class='ocrx_word' id='word_1_494' title='bbox 3545 566 3671 620; x_wconf 70' lang='lat' dir='ltr'>dex-</span> 
     </span>
    </p>
   </div>
   <div class='ocr_carea' id='block_1_68' title="bbox 2003 653 3670 726">
    <p class='ocr_par' dir='ltr' id='par_1_68' title="bbox 2003 653 3670 726">
     <span class='ocr_line' id='line_1_68' title="bbox 2003 653 3670 726; baseline 0.002 -20"><span class='ocrx_word' id='word_1_495' title='bbox 2003 659 2123 706; x_wconf 88' lang='lat' dir='ltr'>tera</span> <span class='ocrx_word' id='word_1_496' title='bbox 2145 653 2474 724; x_wconf 78' lang='lat' dir='ltr'>iniquitatis,</span> <span class='ocrx_word' id='word_1_497' title='bbox 2491 654 2634 725; x_wconf 90' lang='lat' dir='ltr'>quia</span> <span class='ocrx_word' id='word_1_498' title='bbox 2655 654 2783 708; x_wconf 62' lang='lat' dir='ltr'>haec</span> <span class='ocrx_word' id='word_1_499' title='bbox 2812 658 3415 726; x_wconf 62' lang='lat' dir='ltr'>praeposueruntquae</span> <span class='ocrx_word' id='word_1_500' title='bbox 3439 654 3670 710; x_wconf 86' lang='lat' dir='ltr'>fuerant</span> 
     </span>
    </p>
   </div>
   <div class='ocr_carea' id='block_1_69' title="bbox 2005 741 3667 814">
    <p class='ocr_par' dir='ltr' id='par_1_69' title="bbox 2005 741 3667 814">
     <span class='ocr_line' id='line_1_69' title="bbox 2005 741 3667 814; baseline 0.002 -19"><span class='ocrx_word' id='word_1_501' title='bbox 2005 741 2445 814; x_wconf 90' lang='lat' dir='ltr'>postponenda,</span> <span class='ocrx_word' id='word_1_502' title='bbox 2472 743 2622 797; x_wconf 90' lang='lat' dir='ltr'>sicut</span> <span class='ocrx_word' id='word_1_503' title='bbox 2652 741 2908 796; x_wconf 67' lang='lat' dir='ltr'>sinistrae</span> <span class='ocrx_word' id='word_1_504' title='bbox 2936 741 3302 812; x_wconf 76' lang='lat' dir='ltr'>praeponitur</span> <span class='ocrx_word' id='word_1_505' title='bbox 3331 742 3667 799; x_wconf 87' lang='lat' dir='ltr'>dextera.Si</span> 
     </span>
    </p>
   </div>
   <div class='ocr_carea' id='block_1_70' title="bbox 2003 829 3664 901">
    <p class='ocr_par' dir='ltr' id='par_1_70' title="bbox 2003 829 3664 901">
     <span class='ocr_line' id='line_1_70' title="bbox 2003 829 3664 901; baseline 0.001 -17"><span class='ocrx_word' id='word_1_506' title='bbox 2003 829 2164 884; x_wconf 89' lang='lat' dir='ltr'>enim</span> <span class='ocrx_word' id='word_1_507' title='bbox 2193 831 2511 896; x_wconf 89' lang='lat' dir='ltr'>habentur,</span> <span class='ocrx_word' id='word_1_508' title='bbox 2539 847 2661 886; x_wconf 92' lang='lat' dir='ltr'>non</span> <span class='ocrx_word' id='word_1_509' title='bbox 2689 833 2748 885; x_wconf 92' lang='lat' dir='ltr'>in</span> <span class='ocrx_word' id='word_1_510' title='bbox 2777 831 2858 885; x_wconf 91' lang='lat' dir='ltr'>eis</span> <span class='ocrx_word' id='word_1_511' title='bbox 2886 829 3065 886; x_wconf 90' lang='lat' dir='ltr'>beata</span> <span class='ocrx_word' id='word_1_512' title='bbox 3089 831 3208 886; x_wconf 89' lang='lat' dir='ltr'>vita</span> <span class='ocrx_word' id='word_1_513' title='bbox 3232 832 3515 901; x_wconf 90' lang='lat' dir='ltr'>ponenda</span> <span class='ocrx_word' id='word_1_514' title='bbox 3535 837 3620 886; x_wconf 91' lang='lat' dir='ltr'>est</span> <span class='ocrx_word' id='word_1_515' title='bbox 3651 848 3664 886; x_wconf 91' lang='lat'><strong>:</strong></span> 
     </span>
    </p>
   </div>
   <div class='ocr_carea' id='block_1_71' title="bbox 2004 919 3666 991">
    <p class='ocr_par' dir='ltr' id='par_1_71' title="bbox 2004 919 3666 991">
     <span class='ocr_line' id='line_1_71' title="bbox 2004 919 3666 991; baseline 0.001 -17"><span class='ocrx_word' id='word_1_516' title='bbox 2004 919 2241 975; x_wconf 90' lang='lat' dir='ltr'>subdita</span> <span class='ocrx_word' id='word_1_517' title='bbox 2272 936 2407 976; x_wconf 90' lang='lat' dir='ltr'>esse</span> <span class='ocrx_word' id='word_1_518' title='bbox 2440 920 2665 976; x_wconf 90' lang='lat' dir='ltr'>debent</span> <span class='ocrx_word' id='word_1_519' title='bbox 2698 935 2818 975; x_wconf 86' lang='lat' dir='ltr'>non</span> <span class='ocrx_word' id='word_1_520' title='bbox 2853 919 3104 991; x_wconf 64' lang='lat' dir='ltr'>praedita</span> <span class='ocrx_word' id='word_1_521' title='bbox 3133 935 3145 985; x_wconf 91' lang='lat'>;</span> <span class='ocrx_word' id='word_1_522' title='bbox 3180 920 3510 990; x_wconf 90' lang='lat' dir='ltr'>sequentia,</span> <span class='ocrx_word' id='word_1_523' title='bbox 3542 936 3666 976; x_wconf 91' lang='lat' dir='ltr'>non</span> 
     </span>
    </p>
   </div>
   <div class='ocr_carea' id='block_1_72' title="bbox 2002 1007 3667 1080">
    <p class='ocr_par' dir='ltr' id='par_1_72' title="bbox 2002 1007 3667 1080">
     <span class='ocr_line' id='line_1_72' title="bbox 2002 1007 3667 1080; baseline 0.001 -17"><span class='ocrx_word' id='word_1_524' title='bbox 2002 1007 2301 1064; x_wconf 89' lang='lat' dir='ltr'>ducentia.</span> <span class='ocrx_word' id='word_1_525' title='bbox 2326 1009 2467 1064; x_wconf 87' lang='lat' dir='ltr'>Huic</span> <span class='ocrx_word' id='word_1_526' title='bbox 2497 1013 2696 1065; x_wconf 90' lang='lat' dir='ltr'>autem</span> <span class='ocrx_word' id='word_1_527' title='bbox 2726 1010 2829 1080; x_wconf 93' lang='lat' dir='ltr'>qui</span> <span class='ocrx_word' id='word_1_528' title='bbox 2860 1009 2942 1063; x_wconf 91' lang='lat' dir='ltr'>sic</span> <span class='ocrx_word' id='word_1_529' title='bbox 2971 1007 3202 1074; x_wconf 89' lang='lat' dir='ltr'>orabat,</span> <span class='ocrx_word' id='word_1_530' title='bbox 3222 1012 3277 1063; x_wconf 91' lang='lat' dir='ltr'>et</span> <span class='ocrx_word' id='word_1_531' title='bbox 3304 1023 3340 1062; x_wconf 91' lang='lat' dir='ltr'>a</span> <span class='ocrx_word' id='word_1_532' title='bbox 3364 1008 3499 1062; x_wconf 89' lang='lat' dir='ltr'>ﬁliis</span> <span class='ocrx_word' id='word_1_533' title='bbox 3529 1010 3667 1066; x_wconf 88' lang='lat' dir='ltr'>alie-</span> 
     </span>
    </p>
   </div>
   <div class='ocr_carea' id='block_1_73' title="bbox 2003 1096 3665 1169">
    <p class='ocr_par' dir='ltr' id='par_1_73' title="bbox 2003 1096 3665 1169">
     <span class='ocr_line' id='line_1_73' title="bbox 2003 1096 3665 1169; baseline 0.002 -18"><span class='ocrx_word' id='word_1_534' title='bbox 2003 1097 2094 1152; x_wconf 89' lang='lat' dir='ltr'>nis</span> <span class='ocrx_word' id='word_1_535' title='bbox 2123 1098 2226 1169; x_wconf 93' lang='lat' dir='ltr'>qui</span> <span class='ocrx_word' id='word_1_536' title='bbox 2259 1098 2472 1155; x_wconf 85' lang='lat' dir='ltr'>beatum</span> <span class='ocrx_word' id='word_1_537' title='bbox 2501 1098 2765 1153; x_wconf 70' lang='lat' dir='ltr'>dimerunt</span> <span class='ocrx_word' id='word_1_538' title='bbox 2792 1097 3044 1169; x_wconf 84' lang='lat' dir='ltr'>populum</span> <span class='ocrx_word' id='word_1_539' title='bbox 3073 1097 3161 1152; x_wconf 87' lang='lat' dir='ltr'>cui</span> <span class='ocrx_word' id='word_1_540' title='bbox 3181 1096 3298 1152; x_wconf 56' lang='grc' dir='ltr'>ἠως</span> <span class='ocrx_word' id='word_1_541' title='bbox 3326 1098 3665 1162; x_wconf 85' lang='lat' dir='ltr'>sunt,eximi</span> 
     </span>
    </p>
   </div>
   <div class='ocr_carea' id='block_1_74' title="bbox 2001 1185 3667 1259">
    <p class='ocr_par' dir='ltr' id='par_1_74' title="bbox 2001 1185 3667 1259">
     <span class='ocr_line' id='line_1_74' title="bbox 2001 1185 3667 1259; baseline 0 -17"><span class='ocrx_word' id='word_1_542' title='bbox 2001 1185 2379 1259; x_wconf 88' lang='lat' dir='ltr'>discernique</span> <span class='ocrx_word' id='word_1_543' title='bbox 2395 1187 2999 1258; x_wconf 88' lang='lat' dir='ltr'>cupiebat,tanquam</span> <span class='ocrx_word' id='word_1_544' title='bbox 3013 1185 3504 1258; x_wconf 90' lang='lat' dir='ltr'>diceremus,lpse</span> <span class='ocrx_word' id='word_1_545' title='bbox 3517 1187 3667 1258; x_wconf 89' lang='lat' dir='ltr'>quid</span> 
     </span>
    </p>
   </div>
   <div class='ocr_carea' id='block_1_75' title="bbox 2002 1274 3666 1348">
    <p class='ocr_par' dir='ltr' id='par_1_75' title="bbox 2002 1274 3666 1348">
     <span class='ocr_line' id='line_1_75' title="bbox 2002 1274 3666 1348; baseline 0.002 -19"><span class='ocrx_word' id='word_1_546' title='bbox 2002 1276 2228 1332; x_wconf 87' lang='lat' dir='ltr'>sentis?</span> <span class='ocrx_word' id='word_1_547' title='bbox 2249 1292 2429 1348; x_wconf 90' lang='lat' dir='ltr'>quem</span> <span class='ocrx_word' id='word_1_548' title='bbox 2458 1276 2702 1332; x_wconf 88' lang='lat' dir='ltr'>beatum</span> <span class='ocrx_word' id='word_1_549' title='bbox 2730 1274 3024 1346; x_wconf 92' lang='lat' dir='ltr'>populum</span> <span class='ocrx_word' id='word_1_550' title='bbox 3053 1275 3238 1330; x_wconf 76' lang='lat' dir='ltr'>dicis?</span> <span class='ocrx_word' id='word_1_551' title='bbox 3257 1290 3375 1329; x_wconf 89' lang='lat' dir='ltr'>non</span> <span class='ocrx_word' id='word_1_552' title='bbox 3407 1276 3506 1340; x_wconf 91' lang='lat' dir='ltr'>ait,</span> <span class='ocrx_word' id='word_1_553' title='bbox 3533 1279 3666 1332; x_wconf 88' lang='lat' dir='ltr'>Bea-</span> 
     </span>
    </p>
   </div>
   <div class='ocr_carea' id='block_1_76' title="bbox 2000 1362 3661 1435">
    <p class='ocr_par' dir='ltr' id='par_1_76' title="bbox 2000 1362 3661 1435">
     <span class='ocr_line' id='line_1_76' title="bbox 2000 1362 3661 1435; baseline -0.001 -15"><span class='ocrx_word' id='word_1_554' title='bbox 2000 1368 2096 1420; x_wconf 89' lang='lat' dir='ltr'>tus</span> <span class='ocrx_word' id='word_1_555' title='bbox 2131 1364 2411 1435; x_wconf 92' lang='lat' dir='ltr'>populus,</span> <span class='ocrx_word' id='word_1_556' title='bbox 2445 1365 2615 1435; x_wconf 91' lang='lat' dir='ltr'>cujus</span> <span class='ocrx_word' id='word_1_557' title='bbox 2649 1370 2734 1419; x_wconf 89' lang='lat' dir='ltr'>est</span> <span class='ocrx_word' id='word_1_558' title='bbox 2774 1362 2960 1418; x_wconf 90' lang='lat' dir='ltr'>virtus</span> <span class='ocrx_word' id='word_1_559' title='bbox 3001 1362 3186 1418; x_wconf 91' lang='lat' dir='ltr'>animi</span> <span class='ocrx_word' id='word_1_560' title='bbox 3219 1362 3362 1433; x_wconf 89' lang='lat' dir='ltr'>ejus.</span> <span class='ocrx_word' id='word_1_561' title='bbox 3399 1365 3571 1428; x_wconf 85' lang='lat' dir='ltr'>Quod</span> <span class='ocrx_word' id='word_1_562' title='bbox 3613 1365 3661 1419; x_wconf 92' lang='lat' dir='ltr'>si</span> 
     </span>
    </p>
   </div>
   <div class='ocr_carea' id='block_1_77' title="bbox 1998 1451 3660 1523">
    <p class='ocr_par' dir='ltr' id='par_1_77' title="bbox 1998 1451 3660 1523">
     <span class='ocr_line' id='line_1_77' title="bbox 1998 1451 3660 1523; baseline 0 -16"><span class='ocrx_word' id='word_1_563' title='bbox 1998 1451 2264 1519; x_wconf 84' lang='lat' dir='ltr'>dixisset,</span> <span class='ocrx_word' id='word_1_564' title='bbox 2280 1453 2666 1508; x_wconf 91' lang='lat' dir='ltr'>discrevisset</span> <span class='ocrx_word' id='word_1_565' title='bbox 2696 1451 2940 1523; x_wconf 91' lang='lat' dir='ltr'>quidem</span> <span class='ocrx_word' id='word_1_566' title='bbox 2965 1453 3142 1507; x_wconf 90' lang='lat' dir='ltr'>etiam</span> <span class='ocrx_word' id='word_1_567' title='bbox 3168 1452 3342 1507; x_wconf 89' lang='lat' dir='ltr'>istam</span> <span class='ocrx_word' id='word_1_568' title='bbox 3365 1452 3660 1523; x_wconf 92' lang='lat' dir='ltr'>populum</span> 
     </span>
    </p>
   </div>
   <div class='ocr_carea' id='block_1_78' title="bbox 1998 1540 3661 1614">
    <p class='ocr_par' dir='ltr' id='par_1_78' title="bbox 1998 1540 3661 1614">
     <span class='ocr_line' id='line_1_78' title="bbox 1998 1540 3661 1614; baseline 0.001 -18"><span class='ocrx_word' id='word_1_569' title='bbox 1998 1540 2077 1596; x_wconf 88' lang='lat' dir='ltr'>ab</span> <span class='ocrx_word' id='word_1_570' title='bbox 2101 1541 2202 1596; x_wconf 91' lang='lat' dir='ltr'>illo</span> <span class='ocrx_word' id='word_1_571' title='bbox 2223 1542 2586 1614; x_wconf 90' lang='lat' dir='ltr'>quibeatam</span> <span class='ocrx_word' id='word_1_572' title='bbox 2611 1541 2798 1596; x_wconf 88' lang='lat' dir='ltr'>vitam</span> <span class='ocrx_word' id='word_1_573' title='bbox 2824 1541 2883 1595; x_wconf 91' lang='lat' dir='ltr'>in</span> <span class='ocrx_word' id='word_1_574' title='bbox 2900 1540 3016 1596; x_wconf 89' lang='lat' dir='ltr'>ista</span> <span class='ocrx_word' id='word_1_575' title='bbox 3041 1540 3262 1595; x_wconf 89' lang='lat' dir='ltr'>visibili</span> <span class='ocrx_word' id='word_1_576' title='bbox 3283 1546 3341 1596; x_wconf 91' lang='lat' dir='ltr'>et</span> <span class='ocrx_word' id='word_1_577' title='bbox 3365 1542 3661 1611; x_wconf 89' lang='lat' dir='ltr'>corporali</span> 
     </span>
    </p>
   </div>
   <div class='ocr_carea' id='block_1_79' title="bbox 1995 1629 3663 1694">
    <p class='ocr_par' dir='ltr' id='par_1_79' title="bbox 1995 1629 3663 1694">
     <span class='ocr_line' id='line_1_79' title="bbox 1995 1629 3663 1694; baseline 0.001 -10"><span class='ocrx_word' id='word_1_578' title='bbox 1995 1629 2271 1686; x_wconf 78' lang='lat' dir='ltr'>felicitate</span> <span class='ocrx_word' id='word_1_579' title='bbox 2312 1630 2622 1687; x_wconf 89' lang='lat' dir='ltr'>constituit</span> <span class='ocrx_word' id='word_1_580' title='bbox 2660 1646 2674 1694; x_wconf 89' lang='lat'><strong>;</strong></span> <span class='ocrx_word' id='word_1_581' title='bbox 2724 1629 2825 1684; x_wconf 91' lang='lat' dir='ltr'>sed</span> <span class='ocrx_word' id='word_1_582' title='bbox 2871 1629 3145 1684; x_wconf 91' lang='lat' dir='ltr'>nondum</span> <span class='ocrx_word' id='word_1_583' title='bbox 3198 1630 3663 1686; x_wconf 86' lang='lat' dir='ltr'>transcendisset</span> 
     </span>
    </p>
   </div>
   <div class='ocr_carea' id='block_1_80' title="bbox 1996 1717 3661 1776">
    <p class='ocr_par' dir='ltr' id='par_1_80' title="bbox 1996 1717 3661 1776">
     <span class='ocr_line' id='line_1_80' title="bbox 1996 1717 3661 1776; baseline 0 -2"><span class='ocrx_word' id='word_1_584' title='bbox 1996 1732 2208 1774; x_wconf 90' lang='lat' dir='ltr'>omnes</span> <span class='ocrx_word' id='word_1_585' title='bbox 2235 1720 2528 1776; x_wconf 86' lang='lat' dir='ltr'>vanitates</span> <span class='ocrx_word' id='word_1_586' title='bbox 2556 1723 2613 1774; x_wconf 92' lang='lat' dir='ltr'>et</span> <span class='ocrx_word' id='word_1_587' title='bbox 2643 1718 2912 1774; x_wconf 89' lang='lat' dir='ltr'>insanias</span> <span class='ocrx_word' id='word_1_588' title='bbox 2944 1717 3268 1773; x_wconf 91' lang='lat' dir='ltr'>mendaces</span> <span class='ocrx_word' id='word_1_589' title='bbox 3297 1733 3310 1771; x_wconf 91' lang='lat'><strong>:</strong></span> <span class='ocrx_word' id='word_1_590' title='bbox 3336 1718 3661 1774; x_wconf 82' lang='lat' dir='ltr'>Maledictus</span> 
     </span>
    </p>
   </div>
   <div class='ocr_carea' id='block_1_81' title="bbox 1995 1806 3660 1879">
    <p class='ocr_par' dir='ltr' id='par_1_81' title="bbox 1995 1806 3660 1879">
     <span class='ocr_line' id='line_1_81' title="bbox 1995 1806 3660 1879; baseline 0 -16"><span class='ocrx_word' id='word_1_591' title='bbox 1995 1808 2155 1863; x_wconf 91' lang='lat' dir='ltr'>enim</span> <span class='ocrx_word' id='word_1_592' title='bbox 2187 1811 2382 1874; x_wconf 86' lang='lat' dir='ltr'>omnis,</span> <span class='ocrx_word' id='word_1_593' title='bbox 2412 1810 2562 1864; x_wconf 89' lang='lat' dir='ltr'>sicut</span> <span class='ocrx_word' id='word_1_594' title='bbox 2601 1807 2734 1863; x_wconf 91' lang='lat' dir='ltr'>alibi</span> <span class='ocrx_word' id='word_1_595' title='bbox 2766 1807 2996 1863; x_wconf 63' lang='lat' dir='ltr'>eaedem</span> <span class='ocrx_word' id='word_1_596' title='bbox 3049 1806 3269 1863; x_wconf 72' lang='lat' dir='ltr'>Litterae</span> <span class='ocrx_word' id='word_1_597' title='bbox 3299 1807 3533 1874; x_wconf 92' lang='lat' dir='ltr'>docent,</span> <span class='ocrx_word' id='word_1_598' title='bbox 3567 1808 3660 1879; x_wconf 86' lang='lat' dir='ltr'>qui</span> 
     </span>
    </p>
   </div>
   <div class='ocr_carea' id='block_1_82' title="bbox 1994 1896 3660 1968">
    <p class='ocr_par' dir='ltr' id='par_1_82' title="bbox 1994 1896 3660 1968">
     <span class='ocr_line' id='line_1_82' title="bbox 1994 1896 3660 1968; baseline 0.001 -17"><span class='ocrx_word' id='word_1_599' title='bbox 1994 1912 2135 1968; x_wconf 83' lang='lat' dir='ltr'>spem</span> <span class='ocrx_word' id='word_1_600' title='bbox 2165 1913 2318 1952; x_wconf 86' lang='lat' dir='ltr'>suam</span> <span class='ocrx_word' id='word_1_601' title='bbox 2340 1898 2496 1968; x_wconf 85' lang='lat' dir='ltr'>ponit</span> <span class='ocrx_word' id='word_1_602' title='bbox 2524 1898 2584 1952; x_wconf 88' lang='lat' dir='ltr'>in</span> <span class='ocrx_word' id='word_1_603' title='bbox 2611 1897 2823 1952; x_wconf 82' lang='lat' dir='ltr'>homine</span> <span class='ocrx_word' id='word_1_604' title='bbox 2845 1896 3074 1966; x_wconf 83' lang='lat' dir='ltr'>(Jerem.</span> <span class='ocrx_word' id='word_1_605' title='bbox 3096 1913 3236 1961; x_wconf 84' lang='lat' dir='ltr'>xvu,</span> <span class='ocrx_word' id='word_1_606' title='bbox 3267 1897 3349 1966; x_wconf 85' lang='lat'>5);</span> <span class='ocrx_word' id='word_1_607' title='bbox 3376 1911 3517 1966; x_wconf 90' lang='lat' dir='ltr'>ergo</span> <span class='ocrx_word' id='word_1_608' title='bbox 3550 1913 3660 1953; x_wconf 87' lang='lat' dir='ltr'>nec</span> 
     </span>
    </p>
   </div>
   <div class='ocr_carea' id='block_1_83' title="bbox 1994 1984 3660 2058">
    <p class='ocr_par' dir='ltr' id='par_1_83' title="bbox 1994 1984 3660 2058">
     <span class='ocr_line' id='line_1_83' title="bbox 1994 1984 3660 2058; baseline -0.001 -18"><span class='ocrx_word' id='word_1_609' title='bbox 1994 1984 2056 2041; x_wconf 89' lang='lat' dir='ltr'>in</span> <span class='ocrx_word' id='word_1_610' title='bbox 2087 1987 2287 2057; x_wconf 90' lang='lat' dir='ltr'>seipso</span> <span class='ocrx_word' id='word_1_611' title='bbox 2323 1987 2647 2058; x_wconf 89' lang='lat' dir='ltr'>quisquam</span> <span class='ocrx_word' id='word_1_612' title='bbox 2691 1985 2890 2052; x_wconf 89' lang='lat' dir='ltr'>debet,</span> <span class='ocrx_word' id='word_1_613' title='bbox 2919 1986 3066 2056; x_wconf 90' lang='lat' dir='ltr'>quia</span> <span class='ocrx_word' id='word_1_614' title='bbox 3111 1990 3166 2040; x_wconf 87' lang='lat' dir='ltr'>et</span> <span class='ocrx_word' id='word_1_615' title='bbox 3195 1985 3322 2056; x_wconf 90' lang='lat' dir='ltr'>ipse</span> <span class='ocrx_word' id='word_1_616' title='bbox 3351 1985 3536 2041; x_wconf 90' lang='lat' dir='ltr'>homo</span> <span class='ocrx_word' id='word_1_617' title='bbox 3569 1990 3660 2041; x_wconf 90' lang='lat' dir='ltr'>est</span> 
     </span>
    </p>
   </div>
   <div class='ocr_carea' id='block_1_84' title="bbox 1995 2073 3657 2131">
    <p class='ocr_par' dir='ltr' id='par_1_84' title="bbox 1995 2073 3657 2131">
     <span class='ocr_line' id='line_1_84' title="bbox 1995 2073 3657 2131; baseline 0 -1"><span class='ocrx_word' id='word_1_618' title='bbox 1995 2074 2250 2130; x_wconf 89' lang='lat' dir='ltr'>Proinde</span> <span class='ocrx_word' id='word_1_619' title='bbox 2295 2080 2359 2130; x_wconf 90' lang='lat' dir='ltr'>ut</span> <span class='ocrx_word' id='word_1_620' title='bbox 2399 2075 2673 2130; x_wconf 89' lang='lat' dir='ltr'>transiret</span> <span class='ocrx_word' id='word_1_621' title='bbox 2706 2074 2982 2129; x_wconf 91' lang='lat' dir='ltr'>omnium</span> <span class='ocrx_word' id='word_1_622' title='bbox 3029 2073 3363 2129; x_wconf 88' lang='lat' dir='ltr'>vanitatum</span> <span class='ocrx_word' id='word_1_623' title='bbox 3407 2079 3463 2129; x_wconf 93' lang='lat' dir='ltr'>et</span> <span class='ocrx_word' id='word_1_624' title='bbox 3491 2075 3657 2131; x_wconf 92' lang='lat' dir='ltr'>insa-</span> 
     </span>
    </p>
   </div>
   <div class='ocr_carea' id='block_1_85' title="bbox 1993 2162 3660 2232">
    <p class='ocr_par' dir='ltr' id='par_1_85' title="bbox 1993 2162 3660 2232">
     <span class='ocr_line' id='line_1_85' title="bbox 1993 2162 3660 2232; baseline -0.001 -14"><span class='ocrx_word' id='word_1_625' title='bbox 1993 2163 2231 2218; x_wconf 87' lang='lat' dir='ltr'>niarum</span> <span class='ocrx_word' id='word_1_626' title='bbox 2269 2163 2654 2220; x_wconf 90' lang='lat' dir='ltr'>mendacium</span> <span class='ocrx_word' id='word_1_627' title='bbox 2686 2163 2920 2228; x_wconf 89' lang='lat' dir='ltr'>limites,</span> <span class='ocrx_word' id='word_1_628' title='bbox 2955 2167 3138 2232; x_wconf 91' lang='lat' dir='ltr'>atque</span> <span class='ocrx_word' id='word_1_629' title='bbox 3178 2162 3262 2218; x_wconf 90' lang='lat' dir='ltr'>ibi</span> <span class='ocrx_word' id='word_1_630' title='bbox 3290 2162 3534 2219; x_wconf 87' lang='lat' dir='ltr'>beatam</span> <span class='ocrx_word' id='word_1_631' title='bbox 3576 2163 3660 2218; x_wconf 82' lang='lat' dir='ltr'>vi-</span> 
     </span>
    </p>
   </div>
   <div class='ocr_carea' id='block_1_86' title="bbox 1993 2251 3657 2325">
    <p class='ocr_par' dir='ltr' id='par_1_86' title="bbox 1993 2251 3657 2325">
     <span class='ocr_line' id='line_1_86' title="bbox 1993 2251 3657 2325; baseline 0.001 -18"><span class='ocrx_word' id='word_1_632' title='bbox 1993 2256 2118 2307; x_wconf 88' lang='lat' dir='ltr'>tam</span> <span class='ocrx_word' id='word_1_633' title='bbox 2150 2258 2421 2323; x_wconf 85' lang='lat' dir='ltr'>poneret,</span> <span class='ocrx_word' id='word_1_634' title='bbox 2455 2252 2554 2308; x_wconf 94' lang='lat' dir='ltr'>ubi</span> <span class='ocrx_word' id='word_1_635' title='bbox 2587 2267 2724 2308; x_wconf 89' lang='lat' dir='ltr'>vere</span> <span class='ocrx_word' id='word_1_636' title='bbox 2755 2256 2865 2320; x_wconf 90' lang='lat' dir='ltr'>est,</span> <span class='ocrx_word' id='word_1_637' title='bbox 2897 2251 3119 2316; x_wconf 86' lang='lat' dir='ltr'>Beatus,</span> <span class='ocrx_word' id='word_1_638' title='bbox 3157 2253 3370 2323; x_wconf 91' lang='lat' dir='ltr'>inquit,</span> <span class='ocrx_word' id='word_1_639' title='bbox 3400 2252 3657 2325; x_wconf 88' lang='lat' dir='ltr'>populus,</span> 
     </span>
    </p>
   </div>
   <div class='ocr_carea' id='block_1_87' title="bbox 1993 2341 2833 2410">
    <p class='ocr_par' dir='ltr' id='par_1_87' title="bbox 1993 2341 2833 2410">
     <span class='ocr_line' id='line_1_87' title="bbox 1993 2341 2833 2410; baseline 0.001 -15"><span class='ocrx_word' id='word_1_640' title='bbox 1993 2342 2148 2410; x_wconf 88' lang='lat' dir='ltr'>cujus</span> <span class='ocrx_word' id='word_1_641' title='bbox 2176 2343 2446 2398; x_wconf 86' lang='lat' dir='ltr'>Dominus</span> <span class='ocrx_word' id='word_1_642' title='bbox 2471 2344 2615 2398; x_wconf 82' lang='lat' dir='ltr'>Deus</span> <span class='ocrx_word' id='word_1_643' title='bbox 2643 2341 2833 2410; x_wconf 85' lang='lat' dir='ltr'>ipsius.</span> 
     </span>
    </p>
   </div>
   <div class='ocr_carea' id='block_1_88' title="bbox 2066 2429 3658 2501">
    <p class='ocr_par' dir='ltr' id='par_1_88' title="bbox 2066 2429 3658 2501">
     <span class='ocr_line' id='line_1_88' title="bbox 2066 2429 3658 2501; baseline 0.001 -15"><span class='ocrx_word' id='word_1_644' title='bbox 2066 2432 2288 2487; x_wconf 79' lang='lat' dir='ltr'>CAPUT</span> <span class='ocrx_word' id='word_1_645' title='bbox 2319 2433 2490 2485; x_wconf 92' lang='lat' dir='ltr'>lll.—</span> <span class='ocrx_word' id='word_1_646' title='bbox 2514 2434 2566 2486; x_wconf 83' lang='lat'>9.</span> <span class='ocrx_word' id='word_1_647' title='bbox 2596 2431 2797 2486; x_wconf 87' lang='lat' dir='ltr'>Cernis</span> <span class='ocrx_word' id='word_1_648' title='bbox 2834 2429 3010 2501; x_wconf 84' lang='lat' dir='ltr'>igitur</span> <span class='ocrx_word' id='word_1_649' title='bbox 3041 2429 3200 2485; x_wconf 91' lang='lat' dir='ltr'>unde</span> <span class='ocrx_word' id='word_1_650' title='bbox 3226 2429 3553 2501; x_wconf 91' lang='lat' dir='ltr'>petendum</span> <span class='ocrx_word' id='word_1_651' title='bbox 3585 2431 3658 2487; x_wconf 90' lang='lat' dir='ltr'>sit</span> 
     </span>
    </p>
   </div>
   <div class='ocr_carea' id='block_1_89' title="bbox 1992 2517 3656 2590">
    <p class='ocr_par' dir='ltr' id='par_1_89' title="bbox 1992 2517 3656 2590">
     <span class='ocr_line' id='line_1_89' title="bbox 1992 2517 3656 2590; baseline 0.001 -17"><span class='ocrx_word' id='word_1_652' title='bbox 1992 2519 2156 2590; x_wconf 92' lang='lat' dir='ltr'>quod</span> <span class='ocrx_word' id='word_1_653' title='bbox 2183 2535 2396 2575; x_wconf 91' lang='lat' dir='ltr'>omnes</span> <span class='ocrx_word' id='word_1_654' title='bbox 2427 2519 2586 2575; x_wconf 84' lang='lat' dir='ltr'>docti</span> <span class='ocrx_word' id='word_1_655' title='bbox 2619 2518 2966 2590; x_wconf 88' lang='lat' dir='ltr'>indoctique</span> <span class='ocrx_word' id='word_1_656' title='bbox 2999 2517 3362 2584; x_wconf 90' lang='lat' dir='ltr'>desiderant,</span> <span class='ocrx_word' id='word_1_657' title='bbox 3397 2524 3452 2574; x_wconf 92' lang='lat' dir='ltr'>et</span> <span class='ocrx_word' id='word_1_658' title='bbox 3486 2521 3656 2576; x_wconf 91' lang='lat' dir='ltr'>multi</span> 
     </span>
    </p>
   </div>
   <div class='ocr_carea' id='block_1_90' title="bbox 1992 2607 3654 2680">
    <p class='ocr_par' dir='ltr' id='par_1_90' title="bbox 1992 2607 3654 2680">
     <span class='ocr_line' id='line_1_90' title="bbox 1992 2607 3654 2680; baseline 0.002 -19"><span class='ocrx_word' id='word_1_659' title='bbox 1992 2607 2247 2663; x_wconf 89' lang='lat' dir='ltr'>errando</span> <span class='ocrx_word' id='word_1_660' title='bbox 2265 2624 2334 2663; x_wconf 92' lang='lat' dir='ltr'>ac</span> <span class='ocrx_word' id='word_1_661' title='bbox 2359 2607 2782 2680; x_wconf 91' lang='lat' dir='ltr'>superbiendo,</span> <span class='ocrx_word' id='word_1_662' title='bbox 2801 2607 2959 2662; x_wconf 90' lang='lat' dir='ltr'>unde</span> <span class='ocrx_word' id='word_1_663' title='bbox 2978 2611 3213 2679; x_wconf 88' lang='lat' dir='ltr'>petatur</span> <span class='ocrx_word' id='word_1_664' title='bbox 3226 2612 3280 2662; x_wconf 91' lang='lat' dir='ltr'>et</span> <span class='ocrx_word' id='word_1_665' title='bbox 3296 2607 3378 2662; x_wconf 91' lang='lat' dir='ltr'>ibi</span> <span class='ocrx_word' id='word_1_666' title='bbox 3400 2607 3654 2679; x_wconf 83' lang='lat' dir='ltr'>accipia-</span> 
     </span>
    </p>
   </div>
   <div class='ocr_carea' id='block_1_91' title="bbox 1993 2696 3656 2770">
    <p class='ocr_par' dir='ltr' id='par_1_91' title="bbox 1993 2696 3656 2770">
     <span class='ocr_line' id='line_1_91' title="bbox 1993 2696 3656 2770; baseline 0.001 -19"><span class='ocrx_word' id='word_1_667' title='bbox 1993 2702 2085 2751; x_wconf 90' lang='lat' dir='ltr'>tur</span> <span class='ocrx_word' id='word_1_668' title='bbox 2106 2697 2406 2767; x_wconf 88' lang='lat' dir='ltr'>ignorant.</span> <span class='ocrx_word' id='word_1_669' title='bbox 2425 2696 2667 2770; x_wconf 89' lang='lat' dir='ltr'>Utrique</span> <span class='ocrx_word' id='word_1_670' title='bbox 2690 2701 2885 2752; x_wconf 91' lang='lat' dir='ltr'>autem</span> <span class='ocrx_word' id='word_1_671' title='bbox 2906 2696 2963 2751; x_wconf 91' lang='lat' dir='ltr'>in</span> <span class='ocrx_word' id='word_1_672' title='bbox 2990 2697 3257 2768; x_wconf 90' lang='lat' dir='ltr'>quadam</span> <span class='ocrx_word' id='word_1_673' title='bbox 3277 2696 3481 2753; x_wconf 91' lang='lat' dir='ltr'>divino</span> <span class='ocrx_word' id='word_1_674' title='bbox 3502 2699 3656 2770; x_wconf 90' lang='lat' dir='ltr'>psal-</span> 
     </span>
    </p>
   </div>
   <div class='ocr_carea' id='block_1_92' title="bbox 1992 2785 3656 2858">
    <p class='ocr_par' dir='ltr' id='par_1_92' title="bbox 1992 2785 3656 2858">
     <span class='ocr_line' id='line_1_92' title="bbox 1992 2785 3656 2858; baseline 0.001 -18"><span class='ocrx_word' id='word_1_675' title='bbox 1992 2801 2092 2840; x_wconf 92' lang='lat' dir='ltr'>mo</span> <span class='ocrx_word' id='word_1_676' title='bbox 2126 2785 2304 2841; x_wconf 91' lang='lat' dir='ltr'>simul</span> <span class='ocrx_word' id='word_1_677' title='bbox 2335 2786 2876 2858; x_wconf 90' lang='lat' dir='ltr'>reprehenduntur,</span> <span class='ocrx_word' id='word_1_678' title='bbox 2903 2792 2957 2842; x_wconf 93' lang='lat' dir='ltr'>et</span> <span class='ocrx_word' id='word_1_679' title='bbox 2984 2787 3084 2858; x_wconf 92' lang='lat' dir='ltr'>qui</span> <span class='ocrx_word' id='word_1_680' title='bbox 3109 2785 3418 2842; x_wconf 86' lang='lat' dir='ltr'>conﬁdunt</span> <span class='ocrx_word' id='word_1_681' title='bbox 3450 2787 3509 2842; x_wconf 92' lang='lat' dir='ltr'>in</span> <span class='ocrx_word' id='word_1_682' title='bbox 3542 2787 3656 2842; x_wconf 89' lang='lat' dir='ltr'>vir-</span> 
     </span>
    </p>
   </div>
   <div class='ocr_carea' id='block_1_93' title="bbox 1991 2873 3651 2945">
    <p class='ocr_par' dir='ltr' id='par_1_93' title="bbox 1991 2873 3651 2945">
     <span class='ocr_line' id='line_1_93' title="bbox 1991 2873 3651 2945; baseline 0.001 -16"><span class='ocrx_word' id='word_1_683' title='bbox 1991 2879 2111 2929; x_wconf 92' lang='lat' dir='ltr'>tute</span> <span class='ocrx_word' id='word_1_684' title='bbox 2145 2890 2272 2939; x_wconf 90' lang='lat' dir='ltr'>sua,</span> <span class='ocrx_word' id='word_1_685' title='bbox 2307 2879 2362 2930; x_wconf 89' lang='lat' dir='ltr'>et</span> <span class='ocrx_word' id='word_1_686' title='bbox 2393 2874 2499 2945; x_wconf 91' lang='lat' dir='ltr'>qui</span> <span class='ocrx_word' id='word_1_687' title='bbox 2532 2875 2589 2928; x_wconf 91' lang='lat' dir='ltr'>in</span> <span class='ocrx_word' id='word_1_688' title='bbox 2622 2873 3001 2929; x_wconf 89' lang='lat' dir='ltr'>abundantia</span> <span class='ocrx_word' id='word_1_689' title='bbox 3031 2873 3374 2928; x_wconf 90' lang='lat' dir='ltr'>divitiarum</span> <span class='ocrx_word' id='word_1_690' title='bbox 3404 2891 3651 2930; x_wconf 91' lang='lat' dir='ltr'>suarum</span> 
     </span>
    </p>
   </div>
   <div class='ocr_carea' id='block_1_94' title="bbox 1989 2961 3652 3033">
    <p class='ocr_par' dir='ltr' id='par_1_94' title="bbox 1989 2961 3652 3033">
     <span class='ocr_line' id='line_1_94' title="bbox 1989 2961 3652 3033; baseline 0.002 -17"><span class='ocrx_word' id='word_1_691' title='bbox 1989 2961 2317 3033; x_wconf 88' lang='lat' dir='ltr'>gloriantur</span> <span class='ocrx_word' id='word_1_692' title='bbox 2348 2963 2500 3032; x_wconf 89' lang='lat' dir='ltr'>(Pal.</span> <span class='ocrx_word' id='word_1_693' title='bbox 2529 2978 2718 3026; x_wconf 83' lang='lat' dir='ltr'>XLVlll,</span> <span class='ocrx_word' id='word_1_694' title='bbox 2749 2963 2802 3032; x_wconf 88' lang='lat'>7)</span> <span class='ocrx_word' id='word_1_695' title='bbox 2844 2979 2856 3027; x_wconf 94' lang='lat'>;</span> <span class='ocrx_word' id='word_1_696' title='bbox 2883 2961 2938 3016; x_wconf 93' lang='lat' dir='ltr'>id</span> <span class='ocrx_word' id='word_1_697' title='bbox 2962 2967 3070 3028; x_wconf 89' lang='lat' dir='ltr'>est,</span> <span class='ocrx_word' id='word_1_698' title='bbox 3091 2967 3145 3017; x_wconf 91' lang='lat' dir='ltr'>et</span> <span class='ocrx_word' id='word_1_699' title='bbox 3168 2962 3516 3033; x_wconf 89' lang='lat' dir='ltr'>philosophi</span> <span class='ocrx_word' id='word_1_700' title='bbox 3539 2963 3652 3019; x_wconf 90' lang='lat' dir='ltr'>hu-</span> 
     </span>
    </p>
   </div>
   <div class='ocr_carea' id='block_1_95' title="bbox 1983 3049 3647 3122">
    <p class='ocr_par' dir='ltr' id='par_1_95' title="bbox 1983 3049 3647 3122">
     <span class='ocr_line' id='line_1_95' title="bbox 1983 3049 3647 3122; baseline 0.001 -16"><span class='ocrx_word' id='word_1_701' title='bbox 1983 3051 2084 3122; x_wconf 88' lang='lat' dir='ltr'>jus</span> <span class='ocrx_word' id='word_1_702' title='bbox 2122 3051 2347 3115; x_wconf 68' lang='lat' dir='ltr'>saeculi,</span> <span class='ocrx_word' id='word_1_703' title='bbox 2382 3052 2458 3107; x_wconf 91' lang='lat' dir='ltr'>ad</span> <span class='ocrx_word' id='word_1_704' title='bbox 2492 3051 2885 3107; x_wconf 89' lang='lat' dir='ltr'>abhorrentes</span> <span class='ocrx_word' id='word_1_705' title='bbox 2916 3050 3009 3105; x_wconf 90' lang='lat' dir='ltr'>vel</span> <span class='ocrx_word' id='word_1_706' title='bbox 3039 3066 3074 3105; x_wconf 91' lang='lat' dir='ltr'>a</span> <span class='ocrx_word' id='word_1_707' title='bbox 3111 3049 3209 3105; x_wconf 90' lang='lat' dir='ltr'>tali</span> <span class='ocrx_word' id='word_1_708' title='bbox 3243 3050 3647 3122; x_wconf 90' lang='lat' dir='ltr'>philosophia,</span> 
     </span>
    </p>
   </div>
   <div class='ocr_carea' id='block_1_96' title="bbox 1986 3139 3652 3212">
    <p class='ocr_par' dir='ltr' id='par_1_96' title="bbox 1986 3139 3652 3212">
     <span class='ocr_line' id='line_1_96' title="bbox 1986 3139 3652 3212; baseline 0.001 -17"><span class='ocrx_word' id='word_1_709' title='bbox 1986 3139 2354 3212; x_wconf 89' lang='lat' dir='ltr'>beatumque</span> <span class='ocrx_word' id='word_1_710' title='bbox 2385 3139 2649 3196; x_wconf 89' lang='lat' dir='ltr'>dicentes</span> <span class='ocrx_word' id='word_1_711' title='bbox 2681 3139 2970 3212; x_wconf 91' lang='lat' dir='ltr'>populum</span> <span class='ocrx_word' id='word_1_712' title='bbox 3002 3139 3097 3195; x_wconf 93' lang='lat' dir='ltr'>cui</span> <span class='ocrx_word' id='word_1_713' title='bbox 3130 3139 3392 3210; x_wconf 91' lang='lat' dir='ltr'>suppetit</span> <span class='ocrx_word' id='word_1_714' title='bbox 3419 3144 3652 3198; x_wconf 86' lang='lat' dir='ltr'>terrena</span> 
     </span>
    </p>
   </div>
   <div class='ocr_carea' id='block_1_97' title="bbox 1988 3228 3650 3301">
    <p class='ocr_par' dir='ltr' id='par_1_97' title="bbox 1988 3228 3650 3301">
     <span class='ocr_line' id='line_1_97' title="bbox 1988 3228 3650 3301; baseline 0.001 -17"><span class='ocrx_word' id='word_1_715' title='bbox 1988 3228 2307 3300; x_wconf 87' lang='lat' dir='ltr'>opulentia.</span> <span class='ocrx_word' id='word_1_716' title='bbox 2333 3233 2412 3285; x_wconf 81' lang='lat' dir='ltr'>Ac</span> <span class='ocrx_word' id='word_1_717' title='bbox 2443 3244 2550 3300; x_wconf 88' lang='lat' dir='ltr'>per</span> <span class='ocrx_word' id='word_1_718' title='bbox 2578 3229 2692 3285; x_wconf 92' lang='lat' dir='ltr'>hoc</span> <span class='ocrx_word' id='word_1_719' title='bbox 2724 3245 2758 3285; x_wconf 90' lang='lat' dir='ltr'>a</span> <span class='ocrx_word' id='word_1_720' title='bbox 2788 3229 3040 3284; x_wconf 90' lang='lat' dir='ltr'>Domino</span> <span class='ocrx_word' id='word_1_721' title='bbox 3072 3231 3190 3283; x_wconf 84' lang='lat' dir='ltr'>Deo</span> <span class='ocrx_word' id='word_1_722' title='bbox 3223 3233 3427 3283; x_wconf 89' lang='lat' dir='ltr'>nostro</span> <span class='ocrx_word' id='word_1_723' title='bbox 3459 3244 3494 3284; x_wconf 89' lang='lat' dir='ltr'>a</span> <span class='ocrx_word' id='word_1_724' title='bbox 3524 3245 3650 3301; x_wconf 91' lang='lat' dir='ltr'>quo</span> 
     </span>
    </p>
   </div>
   <div class='ocr_carea' id='block_1_98' title="bbox 1986 3317 3650 3390">
    <p class='ocr_par' dir='ltr' id='par_1_98' title="bbox 1986 3317 3650 3390">
     <span class='ocr_line' id='line_1_98' title="bbox 1986 3317 3650 3390; baseline 0 -16"><span class='ocrx_word' id='word_1_725' title='bbox 1986 3317 2125 3374; x_wconf 83' lang='lat' dir='ltr'>facti</span> <span class='ocrx_word' id='word_1_726' title='bbox 2140 3323 2433 3384; x_wconf 89' lang='lat' dir='ltr'>sumus,et</span> <span class='ocrx_word' id='word_1_727' title='bbox 2447 3318 2720 3374; x_wconf 89' lang='lat' dir='ltr'>virtutem</span> <span class='ocrx_word' id='word_1_728' title='bbox 2738 3325 3010 3390; x_wconf 91' lang='lat' dir='ltr'>petamus</span> <span class='ocrx_word' id='word_1_729' title='bbox 3023 3333 3146 3390; x_wconf 90' lang='lat' dir='ltr'>qua</span> <span class='ocrx_word' id='word_1_730' title='bbox 3159 3317 3258 3388; x_wconf 91' lang='lat' dir='ltr'>huj</span> <span class='ocrx_word' id='word_1_731' title='bbox 3272 3334 3338 3372; x_wconf 93' lang='lat' dir='ltr'>us</span> <span class='ocrx_word' id='word_1_732' title='bbox 3354 3319 3481 3373; x_wconf 58' lang='lat' dir='ltr'>vitae</span> <span class='ocrx_word' id='word_1_733' title='bbox 3495 3318 3650 3374; x_wconf 90' lang='lat' dir='ltr'>mala</span> 
     </span>
    </p>
   </div>
   <div class='ocr_carea' id='block_1_99' title="bbox 1987 3406 3646 3480">
    <p class='ocr_par' dir='ltr' id='par_1_99' title="bbox 1987 3406 3646 3480">
     <span class='ocr_line' id='line_1_99' title="bbox 1987 3406 3646 3480; baseline 0 -18"><span class='ocrx_word' id='word_1_734' title='bbox 1987 3423 2360 3479; x_wconf 83' lang='lat' dir='ltr'>superemus;</span> <span class='ocrx_word' id='word_1_735' title='bbox 2381 3407 2688 3464; x_wconf 90' lang='lat' dir='ltr'>etbeatam</span> <span class='ocrx_word' id='word_1_736' title='bbox 2711 3407 2893 3464; x_wconf 89' lang='lat' dir='ltr'>vitam</span> <span class='ocrx_word' id='word_1_737' title='bbox 2913 3423 3032 3479; x_wconf 91' lang='lat' dir='ltr'>qua</span> <span class='ocrx_word' id='word_1_738' title='bbox 3045 3411 3181 3480; x_wconf 91' lang='lat' dir='ltr'>post</span> <span class='ocrx_word' id='word_1_739' title='bbox 3198 3406 3371 3462; x_wconf 90' lang='lat' dir='ltr'>istam</span> <span class='ocrx_word' id='word_1_740' title='bbox 3397 3407 3572 3463; x_wconf 90' lang='lat' dir='ltr'>vitam</span> <span class='ocrx_word' id='word_1_741' title='bbox 3588 3407 3646 3462; x_wconf 89' lang='lat' dir='ltr'>in</span> 
     </span>
    </p>
   </div>
   <div class='ocr_carea' id='block_1_100' title="bbox 1986 3496 3648 3569">
    <p class='ocr_par' dir='ltr' id='par_1_100' title="bbox 1986 3496 3648 3569">
     <span class='ocr_line' id='line_1_100' title="bbox 1986 3496 3648 3569; baseline 0.001 -19"><span class='ocrx_word' id='word_1_742' title='bbox 1986 3496 2116 3567; x_wconf 90' lang='lat' dir='ltr'>ejus</span> <span class='ocrx_word' id='word_1_743' title='bbox 2147 3498 2471 3553; x_wconf 70' lang='lat' dir='ltr'>aeternitate</span> <span class='ocrx_word' id='word_1_744' title='bbox 2512 3496 2910 3569; x_wconf 86' lang='lat' dir='ltr'>perfruamur,</span> <span class='ocrx_word' id='word_1_745' title='bbox 2945 3501 3006 3552; x_wconf 92' lang='lat' dir='ltr'>ut</span> <span class='ocrx_word' id='word_1_746' title='bbox 3036 3503 3093 3552; x_wconf 93' lang='lat' dir='ltr'>et</span> <span class='ocrx_word' id='word_1_747' title='bbox 3130 3497 3190 3552; x_wconf 89' lang='lat' dir='ltr'>in</span> <span class='ocrx_word' id='word_1_748' title='bbox 3226 3496 3438 3552; x_wconf 88' lang='lat' dir='ltr'>virtute</span> <span class='ocrx_word' id='word_1_749' title='bbox 3487 3501 3544 3551; x_wconf 91' lang='lat' dir='ltr'>et</span> <span class='ocrx_word' id='word_1_750' title='bbox 3588 3496 3648 3551; x_wconf 91' lang='lat' dir='ltr'>in</span> 
     </span>
    </p>
   </div>
   <div class='ocr_carea' id='block_1_101' title="bbox 1987 3585 3644 3658">
    <p class='ocr_par' dir='ltr' id='par_1_101' title="bbox 1987 3585 3644 3658">
     <span class='ocr_line' id='line_1_101' title="bbox 1987 3585 3644 3658; baseline -0.001 -17"><span class='ocrx_word' id='word_1_751' title='bbox 1987 3586 2233 3657; x_wconf 65' lang='lat' dir='ltr'>praemio</span> <span class='ocrx_word' id='word_1_752' title='bbox 2254 3586 2504 3652; x_wconf 87' lang='lat' dir='ltr'>virtutis,</span> <span class='ocrx_word' id='word_1_753' title='bbox 2535 3586 2685 3641; x_wconf 88' lang='lat' dir='ltr'>sicut</span> <span class='ocrx_word' id='word_1_754' title='bbox 2710 3585 3033 3658; x_wconf 84' lang='lat' dir='ltr'>Apostolus</span> <span class='ocrx_word' id='word_1_755' title='bbox 3061 3585 3330 3656; x_wconf 88' lang='lat' dir='ltr'>dicit,qui</span> <span class='ocrx_word' id='word_1_756' title='bbox 3348 3585 3644 3657; x_wconf 85' lang='lat' dir='ltr'>gloriatur,</span> 
     </span>
    </p>
   </div>
   <div class='ocr_carea' id='block_1_102' title="bbox 1985 3674 3647 3747">
    <p class='ocr_par' dir='ltr' id='par_1_102' title="bbox 1985 3674 3647 3747">
     <span class='ocr_line' id='line_1_102' title="bbox 1985 3674 3647 3747; baseline 0 -18"><span class='ocrx_word' id='word_1_757' title='bbox 1985 3675 2042 3729; x_wconf 86' lang='lat' dir='ltr'>in</span> <span class='ocrx_word' id='word_1_758' title='bbox 2073 3675 2304 3730; x_wconf 88' lang='lat' dir='ltr'>Domino</span> <span class='ocrx_word' id='word_1_759' title='bbox 2331 3675 2595 3747; x_wconf 85' lang='lat' dir='ltr'>glorietur</span> <span class='ocrx_word' id='word_1_760' title='bbox 2626 3675 2696 3746; x_wconf 88' lang='lat' dir='ltr'>(ll</span> <span class='ocrx_word' id='word_1_761' title='bbox 2729 3675 2850 3730; x_wconf 89' lang='lat' dir='ltr'>Cor.</span> <span class='ocrx_word' id='word_1_762' title='bbox 2888 3692 2944 3739; x_wconf 83' lang='lat' dir='ltr'>x,</span> <span class='ocrx_word' id='word_1_763' title='bbox 2983 3675 3089 3745; x_wconf 83' lang='lat' dir='ltr'>l7).</span> <span class='ocrx_word' id='word_1_764' title='bbox 3129 3677 3248 3730; x_wconf 83' lang='lat' dir='ltr'>Hoc</span> <span class='ocrx_word' id='word_1_765' title='bbox 3283 3675 3459 3730; x_wconf 89' lang='lat' dir='ltr'>nobis</span> <span class='ocrx_word' id='word_1_766' title='bbox 3502 3674 3647 3729; x_wconf 91' lang='lat' dir='ltr'>veli-</span> 
     </span>
    </p>
   </div>
   <div class='ocr_carea' id='block_1_103' title="bbox 1985 3763 3642 3834">
    <p class='ocr_par' dir='ltr' id='par_1_103' title="bbox 1985 3763 3642 3834">
     <span class='ocr_line' id='line_1_103' title="bbox 1985 3763 3642 3834; baseline 0 -16"><span class='ocrx_word' id='word_1_767' title='bbox 1985 3779 2145 3827; x_wconf 88' lang='lat' dir='ltr'>mus,</span> <span class='ocrx_word' id='word_1_768' title='bbox 2179 3764 2291 3819; x_wconf 93' lang='lat' dir='ltr'>hoc</span> <span class='ocrx_word' id='word_1_769' title='bbox 2336 3764 2572 3828; x_wconf 89' lang='lat' dir='ltr'>civitati,</span> <span class='ocrx_word' id='word_1_770' title='bbox 2618 3765 2788 3834; x_wconf 90' lang='lat' dir='ltr'>cujus</span> <span class='ocrx_word' id='word_1_771' title='bbox 2832 3763 2955 3818; x_wconf 89' lang='lat' dir='ltr'>sive</span> <span class='ocrx_word' id='word_1_772' title='bbox 2993 3779 3205 3817; x_wconf 91' lang='lat' dir='ltr'>sumus</span> <span class='ocrx_word' id='word_1_773' title='bbox 3255 3779 3266 3817; x_wconf 88' lang='lat'><strong>:</strong></span> <span class='ocrx_word' id='word_1_774' title='bbox 3317 3778 3436 3818; x_wconf 89' lang='lat' dir='ltr'>non</span> <span class='ocrx_word' id='word_1_775' title='bbox 3487 3765 3642 3818; x_wconf 89' lang='lat' dir='ltr'>enim</span> 
     </span>
    </p>
   </div>
   <div class='ocr_carea' id='block_1_104' title="bbox 1985 3851 3648 3917">
    <p class='ocr_par' dir='ltr' id='par_1_104' title="bbox 1985 3851 3648 3917">
     <span class='ocr_line' id='line_1_104' title="bbox 1985 3851 3648 3917; baseline -0.001 -9"><span class='ocrx_word' id='word_1_776' title='bbox 1985 3852 2225 3908; x_wconf 88' lang='lat' dir='ltr'>aliunde</span> <span class='ocrx_word' id='word_1_777' title='bbox 2251 3852 2425 3909; x_wconf 89' lang='lat' dir='ltr'>beata</span> <span class='ocrx_word' id='word_1_778' title='bbox 2447 3852 2671 3915; x_wconf 87' lang='lat' dir='ltr'>civitas,</span> <span class='ocrx_word' id='word_1_779' title='bbox 2703 3851 2943 3907; x_wconf 87' lang='lat' dir='ltr'>aliunde</span> <span class='ocrx_word' id='word_1_780' title='bbox 2965 3851 3148 3907; x_wconf 90' lang='lat' dir='ltr'>homo</span> <span class='ocrx_word' id='word_1_781' title='bbox 3175 3867 3187 3917; x_wconf 92' lang='lat'>;</span> <span class='ocrx_word' id='word_1_782' title='bbox 3213 3867 3351 3906; x_wconf 93' lang='lat' dir='ltr'>cum</span> <span class='ocrx_word' id='word_1_783' title='bbox 3382 3851 3545 3906; x_wconf 91' lang='lat' dir='ltr'>aliud</span> <span class='ocrx_word' id='word_1_784' title='bbox 3571 3851 3648 3906; x_wconf 83' lang='lat' dir='ltr'>ci-</span> 
     </span>
    </p>
   </div>
   <div class='ocr_carea' id='block_1_105' title="bbox 1985 3939 3636 4014">
    <p class='ocr_par' dir='ltr' id='par_1_105' title="bbox 1985 3939 3636 4014">
     <span class='ocr_line' id='line_1_105' title="bbox 1985 3939 3636 4014; baseline 0 -17"><span class='ocrx_word' id='word_1_785' title='bbox 1985 3941 2137 3997; x_wconf 89' lang='lat' dir='ltr'>vitas</span> <span class='ocrx_word' id='word_1_786' title='bbox 2168 3957 2288 3997; x_wconf 92' lang='lat' dir='ltr'>non</span> <span class='ocrx_word' id='word_1_787' title='bbox 2322 3941 2417 4008; x_wconf 90' lang='lat' dir='ltr'>sit,</span> <span class='ocrx_word' id='word_1_788' title='bbox 2450 3957 2635 4014; x_wconf 90' lang='lat' dir='ltr'>quam</span> <span class='ocrx_word' id='word_1_789' title='bbox 2667 3955 2915 3996; x_wconf 89' lang='lat' dir='ltr'>concors</span> <span class='ocrx_word' id='word_1_790' title='bbox 2945 3941 3262 3996; x_wconf 90' lang='lat' dir='ltr'>hominum</span> <span class='ocrx_word' id='word_1_791' title='bbox 3293 3939 3636 3997; x_wconf 91' lang='lat' dir='ltr'>multitudo.</span> 
     </span>
    </p>
   </div>
   <div class='ocr_carea' id='block_1_106' title="bbox 2057 4028 3645 4102">
    <p class='ocr_par' dir='ltr' id='par_1_106' title="bbox 2057 4028 3645 4102">
     <span class='ocr_line' id='line_1_106' title="bbox 2057 4028 3645 4102; baseline 0.001 -18"><span class='ocrx_word' id='word_1_792' title='bbox 2057 4031 2144 4086; x_wconf 79' lang='grc'>10.</span> <span class='ocrx_word' id='word_1_793' title='bbox 2167 4030 2372 4102; x_wconf 88' lang='lat' dir='ltr'>Itaque</span> <span class='ocrx_word' id='word_1_794' title='bbox 2398 4031 2443 4086; x_wconf 91' lang='lat' dir='ltr'>si</span> <span class='ocrx_word' id='word_1_795' title='bbox 2466 4030 2663 4086; x_wconf 90' lang='lat' dir='ltr'>omnis</span> <span class='ocrx_word' id='word_1_796' title='bbox 2685 4029 3006 4101; x_wconf 89' lang='lat' dir='ltr'>prudentia</span> <span class='ocrx_word' id='word_1_797' title='bbox 3038 4033 3159 4096; x_wconf 88' lang='lat' dir='ltr'>tua,</span> <span class='ocrx_word' id='word_1_798' title='bbox 3179 4045 3303 4101; x_wconf 88' lang='lat' dir='ltr'>qua</span> <span class='ocrx_word' id='word_1_799' title='bbox 3333 4028 3645 4085; x_wconf 88' lang='lat' dir='ltr'>consulere</span> 
     </span>
    </p>
   </div>
   <div class='ocr_carea' id='block_1_107' title="bbox 1983 4117 3647 4190">
    <p class='ocr_par' dir='ltr' id='par_1_107' title="bbox 1983 4117 3647 4190">
     <span class='ocr_line' id='line_1_107' title="bbox 1983 4117 3647 4190; baseline -0.001 -14"><span class='ocrx_word' id='word_1_800' title='bbox 1983 4121 2220 4176; x_wconf 88' lang='lat' dir='ltr'>conaris</span> <span class='ocrx_word' id='word_1_801' title='bbox 2251 4119 2431 4175; x_wconf 89' lang='lat' dir='ltr'>rebus</span> <span class='ocrx_word' id='word_1_802' title='bbox 2466 4119 2748 4175; x_wconf 91' lang='lat' dir='ltr'>humanis</span> <span class='ocrx_word' id='word_1_803' title='bbox 2778 4135 2793 4185; x_wconf 92' lang='lat'><strong>;</strong></span> <span class='ocrx_word' id='word_1_804' title='bbox 2830 4119 2877 4174; x_wconf 93' lang='lat' dir='ltr'>si</span> <span class='ocrx_word' id='word_1_805' title='bbox 2928 4119 3127 4175; x_wconf 93' lang='lat' dir='ltr'>omnis</span> <span class='ocrx_word' id='word_1_806' title='bbox 3173 4117 3478 4184; x_wconf 80' lang='lat' dir='ltr'>fortitudo,</span> <span class='ocrx_word' id='word_1_807' title='bbox 3521 4127 3647 4190; x_wconf 87' lang='lat' dir='ltr'>qua</span> 
     </span>
    </p>
   </div>
   <div class='ocr_carea' id='block_1_108' title="bbox 1982 4207 3646 4281">
    <p class='ocr_par' dir='ltr' id='par_1_108' title="bbox 1982 4207 3646 4281">
     <span class='ocr_line' id='line_1_108' title="bbox 1982 4207 3646 4281; baseline -0.001 -17"><span class='ocrx_word' id='word_1_808' title='bbox 1982 4209 2204 4264; x_wconf 88' lang='lat' dir='ltr'>nullius</span> <span class='ocrx_word' id='word_1_809' title='bbox 2221 4209 2527 4281; x_wconf 88' lang='lat' dir='ltr'>iniquitate</span> <span class='ocrx_word' id='word_1_810' title='bbox 2544 4210 2898 4265; x_wconf 87' lang='lat' dir='ltr'>adversante</span> <span class='ocrx_word' id='word_1_811' title='bbox 2919 4208 3182 4274; x_wconf 89' lang='lat' dir='ltr'>terreris;</span> <span class='ocrx_word' id='word_1_812' title='bbox 3208 4209 3254 4262; x_wconf 92' lang='lat' dir='ltr'>si</span> <span class='ocrx_word' id='word_1_813' title='bbox 3281 4207 3478 4263; x_wconf 91' lang='lat' dir='ltr'>omnis</span> <span class='ocrx_word' id='word_1_814' title='bbox 3501 4211 3646 4263; x_wconf 91' lang='lat' dir='ltr'>tem-</span> 
     </span>
    </p>
   </div>
   <div class='ocr_carea' id='block_1_109' title="bbox 1980 4297 3646 4370">
    <p class='ocr_par' dir='ltr' id='par_1_109' title="bbox 1980 4297 3646 4370">
     <span class='ocr_line' id='line_1_109' title="bbox 1980 4297 3646 4370; baseline -0.001 -18"><span class='ocrx_word' id='word_1_815' title='bbox 1980 4299 2270 4370; x_wconf 87' lang='lat' dir='ltr'>perantia,</span> <span class='ocrx_word' id='word_1_816' title='bbox 2304 4314 2424 4370; x_wconf 91' lang='lat' dir='ltr'>qua</span> <span class='ocrx_word' id='word_1_817' title='bbox 2453 4298 2511 4354; x_wconf 92' lang='lat' dir='ltr'>in</span> <span class='ocrx_word' id='word_1_818' title='bbox 2545 4302 2708 4354; x_wconf 88' lang='lat' dir='ltr'>tanta</span> <span class='ocrx_word' id='word_1_819' title='bbox 2744 4297 2878 4353; x_wconf 89' lang='lat' dir='ltr'>labe</span> <span class='ocrx_word' id='word_1_820' title='bbox 2909 4297 3292 4370; x_wconf 77' lang='lat' dir='ltr'>nequissimae</span> <span class='ocrx_word' id='word_1_821' title='bbox 3324 4301 3646 4352; x_wconf 91' lang='lat' dir='ltr'>consuetu-</span> 
     </span>
    </p>
   </div>
   <div class='ocr_carea' id='block_1_110' title="bbox 1982 4385 3645 4456">
    <p class='ocr_par' dir='ltr' id='par_1_110' title="bbox 1982 4385 3645 4456">
     <span class='ocr_line' id='line_1_110' title="bbox 1982 4385 3645 4456; baseline -0.001 -15"><span class='ocrx_word' id='word_1_822' title='bbox 1982 4387 2135 4442; x_wconf 91' lang='lat' dir='ltr'>dinis</span> <span class='ocrx_word' id='word_1_823' title='bbox 2157 4387 2472 4442; x_wconf 92' lang='lat' dir='ltr'>hominum</span> <span class='ocrx_word' id='word_1_824' title='bbox 2496 4391 2548 4442; x_wconf 91' lang='lat' dir='ltr'>te</span> <span class='ocrx_word' id='word_1_825' title='bbox 2571 4403 2606 4442; x_wconf 89' lang='lat' dir='ltr'>a</span> <span class='ocrx_word' id='word_1_826' title='bbox 2628 4387 3112 4456; x_wconf 88' lang='lat' dir='ltr'>corruptionibus</span> <span class='ocrx_word' id='word_1_827' title='bbox 3135 4385 3422 4451; x_wconf 90' lang='lat' dir='ltr'>abstines;</span> <span class='ocrx_word' id='word_1_828' title='bbox 3442 4385 3489 4439; x_wconf 90' lang='lat' dir='ltr'>si</span> <span class='ocrx_word' id='word_1_829' title='bbox 3515 4401 3645 4440; x_wconf 93' lang='lat' dir='ltr'>om-</span> 
     </span>
    </p>
   </div>
   <div class='ocr_carea' id='block_1_111' title="bbox 1981 4473 3644 4548">
    <p class='ocr_par' dir='ltr' id='par_1_111' title="bbox 1981 4473 3644 4548">
     <span class='ocr_line' id='line_1_111' title="bbox 1981 4473 3644 4548; baseline -0.001 -19"><span class='ocrx_word' id='word_1_830' title='bbox 1981 4475 2072 4530; x_wconf 90' lang='lat' dir='ltr'>nis</span> <span class='ocrx_word' id='word_1_831' title='bbox 2095 4475 2343 4546; x_wconf 91' lang='lat' dir='ltr'>justitia,</span> <span class='ocrx_word' id='word_1_832' title='bbox 2375 4492 2496 4548; x_wconf 90' lang='lat' dir='ltr'>qua</span> <span class='ocrx_word' id='word_1_833' title='bbox 2527 4479 2682 4530; x_wconf 90' lang='lat' dir='ltr'>recte</span> <span class='ocrx_word' id='word_1_834' title='bbox 2703 4474 3037 4545; x_wconf 89' lang='lat' dir='ltr'>judicando</span> <span class='ocrx_word' id='word_1_835' title='bbox 3071 4490 3179 4529; x_wconf 91' lang='lat' dir='ltr'>sua</span> <span class='ocrx_word' id='word_1_836' title='bbox 3209 4475 3424 4544; x_wconf 90' lang='lat' dir='ltr'>cuique</span> <span class='ocrx_word' id='word_1_837' title='bbox 3448 4473 3644 4529; x_wconf 90' lang='lat' dir='ltr'>distri-</span> 
     </span>
    </p>
   </div>
   <div class='ocr_carea' id='block_1_112' title="bbox 1978 4561 3641 4635">
    <p class='ocr_par' dir='ltr' id='par_1_112' title="bbox 1978 4561 3641 4635">
     <span class='ocr_line' id='line_1_112' title="bbox 1978 4561 3641 4635; baseline -0.001 -16"><span class='ocrx_word' id='word_1_838' title='bbox 1978 4563 2136 4630; x_wconf 87' lang='lat' dir='ltr'>buis,</span> <span class='ocrx_word' id='word_1_839' title='bbox 2167 4563 2225 4618; x_wconf 90' lang='lat' dir='ltr'>id</span> <span class='ocrx_word' id='word_1_840' title='bbox 2256 4564 2508 4627; x_wconf 88' lang='lat' dir='ltr'>laborat,</span> <span class='ocrx_word' id='word_1_841' title='bbox 2534 4563 2591 4617; x_wconf 93' lang='lat' dir='ltr'>id</span> <span class='ocrx_word' id='word_1_842' title='bbox 2620 4563 2839 4628; x_wconf 88' lang='lat' dir='ltr'>nititur,</span> <span class='ocrx_word' id='word_1_843' title='bbox 2860 4567 2919 4617; x_wconf 92' lang='lat' dir='ltr'>ut</span> <span class='ocrx_word' id='word_1_844' title='bbox 2943 4562 3004 4618; x_wconf 92' lang='lat' dir='ltr'>hi</span> <span class='ocrx_word' id='word_1_845' title='bbox 3033 4562 3251 4635; x_wconf 87' lang='lat' dir='ltr'>quibus</span> <span class='ocrx_word' id='word_1_846' title='bbox 3280 4562 3366 4615; x_wconf 89' lang='lat' dir='ltr'>vis</span> <span class='ocrx_word' id='word_1_847' title='bbox 3395 4567 3456 4616; x_wconf 91' lang='lat' dir='ltr'>ut</span> <span class='ocrx_word' id='word_1_848' title='bbox 3485 4561 3641 4618; x_wconf 89' lang='lat' dir='ltr'>bene</span> 
     </span>
    </p>
   </div>
   <div class='ocr_carea' id='block_1_113' title="bbox 1982 4650 3641 4723">
    <p class='ocr_par' dir='ltr' id='par_1_113' title="bbox 1982 4650 3641 4723">
     <span class='ocr_line' id='line_1_113' title="bbox 1982 4650 3641 4723; baseline 0 -17"><span class='ocrx_word' id='word_1_849' title='bbox 1982 4653 2073 4717; x_wconf 93' lang='lat' dir='ltr'>sit,</span> <span class='ocrx_word' id='word_1_850' title='bbox 2111 4652 2258 4708; x_wconf 90' lang='lat' dir='ltr'>salvi</span> <span class='ocrx_word' id='word_1_851' title='bbox 2292 4654 2409 4708; x_wconf 91' lang='lat' dir='ltr'>sint</span> <span class='ocrx_word' id='word_1_852' title='bbox 2440 4667 2710 4723; x_wconf 90' lang='lat' dir='ltr'>corpore,</span> <span class='ocrx_word' id='word_1_853' title='bbox 2736 4656 2791 4708; x_wconf 87' lang='lat' dir='ltr'>et</span> <span class='ocrx_word' id='word_1_854' title='bbox 2821 4651 2898 4707; x_wconf 92' lang='lat' dir='ltr'>ab</span> <span class='ocrx_word' id='word_1_855' title='bbox 2927 4651 3090 4706; x_wconf 92' lang='lat' dir='ltr'>omni</span> <span class='ocrx_word' id='word_1_856' title='bbox 3134 4650 3491 4723; x_wconf 89' lang='lat' dir='ltr'>cujusquam</span> <span class='ocrx_word' id='word_1_857' title='bbox 3525 4651 3641 4706; x_wconf 93' lang='lat' dir='ltr'>im-</span> 
     </span>
    </p>
   </div>
   <div class='ocr_carea' id='block_1_114' title="bbox 1980 4739 3640 4814">
    <p class='ocr_par' dir='ltr' id='par_1_114' title="bbox 1980 4739 3640 4814">
     <span class='ocr_line' id='line_1_114' title="bbox 1980 4739 3640 4814; baseline 0 -17"><span class='ocrx_word' id='word_1_858' title='bbox 1980 4741 2276 4814; x_wconf 87' lang='lat' dir='ltr'>probitate</span> <span class='ocrx_word' id='word_1_859' title='bbox 2306 4743 2409 4797; x_wconf 91' lang='lat' dir='ltr'>tuti</span> <span class='ocrx_word' id='word_1_860' title='bbox 2437 4746 2614 4812; x_wconf 90' lang='lat' dir='ltr'>atque</span> <span class='ocrx_word' id='word_1_861' title='bbox 2641 4740 3146 4813; x_wconf 88' lang='lat' dir='ltr'>pacati,habeant</span> <span class='ocrx_word' id='word_1_862' title='bbox 3174 4739 3327 4795; x_wconf 91' lang='lat' dir='ltr'>ﬁlios</span> <span class='ocrx_word' id='word_1_863' title='bbox 3360 4740 3511 4797; x_wconf 92' lang='lat' dir='ltr'>sicut</span> <span class='ocrx_word' id='word_1_864' title='bbox 3535 4756 3640 4797; x_wconf 88' lang='lat' dir='ltr'>no-</span> 
     </span>
    </p>
   </div>
   <div class='ocr_carea' id='block_1_115' title="bbox 1980 4829 3640 4897">
    <p class='ocr_par' dir='ltr' id='par_1_115' title="bbox 1980 4829 3640 4897">
     <span class='ocr_line' id='line_1_115' title="bbox 1980 4829 3640 4897; baseline -0.002 -10"><span class='ocrx_word' id='word_1_865' title='bbox 1980 4831 2158 4887; x_wconf 89' lang='lat' dir='ltr'>vellas</span> <span class='ocrx_word' id='word_1_866' title='bbox 2192 4830 2625 4897; x_wconf 89' lang='lat' dir='ltr'>constabilitas,</span> <span class='ocrx_word' id='word_1_867' title='bbox 2657 4829 2810 4886; x_wconf 90' lang='lat' dir='ltr'>ﬁlias</span> <span class='ocrx_word' id='word_1_868' title='bbox 2849 4834 3093 4886; x_wconf 91' lang='lat' dir='ltr'>ornatas</span> <span class='ocrx_word' id='word_1_869' title='bbox 3125 4829 3276 4884; x_wconf 91' lang='lat' dir='ltr'>sicut</span> <span class='ocrx_word' id='word_1_870' title='bbox 3306 4829 3640 4886; x_wconf 90' lang='lat' dir='ltr'>similitudi-</span> 
     </span>
    </p>
   </div>
   <div class='ocr_carea' id='block_1_116' title="bbox 1977 4918 3634 4993">
    <p class='ocr_par' dir='ltr' id='par_1_116' title="bbox 1977 4918 3634 4993">
     <span class='ocr_line' id='line_1_116' title="bbox 1977 4918 3634 4993; baseline -0.001 -18"><span class='ocrx_word' id='word_1_871' title='bbox 1977 4935 2115 4976; x_wconf 91' lang='lat' dir='ltr'>nem</span> <span class='ocrx_word' id='word_1_872' title='bbox 2140 4920 2366 4992; x_wconf 89' lang='lat' dir='ltr'>templi,</span> <span class='ocrx_word' id='word_1_873' title='bbox 2394 4919 2631 4976; x_wconf 90' lang='lat' dir='ltr'>cellaria</span> <span class='ocrx_word' id='word_1_874' title='bbox 2653 4919 2831 4993; x_wconf 89' lang='lat' dir='ltr'>plena</span> <span class='ocrx_word' id='word_1_875' title='bbox 2854 4918 3184 4976; x_wconf 88' lang='lat' dir='ltr'>eructantia</span> <span class='ocrx_word' id='word_1_876' title='bbox 3206 4935 3272 4974; x_wconf 87' lang='lat' dir='ltr'>ex</span> <span class='ocrx_word' id='word_1_877' title='bbox 3290 4919 3402 4974; x_wconf 90' lang='lat' dir='ltr'>hoc</span> <span class='ocrx_word' id='word_1_878' title='bbox 3423 4919 3481 4973; x_wconf 93' lang='lat' dir='ltr'>in</span> <span class='ocrx_word' id='word_1_879' title='bbox 3499 4919 3634 4982; x_wconf 88' lang='lat' dir='ltr'>hoc,</span> 
     </span>
    </p>
   </div>
   <div class='ocr_carea' id='block_1_117' title="bbox 1977 5007 3638 5075">
    <p class='ocr_par' dir='ltr' id='par_1_117' title="bbox 1977 5007 3638 5075">
     <span class='ocr_line' id='line_1_117' title="bbox 1977 5007 3638 5075; baseline -0.001 -9"><span class='ocrx_word' id='word_1_880' title='bbox 1977 5009 2264 5066; x_wconf 75' lang='lat' dir='ltr'>fecundas</span> <span class='ocrx_word' id='word_1_881' title='bbox 2295 5026 2459 5075; x_wconf 90' lang='lat' dir='ltr'>oves,</span> <span class='ocrx_word' id='word_1_882' title='bbox 2493 5026 2725 5067; x_wconf 91' lang='lat' dir='ltr'>crassas</span> <span class='ocrx_word' id='word_1_883' title='bbox 2769 5009 2980 5075; x_wconf 90' lang='lat' dir='ltr'>boves,</span> <span class='ocrx_word' id='word_1_884' title='bbox 3009 5024 3120 5065; x_wconf 86' lang='lat' dir='ltr'>nec</span> <span class='ocrx_word' id='word_1_885' title='bbox 3168 5007 3437 5063; x_wconf 79' lang='lat' dir='ltr'>maceriae</span> <span class='ocrx_word' id='word_1_886' title='bbox 3462 5007 3638 5064; x_wconf 88' lang='lat' dir='ltr'>ruina</span> 
     </span>
    </p>
   </div>
   <div class='ocr_carea' id='block_1_118' title="bbox 1976 5097 3637 5172">
    <p class='ocr_par' dir='ltr' id='par_1_118' title="bbox 1976 5097 3637 5172">
     <span class='ocr_line' id='line_1_118' title="bbox 1976 5097 3637 5172; baseline -0.002 -18"><span class='ocrx_word' id='word_1_887' title='bbox 1976 5099 2269 5156; x_wconf 79' lang='lat' dir='ltr'>deformat</span> <span class='ocrx_word' id='word_1_888' title='bbox 2297 5099 2612 5172; x_wconf 73' lang='lat' dir='ltr'>praedium,</span> <span class='ocrx_word' id='word_1_889' title='bbox 2649 5115 2756 5155; x_wconf 90' lang='lat' dir='ltr'>nec</span> <span class='ocrx_word' id='word_1_890' title='bbox 2782 5099 3143 5170; x_wconf 88' lang='lat' dir='ltr'>litigantium</span> <span class='ocrx_word' id='word_1_891' title='bbox 3171 5097 3398 5153; x_wconf 91' lang='lat' dir='ltr'>clamor</span> <span class='ocrx_word' id='word_1_892' title='bbox 3430 5111 3637 5168; x_wconf 87' lang='lat' dir='ltr'>perso-</span> 
     </span>
    </p>
   </div>
   <div class='ocr_carea' id='block_1_119' title="bbox 1975 5185 3635 5261">
    <p class='ocr_par' dir='ltr' id='par_1_119' title="bbox 1975 5185 3635 5261">
     <span class='ocr_line' id='line_1_119' title="bbox 1975 5185 3635 5261; baseline -0.002 -17"><span class='ocrx_word' id='word_1_893' title='bbox 1975 5193 2072 5244; x_wconf 91' lang='lat' dir='ltr'>net</span> <span class='ocrx_word' id='word_1_894' title='bbox 2102 5188 2161 5243; x_wconf 93' lang='lat' dir='ltr'>in</span> <span class='ocrx_word' id='word_1_895' title='bbox 2198 5189 2405 5261; x_wconf 91' lang='lat' dir='ltr'>plateis</span> <span class='ocrx_word' id='word_1_896' title='bbox 2435 5205 2640 5245; x_wconf 92' lang='lat' dir='ltr'>eorum</span> <span class='ocrx_word' id='word_1_897' title='bbox 2667 5205 2688 5253; x_wconf 92' lang='lat'><strong><em>;</em></strong></span> <span class='ocrx_word' id='word_1_898' title='bbox 2715 5189 2796 5245; x_wconf 88' lang='lat' dir='ltr'>ita</span> <span class='ocrx_word' id='word_1_899' title='bbox 2830 5204 2951 5244; x_wconf 93' lang='lat' dir='ltr'>non</span> <span class='ocrx_word' id='word_1_900' title='bbox 2994 5191 3166 5243; x_wconf 90' lang='lat' dir='ltr'>erunt</span> <span class='ocrx_word' id='word_1_901' title='bbox 3205 5201 3356 5241; x_wconf 62' lang='lat' dir='ltr'>vera</span> <span class='ocrx_word' id='word_1_902' title='bbox 3387 5185 3635 5242; x_wconf 87' lang='lat' dir='ltr'>virtutes</span> 
     </span>
    </p>
   </div>
   <div class='ocr_carea' id='block_1_120' title="bbox 1976 5273 3632 5344">
    <p class='ocr_par' dir='ltr' id='par_1_120' title="bbox 1976 5273 3632 5344">
     <span class='ocr_line' id='line_1_120' title="bbox 1976 5273 3632 5344; baseline -0.002 -10"><span class='ocrx_word' id='word_1_903' title='bbox 1976 5283 2106 5344; x_wconf 68' lang='lat' dir='ltr'>tuas,</span> <span class='ocrx_word' id='word_1_904' title='bbox 2125 5279 2275 5334; x_wconf 92' lang='lat' dir='ltr'>sicut</span> <span class='ocrx_word' id='word_1_905' title='bbox 2291 5295 2399 5334; x_wconf 91' lang='lat' dir='ltr'>nec</span> <span class='ocrx_word' id='word_1_906' title='bbox 2416 5279 2663 5334; x_wconf 90' lang='lat' dir='ltr'>istorum</span> <span class='ocrx_word' id='word_1_907' title='bbox 2687 5276 3012 5333; x_wconf 91' lang='lat' dir='ltr'>beatitudo.</span> <span class='ocrx_word' id='word_1_908' title='bbox 3028 5275 3128 5331; x_wconf 86' lang='lat' dir='ltr'>Hic</span> <span class='ocrx_word' id='word_1_909' title='bbox 3145 5274 3302 5331; x_wconf 89' lang='lat' dir='ltr'>enim</span> <span class='ocrx_word' id='word_1_910' title='bbox 3331 5273 3409 5332; x_wconf 90' lang='lat' dir='ltr'>ad</span> <span class='ocrx_word' id='word_1_911' title='bbox 3429 5289 3632 5331; x_wconf 88' lang='lat' dir='ltr'>verum</span> 
     </span>
    </p>
   </div>
   <div class='ocr_carea' id='block_1_121' title="bbox 1973 5363 3631 5437">
    <p class='ocr_par' dir='ltr' id='par_1_121' title="bbox 1973 5363 3631 5437">
     <span class='ocr_line' id='line_1_121' title="bbox 1973 5363 3631 5437; baseline -0.002 -14"><span class='ocrx_word' id='word_1_912' title='bbox 1973 5367 2296 5423; x_wconf 91' lang='lat' dir='ltr'>dicendum</span> <span class='ocrx_word' id='word_1_913' title='bbox 2323 5367 2425 5423; x_wconf 91' lang='lat' dir='ltr'>illa</span> <span class='ocrx_word' id='word_1_914' title='bbox 2455 5383 2592 5423; x_wconf 91' lang='lat' dir='ltr'>mea</span> <span class='ocrx_word' id='word_1_915' title='bbox 2622 5365 2999 5433; x_wconf 89' lang='lat' dir='ltr'>verecundia,</span> <span class='ocrx_word' id='word_1_916' title='bbox 3026 5379 3211 5437; x_wconf 89' lang='lat' dir='ltr'>quam</span> <span class='ocrx_word' id='word_1_917' title='bbox 3245 5363 3302 5419; x_wconf 90' lang='lat' dir='ltr'>in</span> <span class='ocrx_word' id='word_1_918' title='bbox 3337 5367 3441 5421; x_wconf 91' lang='lat' dir='ltr'>tua</span> <span class='ocrx_word' id='word_1_919' title='bbox 3470 5365 3631 5436; x_wconf 89' lang='lat' dir='ltr'>epis-</span> 
     </span>
    </p>
   </div>
   <div class='ocr_carea' id='block_1_122' title="bbox 1972 5453 3631 5527">
    <p class='ocr_par' dir='ltr' id='par_1_122' title="bbox 1972 5453 3631 5527">
     <span class='ocr_line' id='line_1_122' title="bbox 1972 5453 3631 5527; baseline -0.002 -14"><span class='ocrx_word' id='word_1_920' title='bbox 1972 5456 2093 5513; x_wconf 89' lang='lat' dir='ltr'>tola</span> <span class='ocrx_word' id='word_1_921' title='bbox 2128 5456 2386 5527; x_wconf 90' lang='lat' dir='ltr'>benigno</span> <span class='ocrx_word' id='word_1_922' title='bbox 2428 5471 2709 5512; x_wconf 89' lang='lat' dir='ltr'>sermone</span> <span class='ocrx_word' id='word_1_923' title='bbox 2743 5454 3023 5518; x_wconf 87' lang='lat' dir='ltr'>laudasti,</span> <span class='ocrx_word' id='word_1_924' title='bbox 3059 5469 3155 5509; x_wconf 85' lang='lat' dir='ltr'>me</span> <span class='ocrx_word' id='word_1_925' title='bbox 3184 5453 3477 5524; x_wconf 83' lang='lat' dir='ltr'>impedire</span> <span class='ocrx_word' id='word_1_926' title='bbox 3507 5469 3631 5510; x_wconf 91' lang='lat' dir='ltr'>non</span> 
     </span>
    </p>
   </div>
   <div class='ocr_carea' id='block_1_123' title="bbox 1971 5541 3630 5617">
    <p class='ocr_par' dir='ltr' id='par_1_123' title="bbox 1971 5541 3630 5617">
     <span class='ocr_line' id='line_1_123' title="bbox 1971 5541 3630 5617; baseline -0.001 -16"><span class='ocrx_word' id='word_1_927' title='bbox 1971 5545 2167 5602; x_wconf 90' lang='lat' dir='ltr'>debet.</span> <span class='ocrx_word' id='word_1_928' title='bbox 2187 5544 2243 5599; x_wconf 92' lang='lat' dir='ltr'>Si</span> <span class='ocrx_word' id='word_1_929' title='bbox 2271 5543 2574 5617; x_wconf 84' lang='lat' dir='ltr'>quaelibet,</span> <span class='ocrx_word' id='word_1_930' title='bbox 2608 5544 2879 5614; x_wconf 89' lang='lat' dir='ltr'>inquam,</span> <span class='ocrx_word' id='word_1_931' title='bbox 2901 5541 3338 5599; x_wconf 88' lang='lat' dir='ltr'>administratio</span> <span class='ocrx_word' id='word_1_932' title='bbox 3365 5546 3485 5610; x_wconf 89' lang='lat' dir='ltr'>tua,</span> <span class='ocrx_word' id='word_1_933' title='bbox 3515 5542 3630 5600; x_wconf 90' lang='lat' dir='ltr'>illis</span> 
     </span>
    </p>
   </div>
   <div class='ocr_carea' id='block_1_124' title="bbox 1969 5629 3632 5707">
    <p class='ocr_par' dir='ltr' id='par_1_124' title="bbox 1969 5629 3632 5707">
     <span class='ocr_line' id='line_1_124' title="bbox 1969 5629 3632 5707; baseline 0 -18"><span class='ocrx_word' id='word_1_934' title='bbox 1969 5648 2123 5707; x_wconf 87' lang='lat' dir='ltr'>quas</span> <span class='ocrx_word' id='word_1_935' title='bbox 2141 5632 2613 5691; x_wconf 88' lang='lat' dir='ltr'>commemoravi</span> <span class='ocrx_word' id='word_1_936' title='bbox 2629 5631 2919 5689; x_wconf 87' lang='lat' dir='ltr'>instructa</span> <span class='ocrx_word' id='word_1_937' title='bbox 2941 5629 3278 5702; x_wconf 82' lang='lat' dir='ltr'>virtutibus,</span> <span class='ocrx_word' id='word_1_938' title='bbox 3294 5631 3410 5691; x_wconf 87' lang='lat' dir='ltr'>hoc</span> <span class='ocrx_word' id='word_1_939' title='bbox 3437 5631 3632 5690; x_wconf 81' lang='lat' dir='ltr'>inten-</span> 
     </span>
    </p>
   </div>
  </div>
