4136 6172
518 158 622 216 671

519 283 699 340 tionis
717 283 834 340 ﬁne
855 284 1305 346 determinatur,
1319 287 1383 338 ut
1403 283 1676 340 homines
1703 284 2036 340 secundum
2054 298 2180 340 car-

519 391 661 430 nem
689 375 882 430 nullas
914 374 1148 444 iniquas
1177 373 1478 429 molestias
1508 374 1850 446 patiantur;
1879 390 1985 429 nec
2015 374 2091 429 ad
2123 377 2178 429 te

522 464 824 519 existimas
836 461 1147 534 pertinere,
1166 478 1288 533 quo
1311 463 1486 518 istam
1501 465 1982 536 quietem,quam
1996 479 2179 533 praes-

524 558 647 608 tare
667 551 887 618 niteris,
911 550 1186 615 referant,
1212 551 1270 606 id
1298 558 1384 606 est
1404 557 1490 619 (ut
1507 552 1706 608 verbis
1732 568 1852 608 non
1886 552 2177 623 ambiam)

520 639 826 713 quomodo
857 640 1043 694 Deum
1075 655 1306 705 verum,
1328 641 1432 697 ubi
1459 646 1546 696 est
1573 643 1788 712 quietas
1818 642 1948 697 vitae
1979 642 2176 696 omnis

521 729 769 793 fructus,
806 729 1023 794 colant,
1059 729 1206 785 nihil
1263 731 1364 785 tibi
1410 731 1653 803 prodest
1696 731 1774 788 ad
1819 732 2001 787 vitam
2045 747 2180 787 vere

521 817 764 876 beatam
797 823 996 873 tantus
1027 818 1223 874 labor.

603 934 1155 990 ll.lnverecundius
1171 935 1286 991 hoc
1300 935 1496 991 dicere
1509 936 1793 1004 videor,et
1807 936 2025 993 oblitus
2038 951 2184 1008 quo-

524 1023 1860 1081 dammodoconsuetudinemintercessionum
1886 1041 2178 1081 mearum.

528 1113 640 1168 Sed
671 1112 720 1166 si
743 1112 885 1167 nihil
909 1117 992 1167 est
1015 1113 1393 1183 verecundia,
1423 1115 1536 1169 nisi
1567 1115 1810 1186 quidam
1828 1113 2181 1185 displicendi

526 1206 872 1272 metus,ego
902 1201 960 1255 in
989 1202 1095 1256 hac
1127 1217 1309 1257 causa
1337 1203 1658 1258 metuendo
1685 1219 1805 1258 non
1834 1218 2062 1260 vereor.
2077 1205 2182 1258 Me-

528 1294 629 1345 tuo
650 1289 810 1344 enim
829 1304 900 1344 ne
919 1290 1180 1360 primum
1209 1291 1566 1354 Deo,deinde
1589 1291 1982 1360 ipsiamicitiaa
1998 1307 2183 1363 quam

529 1394 763 1434 mecum
799 1378 946 1434 inire
977 1379 1257 1448 dignatus
1285 1380 1513 1451 es,jure
1539 1380 2184 1451 displiceam,siminus

524 1467 674 1522 liber
702 1467 761 1522 in
794 1467 1175 1523 admonendo
1203 1468 1389 1533 fuero,
1417 1469 1582 1539 quod
1614 1485 1709 1524 me
1736 1470 2058 1525 admonere
2091 1485 2182 1524 sa-

525 1555 848 1612 luberrime
861 1557 1156 1612 existimo.
1174 1556 1296 1612 Sim
1319 1561 1473 1613 certe
1495 1558 1904 1622 verecundior,
1919 1558 2180 1614 cumtibi

527 1660 637 1716 pro
669 1645 798 1700 aliis
821 1645 1124 1701 intercedo
1157 1667 1169 1701 :
1204 1662 1342 1701 cum
1374 1662 1515 1701 vero
1543 1663 1649 1717 pro
1681 1648 1891 1718 teipso,
1927 1651 2088 1703 tanto
2118 1647 2180 1702 li-

526 1732 720 1788 berior
748 1738 977 1804 quanto
1008 1735 1254 1790 amicior
1278 1751 1291 1800 ;
1327 1735 1461 1805 quia
1494 1739 1658 1791 tanto
1685 1737 1932 1792 amicior
1956 1741 2183 1808 quanto

528 1822 792 1878 ﬁdelior:
818 1838 1168 1895 quanquam
1197 1825 1323 1879 hinc
1343 1825 1473 1896 ipsa
1495 1840 1614 1880 non
1642 1825 2069 1891 diceremt,nisi
2091 1841 2184 1880 ve-

528 1911 850 1967 recundius
881 1928 1140 1981 agerem.
1161 1914 1303 1978 Quae
1327 1913 1375 1968 si
1406 1917 1645 1969 maxima
1665 1922 1760 1984 est,
1789 1922 1850 1970 ut
1877 1917 1990 1986 ipse
2015 1915 2183 1985 scrip-

529 2001 672 2067 sisti,
705 2000 1013 2072 difﬁcilium
1041 2003 1184 2057 inter
1210 2003 1364 2057 bonos
1394 2004 1678 2074 efﬁcacia;
1701 2003 1945 2073 adjuvet
1963 2021 2054 2058 me
2075 2019 2183 2075 pro

533 2094 590 2146 te
621 2090 786 2162 apud
817 2097 891 2153 te,
923 2096 983 2146 ut
1012 2091 1070 2145 in
1102 2091 1199 2147 illo
1233 2098 1284 2147 te
1316 2092 1500 2159 fruar,
1532 2093 1633 2164 qui
1669 2093 1810 2148 mihi
1839 2093 1995 2148 hanc
2027 2092 2104 2148 ad
2131 2098 2182 2148 te

523 2179 778 2250 januam
811 2179 1213 2252 fiduciamque
1247 2181 1512 2253 praestitit
1545 2199 1557 2236 :
1588 2183 1913 2253 praesertim
1948 2181 2094 2254 quia
2124 2182 2182 2237 id

530 2268 694 2340 quod
729 2284 1010 2339 suggero,
1039 2269 1164 2340 jam
1205 2269 1376 2326 facile
1407 2270 1661 2326 arbitror
1692 2286 1818 2326 esse
1849 2272 2052 2327 animo
2085 2277 2184 2327 tuo

529 2362 612 2415 tot
642 2359 860 2414 divinis
887 2359 1238 2416 muneribus
1265 2359 1695 2416 adminiculato
1725 2365 1780 2416 et
1805 2361 2110 2416 instructo.

599 2485 686 2540 t2.
724 2484 780 2540 Si
810 2484 968 2539 enim
1000 2485 1242 2540 virtutes
1272 2500 1426 2556 quas
1454 2485 1754 2557 accepisti,
1795 2502 1830 2541 a
1864 2502 1985 2559 quo
2021 2503 2185 2543 acce-

528 2572 687 2644 peris
718 2573 997 2640 sentiens,
1030 2574 1201 2644 eique
1247 2573 1469 2642 gratias
1518 2589 1722 2643 agens,
1757 2590 1856 2630 eas
1888 2575 1962 2629 ad
1997 2575 2184 2646 ipsius

529 2662 755 2717 cultum
788 2663 968 2717 etiam
997 2661 1058 2716 in
1101 2663 1212 2716 tuis
1251 2663 1374 2717 istis
1420 2663 1806 2718 saecularibus
1853 2664 2184 2720 honoribus

529 2751 1063 2822 conferas,tuaaque
1085 2752 1354 2821 potestati
1373 2751 1647 2807 subditos
1662 2753 1937 2807 homines
1955 2753 2030 2808 ad
2051 2770 2184 2809 eum

529 2839 847 2895 colendum
873 2839 1149 2910 exemplo
1181 2845 1293 2895 tuae
1322 2840 1611 2910 religiosas
1643 2843 1796 2906 vitae,
1820 2848 1875 2897 et
1901 2842 2032 2913 ipso
2066 2850 2185 2897 stu-

529 2928 631 2984 dio
667 2928 1039 2994 consulendi,
1073 2945 1173 2983 seu
1205 2929 1458 2985 fovendo
1476 2946 1580 2985 seu
1612 2931 1888 2986 terrendo
1913 2931 2106 3000 erigas
2130 2936 2187 2986 et

531 3017 820 3078 adducas,
849 3017 1116 3089 nihilque
1137 3017 1300 3073 aliud
1328 3019 1387 3073 in
1416 3035 1485 3074 eo
1515 3019 1680 3090 quod
1705 3035 1809 3091 per
1839 3026 1891 3076 te
1919 3021 2184 3075 securius

529 3106 938 3173 vivunt,velis,
956 3107 1067 3161 nisi
1091 3112 1152 3161 ut
1178 3107 1315 3161 hinc
1336 3107 1501 3162 illum
1531 3110 2186 3181 promereantur,apud

530 3210 712 3268 quem
742 3195 915 3251 beate
945 3197 1174 3261 vivent;
1208 3202 1262 3251 et
1292 3213 1444 3252 verte
1470 3197 1589 3253 illm
1621 3199 1865 3254 virtutes
1899 3205 2089 3269 erunt,
2129 3204 2182 3256 et

529 3285 684 3341 illius
713 3285 1122 3357 opitulatione,
1155 3286 1324 3356 cujus
1353 3287 1624 3357 largitate
1648 3289 1884 3344 donatae
1915 3295 2069 3358 sunt,
2107 3290 2186 3345 ita

532 3381 796 3430 crescent
835 3381 891 3430 et
921 3375 1318 3445 perficiantur,
1353 3380 1414 3431 ut
1454 3382 1506 3431 te
1556 3377 1630 3431 ad
1664 3378 1841 3433 vitam
1882 3393 2014 3432 vere
2045 3380 2186 3433 bea-

531 3469 678 3534 tam,
698 3479 834 3534 quze
857 3479 978 3518 non
1010 3463 1125 3518 nisi
1147 3471 1367 3520 aeterna
1389 3471 1495 3534 est,
1511 3467 1635 3521 sine
1668 3466 1787 3522 ulla
1809 3467 2182 3523 dubitatione

530 3552 866 3624 perducant
893 3568 904 3606 :
931 3553 1032 3607 ubi
1055 3551 1186 3624 jam
1215 3569 1324 3608 nec
1355 3555 1679 3625 prudenter
1708 3555 2122 3612 discernantur
2147 3572 2183 3612 a

531 3641 708 3697 bonis
737 3641 918 3706 mala,
948 3658 1084 3712 quae
1111 3658 1230 3698 non
1253 3649 1457 3712 erunt;
1491 3659 1600 3699 nec
1621 3643 1844 3700 fortiter
1867 3644 2183 3700 tolerantur

533 3729 806 3797 adversa,
838 3731 980 3803 quia
1009 3747 1129 3786 non
1161 3732 1240 3788 ibi
1273 3734 1379 3788 erit
1411 3733 1526 3788 nisi
1556 3734 1720 3804 quod
1742 3749 2036 3800 amemus,
2061 3750 2183 3790 non

531 3820 709 3876 etiam
735 3820 898 3892 quod
929 3820 1277 3889 toleremus;
1303 3837 1412 3878 nec
1439 3829 1838 3894 temperanter
1862 3824 2047 3880 libido
2074 3825 2181 3879 fre-

531 3916 725 3974 netur,
759 3910 857 3966 ubi
902 3910 1068 3967 nulla
1109 3911 1239 3980 ejus
1268 3911 1652 3968 incitamenta
1682 3914 2042 3980 sentiemus;
2076 3929 2186 3970 nec

528 4000 685 4070 juste
731 3999 1121 4055 subveniatur
1154 4014 1267 4069 ope
1313 4001 1742 4071 indigentibus,
1791 4001 1893 4056 ubi
1941 4002 2185 4074 inopem

534 4091 711 4158 atque
737 4087 1007 4156 indigum
1037 4103 1158 4142 non
1182 4087 1564 4146 habebimus.
1582 4092 1707 4145 Una
1728 4089 1810 4145 ibi
1845 4091 2030 4146 virtus
2057 4094 2184 4160 erit,

535 4180 591 4231 et
620 4175 882 4245 idipsum
912 4177 1019 4230 erit
1049 4176 1230 4230 virtus
1264 4177 1701 4249 praemiumque
1742 4178 1989 4246 virtutis,
2018 4181 2187 4252 quod

534 4263 680 4319 dicit
708 4263 766 4318 in
805 4265 1027 4320 sanctis
1055 4263 1306 4335 eloquiis
1335 4265 1520 4321 homo
1548 4267 1653 4338 qui
1679 4267 1794 4322 hoc
1821 4274 1985 4324 amat
2010 4285 2021 4325 :
2045 4271 2188 4327 Mihi

533 4360 720 4409 autem
748 4352 1027 4408 adhaerere
1058 4353 1166 4408 Deo
1197 4353 1388 4409 bonum
1417 4362 1491 4410 est
1521 4356 1689 4427 (Psat.
1719 4372 1892 4423 Lxxu,
1925 4361 2037 4421 28).
2056 4362 2188 4415 Haec

535 4442 616 4498 ibi
645 4443 754 4499 erit
782 4443 960 4514 plena
1002 4449 1056 4498 et
1095 4444 1460 4514 sempiterna
1507 4445 1815 4516 sapientia,
1852 4447 2188 4520 eademque

533 4533 820 4588 veraciter
846 4532 966 4589 vita
994 4533 1126 4605 jam
1155 4531 1333 4590 beata
1362 4549 1373 4588 :
1398 4534 1704 4606 perventio
1735 4536 1958 4608 quippe
1993 4542 2081 4592 est
2109 4537 2184 4594 ad

537 4626 825 4678 aeternum
871 4635 939 4678 ac
976 4639 1285 4678 summum
1334 4623 1585 4692 bonum,
1636 4625 1730 4679 cui
1778 4625 2082 4682 adhaerere
2127 4628 2187 4682 in

537 4716 826 4766 aeternum
856 4717 943 4767 est
971 4711 1108 4766 ﬁnis
1135 4712 1320 4768 nostri
1350 4712 1513 4768 boni.
1541 4715 1775 4769 Dicatur
1803 4714 1933 4770 haec
1963 4720 2019 4770 et
2048 4731 2187 4786 pru-

536 4799 757 4868 dentia,
785 4799 932 4870 quia
963 4801 1446 4871 prospectissime
1472 4801 1801 4858 adhterebit
1829 4803 1993 4860 bono
2023 4804 2187 4876 quod

535 4903 659 4944 non
690 4888 1024 4954 amittatur;
1049 4895 1104 4944 et
1128 4889 1432 4958 fortitudo,
1455 4891 1599 4962 quia
1623 4892 1966 4948 ﬁrmissime
1990 4893 2191 4948 adhae-

535 4977 686 5034 rebit
718 4977 883 5033 bono
931 4977 1090 5032 unde
1137 4992 1258 5032 non
1303 4978 1627 5046 avellatur;
1668 4986 1724 5034 et
1772 4981 2186 5052 temperantia,

536 5067 680 5140 quia
709 5065 1044 5122 castissime
1074 5066 1402 5122 adhaerebit
1428 5067 1591 5124 bono
1632 5069 1732 5124 ubi
1763 5085 1885 5125 non
1925 5086 2188 5126 corrum-

537 5163 750 5229 patur;
785 5161 842 5212 et
866 5157 1111 5227 justitia,
1135 5156 1279 5228 quia
1310 5156 1631 5213 rectissime
1660 5159 1990 5214 adhaerebit
2027 5159 2190 5216 bono

539 5247 634 5301 cui
662 5247 872 5302 merito
899 5246 1274 5318 subjiciatur.

610 5361 832 5418 CAPUT
853 5362 942 5418 IV.
964 5393 1026 5408 --
1057 5364 1140 5417 13.
1165 5364 1527 5433 Quanquam
1554 5361 1688 5416 etin
1718 5360 1832 5417 hac
1858 5363 1979 5419 vita
2001 5363 2189 5419 virtus

539 5463 664 5505 non
682 5455 788 5516 est,
818 5451 931 5506 nisi
962 5451 1203 5522 diligere
1233 5450 1398 5523 quod
1427 5449 1799 5521 diligendum
1831 5457 1917 5507 est
1953 5469 1966 5507 :
1998 5452 2058 5508 id
2089 5453 2193 5510 eli-

541 5552 700 5609 gere,
723 5541 1040 5608 prudentia
1063 5547 1178 5607 est;
1195 5541 1368 5596 nullis
1389 5540 1526 5596 inde
1550 5540 1730 5596 averti
1758 5541 2060 5608 molestiis,
2080 5542 2191 5598 for-

541 5625 735 5683 titudo
779 5633 897 5692 est;
929 5628 1106 5685 nullis
1138 5628 1450 5699 illecebris,
1485 5631 1876 5703 temperantia
1903 5638 1990 5688 est
2029 5632 2193 5690 nulla

1802 159 1864 216 S.
1903 157 2287 218 AUGUSTINI
2328 157 2655 218 EPISCOPI
3795 150 3880 207 672

2289 284 2590 356 superbia,
2620 281 2852 356 justitia
2881 282 2986 336 est.
3029 276 3182 346 Quid
3223 278 3418 331 autem
3445 271 3724 341 eligamus
3751 272 3888 344 quod

2287 373 2567 446 precipue
2579 368 3039 443 diligamus,nisi
3052 382 3174 438 quo
3189 363 3329 420 nihil
3343 362 3552 418 melius
3566 363 3892 420 invenimus?

2288 466 2406 518 Hoc
2432 466 2580 519 Deus
2601 467 2709 527 est,
2734 461 2830 517 cui
2861 460 2908 514 si
2943 455 3248 525 diligendo
3283 451 3505 524 aliquid
3529 450 3615 506 vel
3639 452 3896 522 praeponi-

2289 569 2443 619 mus,
2484 553 2577 608 vel
2617 566 2949 623 aequemus,
2977 562 3087 602 nos
3117 545 3282 615 ipsos
3324 540 3566 610 diligere
3612 541 3896 596 nescimus.

2285 645 2469 698 Tanto
2491 642 2649 698 enim
2681 640 2856 696 nobis
2873 635 3087 693 melius
3105 639 3214 696 est,
3234 636 3460 704 quanto
3485 629 3670 697 magis
3692 629 3744 682 in
3763 628 3898 684 illum

2289 733 2465 797 imus,
2489 747 2608 804 quo
2630 729 2775 786 nihil
2795 727 3007 784 melius
3034 727 3139 781 est.
3157 724 3316 778 Imus
3345 723 3544 775 autem
3579 733 3693 772 non
3721 717 3906 772 ambu-

2287 821 2491 887 lando,
2510 822 2612 876 sed
2627 817 2914 875 amando.
2933 817 3118 882 Quem
3137 816 3299 867 tanto
3313 807 3669 864 habebimus
3683 821 3906 876 praesen-

2290 910 2520 976 tiorem,
2548 913 2777 982 quanto
2804 905 3086 962 eumdem
3114 914 3383 957 amorem
3419 911 3540 969 quo
3565 896 3622 950 in
3655 910 3780 950 eum
3809 899 3905 950 ten-

2290 999 2511 1065 dimus,
2541 997 2912 1070 potuerimus
2950 992 3173 1050 habere
3224 988 3526 1059 puriorem
3570 1002 3583 1037 :
3631 997 3734 1038 nec
3775 984 3906 1039 enim

2289 1088 2436 1144 locis
2454 1086 2868 1160 corporalibus
2889 1083 2984 1138 vel
3002 1079 3360 1142 extenditur,
3391 1074 3486 1129 vel
3509 1073 3824 1129 includitur.
3838 1072 3906 1128 Ad

2291 1193 2428 1233 eum
2460 1192 2603 1247 ergo
2631 1177 2731 1248 qui
2764 1173 2986 1244 ubique
3012 1183 3276 1242 praesens
3307 1169 3400 1220 est
3430 1169 3486 1219 et
3518 1162 3730 1233 ubique
3759 1165 3905 1224 totus,

2292 1282 2413 1323 non
2444 1266 2699 1339 pedibus
2745 1265 2826 1320 ire
2860 1263 3010 1326 licet,
3042 1258 3147 1314 sed
3187 1254 3486 1312 moribus.
3528 1252 3711 1307 Mores
3739 1255 3906 1306 autem

2293 1359 2499 1421 nostri,
2537 1370 2658 1411 non
2700 1370 2771 1409 ex
2800 1368 2868 1408 eo
2899 1349 3064 1423 quod
3108 1346 3364 1419 quisque
3397 1341 3578 1406 novit,
3612 1340 3708 1394 sed
3754 1355 3818 1394 ex
3853 1353 3908 1394 eo

2292 1446 2456 1518 quod
2486 1443 2696 1514 diligit,
2728 1438 3046 1512 dijudicari
3078 1436 3271 1492 solent
3313 1451 3324 1488 :
3367 1447 3478 1488 nec
3509 1430 3725 1485 faciunt
3749 1428 3909 1518 bonos

2292 1516 2385 1590 vel
2414 1533 2604 1590 malos
2636 1547 2858 1596 mores,
2882 1527 2993 1584 nisi
3020 1525 3160 1582 boni
3189 1523 3278 1579 vel
3304 1520 3449 1576 mali
3478 1533 3729 1575 amores.
3748 1516 3907 1571 Pravi-

2293 1627 2407 1679 tate
2450 1637 2592 1692 ergo
2623 1625 2848 1684 nostra,
2881 1634 2914 1673 a
2961 1613 3311 1672 rectitudine
3340 1610 3444 1665 Dei
3475 1609 3649 1676 longe
3686 1620 3866 1660 sumus
3893 1621 3904 1658 :

2294 1711 2452 1767 unde
2490 1714 2716 1766 rectum
2767 1706 3032 1764 amando
3073 1703 3450 1771 corrigimur,
3500 1703 3564 1752 ut
3609 1702 3756 1751 recto
3792 1693 3903 1749 recti

2292 1801 2596 1858 adhaerere
2633 1798 2936 1870 possimus
3793 1871 3817 1880 ﬂ

2364 1891 2449 1945 14.
2482 1888 2560 1945 Ad
2586 1889 2747 1944 illum
2772 1901 2914 1955 ergo
2937 1886 3166 1957 quanta
3186 1895 3372 1952 opera
3399 1889 3737 1949 possumus,
3757 1876 3900 1927 etiam

2292 1979 2372 2033 illi
2389 1983 2448 2034 ut
2468 1977 2808 2049 perveniant
2836 1988 3113 2043 agamus,
3137 1985 3294 2043 quos
3320 1974 3613 2036 tanquam
3629 1961 3902 2030 nosmetip-

2293 2084 2393 2124 sos
2414 2067 2742 2136 diligimus,
2759 2065 2804 2118 si
2820 2062 3225 2132 nosmetipsos
3236 2057 3505 2126 diligere,
3524 2053 3684 2108 illum
3696 2050 3901 2118 diligen-

2292 2158 2370 2213 do
2399 2157 2520 2228 jam
2546 2155 2848 2211 novimus.
2879 2151 3141 2207 Christus
3173 2160 3464 2218 namque,
3492 2143 3549 2198 id
3582 2147 3669 2196 est
3699 2139 3898 2201 Veritas,

2290 2247 2431 2303 dicit
2443 2247 2501 2301 in
2516 2244 2607 2300 his
2619 2243 2655 2299 d
2666 2242 2857 2298 uobus
2871 2237 3179 2312 praeceptis
3193 2240 3379 2292 totam
3394 2233 3586 2301 legem
3603 2228 3899 2300 Prophetas-

2291 2351 2408 2408 que
2429 2334 2710 2408 pendere,
2739 2335 2802 2386 ut
2828 2330 3151 2398 diligamus
3185 2328 3474 2413 Deumex
3500 2325 3622 2377 toto
3646 2316 3820 2413 corde,
3845 2329 3899 2369 ex

2292 2429 2414 2480 tota
2443 2423 2670 2486 anima,
2691 2437 2759 2475 ex
2795 2424 2915 2475 tota
2954 2420 3174 2479 mente,
3207 2421 3264 2469 et
3289 2412 3615 2480 diligamus
3640 2412 3900 2479 proximos

2293 2519 2584 2584 tanquam
2598 2509 2996 2580 nosmetipsos
3017 2503 3238 2576 (Matth.
3254 2498 3619 2570 1311,3740).
3643 2494 3901 2584 Proximus

2294 2582 2439 2658 sane
2463 2599 2739 2664 hocloco,
2756 2613 2876 2652 non
2902 2593 3219 2665 sanguinis
3240 2582 3807 2663 propinquitate,sed
3832 2595 3901 2635 ra-

2293 2691 2468 2747 tionis
2516 2690 2795 2744 societate
2842 2684 3196 2756 pensandus
3227 2686 3338 2745 est,
3384 2681 3442 2734 in
3489 2692 3610 2749 qua
3638 2673 3765 2728 socii
3791 2672 3900 2724 sunt

2293 2795 2503 2835 omnes
2535 2776 2991 2833 homines.Nam
3020 2773 3070 2827 si
3097 2771 3367 2842 pecuniae
3398 2769 3548 2823 ratio
3569 2763 3749 2819 socios
3774 2758 3898 2821 facit,

2291 2873 2520 2941 quanto
2539 2866 2730 2935 magis
2747 2865 2898 2919 ratio
2922 2868 3172 2924 naturae,
3189 2875 3307 2914 non
3327 2849 3782 2945 negotiandi,sed
3795 2862 3901 2945 nas:

2293 2938 2464 3014 cendi
2500 2957 2628 3025 lege
2660 2953 2996 3011 communis
3026 2951 3038 3005 ι
3076 2950 3215 3005 Hinc
3248 2954 3304 3002 et
3342 2947 3439 3002 ille
3469 2943 3722 3000 comicus
3762 2938 3900 3025 (sicut

2290 3023 2606 3103 luculentis
2624 3043 2876 3114 ingeniis
2890 3056 3010 3095 non
3023 3039 3166 3094 deﬁt
3188 3035 3628 3109 resplendentia
3647 3023 3895 3093 veritatis),

2291 3152 2429 3193 cum
2461 3135 2539 3192 ab
2561 3149 2682 3189 uno
2707 3147 2846 3188 sene
2871 3130 3035 3186 alteri
3062 3128 3187 3184 seni
3213 3128 3445 3182 dictum
3471 3121 3839 3192 componeret,

2753 3239 3054 3288 Tantumne
3083 3234 3149 3284 ab
3174 3247 3230 3282 re
3260 3236 3357 3282 tua
3392 3234 3472 3280 est
3501 3231 3572 3279 ott
3600 3226 3705 3280 tibi,

2417 3304 2604 3354 Aliena
2627 3306 2688 3352 ut
2711 3315 2865 3350 cures
2891 3312 3104 3362 ea,quaa
3131 3296 3262 3344 nihil
3286 3296 3356 3344 ad
3384 3298 3436 3344 te
3456 3289 3709 3343 attinent?

2289 3418 2648 3475 responsum
2681 3400 2760 3456 ab
2790 3399 2973 3455 altero
3003 3394 3261 3452 reddidit
3291 3410 3304 3450 :

2415 3507 2585 3556 Homo
2616 3518 2756 3560 sum,
2776 3501 2997 3551 humani
3024 3499 3098 3548 nil
3123 3511 3156 3548 a
3184 3511 3268 3546 me
3299 3495 3705 3560 alienumputo.

2853 3564 3079 3625 (Terent.
3113 3562 3171 3609 in
3195 3561 3380 3608 Heaut.
3414 3563 3509 3606 act.
3543 3551 3583 3612 1,
3604 3551 3800 3611 socrui.)

2364 3676 2465 3733 Cui
2513 3672 2820 3728 sententiae
2870 3671 3068 3725 ferunt
3108 3669 3286 3724 etiam
3317 3666 3551 3721 theatra
3599 3665 3728 3725 tota,
3756 3655 3895 3728 plena

2294 3766 2487 3821 stultis
2510 3761 2910 3832 indoctisque,
2931 3754 3659 3830 applausisse.ltaquippe
3671 3744 3896 3804 omnium

2293 3855 2574 3913 affectum
2615 3849 2958 3907 naturaliter
3001 3846 3197 3915 attigit
3242 3847 3496 3901 societas
3542 3842 3894 3896 humanorum

2295 3945 2657 4006 animorum,
2691 3943 2749 3994 ut
2779 3937 2978 3992 nullus
3017 3935 3096 3991 ibi
3127 3933 3449 3991 hominum
3490 3930 3598 3986 nisi
3631 3919 3896 3996 cujuslibet

2293 4031 2558 4089 hominis
2589 4028 2931 4101 proximum
2969 4041 3031 4080 se
3062 4040 3196 4079 esse
3227 4023 3488 4078 sentiret.
3597 4106 3600 4107 ν
3711 4105 3716 4107 _
3817 4096 3826 4107 .

2371 4127 2455 4177 l5.
2476 4119 2623 4176 Cum
2643 4133 2784 4189 ergo
2807 4115 2906 4171 illa
2927 4114 3242 4170 dilectione
3275 4127 3464 4183 quam
3490 4106 3684 4164 divina
3708 4105 3786 4156 lex
3815 4105 3896 4189 imf

2295 4215 2483 4284 perat,
2516 4185 2739 4264 debeat
2757 4207 2941 4261 homo
2971 4203 3217 4271 diligere
3249 4203 3460 4267 Deum,
3492 4201 3547 4253 et
3577 4195 3828 4284 seipsum,
3855 4185 3897 4284 ξι

2296 4275 2639 4373 proximum
2668 4313 2680 4361 ;
2717 4310 2836 4350 non
2870 4299 3068 4349 tamen
3095 4308 3164 4347 ex
3199 4291 3312 4346 hoc
3343 4290 3453 4345 tria
3483 4285 3764 4373 praecepta
3787 4275 3896 4373 dim

2297 4363 2449 4452 sunt,
2474 4405 2546 4443 ne
2568 4387 2793 4442 dictum
2817 4383 3004 4450 est,ln
3031 4382 3125 4437 his
3154 4379 3364 4444 tribus,
3395 4377 3514 4443 sed,
3552 4376 3610 4430 In
3639 4363 3896 4461 Midae-llus

2292 4479 2580 4552 praeceptis
2610 4483 2719 4531 tota
2754 4475 2862 4529 Lex
2886 4471 3078 4544 pendet
3108 4476 3157 4524 et
3187 4469 3491 4540 Propheta,
3519 4465 3574 4519 id
3602 4467 3682 4518 est
3712 4459 3764 4513 in
3786 4452 3896 4552 dile-

2297 4544 2491 4625 ctione
2521 4567 2615 4621 Dei
2647 4581 2717 4620 ex
2747 4569 2870 4619 toto
2902 4561 3099 4624 corde,
3134 4575 3205 4615 ex
3239 4564 3360 4613 tota
3391 4557 3608 4617 anima,
3635 4555 3687 4606 et
3713 4561 3775 4602 ex
3800 4544 3896 4597 tota

2297 4662 2583 4719 mente,et
2615 4652 2871 4726 proximi
2901 4655 3194 4721 tanquam
3219 4647 3308 4702 sui
3342 4647 3527 4718 ipsius
3551 4659 3563 4696 :
3590 4636 3827 4694 videlicet
3850 4632 3896 4680 ut

2296 4744 2719 4814 intelligeretur
2765 4740 2989 4795 nullam
3033 4754 3161 4792 esse
3189 4737 3365 4792 aliam
3415 4730 3768 4788 dilectionem
3801 4729 3894 4814 qui

2297 4807 2557 4907 quisqile
2578 4830 2765 4900 diligit
2789 4829 3073 4900 seipsum,
3094 4825 3204 4880 nisi
3227 4824 3391 4896 quod
3414 4819 3597 4890 diligit
3612 4818 3794 4907 Deum.
3811 4807 3893 4907 Qui

2298 4897 2646 4980 enim-aliter
2668 4897 2728 4974 εἰ,
2760 4897 3184 4988 diligit,potius
3204 4929 3266 4969 se
3292 4913 3493 4968 odisse
3521 4897 3890 4965 dicendusest:

2299 5013 2363 5067 ﬁt
2388 5012 2612 5083 quippe
2641 5008 2903 5080 iniquus,
2928 5007 3312 5078 privaturque
3340 4995 3892 5084 lucejustitiae,0ltmf

2300 5068 2526 5174 potiore
2543 5068 2628 5153 .ac
2659 5068 3068 5170 praestantiore
3111 5093 3273 5149 bono
3309 5103 3567 5151 aversus,
3600 5088 3758 5153 atque
3784 5068 3891 5174 inde

2301 5164 2393 5246 vel
2411 5188 2488 5245 ad
2514 5164 2778 5259 seipsum
2807 5199 3154 5248 conversus,
3177 5181 3253 5238 ad
3278 5179 3549 5236 inferiora
3564 5164 3891 5265 elegenautl:

2301 5295 2416 5351 que
2461 5277 2861 5339 convertitur;
2898 5274 3082 5344 fitque
3114 5274 3172 5327 in
3215 5271 3346 5343 ipso
3389 5265 3544 5340 quod
3572 5259 3890 5352 veracissim'e

2302 5345 2587 5439 scriptum
2626 5370 2732 5429 est,
2768 5363 2875 5428 Qui
2899 5369 3077 5417 autem
3107 5367 3255 5415 amat
3292 5345 3768 5439 ἱηίᾳυίεαεογηηοᾷίξ
3790 5353 3890 5439 at":

2301 5434 2445 5510 mani
2466 5471 2618 5509 suam
2648 5452 2818 5524 (Psat.
2848 5468 2908 5515 χ,
2931 5450 3175 5521 6).Quia
3200 5449 3376 5518 igitur
3402 5459 3588 5505 nemo,
3614 5436 3711 5492 nisi
3741 5434 3888 5524 De“?

2302 5544 2630 5612 diligendo,
2655 5513 2851 5610 diligit
2895 5513 3166 5610 seipsum
3193 5513 3357 5605 {non
3391 5549 3536 5607 opus
3563 5529 3674 5583 erat
3699 5523 3754 5612 ut
3777 5513 3888 5612 dato

2303 5633 2379 5690 d8
2406 5605 2506 5696 130i
2538 5605 2848 5689 dilectione
2895 5605 3214 5701 praecepto.
3251 5605 3443 5684 etiam
3471 5620 3708 5690 seipsum
3741 5605 3886 5662 homo
