4098 6166
181 230 299 294 6‘73

178 358 432 428 diligere
456 354 720 427 jubetur,
741 367 882 408 cum
906 350 967 406 in
997 363 1069 405 eo
1098 346 1309 418 diligat
1349 347 1636 419 seipsum,
1668 346 1835 420 quod

176 447 381 518 diligit
404 446 613 501 Deum.
629 441 812 498 Debet
825 454 967 509 ergo
993 443 1050 493 et
1070 437 1409 509 proximum
1430 436 1676 507 diligere
1707 443 1839 492 tan-

176 553 370 610 quam
404 536 694 607 seipsum,
731 536 791 586 ut
846 543 1029 602 quem
1086 527 1347 599 potuerit
1387 526 1697 582 hominem
1749 525 1841 582 vel

175 624 597 683 beneﬁcentia
627 617 1055 682 consolatione,
1087 614 1180 671 vel
1229 614 1657 671 informatione
1696 615 1839 670 doc-

179 716 376 783 trime,
404 712 501 769 vel
527 708 861 781 disciplinae
894 704 1248 761 coercitione
1261 704 1618 759 adducatad
1644 704 1839 759 colen-

176 806 330 861 dum
357 806 574 867 Deum;
612 799 807 855 sciens
837 796 898 852 in
926 795 1019 851 his
1044 794 1286 851 duobus
1308 796 1621 867 praeceptis
1653 800 1840 850 totam

180 896 406 964 Legem
436 889 888 960 Prophetasque
916 883 1199 956 pendere.

259 987 349 1040 16.
375 978 609 1051 Hocqui
630 976 831 1032 sobria
861 972 1218 1029 discretione
1247 970 1839 1043 eligit,prudensest:

175 1073 287 1146 qui
301 1070 472 1127 nulla
481 1068 619 1124 hinc
634 1063 958 1122 afflictione
974 1060 1453 1126 avertitur,fortis
1468 1066 1553 1116 est
1569 1078 1583 1122 ;
1599 1061 1844 1132 quinul—

175 1162 239 1218 la
251 1161 375 1217 alia
384 1156 1151 1223 delectatione,temperans
1164 1156 1279 1215 est;
1298 1150 1400 1221 qui
1412 1148 1576 1205 nulla
1589 1150 1844 1207 elatione

170 1252 380 1323 justus
410 1254 519 1304 est.
570 1244 671 1299 His
700 1240 1017 1298 virtutibus
1046 1238 1330 1294 divinitus
1366 1238 1697 1310 impertitis,
1739 1255 1845 1312 per

176 1339 444 1410 gratiam
473 1333 819 1391 mediatoris
842 1329 945 1385 Dei
963 1344 1102 1385 cum
1116 1330 1305 1393 Patre,
1320 1335 1377 1383 et
1398 1327 1719 1383 nobiscum
1740 1330 1847 1385 ho-

181 1426 368 1484 minis
396 1427 537 1481 Jesu
569 1420 799 1484 Christi,
831 1433 938 1491 per
992 1432 1173 1489 quem
1205 1422 1341 1488 post
1369 1416 1711 1472 inimicitias
1742 1418 1846 1473 ini-

177 1517 434 1590 quitatis
445 1510 902 1570 reconciliamur
916 1506 1036 1563 Deo
1052 1505 1114 1561 in
1129 1505 1347 1578 Spiritu
1372 1505 1678 1563 charitatis
1698 1523 1711 1562 :
1730 1507 1844 1575 his,

179 1598 787 1677 inquam,virtutibus
808 1595 1093 1652 divinitus
1109 1594 1191 1649 im
1199 1595 1441 1666 pertitis,
1462 1600 1520 1651 et
1539 1594 1703 1652 bona
1727 1596 1848 1651 vita

178 1710 351 1752 nunc
372 1693 590 1762 agitur,
606 1692 665 1745 et
676 1692 885 1760 postea
897 1685 1215 1757 prtemium
1228 1683 1377 1754 ejus,
1401 1699 1537 1756 quae
1559 1684 1849 1740 nisiaster-

181 1799 265 1841 na
285 1798 423 1840 esse
440 1795 563 1836 non
595 1783 806 1850 potest,
824 1775 997 1831 beata
1012 1774 1135 1829 vita
1162 1771 1541 1845 persolvitur.
1571 1772 1674 1828 Hic
1687 1773 1847 1828 enim

184 1878 335 1930 sunt
363 1870 593 1928 eaedem
612 1866 859 1922 virtutes
890 1865 952 1918 in
998 1868 1158 1927 actu,
1189 1860 1269 1917 ibi
1296 1861 1355 1916 in
1384 1860 1627 1931 effectu;
1659 1861 1757 1918 hic
1787 1863 1848 1918 in

183 1977 393 2034 opere,
420 1958 503 2015 ibi
533 1958 592 2013 in
623 1953 928 2021 mercede;
957 1951 1124 2007 hicin
1150 1949 1466 2017 ofﬁcio,ibi
1496 1952 1558 2007 in
1588 1951 1850 2007 ﬁne.lta-

182 2066 310 2125 que
342 2063 557 2106 omnes
583 2044 728 2102 boni
758 2049 816 2099 et
842 2042 1050 2107 sancti,
1080 2041 1258 2096 etiam
1286 2041 1347 2095 in
1377 2040 1689 2096 tormentis
1720 2040 1854 2112 qui-

184 2138 458 2197 buslibet
479 2136 680 2192 divino
710 2131 838 2189 fulti
868 2130 1180 2203 adjutorio,
1204 2145 1309 2201 spe
1337 2129 1491 2185 illius
1518 2129 1658 2185 ﬁnis
1689 2128 1850 2185 beati

184 2237 508 2293 vocantur,
539 2240 662 2297 quo
685 2222 803 2278 ﬁne
830 2220 985 2276 beati
1017 2224 1217 2275 erunt:
1276 2235 1419 2275 nam
1448 2219 1500 2273 si
1531 2219 1589 2273 in
1622 2217 1849 2275 eisdem

184 2316 512 2375 tormentis
536 2319 594 2370 et
621 2309 1009 2369 atrocissimis
1034 2308 1343 2364 doloribus
1366 2323 1605 2379 semper
1630 2314 1848 2379 essent,

185 2422 336 2463 cum
366 2400 738 2477 quibuslibet
766 2397 1078 2455 virtutibus
1108 2412 1212 2454 eos
1242 2412 1372 2453 esse
1403 2397 1657 2453 miseros
1686 2395 1851 2453 nulla

186 2510 351 2553 sana
386 2494 538 2551 ratio
567 2489 888 2546 dubitaret.

262 2587 360 2639 17.
385 2584 573 2638 Pietas
612 2581 807 2649 igitur,
837 2576 900 2632 id
930 2579 1020 2630 est
1057 2590 1235 2631 verus
1266 2575 1390 2630 veri
1422 2574 1522 2630 Dei
1552 2574 1744 2630 cultus
1774 2574 1854 2631 ad

186 2672 407 2730 omnia
418 2669 764 2743 prodest;et
787 2681 921 2738 quae
948 2664 1253 2721 molestias
1278 2662 1460 2735 hujus
1472 2663 1605 2719 vita:
1628 2668 1856 2719 avertat

188 2767 305 2820 aut
325 2760 528 2824 leniat,
542 2761 748 2829 etquaa
774 2754 853 2811 ad
876 2753 1039 2810 illam
1054 2754 1237 2808 vitam
1251 2750 1627 2823 salutemque
1643 2751 1855 2824 perdu-

189 2857 317 2918 cat,
336 2849 439 2905 ubi
451 2863 560 2903 nec
577 2844 803 2917 aliquid
810 2844 938 2915 jam
955 2841 1097 2897 mali
1111 2841 1430 2914 patiamur,
1451 2840 1680 2897 etbono
1694 2857 1856 2897 sum-

192 2955 304 2997 mo
344 2937 828 3010 sempiternoque
849 2930 1246 3004 perfruamur.
1265 2930 1355 2985 Ad
1374 2930 1532 2985 hanc
1563 2935 1616 2986 te
1630 2929 1853 3001 perfec-

191 3032 321 3087 tius
338 3022 786 3098 assequendam
802 3026 858 3077 et
882 3018 1464 3093 perseverantissime
1476 3019 1854 3075 retinendam

192 3118 486 3176 exhortor
510 3118 575 3171 ut
603 3111 900 3183 meipsum
927 3128 940 3163 :
964 3109 1139 3181 cujus
1167 3108 1278 3164 nisi
1294 3107 1425 3179 jam
1445 3108 1742 3180 particeps
1767 3124 1857 3164 es-

197 3224 327 3276 ses,
352 3212 608 3276 tuosque
650 3202 794 3257 istos
829 3200 1091 3255 honores
1142 3195 1500 3269 temporales
1542 3197 1595 3253 ei
1639 3198 1857 3254 servire

196 3301 481 3369 oportere
487 3292 809 3363 judicares,
825 3304 946 3345 non
972 3287 1291 3343 Donatistis
1319 3285 1637 3352 haereticis,
1664 3286 1744 3343 ad
1756 3302 1859 3343 eos

195 3389 265 3445 in
288 3386 579 3441 unitatem
592 3378 803 3436 Christi
814 3391 1149 3450 pacemque
1168 3374 1547 3445 redigendos,
1577 3390 1682 3447 per
1694 3375 1857 3431 edic-

198 3483 334 3534 tum
365 3472 614 3537 diceres,
643 3471 758 3525 Pro
789 3467 933 3523 vobis
980 3466 1075 3521 hoc
1110 3468 1301 3536 agitur
1325 3487 1346 3535 ,-
1370 3480 1475 3536 pro
1512 3464 1658 3520 vobis
1684 3481 1857 3520 sacer-

194 3567 355 3623 dotes
378 3565 714 3632 incorruptae
739 3558 887 3631 ﬁdei,
923 3573 1028 3629 pro
1047 3555 1189 3611 vobis
1212 3556 1531 3626 Imperator
1555 3556 1857 3627 Augustus,

193 3671 303 3729 pro
314 3652 563 3709 vobisnos
573 3665 772 3722 quoque
782 3651 897 3719 ejus
896 3645 1109 3718 judices
1121 3644 1426 3700 laboramus
1439 3661 1459 3710 ;
1472 3651 1528 3700 et
1540 3644 1658 3701 alia
1670 3661 1724 3700 ω
1738 3643 1860 3701 ulta

199 3759 346 3817 quae
374 3742 435 3797 in
465 3740 677 3796 eodem
702 3737 896 3794 edicto
921 3736 1003 3791 ita
1026 3734 1301 3807 posuisti,
1326 3738 1391 3789 ut
1407 3740 1459 3789 te
1479 3738 1769 3805 appareat
1798 3731 1860 3788 in

202 3834 426 3891 terreni
448 3828 667 3901 judicis
692 3824 952 3895 cingulo,
986 3839 1109 3880 non
1141 3838 1328 3895 parva
1356 3838 1429 3877 ex
1456 3828 1620 3894 parte
1651 3820 1862 3878 cmles—

203 3928 328 3980 tem
342 3916 781 3990 rempublicam
805 3914 1085 3985 cogitare.
1119 3912 1314 3978 Quare
1327 3911 1377 3965 si
1396 3910 1471 3966 de
1502 3911 1650 3966 veris
1678 3911 1863 3966 virtu-

202 4009 373 4066 tibus
398 4013 457 4064 et
482 4022 614 4063 vere
638 4005 818 4061 beata
854 4003 976 4059 vita
1004 4000 1167 4057 volui
1197 4000 1418 4056 diutius
1446 3999 1613 4071 loqui
1640 4006 1858 4066 tecum,

203 4114 420 4173 quasso
458 4112 532 4153 ne
556 4109 848 4151 onerosus
877 4091 1128 4164 deputer
1158 4090 1272 4145 tuis
1318 4088 1818 4162 occupationibus
1844 4104 1857 4145 :

206 4189 335 4245 imo
354 4202 498 4243 vero
519 4200 615 4241 me
636 4198 758 4241 non
782 4197 914 4239 esse
935 4180 1195 4248 conﬁdo,
1217 4178 1465 4251 quando
1486 4184 1547 4235 tu
1569 4178 1723 4236 adeo
1739 4195 1862 4235 ma-

206 4292 403 4349 gnum
432 4275 707 4331 animum
735 4276 792 4328 et
816 4269 1166 4327 mirabiliter
1193 4267 1571 4324 laudandum
1594 4268 1772 4340 geris,
1801 4272 1865 4325 ut

207 4382 324 4424 nec
347 4364 484 4421 illas
506 4379 682 4419 curas
711 4361 975 4427 deseras,
1010 4358 1174 4415 ethis
1202 4357 1483 4414 libentius
1513 4372 1585 4414 ac
1605 4356 1866 4415 familia-

208 4458 336 4513 rius
364 4452 697 4526 occuparis.

676 4538 1013 4596 EPISTOLA
1046 4534 1202 4591 CLVI
1242 4537 1262 4558 ·
1289 4535 1395 4607 (α).

208 4634 470 4692 Hilarius
506 4628 835 4702 Augustino,
873 4641 1173 4699 prOponens
1212 4625 1300 4679 illi
1322 4625 1637 4696 quaestiones
1658 4624 1867 4696 aliquot

667 4718 730 4774 de
758 4715 955 4790 quibus
978 4714 1128 4787 cupit
1177 4712 1408 4770 edoceri.

216 4813 474 4871 Domino
499 4814 726 4875 sancto,
754 4808 887 4879 jure
933 4820 1005 4861 ac
1057 4802 1269 4859 merito
1302 4802 1645 4866 venerabili,
1676 4806 1733 4858 et
1762 4817 1868 4873 per

292 4901 497 4958 omnia
508 4898 761 4957 colendo
773 4898 925 4952 Aucu
934 4907 1093 4949 srmo
1106 4894 1684 4964 6pl800p0,HlLARIUS
1698 4890 1793 4962 (b).

288 4991 612 5047 Sanctitatis
638 4996 744 5045 tuae
763 4986 966 5059 gratia,
999 4999 1117 5055 quae
1137 4980 1382 5039 omnibus
1409 4987 1538 5036 nota
1553 4986 1648 5048 est,
1675 4981 1868 5052 parvi-

280 5171 300 5189 ’
333 5166 499 5231 Epist.
531 5164 680 5231 CLV]
710 5167 762 5213 et
790 5162 959 5231 CLVII
994 5157 1585 5231 castigandis-adhibiti
1610 5161 1737 5208 sunt
1783 5170 1866 5208 aa.

216 5245 297 5281 cc.
334 5221 393 5278 ΠΪ
428 5244 514 5277 vv.
539 5241 619 5277 vc.
653 5228 681 5275 3
717 5241 764 5275 ν.
787 5230 839 5275 et
873 5228 991 5276 Am.
1031 5221 1159 5274 Bad'.
1199 5223 1288 5272 Er.
1322 5222 1449 5271 Lov.
1477 5221 1676 5286 quibus
1696 5234 1871 5271 acces-

217 5296 291 5343 sit
316 5294 406 5341 Ms.
438 5291 676 5356 Cmnobii
700 5290 750 5339 S.
784 5288 993 5356 Sulpitii
1024 5285 1303 5356 estprdine
1340 5284 1591 5356 CistercL‘
1668 5346 1696 5356 Α
1763 5348 1771 5356 ,
1820 5350 1829 5356 Δ

255 5356 354 5430 ’(ια)
385 5355 529 5403 Alias
558 5355 800 5430 8.8.:qu
826 5346 1007 5402 autem
1042 5350 1132 5399 156
1166 5353 1297 5404 erat,
1329 5361 1473 5397 nunc
1510 5348 1623 5397 131.
1666 5346 1873 5411 Scripta

220 5417 434 5469 videtur
463 5430 551 5468 an.
584 5417 691 5465 414.
1366 5473 1376 5483 ο
1498 5473 1507 5481 θ
1634 5473 1645 5483 .
1837 5472 1847 5481 .

282 5482 353 5545 (ὁ)
381 5482 440 5529 In
458 5479 562 5545 MS.
592 5476 944 5545 Cisterciensi,
966 5472 1337 5545 necnoninfra
1365 5487 1419 5545 in
1450 5472 1722 5545 Victorino
1750 5486 1871 5545 scri-

218 5534 383 5600 bitur,
408 5534 957 5608 Hilarus._Nescimus
982 5552 1049 5608 an
1072 5537 1159 5608 ille
1185 5537 1298 5608 ipse
1324 5536 1536 5608 .sitaqui
1563 5534 1872 5608 posteaad-

219 5598 431 5678 versus
457 5604 905 5678 semipelagianos
949 5598 1232 5678 epistolam
1535 5598 1872 5678 -ᾼιιξβμὲιὶιξῖ

218 5670 467 5742 scripsit;
499 5660 611 5717 ubi-
642 5660 907 5740 sejpsius
940 5660 1240 5736 praesentiae
1285 5660 1486 5710 deliciis
1534 5660 1786 5724 potitum,
1822 5662 1875 5710 et.

220 5732 530 5786 salubribus
558 5729 813 5781 uberibus
842 5731 1106 5779 nutritum
1132 5725 1298 5777 fuisse
1322 5723 1627 5789 proﬁtetur.

1436 220 1937 280 EPISTOLARUM
1976 220 2267 282 CLASSIS
2307 225 2400 281 IlI.

3487 232 3593 289 674

1940 348 2049 402 tali
2067 364 2195 403 meae
2221 349 2489 418 persuasit
2503 350 2771 404 utvestris
2801 350 2899 406 1de
2922 352 3266 423 Syracusano
3286 355 3591 427 Hipponem

1943 436 2327 502 remeantibus,
2360 437 2455 491 has
2483 437 2554 491 ad
2574 438 2905 494 laudandam
2929 441 3071 495 mihi
3118 442 3593 499 Venerabilitatem

1948 531 2094 580 tuam
2126 525 2339 580 litteras
2360 542 2652 597 eregarem,
2674 544 2889 599 poscens
2910 546 3174 585 summam
3191 532 3518 590 Trinitatem
3534 540 3596 589 ut

1947 614 2231 669 incolumis
2258 620 2307 668 et
2336 622 2543 686 vegetus
2567 616 2670 670 Dei
2699 619 2875 672 nostri
2915 618 3100 689 favore
3129 621 3222 675 hoc
3254 638 3424 676 meum
3457 623 3600 679 scri-

1945 710 2098 774 ptum
2136 703 2206 757 ad
2230 704 2605 759 recensendum
2623 705 2904 776 suscipias,
2936 708 3146 764 domine
3168 718 3364 775 sancte,
3380 713 3510 783 jure
3536 728 3599 767 ac

1949 792 2143 846 merito
2182 792 2524 858 venerabilis,
2552 800 2601 847 et
2624 809 2724 864 per
2746 796 2930 849 omnia
2945 797 3185 852 colenda.
3212 799 3451 855 Proinde
3471 816 3600 871 rogo

1950 889 2012 936 ut
2040 881 2145 935 mei
2179 898 2380 936 memor
2400 882 2459 935 in
2482 883 2686 937 sanctis
2702 884 3046 941 orationibus
3070 887 3180 941 tuis
3199 904 3303 942 esse
3330 888 3598 960 digneris,

1949 976 2106 1040 atque
2118 970 2455 1040 imperitiam
2468 978 2705 1026 nostram
2731 972 3032 1043 informare
3061 974 3128 1030 de
3150 991 3207 1030 eo
3234 977 3601 1048 quodquidam

1949 1059 2249 1114 christiani
2274 1059 2420 1129 apud
2446 1060 2744 1131 Syracusas
2767 1056 3057 1134 exponunt,
3100 1064 3334 1121 dicentes
3377 1083 3393 1121 :
3444 1067 3600 1122 Posse

1950 1164 2060 1203 esse
2078 1148 2343 1202 hominem
2368 1150 2484 1203 sine
2500 1154 2746 1220 peccato,-
2772 1159 2823 1206 et
2840 1153 3096 1208 mandata
3116 1155 3216 1209 Dei
3241 1156 3405 1225 facile
3426 1164 3603 1212 custo-

1952 1238 2093 1301 dire,
2120 1238 2169 1292 si
2192 1238 2340 1293 velit.
2364 1237 2638 1308 Infantem
2669 1256 2773 1294 non
2799 1241 3133 1311 baptizatum
3163 1252 3331 1300 morte
3359 1262 3603 1317 praeven-

1953 1334 2066 1382 tum
2082 1343 2187 1381 non
2210 1343 2360 1397 posse
2378 1327 2565 1397 perire
2596 1331 2809 1398 merito,
2839 1332 3093 1401 quoniam
3120 1334 3237 1387 sine
3262 1342 3477 1405 peccato
3506 1352 3603 1389 na-

1952 1416 2148 1471 scitur.
2182 1416 2418 1471 Divitem
2434 1425 2733 1473 manentem
2764 1419 2824 1473 in
2851 1420 3067 1475 divitiis
3094 1423 3229 1488 suis,
3261 1440 3485 1495 regnum
3499 1424 3604 1479 Dei

1952 1520 2060 1560 non
2080 1520 2227 1575 posse
2244 1504 2480 1576 ingredi,
2513 1505 2623 1560 nisi
2642 1508 2823 1561 omnia
2850 1524 2949 1563 sua
2974 1509 3279 1566 vendiderit
3293 1533 3317 1581 ,-
3336 1529 3427 1567 nec
3437 1512 3605 1583 prod-

1953 1610 2059 1649 esse
2087 1594 2253 1648 eidem
2276 1610 2439 1664 posse,
2469 1596 2519 1649 si
2551 1595 2692 1665 forte
2720 1612 2784 1650 ea:
2810 1597 2944 1667 ipsis
2984 1598 3205 1654 divitiis
3234 1601 3427 1672 fecerit
3452 1618 3607 1656 man-

1954 1684 2104 1738 data.
2129 1682 2257 1739 Non
2291 1682 2478 1738 debere
2496 1685 2695 1755 jurare
2733 1687 2970 1741 omnino.
3004 1688 3079 1743 Et
3108 1688 3170 1743 de
3196 1690 3456 1757 Ecclesia,
3478 1706 3603 1762 quae

1953 1773 2027 1827 sit
2056 1772 2124 1827 de
2148 1788 2253 1842 qua
2279 1773 2542 1844 scriptum
2565 1780 2639 1828 est
2664 1790 2770 1829 non
2792 1774 2983 1830 habere
3010 1794 3204 1848 rugam
3232 1796 3395 1851 neque
3422 1796 3604 1835 macu-

1956 1861 2064 1916 lam
2094 1860 2319 1932 (Ephes.
2352 1877 2409 1927 v,
2438 1862 2547 1932 27),
2567 1870 2754 1917 utrum
2769 1863 2880 1918 hac
2905 1864 2976 1918 sit
3006 1865 3066 1920 in
3093 1883 3199 1937 qua
3223 1884 3365 1924 nunc
3392 1886 3609 1942 congre-

1952 1966 2166 2021 gamur,
2197 1967 2269 2005 an
2290 1950 2389 2004 illa
2402 1967 2562 2021 quam
2584 1954 3121 2024 speramus.‘quidem
3149 1964 3329 2013 autem
3349 1967 3549 2029 putant
3585 1964 3607 1996 ²

1954 2038 2251 2095 Ecclesium
2281 2040 2416 2093 hanc
2443 2056 2547 2095 esse
2575 2057 2690 2111 quae
2717 2057 2866 2095 nunc
2887 2042 3268 2113 frequentatur
3291 2048 3526 2118 populis,
3555 2058 3607 2105 et

1955 2130 2072 2184 sine
2095 2135 2308 2199 peccato
2335 2144 2439 2182 esse
2462 2145 2631 2199 posse.
2677 2129 2756 2184 De
2787 2129 2873 2184 his
2901 2132 3145 2187 omnibus
3198 2150 3346 2205 rogo,
3387 2139 3608 2207 quantis

1956 2218 2104 2274 valeo
2111 2217 2378 2288 precibus,
2391 2217 2754 2273 Sanctitatem
2770 2225 2941 2289 tuam,
2961 2228 3019 2275 ut
3029 2222 3220 2291 jubeas
3249 2240 3343 2278 nos
3364 2229 3609 2296 apertius

1959 2308 2186 2374 instrui,
2206 2323 2307 2378 quo
2336 2306 2642 2361 noverimus
2670 2315 2930 2379 quatenus
2955 2311 3156 2365 sentire
3181 2312 3476 2369 debeamus.
3502 2315 3608 2371 Dei

1956 2397 2134 2453 nostri
2145 2396 2525 2451 misericordia
2539 2396 2897 2453 Sanctitatem
2911 2406 3057 2454 tuam
3070 2401 3385 2459 incolumem
3404 2421 3615 2460 conser-

1956 2493 2062 2552 vet,
2094 2485 2258 2539 annis
2270 2485 2574 2540 innumeris
2584 2493 2726 2557 opto,
2740 2486 2955 2543 domine
2971 2497 3175 2558 sancte,
3180 2492 3312 2561 jure
3331 2508 3393 2548 ac
3415 2494 3610 2549 merito

1960 2573 2314 2643 venerabilis,
2337 2580 2387 2629 et
2410 2591 2515 2645 per
2550 2576 2735 2629 omnia
2769 2575 3004 2632 colende.

2388 2664 2723 2721 EPISTOLA
2750 2665 2828 2738 (a)
2865 2665 3048 2722 CLVII
3085 2667 3182 2740 (b).

1960 2754 2304 2824 Augustinus
2339 2753 2578 2819 Hilario,
2610 2756 2929 2825 respondens
2964 2757 3036 2811 ad
3074 2758 3225 2814 illius
3269 2763 3608 2832 quaestiones.

1961 2846 2310 2899 AUGUSTINUS
2322 2843 2640 2914 episcopus
2653 2860 2862 2900 servus
2876 2846 3087 2903 Christi
3098 2856 3155 2904 et
3170 2850 3222 2919 ej
3234 2866 3301 2905 us
3316 2852 3611 2921 Ecclesiae,

2033 2931 2422 2987 dilectissimo
2450 2931 2571 2986 ﬁlio
2596 2933 2851 2998 HiLAmo,
2881 2934 2944 2989 in
2975 2936 3231 2993 Domino
3259 2938 3540 2996 salutem.

2035 3019 2265 3075 CAPUT
2279 3019 2564 3077 PRIMUM.
2585 3050 2653 3060 —
2666 3021 2691 3074 l
2705 3061 2719 3075 .
2738 3024 2814 3075 Ex
2830 3022 3035 3077 litteris
3049 3025 3161 3079 tuis
3180 3026 3360 3082 didici
3377 3044 3501 3084 non
3515 3045 3615 3086 so-

1961 3108 2090 3165 lum
2118 3107 2591 3164 incolumitatem
2619 3109 3108 3175 tuam,sedetiam
3135 3113 3476 3183 religiosum
3494 3122 3616 3173 stu-

1963 3197 2131 3253 dium
2147 3201 2321 3253 tuum
2341 3197 2499 3253 circa
2528 3197 2774 3253 verbum
2788 3198 2910 3263 Dei,
2933 3203 2991 3254 et
3001 3202 3164 3271 piam
3177 3216 3386 3259 curam
3400 3220 3509 3276 pro
3522 3222 3618 3261 sa-

1964 3286 2083 3343 lute
2113 3291 2236 3353 tua,
2268 3301 2403 3357 qum
2429 3292 2520 3342 est
2546 3287 2608 3341 in
2633 3286 2868 3344 Christo
2906 3289 3045 3345 Jesu
3081 3292 3335 3347 Domino
3369 3298 3613 3352 nostro:

1968 3374 2127 3432 unde
2163 3376 2389 3446 gratias
2418 3377 2538 3432 Deo
2573 3390 2760 3447 agens
2800 3390 2923 3433 non
2952 3377 3153 3435 distuli
3175 3381 3460 3453 rescripta
3480 3399 3617 3455 per-

1967 3465 2215 3523 solvere.

2031 3559 2086 3611 2.
2115 3554 2172 3611 Si
2203 3569 2344 3624 ergo
2361 3555 2581 3626 quaeris
2600 3558 2799 3610 utrum
2818 3556 2880 3610 in
2900 3557 3013 3613 hac
3042 3558 3164 3614 vita
3192 3559 3517 3633 quisquam
3534 3564 3617 3621 ita

1958 3644 2200 3717 justitite
2230 3642 2590 3716 perfectione
2618 3643 2911 3715 proﬁciat,
2932 3652 2996 3702 ut
3018 3646 3116 3703 hic
3147 3648 3274 3705 sine
3306 3651 3425 3707 ullo
3454 3654 3618 3711 vivat

1964 3734 2216 3791 omnino
2264 3739 2539 3804 peccato;
2596 3735 2835 3789 attende
2873 3736 3022 3806 quid
3080 3736 3298 3794 dixerit
3350 3740 3613 3798 Joannes

1964 3822 2295 3895 apostolus,
2326 3837 2508 3893 quem
2566 3821 2853 3877 Dominus
2904 3824 3057 3879 inter
3108 3826 3436 3897 discipulos
3474 3846 3611 3887 suos

1964 3912 2264 3985 praecipue
2287 3910 2602 3981 diligebat:
2632 3909 2690 3966 Si
2708 3910 3027 3979 dixerimus,
3042 3914 3255 3986 inquit,
3278 3916 3406 3987 quia
3430 3934 3618 3989 pecca-

1964 4009 2077 4059 tum
2108 4017 2211 4056 non
2233 3999 2502 4067 habemus,
2525 4017 2618 4055 nos
2637 4001 2775 4072 ipsos
2794 4002 3106 4074 decipimus,
3131 4010 3181 4059 et
3204 4006 3406 4062 veritas
3431 4008 3491 4064 in
3517 4025 3617 4064 noa

1966 4092 2043 4147 bis
2061 4107 2169 4146 non
2196 4097 2271 4145 est
2300 4090 2352 4161 (l
2380 4090 2538 4145 Joan.
2576 4094 2624 4157 l,
2658 4090 2733 4162 8).
2769 4091 2828 4146 Si
2848 4106 2987 4163 ergo
3014 4092 3097 4149 illi
3118 4092 3194 4149 de
3219 4096 3442 4168 quibus
3465 4098 3618 4156 mihi

1967 4179 2273 4252 scripsisti,
2292 4194 2354 4235 se
2365 4179 2573 4235 dicunt
2595 4194 2722 4236 esse
2747 4180 2874 4236 sine
2892 4188 3166 4252 peccato;
3198 4185 3367 4241 vides
3391 4186 3535 4259 quia
3555 4203 3618 4245 se

1965 4272 2132 4343 ipsos
2158 4269 2552 4341 decipiunt,et
2581 4269 2798 4325 veritas
2826 4270 2889 4324 in
2918 4271 3002 4325 eis
3031 4286 3153 4328 non
3182 4278 3289 4330 est.
3322 4274 3383 4331 Si
3412 4281 3616 4334 autem

1969 4376 2035 4416 se
2055 4374 2185 4415 esse
2214 4364 2555 4430 peccatores
2587 4356 2864 4423 fatentur,
2894 4362 2957 4413 ut
2987 4360 3089 4414 Dei
3137 4362 3618 4422 misericordiam

1968 4448 2203 4522 possint
2232 4446 2465 4510 mereri,
2497 4452 2884 4517 compescant
2910 4463 2973 4503 se
2998 4449 3078 4503 ab
3099 4450 3229 4505 aliis
3258 4452 3441 4508 etiam
3464 4453 3622 4510 deci-

1969 4538 2226 4611 piendis,
2266 4536 2488 4609 quibus
2534 4536 2690 4592 hanc
2736 4536 3085 4607 superbiam
3122 4543 3484 4611 persuadere
3515 4559 3623 4601 co—

1969 4634 2210 4685 nantur.
2228 4625 2521 4682 Omnibus
2543 4625 2704 4680 enim
2719 4627 3065 4683 necessaria
3091 4633 3179 4684 est
3207 4632 3398 4687 oratio
3424 4632 3622 4690 domi-

1968 4716 2127 4787 nica,
2162 4731 2349 4788 quam
2406 4714 2589 4771 etiam
2645 4715 2792 4787 ipsis
2850 4714 3137 4773 arietibus
3184 4720 3403 4791 gregis,
3443 4722 3503 4779 id
3530 4729 3622 4781 est

2032 4846 2046 4876 ²
2080 4843 2210 4892 Mss.
2248 4845 2498 4905 quatuor,
2530 4842 2750 4894 nostris.

2035 4906 2053 4935 ²
2082 4906 2206 4955 Mss.
2239 4908 2364 4963 tres,
2390 4906 2578 4965 posuit.

1974 5032 1983 5042 _
2036 4969 2478 5079 (IaLHieronymus
2486 4980 2632 5040 anno
2649 4968 2989 5041 ilbscribens
3014 4970 3273 5043 adversus
3285 4972 3617 5047 Pelagianos,

1973 5045 2028 5081 In
2070 5046 2145 5101 l__.
2165 5032 2202 5101 3.
2218 5033 2445 5101 testatur
2462 5030 2626 5101 libros
2652 5033 2871 5101 quidem
2892 5032 2958 5082 ad
2988 5034 3351 5101 Marcellinum
3364 5036 3430 5101 de
3448 5036 3620 5101 Bapti-

1971 5094 2156 5144 zandis
2186 5093 2481 5161 Infantibus
2493 5093 2684 5161 dudum
2701 5096 2767 5146 ab
2787 5098 3087 5161 Augustino
3104 5096 3273 5146 editos
3302 5112 3312 5145 :
3341 5093 3625 5161 epistolam

1974 5169 2119 5224 vero.
2145 5169 2240 5224 seu
2264 5155 2481 5224 librum,
2511 5161 2577 5224 ut
2592 5158 2707 5224 ipse
2719 5155 2975 5224 vocatIad
2988 5160 3266 5224 Hilarium,
3288 5155 3456 5222 nuper
3471 5162 3625 5224 prod-

1974 5220 2122 5290 tisse,
2161 5219 2311 5290 Hanc
2334 5220 2506 5290 ipsam
2543 5219 2834 5290 Ep’istolam
2855 5223 3071 5290 Orosius
3089 5222 3345 5290 directam
3356 5219 3539 5290 map—er
3561 5225 3629 5274 ad

1974 5282 2225 5339 Siciliam,
2258 5285 2319 5330 ut
2350 5282 2403 5329 in
2440 5282 2781 5348 Apologetico
2808 5284 3059 5348 loquitur,
3090 5284 3317 5348 perlegit
3352 5286 3407 5334 in

1974 5296 2225 5339 metuam,
2258 5296 2319 5330 ut
2350 5296 2403 5329 in
2440 5296 2641 5392 Aponog

1974 5348 2088 5396 tino
2117 5348 2405 5398 conventu,
2434 5346 2526 5407 qui
2551 5358 2610 5393 ce
2635 5362 2641 5389 ι

2635 5287 2781 5340 :etico
2808 5287 3059 5348 loquitur,
3090 5287 3317 5348 perlegit
3352 5287 3407 5334 in
3439 5287 3626 5336 Palaes-

2635 5345 2848 5409 ebratus
2871 5351 2951 5395 est
2986 5360 3171 5409 mense
3210 5347 3345 5409 julio
3372 5362 3464 5397 an.
3504 5351 3617 5400 415.

1936 5440 1939 5441 ν
1978 5410 2214 5475 Denique
2245 5407 2310 5455 de
2344 5408 2529 5475 eodem
2587 5408 2935 5475 op_usc_ulo_in
2992 5407 3359 5475 Diospolitana
3415 5413 3625 5475 synodo

1978 5469 2160 5520 habita
2189 5482 2370 5517 mense
2400 5469 2667 5518 decembri
2722 5469 2963 5531 ejusdem
2992 5469 3137 5520 anni"
3166 5474 3256 5520 415
3291 5469 3471 5523 actum
3508 5489 3625 5525 esse

2016 5532 2155 5603 rodit
2183 5533 2297 5603 ipse
2331 5532 2681 5603 Augustinus,
2712 5532 2764 5578 in
2790 5532 2887 5603 lib_.
2933 5531 2997 5581 de
3021 5533 3193 5603 Gestis
3240 5536 3457 5603 Pelagii,
3492 5551 3615 5603 cap.

2016 5546 2155 5582 Γοαιῐ
2183 5546 2297 5595 ipse
2331 5546 2681 5642 Augusunus,
2712 5546 2764 5578 Π]
2790 5546 2887 5580 ιιι).
2933 5546 2997 5581 ae
3021 5546 3193 5583 UBSUS
3244 5546 3370 5597 rem

2010 5594 2341 5666 l;quo.loco
2376 5593 2411 5641 li
2451 5607 2572 5641 rum
2604 5598 2902 5706 nuncupat,
2924 5608 3034 5644 non
3063 5598 3370 5659 epistolam.

2043 5657 2273 5706 tbtAlias
2303 5658 2393 5704 89:
2430 5668 2549 5706 aute
2578 5659 2757 5705 autem
2822 5657 2883 5706 57
2913 5660 3042 5706 erat.
3080 5672 3223 5706 nunc
3276 5662 3367 5706 190

2043 5657 2273 5728 (bjAlias
2296 5658 2393 5728 .89:
2430 5668 2549 5719 quas
2578 5659 2757 5705 autem
2792 5657 2883 5707 157
2913 5660 3042 5716 erat,
3080 5657 3223 5710 nunc
3276 5662 3386 5711 190.
3418 5662 3627 5727 Scripta

1980 5724 2105 5787 post
2131 5724 2489 5783 superiorem.
