4098 6166
562 205 665 261 675

558 329 854 402 Apostolis
905 328 1027 383 suis
1082 325 1373 380 Dominus
1417 323 1601 388 dedit,
1662 329 1725 380 ut
1787 325 2206 397 unusquisque

559 420 676 475 Deo
725 418 910 474 dicat:
977 415 1201 470 Dimitte
1259 413 1409 468 nobis
1491 414 1669 468 debita
1722 422 1927 479 nostra,
1975 416 2117 469 sicut
2161 419 2210 468 et

560 525 652 563 nos
671 505 1006 561 dimittimus
1031 503 1360 560 debitoribus
1380 505 1582 558 nostris
1607 504 1829 574 (Matth.
1857 521 1930 569 v1,
1965 504 2074 574 12).
2108 503 2209 558 Cui

557 597 716 652 enim
776 595 904 648 haec
971 594 1030 646 in
1098 591 1366 646 oratione
1443 591 1622 648 verba
1676 593 2016 648 necessaria
2086 607 2208 647 non

559 683 798 746 fuerint,
850 682 979 754 ipse
1039 681 1134 735 hic
1194 681 1320 734 sine
1369 686 1618 752 peccato
1672 683 1870 736 vivere
1940 696 2209 753 pronun-

556 772 798 829 tiandus
818 775 925 826 est.
952 769 1166 835 Quales
1183 768 1230 822 si
1247 769 1478 839 aliquos
1510 769 1735 826 futuros
1759 771 2206 840 Dominuspras-

553 861 802 925 videret,
821 859 1090 915 meliores
1105 858 1305 928 utique
1319 874 1501 928 quam
1518 859 1926 930 exstiteruntej
1940 876 2008 914 us
2023 865 2206 928 Apos-

554 949 872 1020 toli,{aliam
887 948 1219 1004 orationem
1237 946 1366 1001 illos
1378 947 1634 1011 doceret,
1651 964 1776 1019 qua
1797 963 1920 1004 non
1940 951 2206 1020 peterent

555 1039 768 1095 dimitti
799 1037 910 1092 sibi
961 1041 1224 1107 peccata,
1257 1036 1480 1106 quibus
1526 1036 1583 1090 in
1615 1037 1920 1108 Baptismo
1969 1037 2206 1092 fuerant

556 1127 764 1184 omnia
784 1128 907 1198 jam
933 1125 1204 1180 dimissa.
1230 1127 1375 1180 Nam
1392 1126 1441 1179 si
1459 1125 1944 1193 Danielsanctus,
1975 1139 2206 1180 nonco-

553 1234 686 1274 ram
715 1215 1066 1273 hominibus
1084 1213 1601 1285 quasihumilitete
1617 1213 1832 1279 fallaci,
1865 1215 1970 1269 sed
2000 1229 2203 1270 coram

554 1311 694 1372 Deo,
726 1306 787 1361 id
817 1311 904 1360 est
935 1304 994 1359 in
1017 1305 1284 1359 oratione
1311 1319 1434 1374 qua
1464 1303 1649 1358 Deum
1675 1304 2047 1375 precabatur,
2080 1319 2202 1359 non

553 1397 748 1453 solum
765 1398 1013 1467 peccata
1026 1392 1227 1464 populi
1242 1392 1462 1460 sui,sed
1477 1392 1644 1447 etiam
1661 1409 1770 1449 sua
1783 1393 2198 1459 conﬁtebatur,

553 1486 840 1555 sicutejus
856 1499 956 1538 ore
969 1482 1227 1537 veridico
1239 1497 1592 1551 expressum
1609 1486 1696 1536 est
1709 1481 1987 1550 (Danielis
2003 1481 2196 1554 ix,20);

553 1575 699 1630 nihil
725 1573 886 1628 aliud
914 1571 1060 1626 mihi
1090 1571 1322 1625 videtur
1353 1570 1672 1625 dicendum
1705 1571 1851 1636 istis,
1886 1571 1999 1625 nisi
2030 1570 2198 1641 quod

550 1680 656 1736 per
686 1663 1042 1734 prophetam
1077 1658 1434 1713 Ezechielem
1453 1659 1693 1715 cuidam
1718 1660 1979 1731 superbo
2005 1659 2200 1715 Domi-

552 1769 665 1808 nus
691 1751 970 1808 mandat:
1006 1747 1288 1820 Numquid
1307 1754 1364 1802 tu
1393 1749 1696 1820 sapientior
1726 1765 1778 1803 es
1801 1765 1963 1819 quam
1994 1749 2201 1804 Daniel

553 1841 768 1912 (Ezech.
800 1855 1003 1903 xxvm,
1029 1840 1082 1906 3)
1105 1839 1133 1894 ?

622 1936 673 1987 3.
701 1931 812 1986 Sed
827 1929 1001 2001 plane
1015 1926 1118 1998 qui
1133 1925 1543 1983 misericordia
1560 1927 1918 1998 Deiadjutus
1942 1927 2198 1997 etgratia

549 2035 611 2076 se
628 2021 706 2076 ab
728 2019 812 2074 eis
831 2016 1089 2090 peccatis
1106 2015 1459 2071 abstinuerit
1474 2032 1612 2088 quae
1628 2016 1807 2072 etiam
1823 2017 2075 2072 crimina
2098 2032 2199 2073 vo-

546 2105 1078 2179 cantur,atqueilla
1091 2113 1336 2176 peccata
1349 2105 1472 2160 sine
1486 2106 1707 2176 quibus
1720 2120 1836 2160 non
1851 2104 1948 2160 hic
1960 2105 2193 2170 vivitur,

546 2197 843 2254 mundare
859 2196 1143 2267 operibus
1165 2194 1587 2249 misericordiae
1608 2199 1664 2250 et
1686 2194 1800 2264 piis
1821 2193 2196 2250 orationibus

544 2304 667 2344 non
698 2285 1040 2357 neglexerit,
1063 2283 1384 2338 merebitur
1413 2283 1553 2338 hinc
1583 2282 1742 2338 exire
1773 2283 1898 2337 sine
1923 2290 2192 2354 peccato,

542 2377 823 2450 quamvis
839 2390 976 2430 cum
989 2373 1085 2428 hic
1099 2370 1903 2427 viverethabueritnonnulla
1916 2379 2189 2443 peccata;

542 2466 686 2538 quia
697 2467 849 2520 sicut
868 2463 980 2519 ista
996 2477 1115 2517 non
1134 2460 1467 2528 defuerunt,
1497 2461 1576 2515 ita
1589 2462 1769 2515 etiam
1787 2460 2053 2516 remedia
2065 2459 2192 2531 qui-

541 2555 1086 2625 buspurgarentur,
1104 2549 1420 2604 affuerunt.
1437 2549 1721 2619 Quisquis
1739 2549 2081 2616 autem,hac
2095 2565 2188 2604 ve-

540 2641 1301 2708 lutoccasionecomperta,
1327 2653 1464 2692 cum
1486 2637 1738 2692 audierit
1775 2637 2077 2693 neminem
2091 2637 2188 2692 hic

538 2731 784 2788 arbitrio
809 2743 918 2784 suo
931 2726 1056 2782 sine
1087 2731 1332 2797 peccato
1349 2726 1566 2790 vivere,
1593 2725 1823 2781 deberit
1840 2740 1901 2780 se
1925 2724 2190 2781 libidini-

538 2821 675 2889 bus,
701 2816 1116 2875 etcriminibus
1143 2814 1381 2870 nefariis
1411 2813 1784 2884 obligaverit,
1804 2819 1982 2886 atque
2013 2814 2072 2868 in
2095 2815 2187 2870 his

535 2908 869 2965 criminosis
895 2903 1434 2975 consceleratisque
1456 2903 1723 2958 moribus
1739 2918 1933 2974 usque
1952 2903 2010 2960 in
2024 2903 2184 2959 diem

537 3013 717 3052 suum
767 2994 1044 3052 ultimum
1080 2992 1510 3065 perduraverit,
1540 2991 1836 3064 quaslibet
1873 2992 2026 3048 inter
2055 2992 2183 3047 haec

531 3087 948 3156 eleemosynas
980 3083 1176 3149 faciat,
1227 3087 1285 3137 et
1326 3081 1635 3138 infeliciter
1685 3080 1852 3136 ducit
1889 3082 2094 3146 vitam,
2128 3085 2184 3136 et

535 3175 831 3233 infelicius
870 3173 1020 3228 ﬁnit.

607 3264 830 3321 CAPUT
861 3262 926 3316 Il.
942 3263 1074 3315 --6.
1119 3259 1230 3314 Sed
1244 3259 1333 3313 isti
1357 3261 1683 3329 utcumque
1707 3258 1995 3313 tolerandi
2018 3264 2175 3323 sunt,

527 3352 779 3425 quando
791 3351 999 3406 dicunt
1015 3348 1108 3403 vel
1123 3362 1250 3403 esse
1264 3347 1354 3402 vel
1373 3345 1556 3401 fuisse
1570 3346 1664 3401 hic
1677 3344 2179 3417 aliquem,praater

529 3457 721 3499 unum
735 3442 1008 3496 Sanctum
1023 3435 1489 3506 sanctorum,qui
1505 3433 1727 3489 nullum
1739 3434 2178 3492 haberetomni-

529 3545 610 3588 no
622 3533 950 3601 peccatum.
975 3524 1118 3581 Illud
1132 3539 1272 3580 vero
1285 3523 1448 3596 quod
1461 3523 1688 3588 dicunt,
1703 3523 1972 3579 sufﬁcere
1985 3525 2174 3580 homi-

531 3619 858 3675 niliberum
873 3612 1241 3671 abitriumad
1267 3612 1564 3668 dominica
1595 3618 1894 3684 praecepta
1919 3613 2174 3687 implen-

524 3706 863 3774 da,etiamsi
879 3705 975 3761 Dei
989 3704 1180 3773 gratia
1191 3708 1248 3759 et
1261 3701 1502 3774 spiritus
1518 3703 1709 3758 sancti
1721 3701 1883 3758 dono
1897 3702 1975 3758 ad
1986 3717 2173 3774 opera

521 3798 686 3855 bona
699 3812 819 3854 non
832 3795 1167 3866 adjuvetur,
1181 3793 1427 3849 omnino
1441 3791 2067 3848 anathematizandum
2082 3797 2173 3848 est

521 3893 579 3944 et
593 3886 876 3944 omnibus
888 3881 1394 3940 exsecrationibus
1416 3880 1979 3947 detestandum.Qui
2008 3881 2169 3937 enim

518 3977 634 4034 hoc
664 3980 1005 4038 asserunt,a
1026 3972 1218 4042 gratia
1239 3971 1336 4026 Dei
1361 3971 1594 4042 penitus
1621 3971 1796 4027 alieni
1817 3975 1993 4038 sunt;
2026 3970 2171 4042 quia

521 4067 831 4137 ignorantes
848 4063 952 4118 Dei
963 4062 1260 4130 justitiam,
1277 4061 1429 4114 sicut
1444 4060 1516 4114 de
1529 4060 1751 4115 Judmis
1769 4059 1910 4114 dicit
1923 4060 2171 4130 Aposto-

520 4155 632 4220 lUS,
655 4161 704 4208 et
733 4169 884 4207 suam
909 4150 1136 4206 volentes
1155 4149 1504 4214 constituere,
1523 4149 1761 4218 justitiae
1793 4149 1898 4202 Dei
1926 4165 2030 4204 non
2042 4156 2166 4204 sunt

517 4242 739 4314 subjecti
765 4242 938 4312 (Rom.
973 4255 1029 4305 x,
1061 4240 1115 4310 3)
1139 4251 1150 4290 :
1188 4237 1498 4310 plenitudo
1519 4237 1742 4309 quippe
1759 4236 1908 4308 legis
1932 4253 2054 4292 non
2075 4242 2166 4293 est

518 4333 635 4391 nisi
653 4330 912 4388 Charitas
933 4329 1041 4398 (Id.
1067 4344 1188 4392 xui,
1221 4328 1342 4398 10);
1365 4330 1421 4382 et
1447 4327 1647 4398 utique
1665 4325 1922 4383 charitas
1947 4326 2167 4382 Deidif-

518 4421 655 4480 fusa
673 4427 762 4478 est
789 4421 851 4476 in
873 4417 1159 4475 cordibus
1181 4415 1424 4482 nostris,
1451 4430 1572 4471 non
1591 4431 1695 4487 per
1716 4431 1826 4472 nos
1849 4415 2041 4488 ipsos,
2055 4431 2165 4473 nec

516 4512 744 4570 viribus
766 4509 1022 4583 propria:
1054 4505 1393 4573 voluntatis,
1429 4505 1532 4561 sed
1556 4521 1660 4577 per
1680 4505 1965 4578 Spiritum
1993 4521 2166 4562 sanc-

515 4606 643 4660 tum
670 4602 775 4673 qui
805 4599 982 4655 datus
1014 4601 1106 4654 est
1135 4595 1310 4652 nobis
1339 4594 1450 4664 (Id.
1480 4611 1534 4659 v,
1570 4597 1645 4661 5).

584 4690 822 4748 5.Valet
846 4688 1045 4758 itaque
1075 4685 1327 4741 liberum
1349 4683 1663 4740 arbitrium
1677 4684 1754 4740 ad
1781 4699 1966 4755 opera
1979 4684 2161 4750 bona,

516 4781 568 4838 si
586 4777 872 4836 divinitus
891 4776 1229 4845 adjuvetur,
1251 4772 1414 4845 quod
1434 4772 1498 4827 ﬁt
1519 4771 1818 4828 humiliter
1835 4775 2088 4846 petendo
2106 4779 2162 4830 et

515 4868 822 4928 faciendo:
848 4865 1149 4920 desertum
1168 4877 1306 4917 vero
1335 4860 1534 4916 divino
1555 4860 1871 4932 adjutorio,
1895 4863 2163 4933 qualibet

515 4959 764 5016 scientia
800 4951 1226 5026 legisexcellat,
1257 4950 1421 5006 nullo
1454 4956 1635 5006 modo
1666 4950 2157 5021 habebitjustitim

511 5050 888 5111 soliditatem,
926 5041 1033 5098 sed
1046 5039 1417 5096 inﬂationem
1435 5038 1636 5110 impias
1653 5040 1949 5111 superbius
1965 5045 2021 5095 et
2040 5042 2158 5096 exi-

509 5140 727 5196 tiosum
754 5141 1075 5193 tumorem.
1104 5133 1278 5185 Docet
1308 5129 1422 5184 hoc
1453 5127 1666 5184 eadem
1697 5129 1828 5199 ipsa
1855 5129 2158 5185 dominica

512 5229 720 5286 oratio.
747 5225 986 5280 Frustra
1001 5219 1158 5276 enim
1173 5222 1452 5287 rogantes
1471 5218 1657 5272 Deum
1671 5217 1944 5283 dicimus,
1969 5218 2050 5275 Ne
2066 5235 2156 5274 nos

511 5320 718 5390 inferas
733 5317 790 5371 in
805 5313 1149 5372 tentationem
1165 5308 1469 5381 (Matth.v1,
1485 5308 1646 5379 l3),si
1659 5307 1772 5362 hoc
1786 5307 1845 5362 in
1861 5314 2064 5363 nostra
2080 5310 2156 5366 sit

509 5412 771 5480 positum
789 5409 875 5459 est
891 5407 1196 5475 potestate,
1219 5407 1276 5452 ut
1291 5397 1453 5453 nullo
1471 5396 1627 5451 illius
1662 5396 1961 5466 adjutorio
1977 5398 2036 5452 id
2051 5414 2154 5454 va-

509 5497 742 5552 leamus
755 5493 1019 5565 implere.
1032 5491 1258 5546 Dictum
1272 5493 1358 5544 est
1371 5484 1630 5551 enim,Ne
1643 5502 1734 5540 nos
1749 5486 1956 5555 inferas
1970 5488 2027 5542 in
2039 5495 2147 5544 ten-

508 5587 780 5648 tationem,
799 5580 964 5653 quod
979 5578 1340 5648 intelligitur,
1367 5580 1447 5632 Ne
1470 5591 1581 5632 nos
1604 5575 2149 5634 inferrideserendo

503 5666 1052 5752 permittas.Fidetis
1069 5669 1208 5721 enim
1223 5665 1382 5731 Deus,
1403 5665 1482 5722 ait
1494 5664 1938 5742 Apostolus,qui
1949 5683 2051 5723 non
2063 5683 2150 5724 vos

1827 200 1888 256 S.
1930 195 2314 256 AUGUSTINI
2356 198 2678 257 EPISCOPI

3831 169 3925 262 es

2315 325 2590 396 permittet
2623 325 2825 380 tentari
2852 341 3024 396 supra
3038 324 3098 379 id
3115 324 3253 396 quod
3272 326 3508 396 potestis,
3548 326 3634 381 sed
3658 326 3815 396 faciet
3833 346 3932 384 cum

2316 417 2610 469 tentatione
2639 416 2806 470 etiam
2826 415 3061 480 exitum,
3079 421 3140 470 ut
3159 415 3374 486 possitis
3394 417 3658 470 sustinere
3679 417 3721 486 (l
3748 416 3858 470 Cor.
3884 435 3931 481 x,

2317 499 2433 574 l3):
2477 503 2687 576 utquid
2710 505 2823 559 hoc
2853 503 3002 559 dixit
3035 507 3218 559 Deum
3249 505 3464 569 facere,
3497 503 3544 558 si
3574 503 3686 560 hoc
3726 505 3839 561 sine
3866 508 3935 578 ip-

2315 593 2435 647 sius
2467 593 2770 661 adiutorio
2800 593 2858 647 in
2890 593 3017 648 sola
3046 597 3250 648 nostra
3271 597 3357 648 est
3392 598 3686 663 potestate
3705 593 3732 648 ?

2386 685 2595 739 6.Nam
2620 687 2675 737 et
2696 683 2829 753 ipsa
2852 681 2943 736 lex
2969 681 3027 736 in
3059 681 3172 737 hoc
3191 681 3566 752 adjutorium
3589 683 3728 737 data
3748 682 3937 738 estillis

2313 771 2413 842 qui
2441 769 2788 839 ealegitime
2809 775 3073 839 utuntur,
3102 776 3286 841 utper
3312 769 3477 825 illam
3503 770 3937 843 sciant,velquid

2307 859 2551 929 justitiaa
2569 861 2698 931 jam
2713 860 3068 932 acceperint,
3087 860 3245 914 unde
3277 860 3938 932 gratiasagant,velquid

2307 948 2511 1004 adhuc
2523 951 2607 1004 eis
2624 949 2971 1021 desit,quod
2994 949 3282 1004 instanter
3299 947 3646 1019 petant.Qui
3670 953 3855 1004 autem
3871 951 3938 1005 sic

2311 1038 2744 1110 audiuntquod
2770 1037 2978 1105 aitlex,
3001 1037 3124 1093 Non
3147 1039 3482 1108 concupisces
3513 1036 3712 1107 (Exod.
3747 1053 3832 1101 xx,
3867 1045 3934 1102 l7,

2308 1133 2359 1183 st
2373 1128 2792 1191 Rom.vn,7),'ut
2812 1127 2926 1182 hoc
2943 1127 3085 1198 quia
3106 1127 3446 1190 didicerint,
3464 1125 3736 1182 sufﬁcere
3748 1126 3938 1183 sibiar-

2308 1214 2619 1280 bitrentur,
2653 1231 2760 1272 nec
2802 1214 3098 1283 adjutorio
3143 1215 3348 1284 gratias
3387 1215 3491 1268 Dei
3534 1214 3610 1270 ad
3627 1214 3937 1272 faciendum

2307 1305 2471 1377 quod
2482 1306 2721 1375 jussum
2735 1303 2960 1360 estdari
2977 1303 3092 1358 sibi
3107 1302 3382 1358 virtutem
3402 1303 3654 1359 credant
3670 1310 3724 1358 et
3740 1309 3935 1374 petant;

2308 1394 2385 1449 ad
2403 1394 2515 1449 hoc
2528 1393 2611 1450 eis
2633 1393 3091 1457 lexmbintraoit,
3106 1391 3490 1448 utabundaret
3503 1391 3757 1447 delictum
3777 1394 3934 1456 (Rom.

2307 1485 2491 1554 v,20);
2542 1483 2707 1555 quod
2735 1483 2959 1537 dictum
2981 1481 3158 1538 estde
3173 1481 3418 1537 tudinis.
3446 1484 3663 1536 Parum
3687 1481 3834 1536 enim
3863 1488 3937 1536 est

2305 1573 2449 1644 quia
2475 1587 2592 1626 non
2628 1570 2877 1643 implent
2900 1573 3064 1642 quod
3082 1571 3365 1641 praecepit
3386 1570 3507 1636 lex,
3540 1569 3664 1627 Non
3693 1571 3936 1640 concupis-

2305 1677 2416 1726 ces;
2441 1661 2543 1716 sed
2569 1661 2812 1732 insuper
2840 1660 3213 1731 superbiunt,
3232 1665 3288 1715 et
3317 1661 3671 1729 ignorantes
3690 1659 3934 1730 Deijusti-

2306 1752 2470 1817 tiam,
2505 1750 2560 1805 id
2577 1755 2862 1821 estquam
2895 1751 3045 1804 Deus
3066 1749 3172 1804 dat
3195 1748 3935 1820 quijustiﬁcatimpium,et

2307 1855 2480 1896 suam
2511 1839 2774 1894 volentes
2804 1838 3164 1893 constituere
3191 1843 3488 1910 tanquam
3504 1855 3625 1892 sua:
3640 1836 3931 1893 voluntatis

2305 1929 2530 1985 viribus
2553 1927 3051 1998 factam,justitiaa
3075 1925 3176 1981 Dei
3200 1942 3320 1982 non
3345 1935 3488 1982 sunt
3511 1926 3777 1997 subjecti.
3795 1926 3932 1980 Finis

2303 2018 2445 2073 enim
2472 2016 2601 2088 legis
2624 2016 2896 2079 Christus,
2918 2014 2988 2070 ad
2995 2015 3270 2086 justitiam
3301 2016 3453 2070 omni
3467 2014 3722 2070 credendi
3744 2014 3840 2085 (Id.
3860 2016 3928 2082 10,

2303 2107 2388 2178 4);
2405 2106 2508 2179 qui
2524 2107 2720 2178 utique
2744 2105 2879 2161 ideo
2897 2106 3076 2170 venit,
3105 2109 3165 2160 ut
3179 2104 3278 2160 ubi
3298 2104 3924 2170 abundavitdelictum,

2303 2195 2751 2266 superabundet
2764 2193 3082 2266 gratia.Cui
3097 2193 3297 2264 gratim
3315 2193 3359 2248 si
3377 2193 3620 2248 fuerunt
3635 2192 3928 2248 inimicitu-

2303 2283 2436 2348 dazi,
2459 2283 2916 2352 Deiignorantes
2928 2281 3246 2352 justitiam,
3270 2286 3519 2337 etsuam
3543 2281 3799 2337 volentes
3811 2295 3926 2336 con-

2303 2373 2546 2428 stituere
2562 2387 2776 2444 ;quare
2795 2375 2936 2425 sunt
2957 2371 3117 2426 etisti
3131 2370 3374 2436 inimici,
3400 2371 3527 2426 siin
3542 2385 3679 2426 eum
3698 2369 3926 2425 credide-

2301 2468 2438 2518 runt
2459 2476 2640 2533 quem
2664 2460 2739 2515 illi
2764 2459 3147 2516 occiderunt?
3168 2463 3256 2514 An
3289 2465 3351 2514 ut
3375 2459 3462 2514 illi
3488 2459 3779 2530 accipiant
3798 2474 3925 2530 prs:-

2302 2552 2512 2614 mium,
2545 2551 2649 2621 qui
2681 2549 2882 2605 oociso
2908 2549 3139 2604 Christo
3171 2563 3346 2604 suam
3380 2549 3747 2620 impietatem
3778 2563 3926 2603 accu-

2299 2646 2600 2704 saverunt,
2635 2643 2692 2694 et
2727 2653 2789 2693 se
2822 2637 2976 2693 illius
3007 2637 3207 2708 gratiae
3239 2639 3500 2707 cognitas
3528 2637 3918 2700 subdiderunt;

2297 2733 2356 2784 et
2384 2729 2475 2784 isti
2508 2733 2742 2800 portent
2762 2727 3078 2798 judicium,
3101 2726 3204 2798 qui
3230 2726 3392 2782 sicin
3423 2727 3720 2784 Christum
3747 2724 3920 2781 volunt

2296 2817 2558 2882 credere,
2593 2822 2654 2872 ut
2684 2817 2814 2884 ejus
2839 2817 3034 2887 ipsam
3061 2818 3314 2884 gratiam
3330 2821 3630 2872 conentur
3647 2814 3920 2871 occidere?

2365 2913 2418 2963 7.
2453 2905 2539 2961 Ad
2571 2905 2684 2961 hoc
2714 2905 2938 2976 quippe
2967 2907 3026 2959 in
3059 2920 3198 2959 eum
3231 2905 3486 2960 credunt
3509 2905 3614 2977 qui
3646 2910 3789 2960 recte
3816 2917 3914 2958 cre-

2293 2996 2463 3065 dunt,
2493 2994 3166 3066 utesuriantsitiantque
3193 2994 3514 3064 justitiam,
3539 2996 3731 3066 etejus
3750 2993 3912 3062 gratia

2292 3089 2651 3140 saturentur.
2679 3083 2868 3138 Omnis
2889 3084 3069 3146 enim,
3087 3083 3545 3154 sicutscriptum
3568 3089 3674 3149 est,
3689 3082 3914 3154 quiinco-

2289 3175 2492 3228 caverit
2519 3189 2704 3228 nomen
2727 3173 2968 3235 Domini,
2999 3172 3190 3226 salvus
3218 3171 3325 3226 erit
3350 3172 3513 3244 (Joel.
3543 3188 3601 3236 ιι,
3621 3173 3774 3242 32,!et
3786 3173 3906 3227 Rom.

2290 3279 2346 3329 x,
2380 3264 2496 3333 t3):
2532 3278 2652 3316 non
2685 3260 3091 3332 utiquesalute
3112 3262 3400 3333 corporis,
3432 3279 3618 3334 quam
3643 3259 3800 3316 multi
3820 3259 3904 3314 ha-

2288 3351 2432 3406 bent
2453 3355 2511 3406 et
2539 3351 2640 3422 qui
2673 3365 2793 3405 non
2825 3351 3101 3405 invocant
3135 3364 3356 3405 nomen
3400 3351 3670 3415 Domini;
3699 3348 3795 3404 sed
3824 3347 3905 3402 illa

2287 3440 2473 3496 salute
2503 3440 2578 3494 de
2603 3455 2725 3509 qua
2755 3439 2883 3510 ipse
2912 3438 3072 3507 dicit,
3097 3438 3220 3494 Non
3243 3447 3320 3494 est
3357 3457 3492 3511 opus
3515 3442 3660 3496 sanis
3679 3437 3901 3498 medicus.

2278 3529 2367 3586 sed
2395 3527 2817 3600 aegrotantibus;
2849 3532 2906 3584 et
2933 3528 3072 3598 quid
3105 3528 3338 3597 dixerit,
3370 3534 3808 3602 consequentur
3824 3540 3901 3580 ex-

2281 3633 2531 3690 ponens,
2560 3617 2688 3672 Non
2725 3617 2868 3681 aeni,
2913 3617 3125 3687 inquit,
3157 3633 3344 3673 vocare
3365 3619 3565 3689 justas,
3607 3617 3703 3673 sed
3744 3630 3898 3686 pecca-

2279 3713 2418 3762 tores
2447 3705 2664 3777 (Matth.
2698 3722 2778 3770 ιχ,
2814 3709 2897 3774 t2,
2933 3706 3043 3776 13).
3075 3708 3272 3761 iustos
3309 3722 3454 3778 ergo
3480 3723 3681 3776 sanos,
3714 3719 3898 3778 pecca-

2280 3800 2437 3852 tores
2461 3800 2660 3851 autem
2701 3794 2850 3850 dixit
2886 3801 3162 3863 tegrotos.
3205 3798 3332 3851 Non
3358 3797 3564 3870 itaque
3595 3797 3668 3852 de
3700 3794 3811 3850 suis
3835 3791 3896 3846 vi-

2278 3885 2442 3940 ribus
2493 3889 2821 3957 praesumat
2866 3890 3176 3953 aegrotus;
3231 3887 3375 3957 quia
3434 3886 3494 3942 in
3553 3881 3897 3942 multitudine

2278 3973 2506 4030 virtutis
2536 3989 2653 4028 sum
2670 3988 2791 4028 non
2814 3973 2921 4028 erit
2951 3973 3175 4029 salvus.
3194 3976 3343 4030 Nam
3374 3975 3424 4030 si
3442 3975 3584 4031 inde
3603 3969 3897 4046 praesumit,

2277 4062 2477 4118 videat
2509 4078 2581 4117 ne
2611 4062 2760 4117 vires
2791 4061 2918 4117 istm
2951 4077 3071 4117 non
3094 4061 3210 4118 sint
3232 4063 3441 4134 quales
3469 4063 3659 4120 solent
3677 4076 3798 4117 esse
3823 4073 3899 4114 sa-

2276 4167 2516 4219 norum,
2544 4152 2648 4206 sed
2664 4151 2873 4222 quales
2903 4149 3088 4206 solent
3114 4167 3245 4206 esse
3258 4168 3575 4221 sanorum,
3593 4152 3692 4207 sed
3713 4147 3896 4223 quales

2275 4240 2608 4296 solentesse
2622 4240 3103 4311 phreneticorum
3124 4256 3136 4295 :
3153 4240 3410 4313 quicum
3425 4237 3894 4306 sintinsani,adeo

2274 4345 2336 4385 se
2364 4345 2546 4386 sanos
2579 4333 2808 4401 putant,
2845 4334 3034 4385 utnec
3060 4329 3362 4386 medicum
3392 4335 3684 4404 quaarant,
3713 4335 3763 4383 et
3789 4332 3894 4380 tan-

2272 4434 2461 4490 quam
2493 4418 2900 4489 importunum
2927 4418 3171 4490 insuper
3184 4418 3715 4486 caedant;sicutisti
3730 4413 3889 4471 Chris-

2274 4510 2399 4562 tum
2431 4508 2647 4562 insana
2679 4507 2959 4579 superbia
2987 4507 3445 4580 quodammodo
3477 4501 3891 4573 caedunt,cujus

2273 4598 2477 4664 gratim
2505 4600 2624 4651 tam
2678 4595 3005 4665 benignum
3054 4597 3419 4668 adjutorium
3475 4599 3552 4655 ad
3583 4591 3887 4654 faciendam

2267 4682 2557 4754 justitiam
2571 4684 2710 4740 dato
2724 4683 2870 4754 legis
2899 4693 3196 4757 praecepto
3211 4687 3616 4744 necessarium
3643 4698 3754 4740 non
3776 4691 3886 4736 esse

2272 4772 2659 4828 contendunt.
2698 4773 2981 4830 Desinant
3010 4789 3153 4842 ergo
3189 4777 3276 4831 sic
3305 4777 3586 4842 insanire,
3617 4779 3670 4831 et
3692 4771 3762 4828 ad
3789 4769 3884 4824 hoc

2272 4877 2336 4916 se
2363 4851 2692 4931 intelligant
2721 4862 2961 4928 habere,
3017 4870 3314 4935 quantum
3357 4870 3626 4934 possunt,
3657 4862 3881 4918 liberum

2270 4951 2606 5018 arbitrium,
2640 4967 2757 5007 non
2793 4956 2856 5006 ut
2885 4953 3146 5023 superba
3175 4953 3479 5011 voluntate
3501 4951 3774 5024 respuant
3796 4941 3882 5001 ad-

2261 5038 2576 5109 jutorium,
2605 5041 2708 5095 sed
2725 5046 2785 5096 ut
2815 5041 2914 5112 pia
2939 5041 3242 5098 voluntate
3262 5043 3539 5099 invocent
3571 5039 3875 5098 Dominum.

2339 5132 2389 5183 8.
2427 5131 2553 5184 Haec
2585 5129 2743 5184 enim
2770 5129 3050 5186 voluntas
3101 5131 3283 5187 libera
3335 5136 3500 5188 tanto
3537 5132 3638 5188 erit
3669 5121 3878 5183 liberior

2265 5225 2490 5289 quanto
2518 5219 2743 5274 sanior:
2781 5222 2945 5274 tanto
2973 5224 3172 5275 autem
3201 5221 3421 5290 sanior,
3445 5225 3661 5295 quanto
3682 5212 3870 5270 divina:

2264 5308 2684 5364 misericordim
2715 5309 3036 5379 gratiasque
3065 5309 3406 5380 subjectior.
3444 5314 3571 5383 ipsa
3591 5307 3737 5363 enim
3752 5297 3870 5355 ﬁde-

2265 5395 2391 5452 liter
2411 5403 2538 5452 orat
2564 5405 2618 5451 et
2644 5398 2815 5452 dicit:
2848 5399 3063 5452 Itinera
3112 5415 3226 5454 mea
3265 5400 3444 5472 dirige
3481 5397 3743 5455 secundum
3770 5402 3866 5442 ver-

2264 5489 2384 5541 bum
2410 5494 2582 5553 tuum,
2615 5495 2660 5541 et
2684 5487 3068 5542 nedominetur
3089 5489 3226 5543 mihi
3252 5492 3425 5545 omnis
3440 5490 3695 5561 iniquitas
3719 5473 3864 5552 (Psal.

2264 5588 2460 5639 cxvm,
2493 5577 2637 5647 133).
2692 5577 3007 5641 Quomodo
3037 5579 3195 5634 enim
3223 5579 3409 5636 libera
3439 5586 3544 5648 est,
3583 5575 3667 5631 cui
3691 5564 3859 5626 domi-

2262 5671 2439 5722 natur
2457 5666 2780 5744 iniquitas?
2809 5668 2875 5726 Ut
2905 5669 2957 5725 ei
2985 5673 3186 5726 autem
3225 5685 3348 5728 non
3377 5671 3715 5729 dominetur,
3744 5653 3856 5713 vide
