4098 6166
176 154 292 210 677

177 278 261 336 ab
294 279 396 338 illa
419 281 554 353 quis
585 279 912 337 invocetur.
954 285 1080 338 Non
1124 284 1284 340 enim
1312 285 1416 353 ait,
1446 287 1658 344 itinera
1697 303 1835 345 mea

174 368 372 440 dirige
398 369 730 426 secundum
762 370 1018 427 liberum
1045 372 1378 445 arbitrium,
1397 377 1544 449 quia
1574 392 1695 433 non
1725 378 1835 434 do-

174 458 512 514 minabitur
541 460 685 515 mihi
716 460 915 515 omnis
939 460 1249 533 iniquitas;
1287 465 1414 530 sed,
1446 465 1670 522 Itinera
1694 484 1830 532 mea,

168 547 391 618 inquit,
411 548 886 620 dirigesecundum
911 550 1130 606 verbum
1162 558 1332 622 tuum,
1364 562 1412 609 et
1432 571 1496 609 ne
1521 556 1833 611 dominetur

170 635 316 689 mihi
344 637 518 692 omnis
546 637 826 709 iniquitas.
863 641 1149 703 Precatur,
1177 657 1298 697 non
1322 643 1656 714 pollicetur;
1687 660 1828 701 con-

169 722 394 790 ﬁtetur,
430 741 548 781 non
576 727 915 798 proﬁtetur;
949 731 1120 800 optat
1145 729 1566 801 plenissimam
1598 731 1832 790 liberta-

168 817 317 881 tem,
351 829 473 869 non
499 815 685 885 jactat
725 818 1031 888 propriam
1065 823 1438 889 potestatem.
1493 823 1619 877 Non
1667 823 1828 878 enim

167 902 372 957 omnis
397 904 502 975 qui
531 903 752 959 viribus
783 906 904 960 suis
934 906 1202 974 conﬁdit,
1233 908 1340 964 sed
1371 910 1568 965 omnis
1607 909 1710 981 qui
1743 909 1829 966 in-

164 996 346 1046 vocat
380 1007 600 1048 nomen
634 994 885 1064 Domini,
922 994 1121 1050 salvus
1169 997 1293 1052 erit.
1342 998 1615 1063 Quomodo
1644 1006 1825 1054 autem

164 1079 516 1149 invocabunt,
537 1082 750 1153 inquit,
778 1083 836 1137 in
862 1099 1013 1153 quem
1043 1100 1148 1139 non
1175 1086 1525 1144 crediderunt
1549 1090 1731 1160 (Rom.
1764 1106 1824 1159 x,

167 1168 282 1239 14).
311 1169 400 1224 Ad
426 1169 543 1226 hoc
573 1185 714 1240 ergo
750 1173 1000 1228 credunt
1028 1174 1134 1244 qui
1160 1181 1315 1231 recte
1348 1177 1616 1244 credunt,
1650 1185 1711 1234 ut
1740 1180 1827 1234 in-

159 1263 384 1312 vocent
404 1259 466 1313 in
495 1275 676 1330 quem
689 1260 1091 1328 crediderunt,
1123 1265 1428 1321 etvaleant
1448 1266 1643 1323 facere
1660 1268 1826 1340 quod

161 1345 222 1401 in
270 1349 591 1420 praeceptis
644 1349 921 1420 legitimis
971 1358 1375 1424 acceperunt;
1433 1356 1724 1428 quoniam
1763 1357 1824 1413 id

158 1435 332 1507 quod
357 1436 452 1492 lex
484 1439 757 1509 imperat,
786 1439 938 1495 ﬁdes
973 1441 1279 1512 impetrat.

231 1528 286 1580 9.
320 1523 474 1582 Nam
507 1531 570 1582 ut
599 1526 836 1584 interim
867 1529 1214 1586 omittamus
1243 1531 1393 1602 legis
1440 1534 1627 1591 multa
1677 1550 1822 1608 prae-

158 1617 360 1686 cepta,
390 1620 447 1671 et
476 1616 589 1672 hoc
620 1617 758 1673 inde
783 1633 1330 1678 commemoremus
1363 1623 1528 1695 quod
1551 1625 1626 1680 ad
1664 1641 1823 1681 com-

157 1705 630 1762 memorandum
652 1707 826 1776 elegit
846 1709 1168 1780 Apostolus
1198 1729 1210 1778 ;
1234 1727 1372 1768 cum
1391 1713 1532 1769 dicit
1554 1713 1666 1779 lex,
1686 1715 1820 1771 Non

155 1794 553 1862 concupisces,
584 1796 731 1867 quid
757 1797 991 1853 videtur
1017 1798 1172 1854 aliud
1213 1800 1528 1871 imperare,
1578 1803 1690 1858 nisi
1742 1803 1821 1859 ab

155 1879 380 1937 illicitis
403 1884 831 1955 cupiditatibus
844 1888 1274 1944 continentiam
1294 1887 1320 1941 ?
1334 1891 1584 1946 Animus
1600 1893 1821 1964 quippe

153 1968 321 2024 velut
351 1973 638 2043 pondere,
662 1990 867 2031 amore
893 1975 1076 2031 fertur
1095 1992 1481 2050 quocumque
1499 1979 1699 2035 fertur.
1726 1983 1822 2036 Ju-

152 2057 381 2115 bemur
394 2061 596 2134 itaque
609 2062 918 2119 detrahere
933 2065 1006 2120 de
1022 2066 1287 2136 pondere
1299 2067 1642 2139 cupiditatis
1654 2069 1821 2141 quod

157 2148 416 2205 accedat
445 2151 524 2206 ad
563 2152 802 2223 pondus
833 2153 1158 2221 charitatis,
1200 2156 1388 2212 donec
1417 2157 1562 2212 illud
1603 2174 1820 2214 consu-

157 2243 390 2307 matur,
416 2238 531 2294 hoc
571 2242 908 2311 perﬁciatur
949 2259 961 2298 :
1005 2243 1316 2315 plenitudo
1355 2246 1517 2301 enim
1550 2246 1698 2317 legis
1729 2252 1821 2304 est

155 2326 443 2383 charitas.
478 2331 542 2383 Et
568 2335 765 2386 tamen
797 2330 872 2386 de
901 2331 1033 2403 ipsa
1075 2334 1440 2392 continentia
1491 2336 1627 2392 vide
1672 2337 1819 2409 quid

155 2415 454 2487 scriptum
487 2417 594 2474 sit:
626 2419 705 2473 Et
732 2434 864 2476 cum
910 2421 1144 2487 scirem,
1198 2421 1410 2494 inquit,
1455 2425 1600 2495 quia
1649 2441 1818 2483 nemo

151 2511 346 2573 potest
375 2520 496 2563 esse
523 2508 830 2565 continens
853 2509 1134 2582 nisilDeus
1155 2511 1269 2577 det,
1299 2516 1351 2568 et
1366 2514 1474 2570 hoc
1488 2516 1672 2585 ipsum
1686 2521 1817 2572 erat

149 2594 480 2663 sapientiae,
505 2595 656 2653 scire
681 2599 853 2668 cujus
877 2604 1020 2656 esset
1049 2600 1154 2656 hoc
1175 2601 1397 2658 donum
1420 2616 1442 2672 ,'
1472 2603 1598 2658 adii
1621 2604 1817 2660 Domi-

151 2699 327 2751 num,
355 2690 410 2738 et
438 2684 784 2753 deprecatus
813 2703 942 2743 sum
971 2687 1147 2744 illum
1177 2689 1337 2760 (Sap.
1369 2706 1488 2755 vm,
1508 2693 1815 2763 2!).Num-

149 2772 302 2844 quid
338 2772 508 2842 dixit,
539 2774 602 2829 Et
639 2790 778 2830 cum
806 2777 1015 2833 scirem
1064 2778 1208 2850 quia
1226 2795 1401 2836 nemo
1445 2787 1638 2852 potest
1679 2797 1814 2838 esse

149 2861 493 2926 continens,
527 2862 636 2918 nisi
667 2879 773 2936 per
799 2866 1108 2937 proprium
1133 2867 1386 2924 liberum
1401 2869 1732 2936 arbitrium,
1758 2875 1815 2926 et

147 2948 268 3005 hoc
301 2949 503 3021 ipsum
531 2957 659 3008 erat
683 2953 1010 3024 sapientiae,
1046 2956 1195 3011 scire
1226 2973 1260 3012 a
1293 2958 1522 3030 meipso
1547 2973 1678 3014 esse
1699 2959 1812 3015 hoc

146 3038 390 3095 bonum
410 3040 439 3096 ‘7
466 3042 593 3096 Non
628 3040 806 3113 plane
832 3042 944 3100 hoc
970 3044 1138 3109 dixit,
1160 3047 1326 3118 quod
1347 3047 1594 3118 quidam
1620 3048 1679 3103 in
1703 3063 1813 3104 sua

147 3127 418 3183 vanitate
438 3127 646 3184 dicunt
669 3145 683 3195 ;
717 3130 824 3186 sed
845 3131 1010 3203 quod
1037 3132 1143 3189 fuit
1168 3134 1228 3188 in
1248 3140 1468 3190 sanctae
1501 3135 1811 3206 Scriptura:

147 3214 406 3271 veritate
435 3216 761 3274 dicendum
787 3236 800 3275 :
834 3219 976 3275 Cum
995 3222 1220 3289 scirem,
1247 3223 1458 3296 inquit,
1482 3227 1623 3296 quia
1645 3241 1809 3282 nemo

147 3319 268 3360 esse
307 3311 494 3372 potest
522 3307 846 3375 continens,
872 3311 988 3365 nisi
1010 3312 1155 3368 Deus
1179 3313 1294 3369 det.
1309 3313 1637 3384 Jubetergo
1658 3318 1810 3370 Deus

147 3393 606 3459 continentiam,
623 3400 677 3451 et
699 3396 802 3454 dat
824 3400 1274 3470 continentiam;
1289 3400 1461 3474 jubet
1478 3401 1804 3474 perlegem,

145 3481 256 3537 dat
288 3496 395 3553 per
422 3483 676 3555 gratiam
704 3501 717 3551 ;
747 3486 916 3556 jubet
946 3503 1053 3559 per
1091 3489 1368 3561 litteram,
1400 3491 1506 3547 dat
1538 3507 1643 3563 per
1675 3493 1805 3564 Spi-

145 3571 352 3626 ritum:
380 3570 473 3627 lex
489 3574 650 3629 enim
669 3575 794 3630 sine
813 3577 1003 3645 gratia
1021 3577 1156 3634 facit
1177 3578 1482 3636 abundare
1495 3580 1803 3646 delictum,

147 3665 204 3716 et
233 3659 431 3717 littera
462 3663 587 3718 sine
613 3664 832 3735 Spiritu
861 3666 1077 3723 occidit
1106 3667 1174 3738 (Il
1226 3670 1356 3726 Cor.
1390 3685 1470 3736 ιιι,
1513 3672 1588 3742 6).
1628 3671 1807 3727 Jubet

144 3749 308 3816 ideo,
343 3755 404 3806 ut
439 3750 630 3807 facere
657 3752 834 3822 jussa
860 3756 1079 3822 conati,
1127 3762 1183 3812 et
1225 3762 1428 3814 nostra
1459 3759 1805 3816 inﬁrmitate

142 3838 261 3893 sub
281 3838 412 3908 lege
434 3839 1058 3913 fatigati,adjutorium
1075 3845 1280 3916 gratias
1301 3862 1550 3918 poscere
1572 3849 1802 3904 noveri-

149 3943 287 3982 mus
316 3943 332 3993 ;
363 3933 420 3984 et
449 3928 496 3983 si
527 3930 673 4001 quid
702 3929 895 3986 facere
927 3934 1301 4003 potuerimus
1334 3937 1532 4007 operis
1561 3937 1728 4008 boni,
1750 3937 1803 3993 ei

145 4017 251 4088 qui
275 4017 522 4088 adjuvat
552 4034 672 4075 non
705 4019 890 4076 simus
915 4022 1132 4092 ingrati
1163 4024 1316 4080 :hoc
1340 4031 1396 4082 et
1423 4025 1529 4082 iste
1553 4026 1684 4082 fecit
1707 4045 1722 4098 ;
1742 4027 1802 4083 id

145 4107 310 4162 enim
333 4121 472 4162 eum
495 4109 786 4179 sapientia
805 4111 1028 4178 docuit,
1053 4113 1224 4184 cujus
1245 4119 1399 4170 esset
1423 4115 1536 4171 hoc
1548 4116 1798 4176 donum.

221 4199 516 4269 {0.Neque
539 4198 699 4253 enim
725 4197 1046 4256 voluntatis
1070 4201 1382 4260 arbitrium
1399 4204 1532 4261 ideo
1557 4205 1799 4271 tollitur,

143 4285 291 4357 quia
315 4285 603 4356 juvatur;
641 4288 744 4343 sed
778 4288 914 4345 ideo
938 4289 1202 4360 juvatur,
1236 4293 1381 4364 quia
1419 4294 1795 4350 nontollitur.

142 4374 255 4439 Qui
286 4374 449 4430 enim
476 4377 590 4431 Deo
620 4377 780 4442 dicit,
810 4377 1070 4448 Adiutor
1100 4396 1258 4437 meus
1287 4387 1406 4439 esto
1421 4382 1604 4455 (Psat.
1635 4400 1797 4448 xxvr,

141 4466 215 4535 9),
246 4462 565 4520 conﬁtetur
603 4481 664 4520 se
694 4466 843 4522 velle
872 4467 1117 4540 implere
1141 4470 1303 4541 quod
1331 4471 1528 4542 jussit,
1584 4471 1690 4528 sed
1720 4472 1797 4528 ab

140 4568 212 4608 eo
243 4552 349 4625 qui
376 4553 577 4624 jussit,
618 4555 978 4626 adjutorium
1021 4575 1258 4630 poscere
1303 4566 1363 4616 ut
1393 4561 1604 4631 possit.
1641 4562 1798 4619 Sicet

141 4641 252 4697 iste
292 4658 432 4699 cum
462 4643 636 4701 sciret
673 4646 975 4702 neminem
1001 4662 1132 4702 esse
1160 4664 1337 4719 posse
1367 4651 1794 4720 continentem,

139 4732 252 4786 nisi
287 4731 440 4786 Deus
468 4731 586 4797 det,
620 4733 766 4790 adiit
799 4735 1118 4791 Dominum
1163 4742 1219 4793 et
1270 4737 1627 4809 deprecatus
1665 4745 1793 4795 est:

142 4819 350 4892 utique
382 4821 588 4877 volens
614 4823 776 4887 adiit,
810 4824 1017 4879 volens
1048 4825 1403 4897 deprecatus
1434 4832 1540 4893 est,
1558 4844 1668 4885 nec
1699 4845 1798 4901 pe-

142 4907 332 4964 tiisset
358 4910 475 4964 nisi
502 4915 660 4966 esset
684 4912 1115 4968 voluntas.Sed
1147 4914 1264 4969 nisi
1296 4915 1578 4987 petiisset,
1601 4932 1798 4989 quan-

91 4977 116 5006 \
141 5002 270 5054 tum
302 5005 506 5070 posset
534 4999 809 5056 voluntas
833 5001 861 5056 ‘t
889 5002 1036 5066 Quia
1085 5003 1195 5059 etsi
1247 4977 1432 5074 possit
1469 4977 1796 5076 antequam

143 5093 326 5158 petat,
356 5087 502 5159 quid
536 5089 584 5142 ei
617 5088 876 5159 prodest,
910 5092 1022 5147 nisi
1052 5091 1131 5147 illi
1172 5099 1310 5163 agat
1350 5095 1573 5164 gratias
1613 5112 1684 5151 ex
1725 5111 1796 5153 eo

139 5176 309 5248 quod
329 5182 542 5248 potest,
562 5193 597 5233 a
617 5193 737 5250 quo
757 5181 1083 5251 petendum
1105 5189 1192 5238 est
1216 5183 1380 5255 quod
1404 5185 1675 5241 nondum
1689 5201 1795 5256 po-

141 5265 298 5322 test?
327 5266 490 5322 Unde
514 5268 697 5323 etiam
727 5268 830 5340 qui
856 5269 986 5340 jam
1015 5271 1330 5327 continens
1347 5278 1452 5339 est,
1484 5289 1603 5330 non
1618 5274 1798 5331 habet

142 5355 346 5426 utique
373 5355 826 5424 continentiam,
863 5358 977 5413 nisi
1004 5360 1157 5415 adsit
1198 5360 1477 5417 voluntas
1508 5381 1519 5430 ;
1555 5364 1656 5419 sed
1681 5365 1796 5419 nisi

136 5445 488 5516 accepisset,
522 5446 672 5517 quid
701 5447 944 5504 haberet
982 5449 1255 5505 voluntas
1276 5451 1304 5507 7
1345 5450 1496 5515 Quid
1523 5452 1677 5508 enim
1701 5452 1798 5508 ha-

139 5533 249 5598 bes,
275 5534 481 5606 inquit,
517 5536 677 5606 quod
698 5552 818 5593 non
843 5538 1168 5607 accepisti?
1190 5539 1253 5595 Si
1281 5547 1477 5596 autem
1491 5543 1790 5610 accepisti,

137 5623 284 5694 quid
302 5625 590 5696 gloriaris
620 5626 784 5697 quasi
826 5643 941 5684 non
986 5629 1282 5699 acceperis
1337 5628 1393 5701 (Ι
1437 5629 1568 5686 Cor.
1596 5635 1650 5698 4,
1683 5633 1740 5706 7)
1768 5634 1797 5689 9

1423 159 1934 220 EPISTOLARUM
1974 161 2263 220 CLASSIS
2305 163 2398 220 Ill.

3483 170 3604 234 678ἶ

1941 287 2005 344 id
2025 293 2136 354 est,
2161 288 2313 356 Quid
2339 290 2614 361 gloriaris
2631 293 2806 365 quasi
2825 309 2860 351 a
2883 294 3071 366 teipso
3087 296 3336 364 habeas,
3353 302 3518 373 quod
3543 303 3598 358 si

1942 391 2062 432 non
2077 379 2438 449 accepisses,
2454 395 2490 436 a
2503 381 2692 452 teipso
2707 381 2929 438 habere
2959 399 3079 440 non
3095 402 3299 458 posses
3312 389 3340 445 ἳ
3357 392 3473 447 Hoc
3489 407 3598 448 au-

1943 470 2059 521 tem
2082 466 2308 523 dictum
2330 473 2436 534 est,
2465 475 2527 524 ut
2547 470 2650 541 qui
2667 470 2972 540 gloriatur,
3006 489 3126 530 non
3149 476 3210 530 in
3242 479 3458 550 seipso,
3488 483 3595 537 sed

1941 555 1998 609 in
2025 557 2275 611 Domino
2293 556 2659 627 glorietur(ll
2687 561 2819 615 Cor.
2855 578 2912 627 χ,
2941 563 3027 632 i7)
3057 580 3070 629 ;
3105 570 3160 620 et
3187 567 3290 638 qui
3318 569 3594 626 nondum

1937 642 2118 699 habet
2136 644 2296 700 unde
2314 646 2615 716 glorietur,
2633 663 2750 702 non
2778 665 2811 703 a
2824 650 3019 721 seipso
3042 662 3254 724 speret,
3272 657 3375 712 sed
3392 658 3592 714 Domi-

1936 746 2084 788 num
2127 738 2416 803 precetur.
2450 735 2647 790 Satius
2695 742 2783 792 est
2831 738 2989 794 enim
3038 743 3238 797 minus
3288 761 3594 819 quemque

1935 821 2157 877 habere
2171 823 2338 895 quod
2353 841 2387 879 a
2405 827 2521 880 Deo
2533 830 2906 898 petat,quam
2921 827 3053 899 plus
3064 830 3284 888 habere
3298 837 3461 905 quod
3479 837 3591 893 sibi

1934 910 2175 977 tribuat,
2195 913 2486 984 quoniam
2513 915 2748 986 expedit
2775 915 2851 972 ab
2884 918 3005 973 imo
3039 934 3280 989 surgere
3301 940 3482 995 quam
3517 943 3590 982 ex

1933 999 2054 1056 alto
2079 1002 2322 1057 cadere:
2350 1004 2502 1059 Deus
2516 1004 2992 1076 enim,scrip1um
3010 1014 3117 1075 est,
3133 1012 3402 1079 superbis
3424 1017 3592 1071 resis-

1933 1088 2359 1154 tit,humilibus
2385 1099 2588 1148 autem
2623 1094 2730 1150 dat
2753 1095 3013 1165 gratiam
3046 1097 3270 1169 (Jacobi
3296 1119 3370 1168 IV,
3399 1104 3474 1175 6).
3505 1105 3592 1161 Ad

1933 1177 2370 1235 abundantiam
2397 1180 2582 1250 igitur
2604 1182 2956 1240 delictorum
2980 1185 3072 1241 lex
3105 1204 3214 1243 nos
3241 1191 3415 1248 docet
3444 1194 3592 1266 quid

1932 1266 2080 1323 velle
2109 1268 2459 1337 debeamus,
2492 1271 2603 1326 nisi
2635 1271 2881 1343 adjuvet
2901 1274 3112 1343 gratia,
3146 1282 3211 1332 ut
3240 1282 3404 1352 quod
3430 1284 3593 1340 volu-

1928 1371 2064 1411 mus
2095 1357 2427 1425 valeamus,
2462 1365 2518 1414 et
2557 1361 2722 1432 quod
2767 1362 3127 1420 valuerimus
3150 1369 3166 1402 ¹
3201 1368 3588 1441 impleamus.

1929 1444 2248 1517 Adjuvabit
2275 1453 2496 1514 autem,
2518 1449 2567 1503 si
2600 1464 2722 1504 non
2754 1450 2827 1505 de
2858 1454 3335 1524 nostrisgviribus
3369 1476 3592 1531 praesu-

1931 1539 2156 1589 mentes
2169 1534 2289 1591 alta
2310 1536 2644 1607 sapiamus,
2661 1539 2764 1593 sed
2787 1539 3122 1598 humilibus
3147 1550 3588 1608 consentientes

1927 1624 2120 1695 (Rom.
2142 1639 2244 1689 xu,
2269 1625 2380 1694 t6),
2412 1630 2468 1680 et
2493 1627 2567 1681 de
2592 1627 2660 1681 iis
2686 1630 2969 1700 quaajam
2996 1647 3343 1702 possumus,
3366 1641 3587 1708 gratias

1928 1726 2207 1782 agamus,
2241 1717 2297 1768 et
2328 1729 2435 1784 pro
2465 1715 2535 1770 iis
2559 1731 2695 1786 quae
2725 1717 3006 1775 nondum
3025 1737 3368 1792 possumus,
3400 1729 3585 1785 Deum

1930 1799 2278 1871 suppliciter
2294 1801 2560 1859 inhiante
2576 1803 2876 1861 voluntate
2894 1821 3239 1877 poscamus;
3256 1813 3588 1871 adminicu-

1926 1887 2117 1944 lantes
2129 1889 2461 1946 orationem
2475 1897 2741 1948 nostram
2765 1894 3190 1954 misericordiae
3214 1904 3234 1935 ²
3262 1900 3586 1960 fructuosis

1927 1977 2231 2048 operibus,
2249 1979 2532 2052 dandout
2551 1981 2723 2038 detur
2737 1983 3298 2051 nobis,dimittendo
3317 1992 3587 2051 utdimit-

1929 2069 2084 2121 tatur
2109 2066 2312 2124 nobis.

1999 2155 2221 2211 CAPUT
2252 2159 2342 2212 lll.
2373 2186 2444 2197 —
2473 2159 2560 2214 ti.
2595 2160 2766 2225 Quod
2809 2166 3012 2219 autem
3051 2165 3257 2224 dicunt
3290 2169 3580 2229 infantem

1927 2247 2114 2299 morte
2128 2250 2645 2314 praeventummon
2659 2247 3024 2320 baptizatum
3032 2256 3245 2325 ,perire
3258 2274 3374 2315 non
3388 2277 3581 2333 posse,

1925 2333 2213 2403 quoniam
2227 2334 2353 2389 sine
2369 2340 2614 2406 peccato
2630 2340 2895 2394 nascitur
2913 2357 2925 2395 :
2942 2357 3058 2398 non
3072 2344 3179 2400 hoc
3192 2345 3333 2404 dicit
3345 2354 3584 2420 Aposto-

1923 2419 2018 2476 lus
2049 2437 2062 2487 ;
2093 2425 2148 2477 et
2163 2421 2419 2479 arbitror
2431 2438 2559 2481 esse
2572 2425 2787 2481 melius
2803 2431 3153 2501 utApostolo
3171 2437 3368 2506 potius
3391 2419 3578 2511 quam

1923 2508 2049 2564 istis
2063 2510 2399 2567 credamus.
2420 2513 2561 2570 Dicit
2575 2514 2734 2571 enim
2750 2515 2844 2572 ille
2858 2517 3068 2576 doctor
3081 2508 3445 2592 Gentium,in
3461 2545 3582 2601 quo

1919 2597 2183 2655 Christus
2208 2599 2723 2672 loquebatur,Per
2753 2622 2937 2664 unum
2954 2610 3246 2670 hominem
3269 2597 3582 2684 peccatum

1921 2689 2173 2745 intravit
2185 2689 2248 2745 in
2264 2692 2575 2761 mundum,
2591 2701 2644 2750 et
2669 2711 2778 2764 per
2803 2707 3114 2765 peccatum
3146 2719 3323 2776 mors,
3345 2714 3398 2763 et
3417 2710 3499 2766 ita
3517 2711 3580 2766 in

1920 2791 2105 2832 omnes
2125 2778 2380 2834 homines
2391 2782 2828 2850 pertransiit,in
2841 2802 2949 2857 quo
2965 2803 3156 2847 omnes
3165 2806 3582 2862 peccaverunt:

1921 2869 1976 2920 et
2014 2866 2198 2936 paulo
2222 2871 2358 2938 post
2386 2869 2549 2938 dicit,
2571 2871 2727 2927 Nam
2751 2875 3044 2940 iudicium
3081 2880 3318 2950 quidem
3359 2901 3431 2942 ea:
3460 2904 3580 2943 uno

1918 2953 2133 3010 delicto
2155 2955 2218 3009 in
2249 2957 2809 3025 condemnationem,
2832 2964 3029 3031 gratia
3051 2973 3246 3024 autem
3272 2985 3347 3027 ex
3376 2976 3579 3029 multis

1917 3041 2148 3098 delictis
2173 3043 2236 3098 in
2246 3045 2738 3113 justiﬁeationem
2773 3049 2941 3121 (Luc.
2969 3057 3147 3125 vx,37,
3183 3057 3295 3129 38).
3328 3062 3580 3119 Proinde

1918 3131 2035 3198 isti,
2067 3148 2250 3204 quem
2283 3134 2433 3191 forte
2465 3136 2801 3195 invenerint
2834 3140 3110 3198 infantem
3159 3161 3275 3203 non
3307 3165 3379 3205 ex
3417 3151 3575 3208 illius

1917 3220 2095 3276 unius
2122 3221 2388 3279 hominis
2419 3225 2906 3298 concupiscentia
2935 3241 3336 3305 procreatum,
3370 3241 3574 3312 ipsum

1915 3308 2118 3368 dicant
2148 3310 2228 3367 illi
2254 3311 2637 3371 damnationi
2663 3332 2786 3373 non
2811 3333 2943 3375 esse
2972 3321 3300 3383 obnoxium
3334 3308 3442 3385 nec
3473 3347 3580 3403 per

1916 3398 2124 3456 Christi
2137 3400 2392 3470 gratiam
2421 3403 2498 3458 ab
2513 3403 2614 3460 illa
2626 3404 3014 3466 damnatione
3027 3398 3577 3478 esseliberandum.

1920 3487 2074 3552 Quid
2104 3494 2195 3545 est
2215 3491 2395 3556 enim,
2422 3506 2498 3548 ea:
2519 3508 2639 3549 uno
2669 3494 2883 3552 delicto
2911 3498 2974 3554 in
3007 3502 3576 3577 condemnationem,

1919 3576 2033 3632 nisi
2066 3578 2126 3668 in
2152 3579 2252 3635 illo
2268 3580 2482 3637 delicto
2502 3598 2626 3654 quo
2659 3583 2908 3658 deliquit
2937 3589 3128 3647 Adam
3155 3591 3184 3648 7
3203 3599 3260 3650 et
3289 3598 3435 3668 quid
3469 3576 3576 3667 est,

1918 3679 1994 3722 ea:
2005 3666 2204 3723 muttis
2216 3668 2444 3725 delictis
2463 3670 2526 3726 in
2530 3673 3048 3743 justiﬁcationem,
3066 3680 3175 3735 nisi
3204 3666 3345 3756 quia
3363 3666 3574 3747 Christi

1917 3755 2107 3824 gratia
2119 3772 2240 3812 non
2255 3758 2451 3814 solum
2470 3759 2616 3816 illud
2632 3778 2816 3818 unum
2839 3765 3118 3824 delictum
3135 3755 3456 3847 solvit,quo
3470 3780 3575 3834 ob-

1917 3844 2564 3914 stringunturinfantes
2599 3866 2671 3905 ex
2696 3851 2795 3908 illo
2829 3869 2949 3910 uno
2979 3855 3222 3915 homine
3255 3844 3569 3933 pro—creati,

1915 3932 2020 3987 sed
2033 3933 2211 3989 etiam
2231 3933 2419 3991 multa
2434 3935 2809 4010 delictaque:
2823 3957 2959 3998 cum
2972 3932 3569 4024 creverinthomines,

1915 4021 2147 4078 addunt
2173 4023 2345 4079 malis
2363 4026 2630 4081 moribus
2658 4029 2830 4084 suis?
2858 4033 3079 4091 Tamen
3105 4041 3163 4093 et
3199 4037 3344 4096 illud
3360 4021 3569 4113 unum,

1912 4125 2036 4202 quo
2065 4111 2426 4202 estobligata
2445 4129 2716 4187 propago
2729 4120 2988 4176 carnalis
3001 4139 3138 4195 qua;
3154 4126 3346 4185 abillo
3374 4111 3569 4202 primo

1911 4197 2155 4256 homine
2171 4201 2462 4271 originem
2475 4203 2936 4272 ducit,sufﬁcere
2953 4211 3097 4269 dicit
3109 4216 3186 4270 ad
3201 4197 3568 4281 condemna-

1911 4286 2155 4344 tionem.
2174 4288 2316 4346 Ideo
2331 4306 2452 4347 non
2471 4297 2554 4349 est
2570 4295 2912 4366 superﬂuus
2925 4299 3262 4371 baptismus
3281 4311 3568 4379 parvulo-

1909 4391 2060 4445 rum,
2091 4379 2278 4450 utqui
2312 4395 2419 4451 per
2453 4385 2900 4451 generationem
2954 4388 3032 4443 illi
3078 4393 3566 4456 condemnationi

1908 4465 2149 4536 obligati
2164 4474 2433 4540 sunt,per
2445 4473 2957 4540 regenerationem
2971 4477 3049 4532 ab
3061 4482 3570 4552 eademjcondem-

1908 4555 2148 4610 natione
2161 4555 2813 4617 solvanturzsicutenim
2828 4578 2945 4619 non
2960 4565 3255 4627 invenitur
3266 4572 3451 4632 homo
3463 4579 3568 4650 qui

1907 4649 2119 4714 prater
2137 4644 2329 4701 Adam
2361 4647 2678 4704 carnaliter
2707 4656 3060 4719 generetur3
3086 4672 3102 4723 ;
3139 4659 3223 4715 sic
3248 4676 3369 4720 non
3398 4644 3561 4724 inve-

1906 4732 2066 4787 nitur
2083 4733 2268 4790 homo
2297 4735 2399 4806 qui
2429 4742 2644 4806 praeter
2674 4739 2972 4799 Christum
2992 4747 3374 4817 spiritualiter
3397 4772 3562 4830 rege-

1906 4827 2163 4877 neretur.
2189 4823 2456 4880 Carnalis
2489 4833 2687 4883 autem
2703 4832 3004 4898 generatio
3026 4835 3240 4895 delicto
3262 4841 3342 4898 illi
3361 4823 3564 4911 uni:et

1907 4909 2345 4983 damnationiej
2357 4915 2733 4974 us‘obnoxia
2756 4925 2873 4986 est;
2891 4923 3214 4994 spiritualis
3230 4946 3368 4988 vero
3392 4909 3563 5005 rege-

1909 5001 2135 5055 neratio
2151 5016 2266 5056 non
2281 5002 2472 5060 solum
2485 5003 2629 5061 illud
2647 5023 2831 5065 unum
2847 5018 3072 5084 propter
3084 5019 3246 5088 quod
3257 5001 3561 5093 baptizan-

1908 5092 2002 5144 tur
2030 5087 2305 5156 infantes,
2339 5092 2444 5147 sed
2475 5093 2662 5153 multa
2701 5096 2914 5156 delicta
2943 5101 3085 5160 facit
3111 5087 3385 5180 aboleri,
3419 5127 3557 5183 quas

1968 5267 1982 5298 ¹
2014 5265 2143 5316 Cdd.
2167 5267 2295 5325 duo,
2328 5266 2661 5322 voluerimus.

1968 5331 1986 5360 ³
2005 5328 2132 5405 Dad.
2150 5330 2265 5378 Am.
2285 5332 2364 5405 Er.
2388 5336 2440 5382 et
2451 5333 2577 5383 Mss.
2600 5335 2707 5405 duo
2722 5337 2910 5405 vatim,
2928 5355 3080 5392 nunc.
3113 5345 3548 5405 adminiculante:

1907 5393 2191 5460 orationem
2220 5401 2451 5460 nostram
2484 5412 2619 5446 nunc
2638 5393 2933 5460 fructuosis,
2953 5407 3055 5454 etc.

1967 5453 2268 5533 "Daddm.
2289 5461 2344 5533 et.
2357 5458 2457 5514 ΕΓ..
2472 5473 2566 5520 per
2576 5453 3010 5533 regenerationem
3023 5453 3328 5525 liberantur.
3345 5476 3412 5527 Et
3426 5494 3447 5528 ε
3458 5481 3556 5533 icut

1906 5530 2012 5587 non
2038 5519 2493 5602 inveniturnomo}
2525 5524 2612 5584 qui
2632 5519 2704 5573 'ab
2733 5526 2906 5575 eadem
2932 5519 3551 5602 damnationes-03%;;

1905 5583 1976 5628 sic
2009 5593 2114 5627 non
2137 5583 2415 5640 invenitur,
2440 5583 2540 5633 etc.

1969 5642 1985 5670 ⁴
2010 5641 2130 5691 Mss.
2155 5643 2376 5708 aliquot,
2413 5649 2465 5695 et
2481 5651 2601 5699 Am.
2637 5648 2756 5700 Bad.
2795 5653 2880 5703 Er.
2915 5654 3264 5720 [damnationi
3311 5666 3558 5734 obnoxia]
