4098 6166
560 143 668 201 679

548 268 824 325 homines
837 267 995 326 male
1008 267 1288 333 vivendo,
1303 266 1380 325 ad
1392 266 1537 323 illud
1550 267 1611 323 in
1624 281 1747 339 quo
1760 266 2028 343 generati
2041 269 2197 330 sunt,

549 357 931 414 addiderunt.
951 358 1087 412 Ideo
1120 356 1609 427 sequituretdicit
1640 373 1653 412 :
1686 356 1746 411 Si
1768 358 1927 413 enim
1941 356 2007 412 ob
2031 355 2201 410 unius

547 447 822 504 delictum
854 462 1005 502 mors
1034 446 1300 515 regnavit
1314 460 1422 515 per
1452 462 1658 513 unum,
1693 446 1880 502 multo
1895 445 2082 516 magis
2100 444 2203 515 qui

549 534 973 592 abundantiam
1020 534 1228 604 gratiae
1252 543 1302 590 et
1322 535 1577 604 justitias
1626 535 1951 604 accipiunt,
1983 535 2046 589 in
2079 534 2201 589 vita

549 625 886 695 regnabant
906 639 1015 693 per
1044 625 1442 680 unumJesum
1465 625 1792 680 Christum.
1819 625 2029 695 Itaque
2053 625 2202 679 sicut

543 728 653 783 per
675 714 846 767 unius
868 713 1151 769 delictum
1177 713 1239 768 in
1261 729 1453 769 omnes
1477 714 1740 770 homines
1754 715 1834 770 ad
1858 713 2202 770 condemna-

549 802 763 858 tionem
787 815 809 873 ,'
838 803 920 856 ita
951 818 1058 870 per
1078 802 1248 856 unius
1270 803 1763 872 justiﬁcationem
1794 803 1856 858 in
1881 818 2072 858 omnes
2103 802 2202 858 ho-

551 890 733 947 mines
748 890 828 946 ad
833 890 1318 960 justiﬁcationem
1342 891 1494 947 vitae.
1524 892 1689 947 Sicut
1703 892 1857 947 enim
1878 907 1985 960 per
1997 891 2203 947 inobe-

551 979 835 1037 dimtiam
876 981 1051 1034 unius
1084 979 1336 1035 hominis
1366 987 1703 1048 peccatores
1742 979 2048 1036 constituti
2069 984 2203 1033 sunt

553 1068 731 1125 multi
754 1082 778 1124 .°
800 1068 881 1122 ita
890 1083 998 1137 per
1023 1068 1199 1123 unius
1212 1068 1588 1125 obedientiam
1593 1069 1739 1140 justi
1753 1069 2207 1126 constituuntur

552 1159 729 1213 multi
757 1158 949 1226 (Rom.
980 1173 1035 1222 v,
1076 1161 1158 1222 12,
1194 1158 1309 1227 19).

628 1251 706 1301 12.
731 1246 884 1311 Quid
910 1244 987 1301 ad
1014 1245 1131 1301 ista
1151 1245 1555 1302 dicturisunt‘?
1590 1253 1694 1303 aut
1719 1248 1865 1320 quid
1894 1247 1980 1303 eis
2003 1251 2204 1311 restat,

552 1335 668 1411 nisi
700 1341 762 1391 ut
790 1334 1140 1406 Apostolum
1168 1350 1397 1390 errasse
1427 1335 1830 1392 contendant?
1847 1335 2078 1392 Clamat
2101 1352 2207 1392 vas

553 1423 1098 1491 electionis,doctor
1112 1424 1562 1490 Gentium,tuba
1576 1424 1806 1490 Christi,
1819 1426 2122 1482 Judicium
2132 1438 2208 1481 ea:

555 1528 673 1569 uno
687 1516 749 1568 in
761 1512 1728 1570 condemnationem:etreclamant
1742 1514 2207 1579 isti,asserentes

556 1602 862 1671 parvulos,
892 1618 1046 1673 quos
1068 1618 1141 1656 ex
1154 1601 1252 1656 illo
1287 1618 1404 1657 uno
1423 1602 1668 1658 homine
1681 1603 1755 1658 de
1780 1620 1901 1675 quo
1922 1603 2204 1675 loquitur,

554 1690 772 1745 ducere
785 1691 1183 1761 propaginem
1203 1690 1578 1757 conﬁtentur,
1614 1707 1735 1747 non
1751 1692 1832 1747 ire
1848 1692 1908 1748 in
1925 1691 2207 1747 condem-

554 1780 879 1845 nationem,
896 1779 1000 1833 etsi
1016 1778 1076 1833 in
1098 1779 1325 1834 Christo
1347 1795 1467 1834 non
1482 1779 1699 1835 fuerint
1716 1780 2019 1852 haptizati.
2038 1779 2207 1837 Judi-

555 1870 732 1934 cium,
751 1868 961 1939 inquit.
977 1883 1051 1923 ea:
1073 1883 1190 1922 uno
1206 1868 1267 1923 in
1284 1868 1826 1925 condemnationem
1841 1870 2020 1941 :quid
2046 1869 2204 1935 dicit,

553 1972 624 2013 ex
638 1972 773 2022 uno,
792 1956 921 2021 nisi,
936 1957 1473 2028 deticto?sequitur
1486 1958 1667 2023 enim,
1686 1958 1899 2015 Gratia
1912 1964 2107 2015 autem
2133 1973 2208 2015 ea:

552 2045 752 2101 multis
766 2045 997 2101 delictis
1010 2046 1072 2100 in
1084 2046 1751 2117 justiﬁcationem.Ergo
1765 2047 1901 2103 inde
1911 2048 1931 2118 j
1944 2047 2207 2102 udicium

554 2134 735 2191 etiam
766 2150 839 2189 ex
872 2150 988 2190 uno
1018 2134 1234 2189 delicto
1266 2134 1431 2190 ducit
1474 2135 1535 2190 in
1583 2136 2155 2192 condemnationem
2184 2152 2197 2190 :

553 2222 692 2279 hinc
723 2227 924 2279 autem
947 2224 1139 2293 gratia
1162 2223 1342 2278 etiam
1373 2239 1445 2279 ex
1462 2224 1906 2280 multisdelictis
1951 2225 2117 2280 ducit
2146 2225 2207 2280 in

547 2312 1035 2383 justiﬁcationem
1051 2355 1063 2368 .
1100 2312 1474 2383 Quapropter
1494 2313 1540 2367 si
1557 2329 1677 2368 non
1700 2314 2210 2370 audentresistere

553 2401 855 2472 Apostolo,
889 2405 1193 2471 exponant
1217 2400 1394 2455 nobis
1418 2416 1606 2472 quare
1645 2403 1937 2472 judicium
1971 2419 2043 2458 ex
2089 2418 2209 2459 uno

552 2489 764 2546 delicto
787 2489 969 2545 ducat
999 2489 1059 2543 in
1098 2489 1692 2555 condemnationem,
1727 2506 1865 2547 cum
1903 2508 1975 2547 ex
2009 2493 2209 2548 multis

554 2578 781 2634 delictis
805 2577 1080 2632 homines
1092 2576 1425 2632 damnandi
1443 2579 1681 2634 veniant
1699 2579 1773 2634 ad
1780 2579 1800 2649 j
1813 2580 2213 2637 udicium.Aut

557 2666 608 2721 si
634 2670 950 2737 propterea
978 2666 1055 2720 ita
1080 2664 1303 2720 dictum
1328 2670 1560 2736 putant,
1576 2668 1721 2738 quia
1736 2668 1968 2723 initium
1983 2669 2211 2741 peccati

556 2769 628 2810 ex
644 2755 837 2809 Adam
860 2753 1083 2810 factum
1098 2760 1208 2822 est,
1231 2754 1621 2825 quodimitati
1639 2756 1831 2811 centeri
1850 2763 2009 2824 sunt,
2040 2764 2100 2814 ut
2130 2759 2213 2814 sic

557 2858 629 2899 ex
658 2858 777 2899 uno
801 2842 900 2898 illo
918 2842 1199 2898 delictoin
1209 2842 1505 2913 judicium
1523 2845 2213 2920 condemnationemque

558 2932 928 2989 traherentur
941 2932 1193 3003 quieum
1216 2932 1510 2988 imitando
1535 2934 1723 2990 multa
1735 2942 2062 3007 peccarunt
2078 2952 2091 3002 ;
2110 2952 2215 2993 cur

556 3037 679 3078 non
695 3022 876 3078 etiam
895 3020 969 3076 de
982 3020 1173 3091 gratia
1186 3026 1245 3076 et
1270 3020 1693 3093 justiﬁcatione
1721 3026 1804 3080 sic
1820 3025 2044 3081 dictum
2071 3031 2159 3082 est
2184 3027 2214 3078 ‘t

556 3126 663 3167 cur
693 3124 814 3165 non
840 3108 986 3164 dixit
1016 3108 1302 3175 similiter,
1331 3111 1605 3179 Etgratia
1632 3126 1707 3166 ex
1738 3128 1857 3169 uno
1904 3113 2118 3170 delicto
2152 3115 2212 3170 in

549 3199 1040 3271 justiﬁcationem
1056 3198 1083 3253 7
1108 3199 1266 3254 Sicut
1280 3198 1441 3253 enim
1465 3198 1782 3257 hominum
1798 3203 1984 3259 multa
1999 3203 2214 3262 delicta

556 3287 863 3345 interillud
879 3303 1063 3342 unum
1088 3286 1483 3359 quodimitati
1515 3297 1675 3359 sunt,
1694 3295 1751 3346 et
1770 3291 2067 3362 judicium
2089 3309 2211 3365 quo

554 3378 904 3450 puniuntur,
942 3376 1140 3431 media
1168 3378 1545 3447 reperiuntur
1575 3397 1591 3448 ;
1628 3380 1705 3435 ab
1742 3396 1857 3436 uno
1883 3382 2107 3455 quippe
2133 3385 2212 3441 ad

552 3467 744 3523 multa
773 3470 1081 3529 venerunt,
1101 3470 1210 3520 uta
1236 3463 1437 3521 multis
1452 3466 1528 3522 ad
1542 3466 1841 3537 judicium
1862 3470 2207 3528 damnatio-

553 3570 814 3629 nemque
845 3554 1228 3609 ducerentur:
1259 3553 1345 3608 sic
1359 3554 1565 3611 eadem
1596 3555 1784 3614 multa
1822 3558 2038 3617 delicta
2059 3563 2210 3617 inter

552 3643 667 3699 hoc
681 3644 879 3714 ipsum
908 3658 1095 3697 unum
1113 3641 1284 3713 cujus
1302 3642 1631 3700 imitatione
1651 3648 1973 3706 commissa
1990 3656 2211 3721 sunt,et

557 3733 810 3803 gratiam
823 3747 946 3804 qua
970 3732 1371 3797 dimittuntur,
1394 3733 1607 3790 eodem
1620 3735 1805 3792 modo
1818 3737 2020 3794 media
2032 3746 2170 3795 sunt
2190 3759 2207 3811 ;

555 3821 843 3895 quoniam
858 3836 930 3877 ex
951 3820 1048 3877 illo
1064 3836 1181 3876 uno
1212 3822 1290 3877 ad
1307 3823 1495 3879 multa
1515 3831 1825 3891 venerunt,
1850 3832 1908 3883 ut
1921 3843 1994 3883 ex
2008 3828 2210 3885 multis

557 3911 635 3967 ad
665 3910 922 3982 gratiam
946 3909 1317 3981 justiﬁcandi
1348 3912 1635 3968 venirent.
1654 3913 1798 3969 Cum
1813 3930 1957 3986 ergo
1978 3919 2039 3971 in
2055 3922 2212 3974 utro-

555 4014 694 4071 que,
728 3998 787 4054 id
801 4004 891 4054 est
912 3998 1199 4069 etjudicio
1213 4005 1268 4054 et
1289 4001 1499 4069 gratia,
1517 4001 1679 4073 quod
1692 4003 1898 4059 attinet
1917 4005 1994 4060 ad
2019 4022 2209 4062 unum

555 4096 613 4145 et
643 4088 833 4144 multa
862 4087 1094 4153 delicta,
1118 4089 1585 4163 unaeademque
1600 4094 1749 4149 ratio
1763 4096 1839 4150 sit
1859 4095 2091 4160 ;dicant
2116 4097 2211 4153 isti

555 4176 736 4233 nobis
767 4192 955 4248 quare
969 4176 1264 4246 judicium
1286 4177 1585 4234 dixeritex
1615 4197 1731 4237 uno
1762 4182 1977 4240 delicto
2000 4184 2212 4243 ducere

557 4265 616 4321 in
638 4266 1229 4330 condemnationem,
1243 4268 1500 4337 gratiam
1519 4284 1658 4325 vero
1678 4286 1751 4326 ex
1764 4272 1965 4329 multis
1980 4274 2211 4333 delictis

554 4355 616 4411 in
637 4353 1150 4427 justiﬁcationem.
1180 4356 1295 4410 Aut
1332 4358 1718 4429 acquiescant
1747 4360 1881 4418 ideo
1946 4365 2028 4420 sic
2083 4380 2211 4422 esse

554 4444 804 4511 dictum,
832 4444 979 4516 quia
999 4443 1060 4499 in
1072 4444 1186 4499 hac
1204 4460 1389 4501 causa
1406 4446 1528 4503 duo
1551 4450 1989 4508 constituuntur
2018 4454 2211 4511 homi-

558 4548 665 4591 nes
691 4552 709 4606 ;
744 4533 1043 4599 Adam,ex
1062 4548 1182 4605 quo
1214 4534 1485 4591 consistit
1508 4540 1815 4606 generatio
1847 4543 2127 4611 carnalis,
2155 4550 2212 4601 et

559 4622 849 4692 Christus,
876 4638 944 4679 ex
969 4638 1091 4695 quo
1138 4624 1509 4693 regeneratio
1550 4627 1890 4698 spiritualis.
1923 4631 2035 4688 Sed
2067 4633 2211 4704 quia

558 4711 904 4769 tantumille
920 4711 1124 4777 homo,
1142 4710 1461 4769 isteautem
1483 4719 1540 4771 et
1560 4715 1714 4772 Deus
1741 4723 1795 4775 et
1830 4720 2013 4777 homo
2043 4736 2057 4789 ;
2090 4737 2211 4778 non

559 4799 871 4872 quomodo
887 4799 987 4856 illa
1012 4802 1314 4869 generatio
1328 4818 1446 4857 uno
1460 4803 1673 4861 delicto
1686 4806 2104 4881 obligat,quod
2121 4816 2210 4867 est

560 4905 632 4945 ex
644 4888 1080 4956 Adam,itaista
1104 4892 1476 4959 regeneratio
1503 4909 1685 4951 unum
1702 4897 1984 4954 delictum
2014 4899 2210 4956 solum

562 4978 707 5036 solvi
721 4985 758 5040 t.
779 4977 944 5051 quod
960 4982 1046 5034 est
1057 4994 1127 5033 ex
1143 4979 1477 5037 Adam.Sed
1496 4982 1574 5037 illi
1588 4986 1832 5056 quidem
1846 4988 2213 5056 generationi

563 5068 873 5125 sufticitad
890 5067 1455 5126 condemnationem
1474 5074 1647 5128 unius
1672 5075 1868 5132 delicti
1884 5079 2209 5148 connexio;

559 5158 857 5231 quidquid
885 5159 1044 5215 enim
1078 5163 1284 5230 postea
1320 5159 1597 5218 homines
1614 5180 1684 5219 ex
1714 5165 1892 5220 malis
1922 5170 2044 5221 suis
2075 5183 2215 5239 ope-

558 5247 726 5304 ribus
754 5247 1003 5319 addunt,
1034 5264 1155 5305 non
1188 5250 1441 5320 pertinet
1465 5251 1717 5309 adillam
1742 5257 2210 5325 generationem,

560 5338 661 5392 sed
678 5337 755 5391 ad
768 5337 1102 5393 humanam
1115 5339 1628 5396 conversationem
1649 5360 1661 5396 :
1682 5342 1820 5398 huic
1837 5351 2035 5400 autem
2050 5362 2213 5417 rege-

560 5426 853 5481 nerationi
868 5443 981 5482 non
997 5426 1371 5484 suiﬁcitillud
1384 5429 1655 5485 delictum
1671 5435 2084 5491 tantummodo
2106 5437 2215 5492 sol-

562 5526 695 5566 vere
725 5514 888 5584 quod
918 5531 990 5571 ex
1014 5516 1207 5572 Adam
1260 5518 1526 5590 trahitur,
1555 5520 1661 5575 sed
1699 5522 1999 5595 quidquid
2028 5525 2208 5582 etiam

562 5604 771 5675 postea
783 5616 854 5656 ex
870 5603 1089 5675 iniquis
1110 5605 1393 5678 operibus
1417 5609 1704 5667 humanae
1735 5614 2211 5672 conversationis

1828 140 1888 201 S.
1927 139 2017 196 ΑΒ
2027 133 2311 196 GUSTINI
2349 134 2669 192 EPISCOPI

3819 150 3908 206 ωο

2308 262 2556 319 accedit.
2575 260 2711 318 Ideo
2732 260 3030 333 judicium
3049 277 3120 318 ex
3142 277 3265 319 uno
3283 262 3341 320 in
3363 264 3911 341 condemnationem,

2308 352 2500 422 gratia
2521 355 2722 408 autem
2738 366 2809 406 ex
2828 351 3027 407 multis
3048 352 3346 408 delictisin
3374 355 3855 423 iustiﬁcationem.

2384 445 2466 497 i3.
2499 441 2563 497 Si
2590 441 2743 497 enim
2770 440 2834 496 ob
2864 441 3038 497 unius
3058 442 3339 499 delictum
3367 459 3527 500 mors
3554 448 3809 516 regnavit
3825 466 3919 522 per

2309 546 2515 596 unum,
2532 545 2702 601 aquo
2723 528 2937 586 delicto
2958 531 3191 601 parvuli
3206 547 3308 601 per
3340 533 3925 610 Baptismumexpian—

2312 625 2428 685 tur;
2455 621 2641 675 multo
2662 619 2850 690 magis
2862 620 2960 690 qui
2972 619 3401 678 abundantiam
3414 623 3629 693 gratiae
3642 633 3691 680 et
3713 627 3928 696 justitia'

2309 709 2634 778 accipiunt,
2657 708 2721 763 in
2750 710 2870 764 vita
2890 710 3229 779 regnabant
3239 726 3340 781 per
3352 727 3535 768 unum
3553 713 3743 769 Jesum
3759 715 3929 774 Chris-

2311 803 2429 853 tum
2463 814 2479 851 :
2507 796 2695 852 multo
2723 797 2916 867 magis
2950 798 3148 868 utique
3165 796 3226 853 in
3259 800 3378 854 vita
3411 801 3744 869 regnabunt
3766 819 3782 872 ;
3807 807 3929 876 quia

2311 892 2546 942 aeternae
2577 886 2741 941 vitae1
2776 901 3029 955 regnum
3056 888 3179 949 erit.
3216 903 3379 943 mors
3401 894 3602 945 autem
3622 889 3680 944 in
3701 892 3779 947 eis
3809 898 3927 950 tem-

2314 975 2595 1046 poraliter
2618 974 2844 1043 transit,
2877 991 2995 1030 non
3028 975 3089 1031 in
3125 980 3413 1032 aeternum
3442 978 3732 1048 regnabit.
3761 981 3931 1052 Itaque

2310 1064 2461 1120 sicut
2488 1078 2599 1133 per
2628 1065 2804 1119 unius
2834 1064 3116 1120 delictum
3146 1064 3210 1120 in
3232 1080 3429 1122 omnes
3459 1066 3705 1123 homines
3724 1069 3801 1125 ad
3823 1083 3932 1127 con-

2312 1152 2784 1223 demnationem;
2816 1153 2890 1207 de
2918 1169 3042 1224 qua
3066 1153 3573 1211 condemnatione
3608 1157 3825 1227 parvuli
3846 1174 3932 1229 per

2315 1249 2762 1299 sacramentum
2777 1241 3066 1313 Baptismi
3088 1242 3384 1299 liberandi
3401 1245 3664 1301 sunt:ita
3674 1247 3933 1313 perunius

2303 1331 2783 1402 justiﬁcationem
2817 1330 2879 1386 in
2905 1346 3103 1388 omnes
3120 1330 3380 1388 homines
3401 1333 3933 1403 adjustiﬁcationem

2314 1421 2469 1477 vita.
2502 1421 2565 1474 Et
2586 1420 2682 1475 hic
2707 1434 2903 1476 omnes
2948 1420 3117 1486 dixit,
3166 1426 3222 1476 et
3246 1420 3370 1489 ibi;
3407 1436 3530 1477 non
3570 1422 3713 1494 quia
3756 1438 3936 1480 omnes

2312 1510 2587 1565 homines
2616 1508 2861 1565 veniunt
2891 1508 2968 1566 ad
2996 1510 3248 1579 gratiam
3273 1510 3713 1581 justiﬁoationis
3734 1513 3933 1579 Christi,

2313 1614 2452 1654 cum
2480 1604 2600 1654 tam
2628 1597 2798 1654 multi
2819 1597 3055 1655 alienati
3069 1598 3277 1665 abilla,
3308 1599 3366 1655 in
3392 1605 3680 1656 aeternum
3712 1599 3934 1657 morian-

2316 1693 2407 1743 tur
2431 1704 2444 1742 :
2480 1687 2586 1743 sed
2598 1687 2737 1759 quia
2757 1702 2970 1743 omnes
2983 1688 3087 1760 qui
3104 1689 3578 1745 renascunturin
3597 1690 3936 1759 justiﬁcatio-

2312 1776 2721 1841 nem,nonnisi
2738 1792 2843 1849 per
2859 1776 3151 1833 Christum
3173 1785 3587 1844 renascuntur;
3604 1778 3935 1834 sicutomnes

2313 1866 2417 1937 qui
2431 1871 2757 1921 nascuntur
2769 1866 2827 1920 in
2842 1866 3409 1935 condemnationem,
3420 1867 3655 1922 nonnisi
3674 1867 3932 1939 perAdam

2314 1960 2653 2011 nascuntur.
2686 1957 2870 2010 Nemo
2882 1956 3106 2026 quippe
3123 1961 3214 2010 est
3237 1955 3298 2010 in
3313 1955 3413 2011 illa
3426 1956 3796 2025 generatione
3810 1972 3934 2026 prae-

2315 2048 2399 2099 ter
2418 2043 2631 2109 Adam,
2664 2059 2842 2099 nemo
2861 2044 2920 2098 in
2944 2044 3059 2099 ista
3074 2044 3524 2112 regeneratione
3543 2050 3747 2115 praeter
3768 2044 3934 2100 Chris-

2315 2139 2443 2189 tum
2468 2152 2479 2191 :
2516 2133 2649 2188 ideo
2676 2148 2895 2199 omnes,
2919 2138 3187 2189 etomnes
3208 2150 3228 2197 ;
3251 2134 3498 2189 eosdem
3524 2138 3720 2189 autem
3747 2148 3932 2195 omnes,

2314 2223 2495 2277 etiam
2524 2223 2741 2277 multos
2774 2228 2980 2293 postea
3009 2221 3173 2287 dicit,
3215 2221 3584 2292 adjungens,
3615 2222 3775 2278 Sicut
3802 2222 3928 2279 enim

2311 2326 2422 2381 per
2444 2310 2899 2367 inobedientiam
2932 2310 3109 2366 unius
3136 2310 3405 2380 hominis,
3443 2316 3772 2380 peccatores
3798 2325 3934 2366 cons-

2317 2399 2481 2455 tituti
2515 2406 2651 2455 sunt
2679 2398 2885 2455 multi:
2906 2398 2990 2455 sic
3006 2406 3059 2455 et
3076 2414 3184 2468 per
3207 2399 3387 2456 unius
3422 2400 3675 2456 hominis
3702 2399 3935 2455 obedien-

2318 2489 2461 2543 tiam
2480 2487 3095 2563 justiconstituuntur
3113 2487 3439 2553 multi.Qui
3464 2488 3650 2553 multi,
3679 2487 3782 2542 nisi
3809 2500 3933 2559 quos

2313 2576 2441 2647 jam
2470 2576 2653 2647 paulo
2682 2582 2820 2631 ante
2849 2591 3046 2633 omnes
3086 2576 3355 2633 dixerat?

2397 2668 2477 2720 14.
2529 2665 2668 2720 Vide
2712 2665 3233 2737 quemadmodum
3271 2665 3661 2722 commendat
3694 2680 3858 2720 unum
3889 2667 3933 2717 et

2320 2770 2528 2820 unum,
2558 2754 2618 2809 id
2634 2760 2725 2809 est
2744 2754 2934 2810 Adam
2953 2761 3009 2809 et
3031 2754 3334 2810 Christum
3355 2770 3369 2821 ;
3390 2755 3558 2811 illum
3585 2755 3661 2811 ad
3688 2752 3931 2810 condem-

2321 2845 2643 2909 nationem,
2672 2844 2832 2899 hunc
2854 2844 2932 2900 ad
2944 2844 3466 2914 justiﬁcationem,
3498 2860 3634 2900 cum
3655 2848 3808 2900 tanto
3825 2845 3932 2912 post

2318 2934 2509 2989 Adam
2542 2934 2762 2989 venerit
2788 2933 3053 2988 Christus
3074 2934 3136 2989 in
3174 2949 3355 2990 carne
3383 2950 3395 2989 :
3426 2940 3488 2990 ut
3518 2934 3767 2989 sciamus
3786 2931 3932 2987 etiam

2319 3023 2599 3093 antiquos
2613 3022 2830 3092 justos,
2860 3022 3230 3094 quicumque
3260 3038 3395 3078 esse
3439 3025 3770 3095 potuerunt,
3810 3032 3929 3073 non-

2320 3110 2431 3166 nisi
2460 3126 2565 3181 per
2584 3110 2863 3166 eamdem
2894 3109 3077 3165 ﬁdem
3105 3111 3406 3178 liberatos,
3425 3127 3531 3183 per
3559 3125 3736 3182 quam
3757 3107 3931 3162 libera-

2321 3215 2456 3255 mur
2482 3205 2537 3255 et
2558 3215 2667 3254 nos
2683 3215 2697 3265 ;
2712 3198 2894 3254 ﬁdem
2911 3198 3575 3256 scilicetincarnationis
3591 3196 3805 3262 Christi,
3817 3208 3926 3267 qua:

2319 3288 2430 3344 illis
2446 3288 2980 3360 praenuntiabatur,
3000 3287 3151 3344 sicut
3171 3288 3347 3345 nobis
3373 3288 3536 3345 facta
3557 3286 3925 3345 annuntiatur.

2320 3378 2456 3433 ldeo
2477 3376 2638 3432 idem
2651 3375 2945 3433 Christum
2959 3379 3270 3433 hominem
3286 3377 3447 3445 dicit,
3475 3394 3609 3433 cum
3631 3377 3762 3431 sitet
3782 3373 3926 3437 Deus,

2317 3483 2392 3523 ne
2414 3468 2548 3539 quis
2577 3468 3361 3539 existimetantiquosjustos
3382 3483 3490 3539 per
3515 3468 3697 3523 Deum
3711 3468 3928 3520 tantum-

2318 3556 2501 3611 modo
2533 3555 2851 3621 Christum,
2882 3555 2943 3610 id
2983 3561 3070 3611 est
3109 3571 3215 3627 per
3262 3555 3524 3611 Verbum
3562 3553 3721 3626 quod
3748 3554 3853 3606 erat
3879 3547 3926 3601 in

2318 3644 2629 3716 principio,
2657 3659 2779 3700 non
2800 3645 2979 3700 etiam
3019 3660 3124 3715 per
3153 3644 3335 3699 ﬁdem
3363 3640 3777 3701 incarnationis
3802 3638 3925 3707 ejus,

2316 3748 2441 3804 qua
2461 3738 2517 3789 et
2544 3733 2729 3789 homo
2746 3732 3009 3789 Christus
3023 3732 3259 3799 dicitur,
3276 3732 3542 3804 potuisse
3557 3729 3799 3788 liberari.
3818 3728 3929 3783 Sen-

2318 3822 2501 3879 tentia
2528 3822 2632 3894 qui
2641 3822 2884 3893 ppeista
2898 3823 3122 3878 destrui
3148 3837 3269 3877 non
3284 3826 3503 3894 potest,
3519 3822 3593 3878 de
3616 3835 3733 3893 qua
3752 3822 3799 3873 et
3815 3811 3925 3871 alibi

2319 3912 2462 3967 dicit
2488 3927 2501 3966 :
2543 3913 2663 3967 Per
2690 3927 2875 3967 unum
2907 3910 3201 3968 hominem
3228 3926 3411 3977 mors,
3453 3918 3509 3967 et
3536 3925 3642 3981 per
3663 3921 3828 3963 unum
3849 3901 3928 3956 ho—

2317 4002 2533 4056 minem
2560 4000 2908 4056 resurrectio
2935 4007 3327 4056 mortuorum.
3349 3998 3680 4056 Sicutenim
3696 3996 3753 4051 in
3776 3992 3924 4049 Adam

2318 4104 2515 4145 omnes
2545 4088 2901 4155 moriuntur,
2935 4090 3020 4145 ita
3036 4095 3089 4144 et
3124 4088 3188 4144 in
3222 4088 3459 4144 Christo
3485 4100 3678 4146 omnes
3704 4081 3927 4148 viviﬁca-

2322 4177 2546 4234 buntur
2572 4178 2617 4249 (l
2646 4180 2781 4234 Cor.
2803 4194 2897 4242 xv,
2922 4180 3032 4249 21).
3069 4177 3278 4250 Utique
3309 4177 3788 4234 resurrectionem
3812 4166 3926 4224 dicit

2314 4267 2636 4338 justorum,
2668 4267 2769 4322 ubi
2797 4274 2885 4323 est
2907 4268 3027 4323 vita
3052 4273 3270 4324 aeterna
3295 4283 3307 4322 :
3332 4282 3453 4323 non
3478 4262 3926 4323 resurrectionem

2319 4356 2673 4427 iniquorum,
2685 4356 2785 4412 ubi
2800 4371 2952 4412 mors
2967 4356 3075 4411 erit
3086 4355 3467 4427 aeternaﬁdeo
3480 4347 3925 4421 ait,viviﬁcabun-

2322 4450 2423 4500 tur
2446 4446 2622 4518 ,-quia
2637 4445 2716 4499 illi
2746 4444 3220 4501 damnabuntur.
3239 4447 3382 4501 Hinc
3409 4451 3465 4500 et
3492 4446 3551 4500 in
3564 4435 3924 4526 veteribusASa:

2319 4535 2638 4590 oramentis
2668 4534 3042 4590 circumcisio
3073 4534 3466 4605 parvulorum
3495 4540 3701 4590 octava
3726 4522 3926 4583 dietieri

2320 4628 2618 4695 praecepta
2631 4633 2717 4679 est
2741 4623 2945 4692 (Leuit.
2962 4624 3143 4693 xu,3),
3159 4625 3450 4695 quoniam
3470 4622 3745 4685 Christus,
3759 4617 3810 4671 in
3823 4622 3921 4682 quo

2318 4712 2385 4767 ﬁt
2405 4711 2600 4767 delicti
2624 4711 2881 4768 carnalis
2909 4712 3284 4783 exspoliatio,
3317 4728 3505 4784 quam
3543 4706 3815 4781 signiﬁcat
3839 4699 3924 4794 cir-

2320 4801 2626 4866 cumcisio,
2657 4801 2752 4857 die
2778 4801 3082 4857 dominico
3126 4802 3454 4867 resurrexit,
3475 4800 3594 4873 .qui
3624 4801 3745 4869 post
3773 4793 3921 4883 seplt‘

2322 4906 2489 4946 mum
2506 4890 2998 4947 sabbatioctavus
3010 4896 3117 4945 est.
3147 4893 3278 4946 Haec
3298 4905 3440 4959 ergo
3454 4889 3601 4945 ﬁdes
3613 4885 3778 4943 etiam
3805 4880 3923 4934 antl-

2321 4980 2883 5052 quorumjustorum
2915 4980 3043 5035 fuit.
3075 4979 3237 5036 Unde
3259 4985 3314 5034 et
3333 4978 3645 5050 Apostolus
3675 4972 3808 5034 eicit,
3830 4964 3901 5021 Ha

2323 5050 2516 5125 bentcs
2546 5050 2743 5125 autem
2773 5069 3039 5125 eumdem
3068 5068 3343 5137 spiritum
3370 5068 3529 5136 ﬁdei,
3551 5068 3773 5137 propter
3791 5050 3919 5128 quod

2319 5161 2606 5227 scriptum
2637 5166 2737 5224 est,
2761 5158 2997 5214 Credidi
3010 5165 3255 5225 propter
3275 5158 3434 5228 quod
3464 5157 3684 5212 locutus
3697 5163 3809 5206 sum
3831 5160 3848 5208 ;
3869 5144 3913 5196 εί

2321 5263 2428 5304 nos
2457 5247 2772 5313 credimus,
2800 5246 3219 5317 propterquod
3247 5253 3298 5302 et
3315 5241 3683 5317 loquimur(ll
3713 5238 3832 5294 Cor.
3854 5244 3916 5292 ιν,

2327 5342 2413 5401 13)
2431 5355 2446 5392 ;
2477 5353 2599 5392 non
2612 5337 2850 5402 diceret,
2869 5339 3134 5392 eumdem
3159 5336 3435 5404 spiritum
3447 5334 3599 5402 ﬁdei,
3615 5327 3713 5386 nisi
3741 5324 3917 5413 admo-

2322 5442 2471 5482 nens
2503 5427 2679 5482 etiam
2727 5426 3004 5497 antiquos
3039 5425 3229 5496 justos
3258 5424 3539 5480 habuisse
3570 5423 3747 5492 ipsum
3776 5409 3913 5503 spiti-

2322 5520 2452 5572 tum
2478 5515 2635 5585 ﬁdei,
2654 5516 2768 5571 hoc
2789 5496 3313 5571 estlincarnationis
3326 5508 3659 5570 Christi.Sed
3673 5504 3797 5577 quia
3820 5496 3909 5551 illis

2384 5623 2399 5653 ¹
2431 5621 2579 5672 Unus
2604 5636 2631 5672 e
2658 5621 2822 5672 Vatic.
2855 5622 3009 5679 Mss.,
3046 5621 3169 5685 quia
3201 5625 3391 5672 teter-na
3416 5620 3523 5670 vita
3549 5624 3737 5680 regnum
3762 5604 3857 5656 erit.
