4098 6166
125 163 239 221 681

110 292 315 358 futura
326 283 859 360 praenuntiabatur.
881 297 1017 360 quae
1024 283 1152 359 jam
1167 287 1327 347 facta
1341 292 1520 347 nobis
1547 306 1780 349 annun-

110 378 325 444 tiatur;
339 381 395 434 et
412 384 681 450 tempore
695 377 915 434 Veteris
928 378 1288 436 Testamenti
1303 380 1779 453 velabatur,qum

106 471 382 540 tempore
394 467 537 523 Novi
554 466 914 523 Testamenti
930 467 1225 524 revelatur
1243 487 1256 538 ;
1274 468 1409 526 ideo
1422 470 1473 541 ej
1484 486 1551 525 us
1567 472 1777 527 Sacra-

104 560 317 612 menta
347 556 577 613 variata
603 561 762 620 sunt,
806 559 869 612 ut
898 554 1016 611 alia
1041 560 1239 614 essent
1268 556 1328 614 in
1357 558 1544 616 Veteri
1577 560 1778 614 Testa-

107 649 339 714 mento,
370 644 573 702 aliain
604 648 770 701 Novo
797 660 969 711 ;cum
996 644 1145 700 ﬁdes
1174 645 1311 718 ipsa
1329 646 1498 703 varia
1527 661 1649 702 non
1682 645 1773 711 sit,

106 733 214 789 sed
253 749 376 790 una
393 734 500 790 sit:
525 733 672 806 quia
700 733 853 791 sicut
878 734 942 789 in
966 734 1163 790 Adam
1186 750 1385 792 omnes
1410 735 1773 803 moriuntur,

107 824 194 879 sic
209 830 269 879 et
305 823 372 879 in
401 823 641 880 Christo
657 838 853 881 omnes
884 823 1382 891 viviﬁcabuntur.

180 912 267 967 15.
303 910 476 977 Quod
508 926 649 967 vero
671 911 786 966 illis
816 910 1012 967 verbis
1042 926 1180 983 quia
1221 911 1776 978 tractabamus,ad-

100 1000 305 1071 jungit
334 1005 388 1056 et
409 1000 570 1065 dicit,
604 1001 729 1057 Lex
757 1005 953 1056 autem
983 1000 1371 1066 subintravit,
1404 1008 1468 1057 ut
1501 1000 1770 1058 abunda-

102 1097 191 1146 ret
204 1089 492 1145 delictum
502 1130 516 1154 ,
518 1089 645 1160 jam
659 1103 781 1144 non
796 1089 1045 1161 pertinet
1059 1088 1136 1145 ad
1152 1089 1298 1145 illud
1312 1089 1592 1147 delictum
1607 1088 1773 1161 quod

103 1178 360 1235 trahitur
385 1193 457 1233 ex
488 1178 705 1243 Adam,
735 1177 809 1233 de
856 1193 981 1249 quo
1010 1176 1250 1234 dicebat
1280 1179 1582 1251 superius,
1610 1179 1771 1235 Mors

99 1266 376 1339 regnavit
414 1281 522 1335 per
552 1281 738 1322 unum
770 1283 788 1321 :
821 1265 1010 1338 legem
1031 1267 1256 1339 quippe
1282 1268 1405 1323 sive
1437 1267 1768 1324 naturalem

96 1355 538 1427 intelligamus,
570 1370 712 1427 qum
733 1355 793 1410 in
819 1369 1029 1411 eorum
1056 1361 1307 1428 apparet
1333 1357 1632 1421 aetatibus,
1665 1353 1769 1427 qui

96 1445 227 1517 jam
265 1445 499 1501 ratione
543 1443 624 1499 uti
652 1448 950 1515 possunt;
983 1442 1110 1501 sive
1154 1445 1582 1517 conscriptam,
1632 1459 1769 1516 quas

97 1535 240 1591 data
252 1538 347 1589 est
378 1548 484 1605 per
503 1533 922 1605 Moysen,quia
945 1548 1053 1588 nec
1084 1534 1216 1604 ipsa
1240 1533 1536 1590 viviﬁcare
1553 1533 1768 1605 potuit,

99 1628 155 1681 et
180 1623 447 1679 liberare
474 1637 511 1678 a
552 1621 681 1691 lege
712 1621 1013 1694 peccatiet
1040 1622 1274 1687 mortis,
1297 1638 1431 1694 quae
1465 1627 1654 1679 tracta
1683 1625 1772 1678 est

101 1729 172 1770 ex
197 1712 426 1781 Adam,
457 1713 565 1766 sed
607 1711 801 1780 magis
833 1710 1062 1767 addidit
1090 1712 1594 1783 praevaricationis
1625 1725 1770 1780 aug-

103 1805 314 1858 menta
350 1818 362 1868 ;
400 1800 511 1857 Ubi
539 1801 693 1856 enim
726 1800 824 1857 lea:
853 1815 971 1856 non
1001 1806 1108 1865 est,
1140 1800 1222 1856 ait
1242 1799 1402 1856 idem
1433 1800 1766 1872 apostolus,

100 1906 206 1947 nec
241 1888 677 1960 praevaricatio
704 1889 895 1959 (Rom.
928 1905 1009 1958 iv,
1039 1890 1152 1959 15).
1197 1889 1447 1945 Proinde
1476 1890 1767 1962 quoniam

99 1980 187 2035 lex
220 1985 319 2034 est
340 1979 522 2035 etiam
555 1977 615 2034 in
633 1978 860 2034 ratione
889 1977 1152 2033 hominis
1183 1980 1286 2050 qui
1314 1978 1442 2048 jam
1471 1978 1650 2034 utitur
1680 1994 1772 2035 ar-

99 2068 282 2124 bitrio
297 2067 613 2135 libertatis,
629 2067 978 2123 naturaliter
998 2066 1058 2122 in
1076 2066 1255 2122 corde
1277 2068 1772 2139 conscripta,qua

100 2157 452 2228 suggeritur
474 2171 548 2211 ne
562 2155 789 2228 aliquid
819 2153 1000 2211 faciat
1015 2154 1274 2228 quisque
1288 2155 1452 2211 alteri
1469 2155 1633 2227 quod
1649 2155 1770 2227 pati

97 2246 231 2319 ipse
264 2260 393 2301 non
431 2245 559 2301 vult
586 2262 602 2310 ;
632 2244 964 2300 secundum
998 2243 1377 2313 hanclegem
1412 2244 1771 2315 praevarica-

100 2344 262 2392 tores
296 2338 687 2399 suntomnes,
719 2334 900 2389 etiam
932 2333 1035 2406 qui
1068 2331 1262 2402 legem
1283 2348 1385 2404 per
1401 2335 1640 2404 Moysen
1667 2333 1771 2389 da-

99 2430 220 2481 tam
249 2438 381 2480 non
400 2428 779 2495 acceperunt,
821 2423 892 2477 de
922 2422 1224 2494 quibusin
1258 2422 1492 2477 Psalmo
1514 2421 1768 2494 legitur:

100 2514 607 2570 Prasvaricatores
649 2511 928 2568 aestimati
980 2526 1175 2568 omnes
1211 2518 1550 2581 peccatores
1597 2518 1771 2568 terras

101 2602 302 2671 (Psal.
333 2616 532 2666 cxvul,
567 2602 712 2671 119).
746 2603 873 2656 Non
888 2600 1046 2656 enim
1078 2615 1287 2655 omnes
1304 2605 1642 2671 peccatores
1664 2604 1775 2656 ter-

102 2706 181 2748 ra;
218 2691 425 2761 legem
466 2705 571 2763 per
599 2691 841 2761 Moysen
868 2689 1075 2745 datam
1108 2688 1580 2760 praevaricarunt
1614 2708 1628 2757 ;
1669 2689 1775 2745 sed

99 2787 317 2838 tamen
352 2780 467 2835 nisi
498 2780 768 2851 aliquam
805 2777 1322 2850 praevaricassent,
1366 2794 1487 2834 non
1512 2779 1775 2851 appella-

101 2877 318 2926 rentur
360 2868 883 2941 prasvaricatores:
934 2867 1043 2924 Ubi
1073 2867 1226 2924 enim
1264 2868 1362 2924 lex
1392 2883 1507 2923 non
1543 2875 1639 2934 est,
1668 2883 1775 2924 nec

99 2956 945 3030 praevaricatioPrtrvaricata
958 2971 1102 3027 ergo
1115 2955 1244 3026 lege
1256 2972 1293 3028 q
1304 2972 1392 3011 uas
1417 2957 1473 3011 in
1491 2956 1774 3028 paradiso

104 3049 251 3105 data
271 3044 657 3111 est,nascitur
685 3045 871 3102 homo
900 3061 971 3101 ex
1003 3044 1194 3101 Adam
1225 3061 1362 3100 cum
1396 3045 1526 3114 lege
1548 3045 1775 3117 peccati

102 3143 157 3194 et
184 3135 507 3204 mortis,de
518 3150 644 3206 qua
656 3134 906 3203 diciturj:
942 3134 1115 3191 Video
1127 3135 1315 3190 aliam
1333 3135 1507 3205 legem
1522 3134 1586 3189 in
1601 3150 1777 3191 mem-

107 3228 229 3284 bris
244 3228 393 3283 meis
409 3232 842 3296 repugnantem
865 3225 982 3296 legi
992 3226 1204 3280 mentis
1219 3240 1379 3289 meae,
1400 3232 1454 3280 et
1470 3226 1775 3291 captivum

105 3334 195 3375 me
219 3317 541 3373 ducentem
554 3315 617 3369 in
632 3315 753 3385 lege
765 3315 1152 3385 peccati,quae
1165 3320 1244 3369 est
1264 3314 1323 3368 in
1340 3313 1617 3370 membris
1633 3314 1774 3370 meis

104 3408 306 3477 (Rom.
350 3419 452 3469 vn,
483 3406 595 3473 23).
626 3404 770 3469 Qua)
801 3407 1000 3459 tamen
1060 3402 1173 3458 nisi
1202 3401 1361 3458 mala
1392 3406 1601 3474 postea
1632 3418 1776 3459 con-

106 3494 433 3553 suetudine
463 3493 792 3559 roboretur,
826 3491 1060 3549 facilius
1116 3490 1389 3557 vincitur,
1423 3507 1544 3548 non
1572 3496 1773 3549 tamen

103 3584 219 3641 nisi
253 3581 453 3654 gratia
470 3580 593 3637 Dei.
630 3582 777 3651 Lege
809 3585 1008 3636 autem
1049 3579 1169 3635 alia
1194 3580 1608 3651 praevaricata,
1637 3597 1774 3653 quas

105 3678 194 3729 est
221 3673 290 3728 in
319 3686 434 3726 usu
458 3669 706 3725 rationis
720 3667 937 3724 animae
965 3667 1274 3725 rationalis
1306 3668 1364 3724 in
1390 3673 1559 3725 atate
1585 3670 1775 3726 homi-

108 3763 201 3819 nis
215 3762 354 3834 jam
374 3759 601 3817 ratione
623 3758 855 3824 utentis,
880 3756 1369 3829 praevaricatores
1389 3757 1540 3815 ﬁunt
1565 3774 1775 3815 omnes

106 3855 461 3924 peccatores
495 3846 1082 3904 terraePrzevaricata
1112 3862 1252 3902 vero
1284 3846 1413 3915 lege
1458 3848 1643 3903 etiam
1675 3848 1776 3904 illa

107 3956 248 4014 quae
274 3940 422 3995 data
452 3941 538 3993 est
567 3951 673 4009 per
698 3938 959 4008 Moysen,
994 3934 1183 3991 multo
1210 3935 1470 4006 amplius
1502 3935 1777 3993 abundat

107 4028 429 4087 delictum.
463 4025 531 4082 Si
558 4026 714 4082 enim
737 4026 884 4081 data
909 4028 1054 4081 esset
1087 4025 1185 4081 lea:
1214 4039 1343 4096 quae
1368 4030 1550 4095 posset
1587 4026 1773 4094 viviﬁ-

110 4133 275 4183 care,
311 4116 555 4173 omnino
584 4130 657 4171 ex
686 4116 836 4184 Lege
872 4119 1015 4170 esset
1041 4113 1300 4184 iustitia.
1336 4114 1458 4170 Sed
1482 4116 1773 4171 conclusit

110 4207 431 4277 Scriptura
460 4204 660 4260 omnia
703 4203 812 4258 sub
840 4210 1101 4272 peccato,
1136 4208 1200 4258 ut
1224 4204 1533 4273 promissio
1562 4219 1639 4261 ea:
1664 4204 1776 4275 ﬁde

106 4300 253 4356 .Iesu
286 4294 513 4352 Christi
546 4294 797 4350 daretur
830 4292 1200 4349 credentibus
1232 4308 1247 4347 :
1284 4291 1410 4349 haec
1468 4293 1676 4364 verba,
1724 4294 1774 4351 si

110 4381 420 4456 agnoscis,
451 4381 780 4453 apostolica
806 4384 963 4436 sunt.
984 4382 1060 4435 De
1084 4380 1348 4451 qualege
1376 4381 1590 4437 iterum
1612 4384 1772 4451 dicit,

112 4476 212 4533 lea:
238 4471 754 4546 praevaricationis
774 4469 977 4540 gratia
1004 4468 1200 4539 posita
1234 4471 1531 4535 est,donec
1549 4474 1774 4529 veniret

108 4578 306 4622 semen
338 4561 433 4618 cui
451 4560 803 4630 promissum
824 4564 927 4621 est,
946 4557 1225 4627 disposita
1253 4559 1269 4593 1
1302 4574 1411 4628 per
1425 4560 1686 4631 Angelos
1710 4562 1773 4617 in

107 4668 299 4710 manu
330 4649 673 4707 Mediatoris
702 4647 1020 4720 (Galatau,
1044 4646 1262 4719 49-21):
1295 4647 1596 4704 Christum
1613 4666 1772 4706 com-

109 4739 534 4809 mandans,qu
547 4754 616 4793 us
628 4737 821 4808 gratia
834 4735 982 4792 salvi
999 4734 1150 4791 ﬁunt
1162 4737 1525 4802 omnes,sive
1539 4738 1772 4809 parvuli

108 4846 145 4888 a
184 4830 319 4899 lege
336 4827 562 4901 peccati
588 4832 646 4881 et
676 4825 907 4888 mortis,
934 4840 1070 4879 cum
1085 4840 1209 4896 qua
1229 4825 1350 4880 nati
1375 4841 1582 4881 sumus
1611 4843 1625 4893 ;
1649 4827 1771 4882 sive

108 4918 401 4990 majores,
436 4913 711 4987 quimale
743 4917 973 4969 utentes
1004 4912 1249 4970 arbitrio
1280 4912 1598 4971 voluntatis
1625 4932 1771 4988 pras-

107 5008 458 5064 varicaruut
487 5005 680 5075 legem
730 5002 1066 5058 naturalem
1096 5001 1286 5073 ipsius
1329 5003 1613 5069 rationis;
1647 5007 1771 5062 sive

106 5096 212 5170 qui
243 5095 440 5165 legem
471 5094 853 5163 acceperunt,
895 5104 1031 5162 quas
1078 5090 1219 5145 data
1244 5095 1333 5146 est
1373 5106 1477 5162 per
1511 5093 1766 5164 Moysen,

105 5198 370 5256 eamque
398 5178 1058 5254 praevaricanteslittera
1077 5178 1255 5234 occisi
1287 5185 1445 5235 sunt.
1464 5182 1610 5237 Cum
1636 5200 1770 5241 vero

108 5276 295 5331 etiam
308 5269 652 5340 evangelica
683 5271 979 5340 praecepta
1007 5267 1191 5323 homo
1216 5269 1590 5339 praevaricat,
1614 5272 1771 5329 velut

109 5360 558 5437 quatriduanus
597 5362 869 5414 mortuus
911 5360 1077 5428 putet
1109 5374 1122 5416 :
1164 5372 1276 5412 nec
1304 5358 1379 5413 de
1416 5358 1516 5416 illo
1570 5364 1769 5419 tamen

108 5450 564 5525 desperandum
607 5450 695 5503 est
734 5452 977 5518 propter
1028 5444 1158 5517 ejus
1188 5448 1462 5517 gratiam,
1517 5452 1619 5521 qui
1646 5466 1768 5507 non

174 5635 188 5663 ¹
225 5630 323 5682 Ms.
355 5627 592 5683 Cisterc.,
626 5622 966 5688 dispositum.

406 5763 645 5822 ΡΑτιιοι..
679 5757 926 5820 XXXIII.

1364 162 1864 223 EPISTOLARUM
1904 162 2194 222 CLASSIS
2236 166 2332 223 III.

3439 176 3545 230 682

1888 287 2042 346 lente
2071 290 2239 357 dixit,
2265 291 2373 348 sed
2396 308 2616 364 magna
2644 304 2777 351 voce
2799 292 3097 363 clamavit,
3130 298 3369 365 Lazare,
3407 299 3543 357 veni

1880 379 2053 447 foras
2085 380 2279 447 (Joan.
2302 396 2384 447 x1,
2426 382 2541 451 43).

1962 472 2047 524 16.
2079 470 2202 526 Lex
2231 484 2371 541 ergo
2391 471 2748 527 subintravit
2780 478 2843 527 ut
2870 471 3498 533 abundaretdelictum
3524 492 3541 533 :

1887 556 2159 613 sivecum
2190 558 2467 616 homines
2498 560 2806 631 negligant
2834 562 2998 632 quod
3028 563 3180 618 Deus
3199 564 3539 635 jubet;sive

1886 662 2025 704 cum
2054 647 2128 703 de
2141 649 2265 704 suis
2292 650 2514 706 viribus
2539 656 2995 723 praesumentes,
3014 653 3383 724 adiutorium
3404 671 3538 725 gra-

1886 736 1979 792 tias
1992 738 2532 810 nonimplorant,et
2558 738 2791 795 addunt
2811 740 3145 798 inﬁrmitati
3169 745 3531 815 superbiam.

1884 825 2034 881 Cum
2078 832 2278 883 autem
2316 829 2630 885 vocatione
2669 829 2873 884 divina
2922 830 3259 900 intelligunt
3304 850 3411 889 cur
3461 836 3538 891 sit

1882 916 2424 985 ingemiscendum,
2458 921 2513 972 et
2552 917 2833 973 invocant
2863 934 3000 973 eum
3043 919 3105 974 in
3143 936 3326 992 quem
3374 928 3534 982 recte

1883 1005 2153 1069 credunt,
2208 1004 2494 1070 dicentes,
2530 1006 2808 1063 Miserere
2837 1010 2969 1075 mei,
3001 1007 3175 1073 Deus,
3209 1012 3536 1069 secundum

1881 1107 2164 1162 magnam
2193 1094 3043 1164 misericordiamtuamWsal.
3075 1114 3125 1166 L,
3172 1099 3260 1169 1);
3296 1104 3371 1170 et,
3408 1101 3536 1171 Ego

1881 1180 2032 1248 dixi,
2076 1182 2344 1247 Domine,
2376 1183 2652 1239 miserere
2673 1185 2806 1249 mei,
2847 1200 2998 1241 sana
3025 1186 3289 1244 animam
3318 1204 3531 1253 meam,

1882 1269 2024 1341 quia
2060 1271 2302 1339 peccavi
2330 1271 2439 1326 tibi
2477 1272 2667 1343 (Psal.
2696 1289 2787 1337 XL,
2822 1274 2875 1341 5)
2909 1290 2922 1339 ;
2955 1280 3030 1340 et,
3063 1276 3124 1330 In
3156 1282 3259 1332 tua
3293 1278 3534 1347 justitia

1879 1358 2111 1425 vivi/ica
2168 1375 2257 1415 me
2300 1361 2490 1430 (Psal.
2524 1377 2660 1425 xxx,
2706 1362 2798 1431 2);
2841 1368 2915 1427 et,
2962 1362 3150 1429 Viam,
3192 1365 3532 1436 iniquitatis

1881 1462 2080 1504 amove
2096 1463 2134 1504 a
2156 1463 2263 1514 me,
2287 1451 2340 1504 et
2368 1449 2436 1504 de
2463 1451 2582 1519 lege
2595 1458 2697 1505 tua
2712 1451 2986 1507 miserere
2997 1453 3112 1508 mei
3126 1453 3311 1523 (Psal.
3335 1469 3532 1521 cxvm,

1879 1535 1971 1607 29)
2002 1551 2016 1602 ;
2057 1541 2134 1600 et,
2172 1537 2306 1593 Non
2335 1539 2532 1594 veniat
2566 1538 2717 1593 mihi
2752 1553 2853 1606 pes
2885 1540 3186 1608 superbiae,
3221 1554 3273 1597 et
3316 1557 3533 1599 manus

1875 1631 2252 1693 peccatorum
2276 1641 2394 1681 non
2408 1632 2636 1682 moveat
2662 1641 2752 1683 me
2773 1627 2957 1687 (Psal.
2974 1645 3149 1692 xxxv,
3183 1631 3272 1699 12)
3300 1648 3314 1697 ;
3338 1636 3413 1696 et,
3430 1633 3537 1686 Iti-

1880 1728 2026 1770 nera
2066 1729 2196 1771 mea
2222 1713 2409 1785 dirige
2432 1715 2746 1771 secundum
2768 1717 3004 1772 verbum
3027 1723 3216 1783 tuum,
3248 1725 3301 1774 et
3330 1734 3404 1775 ne
3432 1721 3534 1776 do-

1879 1804 2144 1859 minetur
2165 1805 2281 1859 mei
2317 1804 2506 1860 omnis
2536 1804 2820 1876 iniquitas
2860 1806 3043 1877 (Psal.
3085 1822 3280 1872 cxvui,
3316 1809 3438 1877 133)
3458 1809 3532 1881 (Α

1880 1890 2130 1948 Domino
2160 1891 2320 1947 enim
2349 1907 2579 1963 gressus
2611 1892 2866 1949 hominis
2893 1894 3267 1965 diriguntur,
3298 1903 3350 1952 et
3374 1898 3530 1955 viam

1879 1983 2006 2050 ejus
2062 1982 2216 2037 volet
2248 1979 2440 2052 [Psal.
2472 1996 2666 2046 xxxvr,
2707 1980 2821 2054 23])
2858 1998 2871 2047 ;
2904 1989 2960 2039 et
2998 1984 3114 2039 alia
3146 1984 3352 2051 multa,
3395 2002 3532 2058 quae

1880 2073 2191 2141 prapterea
2204 2069 2425 2141 scripta
2446 2074 2604 2134 sunt,
2632 2075 2699 2125 ut
2727 2086 2837 2125 nos
2868 2071 3282 2138 admonerent,
3312 2076 3389 2129 ad
3422 2074 3531 2130 im-

1879 2157 2102 2230 plenda
2140 2172 2212 2212 ea
2240 2173 2377 2229 quae
2409 2157 2584 2214 nobis
2615 2158 2920 2229 jubentur,
2955 2160 3034 2216 ab
3070 2160 3173 2216 illo
3205 2162 3529 2231 petendum

1880 2246 2435 2318 adjutoriumaquo
2462 2246 2789 2317 jubentur:
2822 2263 2959 2303 cum
2991 2264 3133 2320 ergo
3165 2265 3226 2305 se
3256 2250 3531 2307 homoad

1879 2334 2050 2391 illum
2070 2335 2413 2398 extenderit.
2448 2340 2503 2390 et
2523 2334 2607 2390 sic
2632 2336 3004 2405 ingemuerit,
3039 2337 3138 2394 ﬁet
3156 2338 3320 2410 quod
3339 2340 3535 2411 sequi-

1881 2430 1995 2492 tur,
2025 2423 2473 2481 Ubiabundavit
2501 2423 3315 2494 delictum,superabundavit
3333 2432 3536 2497 etgra-

1882 2516 1963 2568 tia
1992 2512 2181 2583 (Rom.
2205 2527 2261 2577 v,
2280 2512 2373 2585 20)
2403 2529 2416 2579 ;
2449 2517 2528 2578 et,
2561 2512 2965 2569 Dimittuntur
2984 2514 3293 2581 eipeccata
3312 2517 3528 2587 multa,

1881 2600 2160 2673 quoniam
2188 2600 2395 2658 dilexit
2420 2602 2677 2658 multum
2709 2603 2874 2672 (Luc.
2909 2603 3119 2671 vn,47)
3140 2619 3153 2668 ;
3178 2609 3233 2659 et
3254 2603 3539 2660 diffundi-

1881 2696 1975 2747 tur
1994 2691 2054 2746 in
2082 2690 2260 2747 corde
2272 2690 2534 2746 charitas
2553 2691 2671 2759 Dei,
2706 2691 2865 2746 unde
2892 2692 2996 2747 ﬁat
3024 2691 3172 2761 legis
3190 2692 3496 2763 plenitudo
3521 2713 3533 2762 ;

1880 2793 2003 2834 non
2044 2793 2149 2849 per
2166 2779 2323 2834 vires
2364 2778 2592 2835 arbitrii
2628 2779 2794 2850 quod
2821 2780 3005 2835 estin
3035 2780 3234 2845 nobis,
3278 2782 3386 2837 sed
3434 2798 3537 2853 per

1882 2866 2171 2939 Spiritum
2204 2871 2475 2922 sanctum
2534 2868 2640 2938 qui
2675 2867 2854 2923 datus
2900 2874 2990 2924 est
3029 2868 3226 2924 nobis.
3280 2870 3537 2928 Noverat

1881 2957 2105 3027 quippe
2135 2955 2231 3010 ille
2260 2957 2495 3024 Legem,
2527 2955 2633 3026 qui
2660 2955 2919 3022 dicebat,
2973 2957 3353 3013 Condelector
3376 2961 3532 3015 enim

1884 3046 2005 3114 legi
2031 3044 2140 3101 Dei
2155 3045 2479 3101 secundum
2508 3044 2845 3100 interiorem
2886 3045 3214 3110 hominem;
3245 3050 3302 3102 et
3329 3050 3549 3103 tamen

1882 3133 2273 3204 adjungebat,
2317 3133 2490 3189 Video
2521 3138 2718 3189 autem
2746 3133 2931 3189 aliam
2965 3135 3225 3204 legemin
3257 3136 3533 3192 membris

1881 3223 2022 3278 meis
2038 3228 2473 3292 repugnantem
2498 3221 2613 3291 legi
2642 3222 2855 3277 mentis
2868 3237 3030 3288 meae,
3046 3230 3098 3279 et
3129 3224 3433 3292 captivum
3444 3239 3536 3283 me

1882 3312 2187 3368 ducentem
2209 3312 2273 3366 in
2287 3312 2414 3380 lege
2432 3310 2685 3381 peccati,
2716 3326 2844 3381 qua
2871 3317 2954 3367 est
2988 3312 3051 3367 in
3075 3312 3352 3368 membris
3370 3314 3533 3370 meis.

1879 3400 2223 3471 Infelixego
2238 3400 2430 3465 homo,
2457 3401 2589 3470 quis
2601 3400 2981 3456 meliberabit
3010 3401 3083 3457 de
3112 3415 3359 3470 corpore
3386 3417 3540 3458 mor-

1882 3490 1956 3545 tis
1983 3488 2165 3558 hujus
2183 3488 2213 3540 ?
2228 3487 2440 3544 Gratia
2461 3488 2557 3545 Dei
2567 3502 2674 3556 per
2692 3487 2890 3543 Iesum
2904 3489 3209 3545 Christum
3223 3490 3538 3547 Dominum

1882 3584 2165 3634 nostrum.
2200 3579 2315 3633 Cur
2348 3591 2472 3632 non
2502 3575 2886 3647 dixitpotius,
2929 3577 3038 3632 Per
3067 3579 3538 3635 meumliberum

1881 3666 2216 3731 arbitrium,
2250 3664 2361 3720 nisi
2401 3666 2543 3736 quia
2570 3664 2816 3721 libertas
2841 3666 2967 3721 sine
2995 3666 3186 3735 gratia
3214 3682 3335 3723 non
3361 3673 3450 3724 est
3475 3669 3539 3723 li-

1880 3754 2105 3820 bertas,
2135 3754 2239 3809 sed
2263 3754 2646 3809 contumacia
2668 3754 2695 3809 ?

1960 3844 2040 3898 17.
2073 3842 2223 3897 Cum
2253 3856 2396 3911 ergo
2428 3841 3041 3913 dixissetApostulus,
3078 3845 3201 3900 Lex
3239 3844 3540 3900 subintra—

1880 3932 1986 3997 vit,
2018 3938 2081 3988 ut
2103 3931 2436 3988 abundaret
2465 3930 2743 3987 delictum
2780 3945 2791 3983 :
2829 3931 2931 3986 ubi
2979 3938 3176 3988 autem
3207 3932 3537 3990 abundavit

1879 4019 2704 4090 delictum,superabundavit
2718 4027 2771 4076 et
2796 4020 2999 4090 gratia
3025 4026 3299 4091 ;secutus
3324 4022 3421 4092 adj
3435 4037 3540 4077 un-

1879 4112 1983 4176 xit,
2018 4117 2083 4166 ut
2108 4107 2599 4181 quemadmodum
2628 4109 2893 4180 regnavit
2915 4116 3221 4178 peccatum
3242 4112 3303 4169 in
3332 4118 3536 4178 morte,

1878 4200 1962 4257 sic
1979 4207 2032 4256 et
2056 4199 2261 4271 gratia
2290 4204 2495 4270 regnet
2507 4212 2618 4267 per
2632 4199 2929 4269 justitiam
2947 4202 3006 4255 in
3041 4200 3165 4256 vita
3192 4207 3415 4257 aeterna
3426 4216 3535 4271 per

1877 4291 2079 4346 Jesum
2112 4288 2415 4346 Christum
2467 4288 2787 4343 Dominum
2840 4294 3131 4344 nostrum.
3180 4289 3349 4345 Modo
3394 4305 3534 4347 cum

1879 4378 2145 4446 dixisset,
2185 4383 2251 4432 ut
2280 4376 2777 4448 quemadmodum
2823 4377 3097 4447 regnavit
3123 4380 3421 4445 peccatum
3472 4380 3534 4433 in

1879 4473 2066 4523 morte
2090 4487 2112 4535 ;
2132 4481 2255 4522 non
2280 4466 2383 4530 ait,
2420 4468 2522 4520 Per
2553 4479 2741 4519 unum
2773 4464 3103 4529 hominem,
3142 4472 3242 4520 aut
3271 4480 3377 4536 per
3416 4467 3539 4535 pri-

1878 4570 2050 4611 mum
2080 4555 2413 4621 hominem,
2446 4557 2549 4607 aut
2580 4567 2687 4622 per
2716 4552 2909 4607 Adam
2928 4569 2940 4606 :
2959 4553 3101 4624 quia
3124 4552 3254 4622 jam
3276 4553 3528 4619 dixerat,

1878 4640 2396 4704 Lexsubintravit,
2414 4646 2476 4696 ut
2498 4640 2833 4697 abundaret
2850 4639 3134 4696 delictum
3148 4661 3171 4710 ,-
3199 4641 3529 4712 quaeabun-

1879 4732 2089 4788 dantia
2115 4729 2311 4786 delicti
2326 4744 2448 4784 non
2474 4728 2729 4799 pertinet
2751 4727 2830 4784 ad
2848 4727 3029 4799 primi
3046 4730 3307 4785 hominis
3320 4745 3537 4803 propa-

1878 4821 2103 4891 ginem,
2130 4820 2235 4875 sed
2261 4817 2341 4874 ad
2377 4816 2852 4873 conversationis
2876 4817 3160 4874 humanae
3184 4820 3535 4890 praevarica-

1878 4910 2117 4976 tionem,
2145 4923 2282 4979 quas
2324 4907 2409 4962 illi
2440 4908 2539 4962 uni
2574 4904 2788 4961 delicto
2826 4921 2951 4977 quo
2998 4906 3126 4963 solo
3152 4908 3417 4963 obstricti
3447 4912 3533 4963 te-

1877 5004 2095 5055 nentur
2145 4996 2429 5060 infantes,
2471 4996 2594 5067 jam
2659 4995 2720 5050 in
2758 4994 3094 5065 majoribus
3146 4995 3417 5051 tetatibus
3460 5011 3531 5050 ex

1878 5087 2253 5144 abundantia
2292 5084 2625 5157 iniquitatis
2673 5083 2909 5155 adjecta;
2940 5089 3049 5140 est.
3094 5083 3209 5138 Sed
3238 5084 3531 5154 quoniam

1876 5177 2218 5241 hoctotum,
2248 5176 2427 5231 etiam
2457 5173 2622 5245 quod
2653 5187 2775 5228 non
2791 5172 3041 5243 pertinet
3068 5170 3314 5226 adillius
3347 5170 3529 5226 unius

1877 5266 2074 5322 delicti
2096 5264 2410 5334 originem,
2445 5268 2646 5319 tamen
2698 5260 2920 5315 idonea
2945 5264 3033 5314 est
3075 5259 3304 5313 solvere
3332 5259 3526 5328 gratia

1879 5353 2201 5411 Salvatoris
2227 5369 2240 5421 ;
2265 5353 2400 5409 ideo
2423 5367 2560 5408 cum
2592 5349 2859 5412 dixisset,
2884 5354 2968 5403 sic
3010 5353 3065 5403 et
3090 5347 3291 5417 gratia
3322 5358 3527 5419 regnet

1871 5457 1984 5514 per
2019 5443 2321 5513 justitiam
2366 5441 2423 5496 in
2465 5441 2585 5496 vita
2613 5444 2856 5500 aeterna,
2892 5434 3145 5501 addidit,
3173 5450 3283 5505 per
3325 5436 3522 5495 Jesum

1879 5533 2178 5589 Christum
2216 5532 2532 5587 Dominum
2568 5532 2856 5583 nostrum.

1953 5620 2038 5678 18.
2064 5619 2292 5677 Nullius
2333 5618 2535 5691 itaque
2573 5614 3128 5686 argumentationes
3166 5618 3375 5674 contra
3402 5615 3533 5674 hinc

2798 5759 3250 5836 (νέηαι-ΒΜ.)
