4098 6166
566 171 669 226 683

565 292 900 366 apostolica
923 290 1105 346 verba
1118 287 1361 361 prolatae
1377 282 2007 357 impediantparvulos
2024 281 2101 338 ad
2123 297 2215 337 sa-

564 383 912 453 lutem,ques
929 385 1022 435 est
1050 379 1108 433 in
1140 375 1369 432 Christo
1390 377 1530 430 Jesu
1554 374 1811 430 Domino
1834 376 2038 428 nostro
2056 388 2069 426 :
2086 375 2218 428 tan-

564 478 625 529 to
646 469 837 539 magis
867 467 1025 522 enim
1054 481 1163 537 pro
1191 465 1275 520 eis
1305 463 1471 536 loqui
1503 463 1818 526 debemus,
1851 459 2216 533 quantoipsi

564 576 675 633 pro
706 574 767 613 se
795 556 959 627 loqui
990 570 1111 611 non
1137 558 1413 627 possunt.
1450 554 1570 609 Per
1597 568 1782 607 unum
1814 550 2104 607 hominem
2128 550 2217 605 in-

566 647 749 704 travit
772 650 1074 715 peccatum
1101 645 1163 699 in
1177 643 1556 713 mundum,et
1578 647 1998 712 perpeccatum
2026 654 2183 694 mors
2196 651 2219 708 ,’

566 743 618 794 et
649 739 733 793 ita
762 737 824 792 in
853 750 1051 792 omnes
1072 732 1331 789 homines
1370 730 1739 801 pertransiit,
1772 730 1833 785 in
1871 744 1985 801 quo
2017 742 2217 784 omnes

564 832 983 897 peccaverunt.
1024 823 1185 877 Sicut
1215 821 1412 876 abillo
1454 836 1573 875 uno
1596 818 1862 883 homine,
1892 817 1975 873 sic
2014 816 2091 873 ab
2121 831 2218 873 eo-

566 917 706 973 dem
744 919 992 987 peccato
1020 911 1274 966 infantes
1313 910 1612 964 immunes
1630 922 1761 963 esse
1792 922 1913 962 non
1938 911 2213 976 possunt,

567 1005 684 1063 nisi
707 1004 785 1060 ab
806 1003 934 1074 ejus
958 1001 1138 1057 beatu
1166 1014 1272 1071 per
1290 997 1498 1056 Christi
1523 996 1897 1068 Baptismum
1912 993 2217 1050 resolvan-

570 1101 684 1152 tur.
728 1094 918 1163 Usque
947 1091 1099 1147 enim
1128 1088 1396 1159 adlegem
1422 1091 1731 1157 peccatum
1747 1084 1811 1141 in
1833 1084 2055 1140 mundo
2075 1083 2218 1155 fuit:

568 1200 689 1240 non
715 1182 859 1253 quia
883 1180 1167 1250 deinceps
1200 1177 1261 1232 in
1288 1176 1525 1232 nemine
1548 1174 1676 1241 fuit,
1706 1173 1821 1230 hoc
1850 1173 2076 1229 dictum
2092 1178 2210 1241 est;

568 1275 672 1329 sed
698 1271 974 1343 quianon
992 1270 1221 1340 poterat
1240 1281 1344 1337 per
1358 1264 1616 1320 litteram
1640 1262 1781 1335 legis
1804 1261 2212 1334 auferri,quod

568 1362 696 1418 solo
726 1362 957 1433 poterat
994 1355 1216 1428 Spiritu
1247 1355 1470 1425 gratiae.
1498 1353 1579 1408 Ne
1624 1352 1948 1424 quisquam
1978 1365 2115 1420 ergo
2144 1350 2220 1405 ﬁ-

567 1452 717 1507 dens
743 1450 817 1504 de
842 1445 1089 1511 viribus,
1107 1458 1229 1499 non
1242 1443 1378 1498 dico
1404 1441 1744 1506 voluntatis,
1783 1444 1884 1496 sed
1910 1440 2105 1511 potius
2121 1455 2220 1495 va-

566 1539 763 1598 nitatis
803 1552 947 1602 suae,
978 1537 1216 1605 putaret
1247 1531 1434 1587 libero
1465 1530 1709 1586 arbitrio
1738 1529 1931 1599 legem
1955 1528 2218 1601 potuisse

569 1628 929 1694 sufﬁcere,et
951 1623 1159 1678 Christi
1174 1622 1428 1691 gratiam
1443 1619 1767 1687 derideret;
1792 1618 1928 1673 ideo
1945 1617 2217 1689 aitApos-

569 1718 721 1775 tolus
756 1731 768 1769 :
802 1715 991 1783 Usque
1039 1712 1191 1766 enim
1244 1709 1325 1764 ad
1356 1710 1538 1779 legem
1565 1713 1869 1778 peccatum
1914 1708 1974 1761 in
1996 1707 2219 1762 mundo

567 1807 1021 1878 fuit;peccatum
1043 1803 1239 1856 autem
1256 1813 1373 1853 non
1390 1796 1824 1866 deputabatur‘
1844 1811 1975 1852 cum
1992 1796 2087 1852 lex
2097 1810 2217 1851 non

567 1892 1170 1957 esset.Nondixit,non
1190 1893 1336 1958 erat;
1355 1886 1479 1950 sed,
1494 1902 1615 1942 non
1627 1884 2221 1956 deputabatur;quia

568 1986 663 2043 lex
697 1999 816 2040 non
858 1986 1000 2045 erat,
1045 1994 1168 2050 qua
1216 1982 1501 2046 arguxente
1532 1977 2062 2040 demonstraretur,
2097 1974 2219 2029 sive

567 2079 660 2134 lex
689 2070 1021 2135 rationis,in
1040 2067 1290 2140 parvulo
1320 2066 1441 2121 sive
1454 2065 1546 2120 lex
1561 2064 1763 2120 litteras
1778 2064 1835 2119 in
1849 2063 2096 2135 populo.

645 2167 729 2219 19.
762 2160 881 2218 Sed
906 2162 1199 2229 regnavit,
1229 2156 1618 2228 inquit,mors
1637 2154 1713 2210 ab
1735 2153 1927 2209 Adam
1945 2154 2221 2224 usquead

569 2256 807 2324 Moysen
839 2267 857 2314 ;
887 2248 1031 2321 quia
1070 2261 1181 2301 nec
1205 2245 1297 2300 lex
1327 2244 1468 2301 data
1498 2259 1602 2315 per
1631 2244 1875 2315 Moysen
1908 2243 2097 2313 potuit
2127 2258 2222 2298 re-

567 2358 755 2415 gnum
787 2338 993 2394 mortis
1027 2336 1279 2399 auferre,
1319 2333 1483 2406 quod
1534 2331 1663 2388 sola
1704 2330 1917 2388 Christi
1970 2330 2220 2387 abstulit

568 2432 778 2504 gratia.
821 2429 884 2482 In
932 2440 1088 2498 quos
1119 2429 1317 2479 autem
1350 2420 1681 2491 regnaverit
1707 2420 1842 2475 vide
1876 2435 1889 2474 :
1924 2428 1976 2476 et
2015 2436 2073 2475 in
2102 2435 2214 2487 eos,

564 2520 779 2594 inquit,
805 2518 910 2589 qui
928 2530 1045 2570 non
1075 2514 1472 2582 peccaverunt
1500 2510 1564 2565 in
1588 2509 2218 2578 similitudineprzva—

566 2607 872 2667 ricationis
911 2603 1075 2659 Adae.
1112 2600 1401 2671 Regnavit
1430 2613 1568 2668 ergo
1628 2602 1685 2653 et
1731 2598 1789 2653 in
1822 2613 1926 2652 eos
1954 2598 2056 2670 qui
2098 2612 2216 2653 non

563 2695 986 2772 peccaverunt.
1042 2690 1157 2747 Sed
1216 2704 1323 2744 cur
1381 2686 1736 2759 regnaverit,
1775 2685 2034 2741 ostendit
2080 2700 2215 2741 cum

566 2789 647 2844 ait
677 2803 689 2841 :
721 2786 790 2841 In
848 2778 1238 2837 similitudine
1263 2774 1964 2847 praevaricationisAdz.
1994 2777 2103 2830 Iste
2128 2779 2219 2830 est

567 2877 725 2932 enim
753 2872 964 2929 melior
996 2867 1331 2925 intellectus
1356 2865 1570 2921 horum
1604 2863 1944 2931 verborum,
1976 2868 2041 2919 ut
2078 2879 2217 2918 cum

562 2965 819 3027 dixisset,
871 2957 1147 3031 regnavit
1193 2970 1352 3012 mors
1400 2955 1464 3009 in
1508 2968 1602 3010 eos
1639 2954 1746 3024 qui
1771 2968 1892 3009 non
1948 2967 2220 3022 peccave-

562 3061 739 3123 runt;
767 3048 939 3123 quasi
974 3062 1085 3103 nos
1128 3048 1403 3100 moneret
1433 3056 1623 3114 quare
1655 3042 1715 3096 in
1748 3056 1852 3097 eos
1885 3040 2221 3111 regnaverit

567 3145 669 3216 qui
704 3156 823 3197 non
848 3138 1264 3211 peccaverunt,
1293 3132 1559 3201 adderet,
1584 3131 1645 3186 in
1676 3129 2067 3187 similitudine
2078 3145 2222 3200 prae-

568 3227 953 3290 varicationis
984 3224 1167 3288 Adae;
1199 3222 1258 3276 id
1308 3226 1414 3286 est,
1459 3220 1602 3292 quia
1654 3219 1844 3274 inerat
1902 3234 2110 3275 eorum
2159 3219 2219 3273 in

570 3320 856 3378 membris
910 3311 1239 3369 similitudo
1288 3308 1795 3381 praevaricationis
1821 3307 1988 3362 Adin.
2029 3310 2222 3364 Potest

567 3416 623 3467 et
662 3410 744 3463 sic
785 3402 1054 3471 intelligi,
1087 3399 1353 3470 regnavit
1388 3413 1547 3454 mors
1593 3396 1669 3452 ab
1705 3396 1900 3452 Adam
1925 3411 2111 3467 usque
2149 3396 2222 3454 ad

565 3500 826 3569 Moysen,
849 3501 900 3550 et
932 3493 992 3546 in
1023 3503 1116 3546 eos
1146 3489 1250 3559 qui
1274 3502 1394 3542 non
1430 3486 1491 3541 in
1515 3484 1902 3541 similitudine
1928 3486 2217 3554 praevari-

565 3584 879 3647 cationisEA
890 3580 975 3635 dae.
996 3581 1394 3648 peccaverunt
1424 3592 1443 3639 ;
1468 3575 1616 3647 quia
1637 3574 1697 3630 in
1721 3573 2055 3645 semetipsis
2077 3590 2215 3631 cum

558 3676 689 3747 jam
736 3672 857 3728 nati
912 3672 1130 3731 essent,
1180 3681 1290 3721 nec
1356 3665 1584 3720 ratione
1638 3662 1837 3719 adhuc
1890 3666 2213 3729 uterentur,

562 3780 685 3837 qua
718 3762 808 3817 ille
822 3759 1101 3815 utebatur
1124 3754 1371 3828 quando
1396 3752 1682 3825 peccavit,
1717 3767 1827 3808 nec
1847 3757 2214 3824 praeceptum

560 3850 931 3923 accepissent
983 3844 1148 3917 quod
1206 3842 1301 3897 ille
1334 3845 1745 3911 transgressus
1792 3846 1900 3908 est,
1944 3840 2049 3895 sed
2088 3839 2215 3896 solo

560 3938 834 4010 originali
860 3935 1002 3991 vitio
1023 3936 1357 3990 tenerentur
1375 3929 1666 3995 obstricti,
1701 3929 1986 4001 perquod
2016 3944 2119 3985 eos
2132 3944 2217 3984 re-

560 4045 746 4101 gnum
788 4024 995 4081 mortis
1035 4021 1294 4077 traheret
1325 4020 1400 4075 ad
1424 4018 2013 4074 condemnationem.
2046 4017 2217 4084 Quod

558 4132 812 4188 regnum
845 4112 1050 4169 mortis
1075 4110 1132 4164 in
1178 4108 1265 4164 eis
1299 4114 1530 4163 tantum
1564 4122 1684 4162 non
1731 4113 1839 4172 est,
1871 4106 1975 4178 qui
2006 4107 2215 4163 Christi

561 4204 750 4277 gratia
775 4200 984 4268 renati,
1014 4199 1089 4254 ad
1119 4198 1249 4269 ejus
1280 4211 1529 4266 regnum
1559 4196 1892 4266 pertinent;
1925 4196 2214 4267 quoniam

562 4310 725 4351 mors
756 4284 1424 4362 temporalis,quamvis
1455 4288 1511 4339 et
1538 4284 1671 4355 ipsa
1701 4283 1775 4339 de
1805 4282 2080 4354 originali
2112 4283 2218 4340 de-

558 4384 696 4441 licto
722 4382 1057 4455 propagata
1080 4376 1172 4440 sit,
1190 4372 1481 4445 corpusin
1515 4371 1917 4436 eisiuterimit,
1948 4372 2213 4429 animam

565 4490 702 4530 vero
729 4472 805 4527 ad
838 4482 1081 4542 pmnam
1106 4479 1225 4521 non
1245 4461 1769 4528 trahit,ubivoluit
1782 4477 2031 4533 regnum
2061 4478 2218 4518 mor-

561 4565 633 4618 tis
665 4558 911 4628 intelligi
942 4574 955 4611 :
992 4560 1052 4611 ut
1087 4554 1294 4611 anima
1346 4557 1555 4607 renata
1581 4553 1602 4587 ²
1630 4566 1735 4623 per
1776 4550 2053 4621 gratiam,
2084 4550 2213 4621 jam

559 4668 681 4709 non
716 4648 1007 4704 moriatur
1046 4644 1107 4699 in
1140 4632 1503 4712 gehennam,
1541 4640 1598 4696 id
1632 4647 1718 4696 est
1748 4656 1784 4697 ει
1810 4641 1929 4696 vita
1960 4639 2058 4696 Dei
2091 4656 2211 4697 non

560 4739 866 4802 alienetur,
898 4749 1017 4789 non
1051 4737 1399 4803 separetur;
1439 4729 1780 4801 temporalis
1810 4734 2007 4785 autem
2048 4744 2213 4785 mors

559 4826 843 4899 corporis,
873 4824 1050 4879 etiam
1085 4818 1569 4891 iniisquiChristi
1595 4823 1785 4875 morte
1814 4818 2209 4887 redimuntur,

554 4918 879 4989 reliquatur
894 4911 1130 4967 interim
1145 4909 1221 4965 ad
1236 4908 1715 4964 exercitationem
1732 4907 1951 4973 ﬁdei,et
1964 4922 2211 4978 agonem

554 5005 865 5081 praesentis
895 4998 1260 5067 luctationis,
1293 4998 1354 5053 in
1396 5013 1517 5069 quo
1548 5002 1603 5052 et
1628 5002 1926 5069 martyres
1955 5003 2215 5054 certave-

554 5104 719 5162 runt;
755 5094 1108 5151 absumatur
1139 5102 1278 5144 vero
1322 5091 1379 5143 et
1408 5087 1540 5158 ipsa
1582 5086 1640 5141 in
1669 5087 2057 5142 renovatione
2088 5102 2214 5143 cor-

553 5188 738 5259 poris,
773 5198 958 5257 quam
980 5176 1337 5236 resurrectio
1366 5174 1787 5247 pollicetur.Ibi
1802 5174 1959 5230 enim
1974 5174 2213 5247 penitus

555 5275 970 5333 absorbebitur
1001 5285 1161 5326 mors
1188 5267 1248 5322 in
1284 5264 1595 5321 victoriam
1626 5265 1668 5335 (l
1708 5264 1842 5320 Cor.
1867 5280 1964 5329 xv,
1999 5265 2209 5335 54),ουί

554 5367 736 5421 modo
750 5362 943 5433 gratia
956 5357 1169 5415 Christi
1184 5355 1399 5413 adimit
1426 5369 1703 5424 regnum,
1735 5368 1806 5408 ne
1824 5369 2071 5409 suorum
2087 5353 2212 5409 ani-

616 5508 630 5538 ¹
662 5507 807 5562 Lov.,
828 5501 1206 5565 imputabatur.
1240 5500 1302 5565 At
1322 5497 1583 5549 Bad.Am.
1630 5495 1714 5546 Er.
1744 5496 2048 5565 etp_1erique_
2063 5497 2207 5565 Mss.,

556 5558 915 5631 deputabatur;
950 5564 1001 5611 id
1024 5560 1525 5631 est,pe¢_:¢_:alum_e_sse
1578 5574 1683 5609 non
1700 5558 2001 5623 putabatur,
2037 5560 2212 5625 inquit
2252 5560 2261 5575 "

556 5625 626 5679 in"
650 5628 740 5677 lib.
774 5630 796 5673 1
835 5628 901 5674 de
928 5638 1072 5686 pecc.
1101 5625 1287 5678 Merit..
1328 5638 1372 5672 c.
1410 5625 1486 5672 10.

626 5692 644 5721 ²
676 5689 801 5741 Mss.
834 5699 1001 5749 prope
1024 5698 1230 5740 omnes.
1254 5688 1523 5734 renovata.

1846 156 1907 213 S.
1948 151 2334 212 AUGUSTINI
2373 151 2688 215 EPISCOPI
3822 160 3912 225 684

2327 297 2461 338 mas
2492 286 2569 340 ad
2592 299 2805 356 poenas
2828 286 3030 343 tartari
3072 284 3291 342 trahat.
3333 286 3601 343 Nonnulli
3636 303 3766 345 sane
3789 291 3921 349 codi-

2327 387 2425 427 ces
2455 388 2575 429 non
2608 374 2850 439 habent,
2884 377 2948 430 in
2976 388 3071 430 eos
3105 375 3214 445 qui
3242 389 3359 430 non
3377 385 3752 444 peccaverunt
3778 392 3796 449 ,'
3821 381 3920 446 sed,

2326 461 2390 516 in
2419 476 2514 518 eos
2543 462 2648 534 qui
2671 471 3087 533 peccaverunt,
3119 463 3182 519 in
3212 464 3597 521 similitudine
3617 470 3927 534 praevarica-

2325 549 2503 607 tionis
2530 552 2675 608 Adae
2702 567 2725 608 :
2753 551 2977 625 quibus
2990 552 3240 625 quidem
3262 553 3460 608 verbis
3487 553 3646 610 nullo
3663 556 3826 612 modo
3842 558 3927 615 iste

2326 655 2541 695 sensus
2573 640 2857 697 aufertur.
2892 641 3236 698 Secundum
3261 641 3375 697 hoc
3404 641 3625 715 quippe
3640 643 3927 715 intelligun-

2327 733 2424 784 tur
2451 744 2735 800 peccasse
2760 730 2824 785 in
2852 729 3249 787 similitudine
3277 731 3774 800 prmaricationis
3796 736 3928 805 Ade,

2328 818 2661 874 secundum
2706 818 2873 891 quod
2931 834 3117 891 supra
3146 818 3371 875 dictum
3404 827 3517 885 est,
3550 821 3611 875 in
3640 836 3747 892 quo
3769 837 3930 880 omnes

2323 914 2741 977 peccaverunt.
2779 908 2888 966 Sed
2916 914 3114 965 tamen
3138 908 3308 979 greci
3336 908 3590 975 codices,
3626 910 3774 966 unde
3800 911 3932 970 inla-

2330 996 2520 1052 tinum
2563 997 2864 1069 Scriptura
2889 996 3178 1055 translata
3206 1002 3315 1067 est,
3350 998 3497 1054 illud
3530 998 3721 1072 plures
3746 999 3933 1059 habent

2326 1085 2494 1157 quod
2513 1085 2799 1142 diximus.

2396 1178 2485 1231 20.
2522 1174 2693 1241 Quod
2723 1190 2862 1232 vero
2901 1174 3177 1246 adjunxit
3206 1174 3282 1232 de
3311 1175 3525 1243 Adam,
3550 1176 3655 1247 qui
3675 1183 3752 1233 est
3769 1178 3934 1247 fama

2320 1263 2540 1332 futuri,
2582 1279 2778 1337 neque
2799 1263 2913 1320 hoc
2945 1280 3064 1320 uno
3095 1264 3439 1336 intelligitur
3464 1265 3664 1321 modo.
3691 1267 3932 1325 Auteuim

2325 1352 2521 1409 forma
2536 1352 2746 1409 Christi
2778 1354 3126 1411 acontrario
3154 1358 3260 1426 est,
3286 1359 3351 1410 ut
3369 1354 3864 1427 quemadmodum
3886 1357 3933 1412 in

2325 1440 2426 1499 illo
2451 1457 2663 1499 omnes
2687 1442 3044 1513 moriuntur,
3072 1442 3159 1498 sic
3183 1447 3239 1499 et
3266 1442 3327 1499 in
3341 1443 3575 1499 Christo
3600 1458 3798 1499 omnes
3823 1445 3935 1501 vivi-

2323 1530 2602 1597 ﬁcentur;
2662 1537 2719 1588 et
2755 1530 3072 1603 jquomodo
3127 1546 3235 1604 per
3272 1530 3463 1604 ipsius
3511 1531 3933 1590 inobedientiam

2326 1624 2665 1692 peccatores
2722 1622 3023 1677 constituti
3087 1624 3230 1675 sunt
3285 1620 3477 1686 multi,
3509 1622 3594 1677 sic
3624 1635 3724 1693 per
3762 1621 3933 1678 Christi

2326 1709 2728 1765 obedientiam
2769 1710 2913 1781 justi
2955 1710 3397 1765 constituantur
3451 1708 3667 1766 multi:
3711 1716 3807 1766 aut
3846 1711 3936 1768 for-

2326 1814 2489 1854 mam
2523 1797 2705 1853 tuturi
2725 1814 2863 1853 eum
2886 1797 3052 1865 dixit,
3076 1797 3240 1871 quod
3262 1797 3395 1871 ipse
3424 1798 3698 1854 indixerit
3720 1798 3935 1856 formam

2325 1885 2534 1942 mortis
2566 1887 2822 1958 posteris
2843 1886 2984 1942 suis.
3021 1885 3120 1942 Ille
3143 1892 3343 1942 tamen
3375 1893 3466 1942 est
3488 1887 3693 1943 melior
3717 1888 3935 1946 intellec-

2326 1980 2444 2041 tus,
2495 1981 2557 2031 ut
2606 1992 2639 2031 a
2691 1975 2989 2032 contrario
3047 1975 3240 2033 forma
3278 1990 3409 2031 esse
3448 1976 3740 2043 credatur,
3783 1993 3935 2050 quam

2326 2065 2581 2121 multum
2611 2065 3001 2121 commendat
3030 2064 3370 2138 Apostolus.
3436 2066 3699 2138 Denique
3745 2082 3812 2123 ne
3836 2082 3935 2124 om-

2326 2155 2471 2211 nino
2504 2170 2571 2210 ex
2610 2170 2785 2227 aequo
2828 2155 2889 2210 in
2924 2154 3037 2211 hac
3052 2153 3248 2211 forma
3273 2154 3487 2211 eadem
3519 2156 3802 2212 contraria
3823 2172 3935 2228 pen-

2327 2248 2623 2308 sarentur,
2654 2244 2931 2315 adjungit
2958 2243 3313 2312 etdicit,Sed
3343 2259 3468 2299 non
3491 2243 3644 2301 sicut
3677 2245 3933 2314 delictum,

2325 2335 2411 2390 ita
2467 2339 2523 2390 et
2558 2332 2803 2389 donatio
2832 2350 2848 2387 :
2876 2333 2927 2389 si
2954 2335 3105 2390 enim
3132 2332 3203 2389 ob
3250 2334 3435 2390 unius
3482 2334 3759 2390 delictum
3787 2336 3933 2390 multi

2324 2422 2547 2478 mortui
2572 2429 2728 2487 sunt,
2770 2423 2954 2478 multo
2984 2423 3174 2492 magis
3207 2421 3409 2493 gratia
3440 2423 3553 2480 Dei
3579 2428 3633 2480 et
3664 2424 3860 2480 donum
3884 2422 3932 2479 in

2324 2512 2524 2583 gratia
2554 2512 2732 2567 unius
2759 2511 3013 2568 hominis
3037 2513 3174 2568 Jesu
3204 2511 3438 2569 Christi
3453 2513 3519 2570 in
3544 2514 3754 2570 multos
3780 2513 3933 2570 abun-

2324 2600 2489 2657 dabit
2520 2619 2539 2657 :
2570 2604 2631 2656 ut
2661 2600 3039 2671 intelligatur,
3074 2615 3196 2657 non
3242 2600 3301 2657 in
3330 2603 3530 2673 magis
3570 2602 3795 2668 multos,
3822 2617 3929 2657 cum

2324 2689 2515 2761 iniqui
2561 2688 2752 2760 magis
2790 2688 2963 2745 multi
3003 2690 3123 2746 sint
3159 2689 3263 2762 qui
3311 2690 3803 2757 damnabuntur;
3848 2689 3931 2746 sed

2326 2777 2521 2848 magis
2570 2777 2927 2844 abundabit,
2973 2779 3137 2851 quod
3180 2780 3239 2835 in
3279 2778 3351 2834 iis
3384 2780 3493 2851 qui
3524 2795 3630 2853 per
3679 2779 3931 2836 Christum

2324 2868 2720 2933 redimuntur,
2768 2867 3176 2939 temporaliter
3216 2868 3372 2925 valet
3418 2868 3619 2926 forma
3646 2870 3835 2927 mortis
3878 2884 3934 2925 ex

2326 2956 2540 3025 Adam,
2613 2956 2672 3012 in
2726 2961 3017 3013 aeternum
3067 2962 3267 3014 autem
3317 2956 3541 3015 valebit
3595 2960 3721 3015 vitm
3779 2958 3935 3015 forma

2326 3061 2432 3118 per
2474 3046 2789 3102 Christum.
2822 3046 3109 3111 Quamvis
3140 3062 3306 3117 ergo,
3331 3046 3551 3120 inquit,
3580 3047 3763 3105 Adam
3791 3045 3934 3103 futuri

2327 3133 2521 3190 forma
2558 3134 2632 3189 sit
2663 3150 2698 3189 a
2745 3136 3066 3206 contrario,
3107 3133 3242 3207 plus
3277 3140 3478 3192 tamen
3526 3135 3937 3208 praestatChrisc

2329 3227 2422 3279 tus
2450 3223 2833 3291 regeneratis,
2861 3239 3049 3296 quam
3077 3224 3163 3279 eis
3207 3230 3496 3281 nocuerat
3518 3226 3621 3289 ille
3660 3224 3934 3297 generatis.

2334 3312 2407 3368 Et
2430 3328 2551 3369 non
2585 3312 2737 3369 sicut
2758 3327 2869 3382 per
2897 3327 3078 3369 unum
3109 3319 3413 3382 peccatum
3443 3316 3489 3381 ¹,
3513 3316 3596 3372 ita
3624 3321 3681 3372 et
3702 3315 3892 3372 donum
3921 3326 3934 3366 :

2327 3417 2470 3458 nam
2491 3401 2791 3472 judicium
2809 3401 3043 3473 quidem
3076 3417 3151 3459 ex
3178 3418 3290 3459 uno
3309 3402 3372 3459 in
3404 3404 3933 3466 condemnationem,

2325 3491 2526 3562 gratia
2552 3496 2743 3546 autem
2771 3505 2847 3547 ea:
2874 3490 3079 3547 multis
3109 3491 3339 3548 delictis
3365 3493 3439 3562 jin
3471 3492 3930 3564 justiﬁcationem.

2326 3584 2451 3637 Non
2479 3579 2673 3635 solum
2701 3579 2757 3634 in
2796 3578 2934 3644 hoc,
2955 3580 3165 3652 inquit,
3209 3595 3332 3636 non
3353 3582 3611 3654 mqualis
3643 3587 3729 3638 est
3755 3582 3934 3643 forma,

2325 3668 2466 3742 quia
2519 3667 2613 3723 ille
2655 3669 3060 3740 temporaliter
3111 3670 3315 3727 nocuit
3356 3670 3443 3726 eis
3498 3686 3653 3742 quos
3709 3671 3764 3727 in
3808 3675 3939 3726 reter-

2325 3773 2470 3815 num
2485 3756 2748 3814 Christus
2762 3757 3013 3814 redemit
3038 3775 3051 3825 ;
3072 3773 3283 3814 verum
3310 3759 3495 3815 etiam
3514 3761 3658 3833 quia
3679 3760 3824 3816 illius
3843 3773 3938 3813 uno

2325 3846 2540 3904 delicto
2571 3846 2816 3919 posteri,
2840 3847 2949 3902 nisi
2990 3861 3027 3902 a
3054 3846 3281 3904 Christo
3303 3847 3699 3916 redimantur,
3729 3848 3940 3906 tradun-

2325 3940 2421 3993 tur
2450 3935 3078 3992 incondemnationem
3111 3958 3125 3992 :
3162 3936 3373 3993 Christi
3408 3942 3614 3995 autem
3646 3936 3937 4009 redemptio

2324 4025 2504 4082 etiam
2560 4023 2750 4080 multa
2779 4023 2993 4080 delicta
3028 4024 3321 4092 dissolvit,
3360 4041 3501 4098 quas
3536 4026 3617 4083 illi
3653 4027 3746 4083 uni
3780 4026 3936 4083 abun-

2323 4114 2528 4171 dantia
2543 4112 3032 4185 prmvaricatricis
3048 4114 3372 4187 iniquitatis
3384 4116 3635 4188 adjecit;
3662 4115 3810 4173 unde
3831 4114 3933 4187 jam

2325 4204 2598 4275 superius
2628 4202 3097 4273 disputavimus.

2392 4296 2482 4349 2t.
2514 4293 2727 4347 Contra
2741 4290 2867 4347 haec
2897 4290 3162 4363 Apostoli
3192 4293 3378 4350 verba
3396 4310 3732 4367 senumque
3751 4291 3936 4349 intelle-

2324 4386 2486 4438 ctum
2515 4380 2741 4437 nemini
2768 4381 3135 4452 acquiescas,
3163 4382 3315 4438 sivis
3345 4382 3576 4440 Christo
3604 4384 3725 4440 etin
3746 4381 3937 4439 Christo

2323 4470 2539 4526 vivere.
2574 4472 2722 4526 Nam
2756 4469 2827 4536 si,
2858 4471 3395 4542 quemadmodum
3424 4472 3507 4529 illi
3540 4474 3760 4539 dicunt,
3790 4486 3937 4544 prop-

2322 4563 2482 4616 terea
2512 4559 2623 4615 ista
2648 4565 3188 4616 commemorasset
3226 4561 3567 4633 Apostolus,
3598 4568 3660 4618 ut
3683 4560 3933 4632 intellige-

2320 4663 2524 4704 remus
2550 4647 2627 4703 ad
2652 4648 2912 4720 primum
2936 4647 3245 4705 hominem
3276 4656 3621 4721 peceatores
3636 4650 3765 4706 ideo
3792 4646 3932 4721 perti-

2321 4751 2481 4803 nere,
2514 4736 2657 4809 quia
2688 4735 3108 4792 nondelictum
3127 4753 3199 4793 ex
3224 4737 3637 4795 illonascendo
3658 4738 3928 4801 traximus,

2322 4826 2425 4882 sed
2465 4842 2599 4882 eum
2630 4824 2925 4881 imitando
2938 4841 3263 4897 peccamus
3284 4843 3298 4894 ;
3317 4827 3627 4885 diabolum
3643 4828 3828 4901 potius
3844 4840 3928 4898 po-

2320 4920 2506 4985 neret,
2537 4914 2641 4987 qui
2707 4918 2765 4969 et
2791 4914 3023 4985 primus
3064 4917 3352 4987 peccavit,
3392 4921 3449 4973 et
3490 4916 3559 4974 de
3589 4933 3707 4990 quo
3736 4914 3928 4971 nullam

2321 5004 2669 5061 substantias
2686 5004 3082 5075 propaginem
3106 5004 3285 5061 traxit
3299 5019 3487 5075 genus
3500 4999 3929 5066 bumanum.sed

2319 5109 2458 5150 eum
2488 5092 2962 5149 solaimitatione
2994 5100 3262 5149 secutum
3285 5099 3374 5150 est
3406 5113 3418 5151 :
3451 5094 3611 5151 unde
3635 5093 3927 5162 diciturpa-

2292 5216 2297 5221 ε
2318 5187 2406 5239 ter
2433 5183 2777 5255 impiorum,
2804 5182 2959 5237 sicut
2985 5186 3192 5238 noster
3233 5182 3454 5239 dicitur
3472 5187 3642 5256 pater
3662 5180 3926 5237 Abraham

2317 5276 2555 5345 propter
2589 5270 2985 5327 imitationem
3042 5270 3201 5337 ﬁdei,
3236 5286 3358 5328 non
3394 5279 3632 5345 propter
3671 5270 3923 5339 originem

2317 5362 2513 5419 carnis
2548 5362 2747 5434 (Joan.
2789 5374 2915 5428 vui,
2948 5360 3060 5431 38).
3102 5362 3250 5417 Nam
3288 5360 3425 5418 ideo
3454 5361 3526 5417 de
3555 5361 3685 5433 ipso
3718 5355 3925 5415 diabolo

2316 5452 2543 5509 dictum
2592 5454 2715 5506 est:
2778 5449 3108 5505 Imitantur
3164 5454 3361 5508 autem
3394 5449 3557 5507 illum
3596 5450 3695 5522 qui
3716 5451 3841 5503 sunt
3864 5456 3925 5500 ex

2379 5561 2391 5592 ¹
2424 5558 2550 5608 Bad.
2583 5557 2676 5611 Er.
2699 5561 2749 5607 et
2781 5557 2876 5605 Ms.
2897 5555 3118 5607 Cisterc.
3152 5556 3281 5614 ;Per
3304 5572 3464 5608 unum
3493 5551 3923 5620 peccantemjyxté

2316 5634 2548 5734 graecum
2588 5620 2785 5670 di'enos
2814 5612 3228 5693 amartésantor;
3260 5621 3337 5672 δίο
3363 5612 3521 5675 etiam
3553 5620 3678 5671 ιον.
3712 5612 3767 5667 in
3792 5612 3871 5665 lib.
3898 5612 3915 5659 1

2354 5698 2381 5734 e
2411 5686 2685 5734 peccator.
2720 5681 2935 5734 Meritis.
2968 5696 3018 5733 c.
3042 5683 3117 5733 l2.

2354 5698 2381 5735 e
2411 5686 2685 5749 peccator.
2720 5681 2935 5742 Meritis,
2968 5696 3018 5733 c.
3042 5683 3117 5733 l2.
