4098 6166
115 163 204 223 685

116 296 274 363 parte
295 288 481 359 ipsius
510 285 670 358 (ϐαρ.
698 300 757 351 ιι,
780 284 893 354 25).
928 284 1152 341 Deinde
1192 285 1239 342 si
1283 292 1531 359 propter
1558 286 1748 343 imita-

119 381 325 436 tionem
354 377 469 433 hoc
479 376 612 433 loco
631 374 950 447 Apostolus
962 381 1464 433 commemoraret
1485 377 1750 450 primum

112 467 427 534 hominem,
450 465 593 539 quia
608 465 837 537 primus
864 467 1140 535 peccator
1160 464 1219 520 in
1242 464 1587 523 hominibus
1620 465 1750 533 fuit,

115 565 167 615 ut
184 558 317 614 ideo
346 557 421 614 ad
441 555 609 610 illum
630 569 842 610 omnes
872 554 1143 609 homines
1173 559 1516 626 peccatores
1533 555 1754 611 diceret

115 646 429 721 pertinere;
472 658 577 700 cur
606 657 728 699 non
760 648 1034 698 sanctum
1068 642 1215 698 Abel
1248 644 1470 716 posuit,
1498 645 1600 716 qui
1633 643 1750 716 pri-

114 753 237 793 mus
268 735 329 791 in
355 733 697 791 hominibus
726 732 920 802 justus
946 730 1358 805 fuit,adquem
1372 733 1519 804 justi
1542 748 1753 789 omnes

113 829 340 898 propter
368 822 764 879 imitationem
788 820 1035 891 justitiaa
1062 821 1423 893 pertinerent
1460 822 1488 878 ?
1513 821 1624 878 Sed
1650 837 1755 894 po-

113 914 218 971 suit
247 912 461 981 Adam,
493 912 703 967 contra
732 924 914 981 quem
943 924 1063 965 non
1095 908 1292 979 posuit
1314 910 1428 965 nisi
1454 910 1754 968 Christum

114 1005 244 1077 quia
273 1002 429 1057 sicut
458 999 555 1055 ille
594 998 777 1055 homo
806 997 1018 1053 delicto
1051 1014 1158 1053 suo
1188 999 1416 1056 vitiavit
1446 1000 1665 1072 posteri
1678 1006 1759 1057 ta-

114 1101 221 1151 tem
244 1105 444 1156 suam,
472 1088 557 1143 sic
584 1086 680 1143 ille
711 1089 864 1142 Deus
902 1086 1089 1143 homo
1105 1087 1334 1156 justitia
1356 1104 1467 1145 sua
1502 1088 1761 1145 salvavit

115 1180 514 1239 haereditatem
541 1191 744 1232 suam:
774 1174 868 1232 ille
916 1175 1266 1245 trajiciendo
1288 1177 1762 1233 carnisimmun-

115 1272 339 1335 ditiam,
370 1266 537 1340 quod
559 1280 679 1321 non
693 1268 923 1336 poterat
951 1264 1174 1337 impius
1189 1265 1497 1333 diabolus;
1532 1266 1627 1323 ille
1649 1267 1762 1324 do-

114 1359 311 1418 nando
332 1356 575 1429 spiritus
592 1353 869 1425 gratiam,
893 1353 1057 1426 quod
1071 1368 1194 1411 non
1227 1356 1611 1427 poteratAbel
1636 1357 1762 1429 jus-

118 1457 222 1507 tus.

178 1543 263 1595 22.
331 1534 512 1593 Multa
544 1533 618 1590 de
655 1533 748 1588 his
790 1532 1226 1605 quaestionibus
1280 1533 1342 1589 in
1388 1533 1519 1590 aliis
1549 1536 1766 1593 nostris

117 1625 422 1700 opusculis
433 1627 489 1680 et
500 1620 913 1679 ecclesiasticis
928 1620 1308 1677 sermonibus
1322 1622 1606 1682 diximus:
1620 1641 1767 1697 quo-

115 1719 268 1774 niam
281 1714 526 1770 fuerunt
546 1711 725 1767 etiam
747 1708 911 1783 apud
933 1726 1042 1766 nos
1059 1710 1332 1782 quidam,
1360 1712 1464 1784 qui
1498 1712 1769 1770 ubicum-

114 1821 223 1879 que
255 1799 683 1877 poteranthaac
705 1799 798 1854 sui
830 1799 1046 1854 erroris
1079 1814 1237 1855 nova
1265 1800 1498 1857 semina
1528 1816 1770 1873 sparge—

112 1900 237 1953 rent
265 1910 282 1961 ;
318 1904 579 1964 quorum
599 1888 921 1945 nonnullos
941 1902 1048 1959 per
1078 1888 1471 1945 ministerium
1496 1896 1769 1947 nostrum

118 1985 486 2053 fratrumque
504 1983 867 2048 nostrorum,
892 1977 1297 2034 misericordia
1319 1978 1552 2035 Domini
1574 1980 1652 2036 ab
1673 1980 1771 2037 illa

117 2077 282 2147 peste
297 2068 551 2127 sanavit.
566 2070 681 2124 Nec
693 2070 898 2121 tamen
910 2065 1005 2122 hic
1017 2066 1229 2122 deesse
1241 2066 1470 2138 aliquos
1497 2067 1771 2133 arbitror,

120 2162 384 2219 maxime
397 2156 559 2230 apud
591 2154 1041 2225 Carthaginem:
1061 2154 1165 2209 sed
1174 2154 1194 2225 j
1206 2170 1303 2209 am
1317 2154 1545 2211 occulte
1564 2155 1773 2212 mussi-

122 2256 268 2322 tant,
304 2250 584 2305 timentes
606 2243 879 2301 Ecclesite
908 2242 1392 2300 fundatissimam
1409 2244 1611 2301 ﬁdem.
1628 2248 1774 2302 Nam

123 2357 281 2398 unus
316 2352 525 2394 eorum
546 2334 787 2391 nomine
811 2332 1113 2397 Celestius,
1144 2332 1203 2388 in
1231 2332 1502 2403 ejusdem
1521 2334 1776 2391 civitatis

122 2427 379 2488 ecclesia
425 2426 551 2498 jam
610 2422 686 2479 ad
716 2420 1068 2494 presbyterii
1115 2421 1408 2478 honorem
1458 2421 1779 2495 subrepere

124 2521 389 2593 cceperat
412 2514 547 2571 :sed
570 2511 921 2569 ﬁdelissima
939 2510 1212 2566 libertate
1236 2510 1507 2576 fratrum,
1540 2519 1783 2585 propter

124 2611 234 2669 has
247 2610 418 2681 ipsas
430 2608 635 2661 contra
648 2601 859 2659 Christi
872 2600 1131 2670 gratiam
1146 2600 1578 2672 disputationes
1595 2619 1782 2676 usque

129 2700 205 2759 ad
245 2694 549 2771 judicium
581 2690 923 2764 episcopale
962 2689 1285 2762 perductus
1312 2698 1398 2747 est
1432 2691 1534 2763 (a).
1560 2691 1784 2751 Tamen

129 2793 383 2847 coactus
396 2788 488 2842 est
512 2779 778 2839 conﬁteri
801 2784 1041 2851 propter
1062 2778 1449 2850 baptizandos
1477 2784 1784 2855 parvulos,

130 2876 301 2953 quod
338 2879 397 2931 et
420 2871 569 2947 ipsis
587 2870 917 2941 redemptio
949 2868 1023 2923 sit
1060 2868 1414 2925 necessaria.
1450 2871 1556 2927 Ubi
1595 2888 1790 2944 quan-

131 2980 323 3042 quam
344 2961 601 3020 noluerit
629 2959 705 3016 de
723 2955 997 3028 originali
1030 2962 1274 3029 peccato
1301 2958 1527 3031 aliquid
1554 2976 1788 3033 expres-

135 3059 266 3113 sius
302 3053 524 3118 dicere,
551 3054 751 3104 tamen
774 3046 911 3119 ipso
939 3044 1366 3117 redemptionis
1398 3049 1642 3105 nomine
1668 3066 1792 3108 non

132 3158 357 3219 parum
386 3138 499 3195 sibi
528 3135 911 3210 praescripsit.
946 3133 1111 3191 Unde
1145 3134 1304 3190 enim
1336 3135 1667 3192 redimendi
1700 3154 1790 3195 es-

134 3240 293 3305 sent,
325 3228 441 3287 nisi
465 3244 501 3284 a
529 3223 754 3283 diaboli
782 3227 1092 3295 potestate,
1115 3222 1174 3280 in
1205 3239 1321 3296 qua
1343 3240 1475 3280 esse
1511 3241 1632 3283 non
1659 3244 1793 3301 pos-

136 3326 297 3390 sent,
326 3317 442 3375 nisi
472 3312 779 3385 originalis
822 3311 1186 3382 obligatione
1224 3313 1452 3385 peccati
1478 3313 1505 3367 ?
1538 3323 1643 3371 aut
1671 3332 1793 3391 quo

136 3411 335 3487 pretio
382 3405 776 3468 redimuntur,
811 3401 925 3457 nisi
954 3400 1164 3457 Christi
1205 3402 1520 3474 sanguine,
1562 3404 1636 3462 de
1672 3422 1795 3479 quo

138 3496 521 3575 apertissime
544 3491 833 3563 scriptum
846 3490 1113 3562 estquod
1137 3491 1194 3545 in
1217 3492 1641 3552 remissionem
1655 3496 1799 3553 effu-

143 3607 251 3647 sus
280 3588 354 3644 sit
379 3586 761 3659 peccatorum
782 3580 1022 3651 (Matth.
1037 3596 1196 3646 xxvn,
1218 3579 1311 3653 28)
1333 3582 1361 3636 ?
1376 3584 1488 3639 Sed
1511 3586 1651 3656 quia
1671 3602 1798 3643 ma.

142 3681 235 3754 gis
265 3675 577 3735 convictus
591 3677 647 3728 et
675 3670 750 3727 ab
770 3670 1027 3726 Ecclesia
1038 3670 1365 3727 detestatus
1379 3688 1562 3745 quam
1577 3691 1804 3734 correc‘

142 3777 240 3828 tus
272 3769 593 3840 etpacatus
623 3760 935 3826 abscessit,
951 3760 1172 3815 veritus
1202 3776 1337 3816 sum
1364 3778 1439 3819 ne
1470 3762 1713 3822 forteibi
1730 3767 1805 3823 sit

142 3862 276 3933 ipse
305 3856 414 3929 qui
454 3856 709 3909 vestram
751 3849 933 3905 ﬁdem
974 3849 1325 3921 perturbare
1349 3857 1639 3910 conatur:
1668 3855 1804 3913 ideo

145 3945 418 4006 nominis
458 3940 652 4016 ipsius
673 3940 1311 3996 commemorationem
1338 3942 1543 4013 putavi
1564 3959 1692 4000 esse
1718 3945 1808 4003 fae-

147 4035 459 4095 ciendam.
485 4030 595 4088 Sed
622 4029 748 4086 sive
780 4029 904 4101 ipse
933 4029 1024 4093 sit,
1058 4028 1184 4084 sive
1215 4029 1313 4086 alii
1350 4037 1654 4090 consortes
1680 4034 1807 4106 ejus

215 4153 286 4217 (a)
302 4149 565 4217 Celestius
582 4144 1057 4217 indisseminanda
1068 4143 1535 4217 Relagiidoctrina
1548 4152 1656 4217 tam
1676 4149 1810 4201 mul-

150 4207 470 4281 tum'operte
496 4208 764 4281 studiique
777 4208 993 4281 lposu‘it,
1026 4210 1083 4279 ut
1096 4207 1252 4281 istius
1278 4207 1495 4281 hmresis
1522 4216 1810 4281 sectatores

154 4270 347 4331 vocati'
364 4270 754 4342 etiam_[uerint
774 4270 1245 4342 Celestiani,juxta
1264 4273 1699 4342 Augustinumin
1714 4276 1809 4326 lib.

155 4344 223 4393 de
236 4342 438 4392 meres.
466 4351 511 4385 c.
528 4335 585 4383 88
611 4347 812 4397 ;neque
833 4333 936 4383 alio
951 4332 1167 4397 nomine
1185 4332 1441 4396 leguniur
1456 4336 1523 4386 ab
1545 4338 1814 4397 Ephesina

108 4464 115 4469 ,
154 4403 373 4478 synodo
402 4413 500 4478 μιιέ
514 4395 1334 4478 4‘31fende‘mnatiﬂsporrolad
1349 4395 1650 4463 episcopale
1674 4401 1814 4478 judi-

156 4458 305 4521 cium
333 4465 508 4529 primo
542 4460 859 4529 Carthagine
878 4458 1268 4529 perd_u<_:tus__est
1283 4458 1429 4529 anno
1448 4458 1757 4529 exeunte'tl
1770 4466 1811 4521 l,

158 4535 257 4583 aut
286 4521 509 4579 ineunte
530 4537 672 4573 anno
694 4521 819 4585 4172A;
840 4521 928 4585 uti
947 4521 1263 4585 intelligitur
1288 4536 1352 4573 ex
1378 4524 1567 4574 litteris
1596 4526 1817 4575 alterius

159 4588 604 4653 Carthaginensis
629 4583 823 4653 synodi
839 4583 1032 4653 habitus
1051 4583 1142 4653 an:
1160 4586 1273 4641 416,
1293 4587 1816 4653 quibuslnnocentio

160 4646 508 4721 Signiﬁc'atpr
530 4650 634 4721 iam
656 4646 826 4721 {ante
856 4646 1459 4721 termequinquennium
1488 4666 1513 4696 ιι
1545 4650 1820 4701 fuisseibi-

162 4714 292 4770 dEm
323 4716 391 4766 de
426 4714 650 4763 Celestio
674 4714 995 4774 judicatum.
1028 4714 1154 4769 Quae
1185 4714 1366 4759 autem
1398 4714 1451 4759 in
1471 4725 1594 4761 eum
1626 4717 1757 4763 tunc
1788 4726 1823 4765 ι

162 4780 396 4848 Paulino
410 4776 634 4848 diacono
656 4772 865 4848 objecta
881 4773 1005 4848 sint,
1028 4771 1189 4845 refert
1205 4774 1539 4848 Augustinus
1556 4775 1611 4848 in
1624 4775 1730 4848 .li'b.
1750 4776 1821 4848 de

161 4835 764 4911 Peccato_0ri_g.,c.
792 4835 957 4911 .4;sed
982 4836 1213 4911 maxime
1238 4835 1481 4911 inlib.dc
1495 4836 1665 4911 Gestis
1678 4838 1823 4911 Pela-

164 4908 265 4972 gii,
292 4918 339 4955 c.
364 4904 440 4959 11,
464 4898 555 4951 ubi
582 4898 766 4949 scribit
794 4898 905 4947 haec
923 4899 974 4946 in
998 4898 1114 4960 ejus
1131 4898 1600 4949 doctrinainventa
1617 4901 1781 4950 fuisse
1810 4916 1822 4950 :

166 4972 257 5015 «1.
282 4966 451 5015 Adam
470 4962 751 5013 mortalem
773 4959 993 5015 factum,
1025 4962 1116 5015 qui
1143 4960 1253 5010 sive
1280 4966 1540 5015 peccaret.
1574 4964 1685 5013 sive
1716 4978 1822 5014 non

166 4970 257 5017 ἆ1.
282 4970 451 5017 Adam
470 4970 751 5013 mortalem
773 4970 993 5015 factum,
1025 4974 1116 5023 qui
1143 4975 1253 5010 Sive
1280 4970 1540 5023 peccaret,
1574 4970 1685 5013 sive
1716 4978 1825 5014 non

168 5052 197 5083 ι
224 5030 490 5097 peccaret,
515 5026 806 5097 moriturus
819 5026 975 5072 esset.
994 5023 1038 5070 2.
1055 5022 1207 5097 Quod
1220 5028 1509 5097 peccatum
1514 5026 1640 5097 Adae
1650 5027 1826 5097 ipsum

162 4710 292 4770 dé’m
323 4716 391 4766 de
426 4710 650 4763 Celestio
674 4710 995 4774 judicatum.

170 5114 198 5143 ι
228 5086 412 5145 solum
434 5089 646 5145 laeserit,
671 5092 725 5137 et
744 5101 850 5136 non
870 5099 1041 5149 genus
1065 5086 1383 5135 humanum.
1404 5090 1450 5136 3.

171 5240 201 5269 ι
232 5223 361 5270 ante
392 5211 685 5265 adventum
705 5211 895 5262 Christi
925 5211 1141 5260 fuerunt
1173 5211 1416 5261 homines
1444 5214 1557 5264 sine

171 5303 201 5331 α
232 5286 281 5332 5.
315 5276 469 5332 Ouod
497 5276 730 5326 infantes
751 5287 924 5332 nuper
946 5275 1055 5323 nati
1088 5275 1143 5323 in
1175 5274 1264 5325 illo
1296 5279 1439 5324 statu
1472 5290 1557 5325 sur

171 5303 281 5331 «θ.

176 5492 205 5520 ι
236 5484 311 5521 nu
322 5483 373 5518 m
399 5477 553 5515 P8811?

181 5658 449 5719 venisset,
476 5652 645 5704 fuisse
676 5650 961 5705 recensita.

1334 153 1841 220 EPISTOLARUM
1879 160 2169 220 CLASSlS
2212 162 2308 220 ΠΙ.

171 5114 198 5143 ι
228 5089 412 5145 solum
434 5089 646 5145 laeserit,
671 5092 725 5137 et
744 5101 850 5136 non
870 5099 1041 5149 genus
1065 5089 1383 5135 humanum.
1404 5090 1450 5136 3.
1476 5089 1625 5148 Quod
1648 5089 1732 5138 lex
1754 5091 1829 5139 sic

171 5177 199 5205 κ
233 5156 402 5207 mittit
413 5152 478 5202 ad
498 5148 1219 5214 regnum,_quemadmodum
1234 5150 1602 5214 Evangelium.
1616 5153 1663 5203 4.
1679 5152 1829 5214 Quod

315 5223 361 5267 te
392 5220 685 5265 adventum
705 5220 895 5262 Christi
925 5220 1141 5260 fuerunt
1173 5220 1416 5261 homines
1444 5220 1557 5264 sine
1618 5220 1800 5266 eccato

315 5276 469 5340 Quod
497 5276 730 5326 infantes
751 5287 924 5337 nuper
941 5275 1055 5341 nati
1088 5275 1143 5323 in
1175 5274 1264 5325 illo
1288 5279 1439 5341 statu
1472 5230 1616 5341 suci),
1644 5277 1699 5325 in
1725 5256 1832 5341 quo

172 5365 199 5394 ι
236 5337 412 5395 Adam
443 5340 547 5389 fuit
574 5342 701 5405 ante
732 5337 1241 5405 praevaricationem.
1278 5339 1324 5385 6.
1356 5337 1505 5397 Quod
1538 5353 1712 5405 neque
1742 5337 1837 5405 per

176 5427 201 5456 α
236 5410 470 5457 mortem
508 5401 588 5451 vel
619 5400 1114 5465 pra-varicationem
1132 5400 1262 5465 Adae
1292 5400 1642 5465 omnegenus
1670 5400 1837 5451 homi-

424 5462 645 5538 esurgat
666 5479 717 5538 ρ.
749 5462 875 5538 Quae
910 5464 1093 5538 omnia
1125 5462 1205 5538 ab.
1228 5462 1525 5538 Aurelion'et
1557 5466 1837 5514 considen-

175 5536 327 5586 tibus
351 5524 619 5594 episcopis
639 5524 1077 5594 damnatadicit,
1110 5524 1409 5594 eademque
1431 5526 1608 5594 Gesta,
1633 5541 1755 5594 quae
1781 5542 1837 5577 se

177 5588 408 5649 absente
442 5588 689 5655 conlecta
718 5588 950 5655 fuerant,
985 5601 1042 5638 se
1076 5590 1267 5651 postea
1300 5588 1424 5639 cum
1459 5588 1839 5655 Carthaginem

3402 154 3510 218 686

1859 286 2076 344 erroris
2104 303 2117 343 :
2149 286 2351 359 plures
2376 287 2533 343 enim
2548 290 2685 342 sunt
2700 300 2885 359 quam
2900 299 3142 357 sperare
3154 298 3508 357 possumus;

1860 381 1917 432 et
1930 377 2029 433 ubi
2046 391 2165 432 non
2179 376 2677 447 redarguuntur,e
2688 375 2829 431 tiam
2843 374 2992 432 alios
3006 373 3083 430 ad
3099 388 3273 429 suam
3288 376 3514 428 sectam

1862 466 2170 532 seducunt,
2214 471 2267 521 et
2311 465 2396 521 sic
2423 463 2824 531 crebrescunt,
2860 468 2922 519 ut
2950 462 3216 519 nesciam
3249 476 3367 532 quo
3397 461 3514 515 sint

1861 555 2123 627 erupturi
2150 571 2163 610 :
2192 570 2301 611 nos
2318 559 2517 611 tamen
2538 554 2843 609 malumus
2864 553 3039 609 eosin
3053 550 3327 606 Ecclesiae
3354 566 3515 605 com-

1861 660 2017 717 page
2033 644 2445 716 sanari,quam
2466 660 2537 699 ex
2554 643 2633 699 illi
2644 660 2710 698 us
2724 658 2974 714 corpore
2988 640 3143 697 velut
3158 638 3515 696 insanabilia

1863 733 2140 790 membra
2163 732 2439 801 resecari,
2473 730 2862 789 sitamenhoc
2876 729 3523 802 permittitipsaneces-

1866 823 2030 880 sitas.
2046 821 2404 879 Timendum
2418 826 2508 878 est
2524 822 2681 877 enim
2703 836 2777 876 ne
2800 819 3348 891 pluraputrescant,
3369 816 3514 871 dum

1866 913 2142 986 putribus
2172 913 2453 984 parcitur.
2504 914 2717 967 Potens
2748 915 2835 965 est
2869 914 3067 965 autem
3109 904 3519 963 misericordia

1868 1001 2098 1059 Domini
2128 1000 2340 1064 nostri,
2380 1017 2516 1072 quae
2557 1001 2759 1072 potius
2787 1014 2890 1055 eos
2924 997 2997 1053 ab
3030 998 3142 1054 hac
3172 1000 3339 1069 peste
3378 993 3522 1049 libe-

1868 1095 2002 1148 ret:
2044 1091 2206 1164 quod
2256 1091 2382 1145 sine
2433 1089 2620 1145 dubio
2679 1088 2872 1158 faciet,
2933 1087 2981 1143 si
3018 1085 3268 1141 ﬁdeliter
3308 1083 3519 1139 adver-

1870 1184 1998 1237 tant
2024 1183 2382 1252 teneantque
2421 1178 2585 1251 quod
2610 1178 2896 1249 scriptum
2930 1180 3036 1243 est,
3076 1174 3189 1243 Qui
3218 1174 3524 1229 invocave-

1871 1270 1952 1327 rit
1983 1284 2194 1326 nomen
2225 1267 2484 1334 Domini,
2516 1269 2716 1325 salvus
2743 1266 2855 1323 erit
2880 1265 3047 1334 (Joel.
3075 1280 3131 1330 ιι,
3160 1263 3273 1334 32).

1946 1358 2175 1415 CAPUT
2216 1358 2304 1413 IV.
2334 1390 2399 1399 —
2430 1361 2519 1414 23.
2552 1357 2702 1412 Audi
2730 1356 2860 1427 jam
2891 1370 3088 1427 pauca
3108 1353 3181 1409 de
3216 1349 3524 1415 divitibus,

1873 1451 2039 1522 quod
2086 1449 2144 1504 in
2186 1447 2439 1520 epistola
2469 1453 2571 1504 tua
2610 1446 2878 1518 sequitur
2912 1442 3365 1515 inquirendum.
3408 1441 3529 1495 Hoc

1876 1540 2035 1596 enim
2051 1537 2297 1610 posuisti
2315 1536 2445 1593 illos
2459 1536 2654 1592 dicere
2691 1551 2703 1590 :
2732 1534 2987 1591 Divitem
3014 1537 3348 1589 manentem
3373 1528 3433 1583 in
3448 1528 3535 1583 di-

1876 1628 2035 1686 vitiis
2056 1627 2199 1693 suis,
2222 1641 2471 1696 regnum
2500 1625 2604 1681 Dei
2615 1640 2733 1681 non
2747 1622 3025 1694 posseing
3035 1621 3181 1687 redi,
3198 1618 3315 1675 nisi
3334 1616 3533 1673 omnia

1876 1733 1986 1775 sua
2008 1715 2363 1779 vendiderit,
2397 1729 2503 1771 nec
2534 1715 2590 1771 ei
2615 1714 2901 1784 prodesse
2925 1713 2976 1767 si
3000 1713 3163 1782 forte
3186 1724 3261 1766 ex
3275 1707 3415 1778 ipsis
3444 1705 3537 1761 di-

1878 1807 2036 1864 vitiis
2057 1805 2347 1862 mandata
2368 1804 2603 1875 fecerit.
2633 1805 2959 1859 Evaserunt
2991 1800 3240 1857 istorum
3273 1796 3534 1868 disputa-

1881 1897 2072 1952 tiones
2105 1899 2306 1967 patres
2328 1893 2512 1949 nostri
2541 1892 2842 1948 Abraham
2857 1895 2911 1947 et
2932 1891 3099 1946 Isaac
3123 1894 3178 1944 et
3197 1888 3403 1949 Jacob,
3431 1882 3535 1957 qui

1881 1989 2049 2042 tanto
2068 1988 2204 2040 ante
2225 1999 2297 2039 ex
2326 1982 2439 2039 hac
2465 1982 2586 2038 vita
2604 1982 2962 2050 migrarunt.
2980 1976 3293 2035 Habebant
3309 1974 3536 2046 quippe

1882 2074 1944 2131 hi
1960 2088 2166 2129 omnes
2178 2088 2300 2128 non
2319 2086 2543 2144 paucas
2559 2070 2810 2141 divitias,
2820 2065 3330 2124 sicutﬁdelissima
3349 2062 3539 2133 Scrip-

1886 2171 2019 2220 tura
2048 2166 2294 2219 testatur
2319 2178 2331 2217 :
2361 2160 2583 2217 multos
2605 2164 2811 2216 tamen
2826 2162 3111 2213 venturos
3144 2154 3221 2211 ab
3243 2153 3467 2210 oriente
3484 2152 3542 2207 et

1886 2251 2214 2317 occidente,
2246 2255 2305 2307 et
2326 2265 2449 2306 non
2475 2264 2657 2321 supra
2688 2248 2871 2321 ipsos,
2898 2245 2995 2303 vel
3033 2248 3201 2302 extra
3229 2243 3412 2315 ipsos,
3436 2238 3541 2296 sed

1889 2358 2025 2398 cum
2050 2340 2195 2412 ipsis
2206 2338 2578 2397 recubituros
2594 2338 2652 2394 in
2666 2352 2851 2408 regno
2866 2335 3174 2402 caelorum,
3191 2333 3285 2389 ille
3298 2332 3425 2403 ipse
3439 2328 3543 2402 qui

1890 2435 2133 2503 propter
2158 2445 2269 2486 nos
2298 2427 2491 2485 factus
2505 2431 2596 2483 est
2612 2442 2843 2499 pauper
2858 2440 2996 2480 cum
3023 2438 3161 2480 vere
3182 2421 3351 2477 dives
3368 2423 3541 2484 esset,

1891 2518 2281 2577 veracissima
2311 2514 2714 2590 promissione
2736 2512 3265 2587 praedixiHMatth.
3296 2525 3415 2575 V111,
3438 2509 3543 2575 11).

1892 2609 1960 2666 Et
1975 2608 2256 2682 quamvis
2271 2606 2571 2679 superbus
2583 2604 2885 2676 dives,qui
2899 2601 3265 2658 induebatur
3277 2611 3549 2671 purpura

1894 2704 1953 2755 et
1974 2698 2189 2771 bysso,
2203 2702 2256 2752 et
2270 2694 2628 2768 epulabatur
2642 2692 2912 2766 quotidie
2926 2688 3261 2764 splendide,
3277 2691 3549 2744 mortuus

1896 2787 2059 2860 apud
2072 2786 2290 2843 inferos
2304 2787 2692 2856 torqueretur:
2703 2786 2899 2838 tamen
2919 2781 2964 2835 si
2979 2777 3259 2852 pauperis
3272 2774 3545 2840 ulcerosi,

1896 2876 2149 2950 quiante
2168 2875 2420 2946 januam
2438 2872 2567 2943 ejus
2588 2874 2969 2941 contemptus
2977 2865 3547 2939 jacebatmiseratus

1898 2966 2123 3031 fuisset,
2156 2966 2483 3019 mereretur
2499 2966 2554 3017 et
2579 2960 2710 3032 ipse
2727 2957 3225 3015 misericordiam.
3248 2957 3319 3009 Et
3338 2952 3387 3008 si
3402 2967 3549 3024 pau-

1899 3056 2025 3129 peri
2041 3054 2122 3111 illi
2147 3052 2424 3109 meritum
2446 3055 2605 3107 esset
2625 3048 2847 3121 inopia,
2872 3062 2995 3103 non
3016 3044 3275 3117 justitia;
3300 3057 3423 3098 non
3440 3040 3551 3096 uti.

1901 3128 2019 3219 que
2050 3143 2127 3200 ab
2149 3141 2384 3213 Angelis
2410 3140 2470 3196 in
2495 3139 2749 3196 Abrahae
2776 3136 3094 3209 gremium,
3117 3133 3221 3207 qui
3249 3132 3416 3188 dives
3448 3128 3549 3185 hic

1903 3218 2113 3301 fuerat,
2139 3231 2457 3289 tolleretur.
2499 3228 2613 3285 Sed
2642 3233 2704 3285 ut
2723 3228 2898 3284 nobis
2919 3224 3328 3283 ostenderetur
3356 3235 3467 3276 nec
3487 3218 3552 3275 in

1904 3325 2019 3381 isto
2030 3324 2445 3396 paupertatem
2459 3334 2566 3391 per
2591 3318 2671 3373 sei
2678 3332 2855 3390 psam
2868 3315 3154 3372 divinitus
3168 3313 3526 3369 honoratam
3536 3349 3550 3377 ,

1907 3413 2088 3471 necin
2102 3411 2202 3469 illo
2216 3409 2455 3466 divitias
2475 3407 2659 3464 fuisse
2672 3407 3015 3471 damnatas,
3032 3402 3211 3459 sedin
3237 3402 3353 3456 isto
3371 3400 3556 3472 pietas

1908 3510 2047 3568 tem,
2062 3503 2124 3558 in
2149 3501 2247 3558 illo
2260 3500 2629 3572 impietatem
2646 3512 2786 3553 suos
2801 3496 2988 3552 exitus
3004 3493 3287 3550 habuisse
3308 3510 3320 3561 ;
3337 3490 3419 3546 sic
3433 3505 3559 3545 sus-

1911 3592 2066 3665 cepit
2093 3591 2349 3662 impium
2401 3587 2644 3643 divitem
2693 3585 2991 3641 cruciatus
3032 3582 3208 3652 ignis,
3241 3584 3305 3636 ut
3358 3583 3562 3635 tamen

1910 3683 2079 3757 pium
2115 3693 2445 3753 pauperem
2475 3675 2803 3747 susciperet
2833 3674 3000 3728 sinus
3021 3670 3216 3726 divitis
3242 3670 3409 3740 (Luc.
3438 3683 3560 3731 xv1,

1919 3771 2120 3842 {9-22).
2140 3769 2249 3835 Qui
2267 3782 2409 3824 sane
2428 3782 2565 3821 cum
2578 3764 2674 3819 hic
2687 3765 2852 3819 dives
2866 3762 3101 3826 viveret,
3121 3758 3352 3814 divitias
3366 3756 3449 3810 sic
3460 3756 3566 3811 ha-

1912 3860 2116 3927 bebat,
2132 3863 2187 3916 et
2206 3874 2307 3914 eas
2328 3872 2449 3930 prae
2463 3855 2564 3911 Dei
2587 3852 2896 3927 praeceptis
2922 3855 3046 3907 tam
3068 3844 3564 3922 parvipendebat,

1918 3958 1983 4008 ut
2033 3949 2214 4007 etiam
2253 3946 2441 4020 ipsius
2470 3942 2573 4000 ﬁlii
2615 3940 3026 3999 immolatione
3057 3936 3239 3995 nollet
3268 3934 3570 3992 offendere

1917 4039 2106 4096 Deum
2149 4036 2484 4109 jubentem,
2552 4048 2735 4106 quem
2797 4045 3048 4086 suarum
3108 4025 3457 4083 divitiarum
3518 4026 3576 4078 et

1921 4126 2203 4202 sperabat
2232 4130 2291 4181 et
2320 4122 2569 4197 optabat
2593 4120 2893 4179 haeredem
2926 4118 3096 4185 (Gen.
3136 4132 3276 4180 χχιι,
3321 4114 3497 4176 1-10).

1990 4221 2079 4274 24.
2115 4216 2216 4272 llic
2244 4214 2451 4286 utique
2489 4212 2715 4279 dicunt,
2750 4210 2884 4266 ideo
2916 4213 3111 4281 patres
3144 4206 3424 4278 antiquos
3452 4217 3575 4259 non

1920 4304 2260 4363 vendidisse
2273 4302 2623 4374 omniaquae
2635 4299 2962 4363 habebant,
2979 4296 3287 4352 etdedisse
3303 4291 3577 4364 pauperi-

1921 4396 2055 4460 bus,
2072 4393 2215 4467 quia
2233 4393 2349 4448 hoc
2362 4391 2445 4447 eis
2458 4405 2578 4447 non
2593 4391 2960 4461 praeceperat
2975 4384 3281 4440 Dominus.
3298 4379 3577 4436 Nondum

1924 4466 2105 4541 enim,
2123 4481 2384 4538 revelato
2396 4481 2769 4535 Testamento
2791 4479 2976 4540 Novo,
3002 4470 3165 4544 quod
3184 4484 3304 4525 non
3325 4466 3577 4524 ﬁerinisi

1925 4571 2297 4647 plenitudine
2329 4567 2615 4640 temporis
2642 4564 2981 4637 oportebat,
3017 4576 3126 4617 nec
3157 4574 3363 4614 eorum
3392 4557 3579 4613 virtus

1928 4658 2481 4725 fueratrevelanda;
2510 4672 2631 4729 qua
2643 4655 2853 4711 virtute
2865 4654 2981 4709 hoc
2998 4666 3099 4709 eos
3112 4648 3388 4705 facillime
3401 4660 3581 4718 posse

1932 4756 2084 4808 Deus
2110 4751 2171 4805 in
2202 4764 2410 4805 eorum
2438 4745 2723 4802 cordibus
2754 4745 3026 4807 noverat,
3048 4739 3153 4812 qui
3180 4736 3584 4794 testimonium

1930 4840 2046 4896 illis
2065 4843 2185 4895 tam
2202 4836 2431 4905 insigne
2445 4832 3031 4907 perhibebat,utcum
3046 4829 3119 4885 sit
3131 4826 3403 4886 omnium
3419 4839 3588 4880 sanc-

1933 4934 2132 4987 torum
2160 4929 2336 4993 Deus,
2366 4930 2658 4996 tanquam
2686 4922 2759 4978 de
2782 4919 3103 4993 praecipuis
3122 4918 3329 4974 amicis
3354 4913 3479 4970 suis
3494 4912 3587 4967 di.

1936 5034 2067 5076 cere
2116 5018 2505 5087 dignaretur:
2540 5014 2666 5084 Ego
2709 5028 2836 5068 sum
2887 5012 3042 5066 Deus
3072 5006 3399 5073 Abraham,
3433 5000 3586 5058 Deus

1939 5109 2134 5175 Isaac,
2157 5107 2303 5161 Deus
2332 5102 2542 5160 Iacob:
2571 5102 2678 5158 hoc
2692 5100 2840 5156 mihi
2868 5113 3077 5154 nomen
3095 5101 3175 5151 est
3204 5094 3267 5148 in
3296 5098 3586 5149 veternum

1940 5196 2159 5269 (Exod.
2184 5212 2261 5261 IlI,
2296 5194 2405 5263 15).
2439 5194 2646 5249 Postea
2666 5205 2801 5245 vero
2826 5202 3010 5260 quam
3043 5197 3332 5253 magnum
3357 5179 3589 5252 pietatis

1943 5289 2385 5343 sacramentum
2412 5280 2855 5338 manifestatum
2883 5278 2971 5332 est
2992 5274 3054 5329 in
3081 5287 3259 5327 carne
3282 5270 3324 5344 (ι
3348 5270 3585 5332 Tim.m,

1946 5376 2057 5447 16),
2077 5377 2134 5429 et
2162 5371 2451 5428 vocandis
2479 5369 2761 5425 omnibus
2776 5362 3051 5435 gentibus
3070 5358 3278 5417 Christi
3301 5359 3593 5415 adventus

1946 5445 2158 5530 illuxit,
2200 5461 2260 5516 in
2282 5474 2463 5532 quem
2506 5458 2685 5514 etiam
2717 5454 2797 5510 illi
2826 5456 3026 5525 patres
3058 5448 3455 5512 crediderant,
3488 5445 3593 5501 sed

1946 5551 2132 5624 hujus
2156 5548 2295 5605 fidei
2317 5548 2540 5605 olivam
2554 5562 2663 5601 suo
2690 5548 2956 5614 tempore
2976 5536 3505 5601 manifestandam,
3535 5535 3598 5590 in

1952 5640 2110 5700 illius
2140 5637 2372 5700 arboris
2399 5637 2474 5695 de
2503 5650 2627 5711 qua
2656 5630 2975 5707 Apostolus
3000 5629 3264 5704 loquitur
3292 5628 3485 5701 (Rom.
3517 5638 3600 5697 xi,
