4098 6166
586 204 690 257 687
1866 199 1928 254 s.
1968 186 2343 271 AUGUSTlNl
2384 187 2713 250 EPISCOPI
3664 142 3677 147 Δ

589 330 702 402 l7),
735 336 1025 403 tanquam
1058 327 1256 383 radice
1279 325 1621 392 servabant,
1645 324 1874 381 dictum
1902 328 1991 379 est
2020 321 2190 379 diviti
2224 335 2235 374 :
2349 319 2638 376 ccelorum
2661 319 2879 377 intrare
2906 336 3027 377 non
3058 323 3441 394 posse?Quid
3456 339 3601 396 ergo
3630 327 3764 384 est?
3790 334 3965 386 utrum

600 421 773 485 Vade,
808 417 990 475 vende
1024 414 1221 471 omnia
1248 430 1378 487 qua
1428 414 1629 479 habes,
1659 419 1715 471 et
1742 416 1821 470 da
1853 411 2237 484 pauperibus,
2348 408 2667 481 Apostolus
2681 413 2889 465 contra
2904 410 3519 485 Dominumloquitur,
3534 416 3970 475 anistinesciunt

588 517 641 565 et
668 506 904 564 habebis
936 505 1282 561 thesaurum
1312 506 1373 561 in
1396 503 1554 561 caelis
1583 510 1676 568 ;et
1706 503 1857 567 veni,
1890 514 2129 573 sequere
2152 512 2243 555 me
2347 498 2493 571 quid
2514 498 2836 570 loquantur
2865 497 2893 554 ‘l
2919 500 3073 566 Quid
3111 502 3327 559 horum
3357 503 3583 571 credat,
3608 504 3787 575 eligat
3814 507 3971 564 chris-

589 595 820 667 (Matth.
844 611 964 660 XIX,
1001 594 1119 664 21).
2348 587 2731 652 tianus,Puto
2745 587 2957 644 melius
2990 603 3103 647 nos
3149 590 3390 648 credere
3421 593 3572 649 istos
3596 595 3819 651 nescire
3846 598 3972 669 quid

658 690 745 740 25.
791 686 923 738 Haec
950 684 998 737 si
1024 682 1251 746 dicunt,
1278 682 1549 737 videntur
1565 680 1790 752 aliquid
1812 676 2242 736 rationabiliter
2345 674 2671 749 loquantur
2707 692 2892 749 quam
2927 678 3177 735 Paulum
3207 686 3413 737 contra
3454 681 3782 740 Dominum
3809 684 3971 759 loqui.

586 773 804 843 dicere.
832 771 944 828 Sed
977 776 1166 827 totum
1197 769 1467 835 audiant,
1505 775 1697 826 totum
1724 769 2037 825 advertant
2071 782 2085 832 ;
2117 781 2238 821 non
2347 763 2570 820 Deinde
2622 780 2728 820 cur
2779 780 2902 821 non
2932 765 2992 822 in
3039 769 3558 841 consequentibus
3601 771 3777 827 etiam
3800 772 3973 844 ipsum

585 862 643 917 in
679 866 843 933 parte
872 876 1046 917 aures
1079 860 1371 931 aperiant,
1435 860 1493 914 in
1525 864 1693 931 parte
1726 858 2094 913 surdescant.
2134 853 2239 909 Cui
2344 852 2666 909 Dominum
2692 853 2947 911 audiunt
2973 855 3272 913 dicentem
3298 857 3615 931 discipulis
3640 875 3748 933 pro
3764 860 3975 922 miseria

586 952 745 1007 enim
780 950 1065 1006 Dominus
1112 949 1235 1004 haec
1282 949 1621 1020 praecepit?
1661 947 1929 1003 Profecto
1960 944 2041 1001 illi
2067 943 2238 1000 diviti
2345 941 2599 998 divitum
2624 943 2983 999 contristatis
3018 960 3031 998 ε
3066 945 3231 1012 Quod
3259 945 3603 1005 hominibus
3649 950 3976 1019 impossibile

585 1040 687 1113 qui
710 1040 842 1095 vitae
865 1046 1101 1095 aeternae
1122 1038 1567 1109 consequentia:
1598 1036 1912 1092 consilium
1934 1033 2241 1107 quaerebat
2345 1030 2457 1091 est.
2484 1030 2602 1087 Deo
2624 1031 2809 1100 facile
2845 1039 2929 1089 est
2953 1031 2981 1087 Ῡ

582 1131 877 1201 accipere:
903 1129 1014 1183 hoc
1029 1127 1181 1181 enim
1202 1128 1452 1182 Domino
1472 1126 1723 1192 dixerat,
1742 1125 1895 1193 Quid
1905 1124 2156 1193 faciam,
2173 1127 2237 1178 ut
2415 1123 2503 1175 28.
2522 1121 2636 1176 Sed
2662 1119 3131 1193 ideo,inquiunt,
3157 1123 3275 1181 hoc
3286 1123 3516 1181 dictum
3540 1132 3654 1193 est,
3684 1128 3823 1200 quia
3841 1128 3974 1186 futu-

582 1222 763 1276 vitam
790 1223 1071 1274 wternam
1106 1231 1434 1287 consequar
1463 1216 1490 1270 ἵ
1520 1216 1617 1271 Ille
1649 1218 1852 1270 autem
1884 1229 2003 1269 non
2036 1212 2090 1269 ei
2120 1228 2239 1267 res-
2339 1224 2475 1266 rum
2506 1214 2630 1266 erat
2660 1210 2939 1267 utaudito
2969 1212 3301 1283 Evangelia,
3326 1214 3542 1271 divites
3557 1216 3797 1273 vendito
3815 1220 3973 1289 patri-

582 1306 810 1381 pondit,
844 1306 901 1361 Si
932 1306 1016 1360 vis
1041 1305 1237 1379 venire
1262 1304 1338 1359 ad
1368 1303 1574 1369 vitam,
1610 1303 1781 1373 vade,
1818 1301 2010 1357 vende
2031 1300 2237 1357 omnia
2345 1299 2549 1355 monio
2562 1304 2928 1372 erogatoque
2939 1302 3307 1374 pauperibus
3335 1303 3664 1360 Dominum
3688 1321 3971 1379 sequeren-

580 1413 715 1469 quaa
746 1396 933 1451 habes
962 1414 973 1463 ;
1004 1394 1129 1459 sed,
1152 1394 1211 1448 Si
1229 1396 1313 1449 vis
1332 1393 1531 1449 venire
1547 1393 1629 1448 ad
1655 1393 1861 1465 vitam,
1887 1404 2236 1447 servaman-
2345 1392 2458 1454 tur,
2491 1392 2547 1443 et
2575 1390 2861 1444 intrarent
2880 1389 2939 1444 in
2954 1391 3650 1466 regnumcaalorum,atq
3663 1394 3977 1453 ueitafieret

580 1486 903 1557 data.Quaa
920 1484 1159 1554 juvenis
1194 1499 1332 1538 cum
1350 1482 1463 1537 sibi
1496 1499 1531 1537 a
1566 1481 1819 1537 Domino
1834 1497 1903 1535 ex
1933 1480 2061 1549 lege
2076 1494 2236 1535 com-
2342 1474 2508 1547 quod
2534 1474 3261 1536 difﬁcilevidebaturznon
3290 1482 3761 1538 utmanentesin
3784 1482 3975 1540 divitiis

580 1578 915 1629 memorata
946 1588 1007 1627 se
1037 1587 1306 1627 servasse
1336 1570 1603 1635 dixisset,
1638 1576 1695 1626 et
1733 1568 2059 1641 quaasiisset
2088 1566 2233 1640 quid
2344 1564 2490 1635 suis,
2521 1571 2817 1637 praecepta
2860 1567 3125 1639 Apostoli
3172 1570 3601 1637 custodiendo,
3652 1570 3711 1627 id
3743 1576 3825 1628 est
3870 1588 3973 1629 non

580 1663 777 1719 adhuc
793 1660 1169 1724 sibideesset,
1188 1675 1548 1730 responsum
1564 1658 1817 1730 accepit:
1835 1658 1901 1714 Si
1914 1656 1997 1713 vis
2009 1657 2235 1725 perfec-
2343 1656 2599 1726 superbe
2630 1654 2938 1726 sapiendo,
2957 1672 3151 1728 neque
3179 1659 3482 1730 sperando
3509 1660 3569 1715 in
3596 1658 3820 1717 incerto
3848 1659 3971 1717 divi-

582 1756 826 1813 tusesse,
843 1750 1007 1813 vade,
1028 1748 1211 1805 vende
1229 1748 1570 1818 omniaquae
1585 1747 1851 1813 habes,et
1865 1746 2233 1815 dapauperi-
2342 1742 2699 1808 tiarum,sed
2730 1744 2789 1799 in
2818 1746 2935 1801 Deo
2977 1746 3133 1811 vivo,
3158 1747 3309 1803 bene
3344 1746 3655 1819 faciendo,
3694 1748 3857 1806 facile
3892 1752 3971 1806 tri-

583 1842 706 1895 bus.
736 1840 801 1893 Et
831 1855 904 1894 ne
922 1854 983 1893 se
1014 1837 1112 1892 illa
1149 1853 1285 1908 quae
1318 1837 1573 1892 multum
1610 1836 1881 1901 amabat,
1908 1835 2022 1891 hoc
2057 1833 2231 1890 modo
2339 1831 2605 1903 buendo,
2649 1838 2706 1889 et
2750 1835 3261 1892 communicando
3305 1836 3743 1909 indigentibus,
3796 1854 3967 1896 veram

578 1929 825 2001 perdere
850 1927 1216 1983 existimaret
1236 1938 1247 1977 :
1266 1927 1339 1981 Et
1365 1925 1626 1991 habebis,
1644 1925 1855 1998 inquit,
1882 1923 2228 1980 thesaurum
2340 1921 2793 1994 apprehendant
2822 1922 3004 1979 vitam
3029 1924 3162 1990 ;sed
3175 1925 3356 1982 etiam
3371 1926 3486 1982 ista
3499 1933 3799 2000 precepts
3820 1943 3968 2000 apos-

576 2020 640 2073 in
668 2018 849 2075 cretis.
874 2015 1093 2071 Deinde
1107 2014 1448 2078 addidit,Et
1468 2016 1615 2079 veni,
1633 2028 1974 2085 sequereme
1985 2028 2093 2077 ;ne
2106 2012 2227 2067 cui-
2340 2009 2518 2067 tolica
2537 2010 2794 2066 venditis
2814 2010 3098 2068 omnibus
3124 2014 3247 2069 suis
3285 2013 3467 2070 rebus
3501 2015 3836 2087 implerent.

576 2123 782 2178 quam,
816 2122 953 2161 cum
980 2104 1108 2160 haec
1131 2103 1351 2169 fecerit,
1381 2102 1606 2175 aliquid
1629 2103 1912 2175 prodesse
1937 2103 2230 2157 existime-
2410 2101 2497 2154 29.
2541 2102 2667 2155 Haec
2699 2100 3125 2167 sidicunt,scio
3138 2103 3363 2176 quippe
3384 2119 3491 2160 eos
3514 2104 3843 2171 illadicere,
3865 2122 3963 2163 non

576 2201 688 2261 tur,
709 2197 755 2250 si
787 2211 908 2251 non
931 2194 1199 2266 sequitur
1222 2193 1538 2249 Christum.
1567 2193 1636 2249 At
1660 2192 1753 2247 ille
1777 2191 2021 2264 quidem
2050 2191 2228 2247 tristis
2336 2187 3468 2262 attenduntprimitusquemadmodum
3486 2192 3965 2251 Dominuscontra

574 2285 884 2349 abscessit,
899 2284 999 2355 qui
1013 2282 1269 2354 videritq
1280 2281 1747 2337 uemadmodum
1762 2280 1861 2335 illa
1876 2280 2047 2350 Legis
2063 2296 2227 2336 men-
2336 2291 2544 2333 eorum
2558 2277 2783 2348 dogma
2794 2294 2966 2334 suam
2981 2279 3233 2349 gratiam
3251 2281 3816 2352 praedicaverit.Non
3827 2283 3960 2339 enim

574 2375 718 2430 data
748 2377 1092 2429 servaverat
1123 2389 1135 2427 :
1179 2374 1324 2444 puto
1354 2370 1514 2426 enim
1549 2370 1714 2443 quod
1754 2386 1816 2425 se
1846 2369 2225 2439 arrogantius
2333 2365 2436 2431 ait,
2464 2366 2635 2432 Quod
2658 2366 3007 2423 hominibus
3032 2368 3400 2441 impossibile
3430 2371 3695 2438 videtur,
3719 2370 3872 2428 facile
3889 2375 3963 2429 est

572 2479 757 2535 quam
788 2460 987 2519 verius
1040 2476 1303 2517 servasse
1332 2459 1745 2531 responderat.
1805 2460 2225 2515 Verumtamen
2332 2455 2684 2512 hominibus
2714 2456 2765 2511 si
2798 2456 3121 2523 voluerint;
3156 2458 3284 2525 sed,
3318 2460 3485 2528 Quod
3515 2460 3862 2527 hominibus,
3890 2461 3957 2517 in-

572 2552 854 2624 magister
883 2550 1079 2627 bonus
1104 2548 1385 2605 mandata
1400 2548 1546 2617 legis
1568 2546 1642 2603 ab
1666 2548 1781 2603 ista
1810 2545 2222 2603 excellentiore
2340 2544 2487 2617 quit,
2520 2545 2877 2615 impossibile
2905 2554 3007 2612 est,
3055 2549 3176 2604 Deo
3220 2550 3409 2618 facile
3464 2558 3551 2607 est
3578 2570 3599 2607 :
3648 2550 3956 2615 ostendens,

570 2642 929 2714 perfectione
959 2638 1231 2694 distinxit
1260 2637 1369 2692 :ibi
1385 2638 1547 2693 enim
1562 2637 1725 2703 dixit,
1751 2636 1817 2692 Si
1832 2636 1917 2691 vis
1932 2635 2131 2692 venire
2145 2635 2227 2692 ad
2331 2633 2578 2705 quando
2609 2633 2725 2690 ista
2749 2638 2907 2690 recte
2933 2636 3103 2703 ﬁunt,
3125 2652 3245 2693 non
3257 2636 3380 2694 ﬁeri
3407 2638 3681 2695 hominis
3703 2639 3955 2712 potentia,

571 2731 773 2795 vitam,
802 2743 973 2785 serva
995 2727 1284 2784 mandata
1319 2743 1336 2791 ;
1364 2725 1459 2781 hic
1488 2724 1789 2791 autem,Si
1810 2726 1895 2780 vis
1920 2726 2223 2794 perfectus
2331 2722 2436 2777 sed
2452 2723 2549 2778 Dei
2565 2724 2909 2793 gratia.lloc
2921 2740 3063 2795 ergo
3077 2726 3386 2783 attendant
3405 2728 3599 2794 isti,et
3616 2729 3663 2783 si
3678 2728 3956 2801 reprehen-

570 2834 709 2884 esse,
738 2818 906 2882 vade,
940 2815 1125 2873 vende
1155 2814 1355 2870 omnia
1403 2830 1534 2886 qua’
1566 2814 1765 2879 habes,
1798 2818 1907 2869 etc.
1938 2814 2052 2869 Cur
2080 2828 2222 2884 ergo
2330 2812 2711 2884 dunteosqui
2724 2813 3055 2883 gloriantur
3070 2814 3953 2889 indivitiissuis,caveantipsiin

567 2923 860 2978 negamus
890 2905 1118 2970 divites,
1150 2904 1433 2976 quamvis
1463 2904 1540 2958 ab
1582 2902 1680 2959 illa
1719 2901 2082 2975 perfectione
2120 2902 2222 2958 ab-
2332 2901 3203 2960 suavirtutecontiderezsimul
3225 2904 3385 2961 enim
3401 2907 3644 2979 utrique
3663 2904 3951 2978 reprehen-

568 2996 704 3063 sint,
735 2994 931 3052 venire
963 3000 1160 3050 tamen
1200 2992 1277 3048 ad
1308 2992 1515 3056 vitam,
1550 2992 1598 3046 si
1636 2992 1924 3047 mandata
1950 3007 2221 3047 servave-
2330 2990 2625 3046 dunturin
2641 2990 3416 3063 Psalmo,0uiconﬁduntin
3431 2995 3952 3066 virtutesua,etqui

566 3086 700 3153 rint,
754 3090 812 3140 et
863 3083 1135 3140 dederint
1186 3086 1246 3138 ut
1292 3081 1465 3137 detur
1505 3080 1637 3145 illis,
1680 3085 1735 3137 et
1776 3079 2107 3137 dimiserint
2158 3083 2222 3135 ut
2329 3079 2780 3137 inabundantia
2803 3080 3946 3154 divitiarumsuarumgloriantur-(hat.

566 3174 895 3231 dimittatur
920 3171 1035 3227 illis
1069 3172 1244 3243 (Luc.
1283 3187 1357 3237 vi,
1390 3169 1456 3223 37
1499 3170 1588 3241 38)
1614 3168 1642 3223 7
2327 3169 3087 3243 vam,7).Audiantitaque
3102 3171 3332 3236 divites,
3347 3172 3950 3240 Quodhominibusim-

636 3267 726 3318 26.
763 3262 1071 3318 Credimus
1102 3260 1264 3315 enim
1293 3258 1637 3314 ministrum
1667 3259 1811 3314 Novi
1852 3257 2217 3314 Testamenti
2322 3257 2714 3329 possibileesl,
2738 3258 2854 3315 Deo
2870 3259 3179 3329 facileest:
3202 3262 3393 3317 etsive
3410 3268 3725 3319 manentes
3754 3263 3809 3319 in
3827 3260 3947 3317 divi-

564 3350 749 3406 fuisse
776 3348 1117 3421 apostolum
1147 3346 1421 3412 Paulum,
1454 3362 1592 3401 cum
1619 3346 1883 3402 scribens
1921 3346 2000 3402 ad
2030 3348 2220 3404 Timo-
2328 3348 2422 3403 tiis
2437 3348 2579 3414 suis,
2607 3351 2783 3420 atque
2802 3364 2873 3403 ex
2895 3348 2978 3404 eis
2994 3348 3351 3422 bonaopera
3364 3349 3657 3409 iacientes
3677 3354 3715 3418 ⁸,
3734 3349 3945 3407 siveillis

564 3440 767 3495 theum
795 3438 1037 3505 diceret,
1056 3436 1316 3505 Prtecipe
1345 3435 1627 3490 divitibus
1659 3436 1839 3504 hujus
1866 3436 2079 3490 mundi
2099 3452 2217 3491 non
2326 3436 2603 3502 venditis,
2627 3440 2683 3492 et
2703 3452 2807 3508 per
2826 3436 3185 3509 indigentiae
3199 3439 3943 3511 pauperumdistributisin-

564 3528 815 3598 superbe
828 3541 1056 3595 sapere,
1072 3539 1508 3597 nequesperare
1522 3526 1581 3580 in
1595 3525 1819 3581 incerto
1846 3524 2215 3593 divitiarum,
2328 3528 2481 3581 trent
2502 3525 2560 3580 in
2582 3540 2834 3595 regnum
2862 3525 3171 3593 caelorum,
3196 3528 3399 3596 gratias
3425 3530 3528 3585 Dei
3550 3529 3825 3595 tribuant,
3845 3541 3940 3583 non

560 3619 662 3674 sed
684 3618 746 3673 in
781 3618 923 3682 Deo,
958 3616 1061 3688 qui
1089 3620 1335 3685 prastat
1351 3613 1520 3669 nobis
1535 3616 1735 3671 omnia
1750 3613 2126 3671 abundanter
2138 3616 2218 3671 ad
2326 3614 2577 3687 propriis
2592 3613 2815 3670 viribus
2830 3614 3058 3671 bonum
3072 3616 3451 3683 suum.Quod
3464 3619 3629 3675 enim
3643 3616 3939 3675 hominibus

560 3706 913 3776 fruendum.
930 3705 1085 3761 Bene
1103 3702 1364 3773 faciant,
1380 3702 1591 3759 divites
1608 3703 1726 3758 sint
1747 3704 1807 3758 in
1831 3703 2103 3773 operibus
2118 3703 2217 3761 ὁο-
2324 3702 2694 3775 impossibile
2716 3708 2825 3769 est,
2850 3718 2969 3759 non
2992 3703 3361 3772 hominibus,
3385 3706 3493 3763 sed
3518 3709 3640 3764 Deo
3673 3706 3832 3763 facile
3849 3709 3935 3761 est.

558 3794 669 3861 nis,
698 3794 1186 3866 faciletribuant,
1204 3791 1662 3857 communicent,
1685 3792 2084 3849 thesaurizent
2104 3794 2217 3850 sibi
2324 3790 2583 3847 Audiant
2600 3790 2713 3847 hoc
2732 3796 2785 3847 et
2800 3791 2893 3847 isti
2917 3796 3003 3858 ;et
3025 3792 3069 3847 si
3084 3793 3211 3864 jam
3231 3794 3437 3851 omnia
3450 3812 3566 3853 sua
3586 3794 3679 3853 vel
3698 3792 3936 3851 vendide-

550 3886 1013 3955 fundamentum
1045 3883 1254 3939 bonum
1301 3882 1676 3950 infularum,
1711 3885 1774 3935 ut
1799 3881 2213 3951 aprehendanl
2322 3885 2480 3947 runt,
2509 3884 2567 3936 et
2586 3879 2955 3953 pauperibus
2980 3881 3329 3949 tribuerunt,
3361 3882 3453 3940 vel
3477 3885 3680 3941 adhuc
3705 3884 3763 3939 id
3782 3883 3934 3952 agunt

554 3981 832 4032 teternam
856 3973 1067 4029 vitam‘
1093 3972 1139 4043 (Ι
1162 3970 1311 4025 Tim.
1335 3986 1409 4034 v1,
1443 3975 1500 4025 l7
1534 3971 1647 4039 t9):
1672 3969 1746 4025 de
1768 3985 1888 4041 qua
1908 3970 2211 4028 etilliado-
2321 3973 2495 4041 atque
2517 3969 2864 4041 disponunt.
2887 3974 2944 4025 et
2964 3968 3078 4025 hoc
3102 3970 3288 4027 modo
3310 3978 3655 4044 prmparant
3674 3972 3870 4028 intrare
3886 3969 3932 4024 in

553 4062 797 4119 lescenti
828 4062 1055 4117 dictum
1088 4065 1196 4125 est,
1255 4060 1323 4114 Si
1355 4061 1438 4115 vis
1470 4058 1670 4116 venire
1699 4059 1780 4115 ad
1834 4058 2037 4115 vitam.
2066 4059 2210 4117 Puto
2319 4071 2573 4127 regnum
2590 4057 2899 4127 cmlorum,
2922 4073 3043 4114 non
3062 4058 3179 4115 hoc
3199 4059 3672 4119 tribuantvirtuti
3697 4056 3930 4125 suaused

556 4151 714 4224 quod
732 4152 841 4206 ista
855 4148 1223 4222 praecipiens,
1240 4147 1451 4202 divites
1467 4147 1817 4213 instruebat,
1835 4163 1953 4204 non
1968 4147 2210 4207 fallebat
2319 4146 2513 4202 eidem
2536 4148 2738 4216 gratiae
2756 4146 2995 4202 divinas.
3022 4148 3193 4213 Quod
3205 4148 3364 4205 enim
3386 4149 3931 4221 hominibusimpos

554 4239 919 4314 Apostolus:
968 4238 1070 4310 qui
1111 4252 1231 4293 non
1264 4236 1365 4301 ait,
1418 4236 1674 4308 Preecipe
1721 4236 2002 4292 divitibus
2027 4237 2209 4308 hujus
2319 4233 3927 4309 sibileest,nonipsis,quiaetipsibominessunt,sedDeo
4032 4230 4033 4247 ‘

553 4329 765 4386 mundi
785 4328 1119 4385 utvendant
1148 4326 1507 4397 omniaquae
1521 4323 1764 4390 habent,
1780 4324 1921 4381 dent
1934 4327 2207 4398 pauperi-
2317 4322 2488 4379 facile
2502 4324 2981 4396 est.Hocquippe
2996 4323 3109 4380 illis
3127 4325 3698 4398 etApostolusdicit:
3722 4327 3854 4385 Cum
3874 4322 3923 4377 tio
4030 4350 4031 4363 ι

550 4418 686 4486 bus,
712 4422 766 4473 et
791 4420 1120 4489 sequantur
1156 4415 1473 4470 Dominum
1498 4414 1664 4485 ;sed,
1702 4430 1821 4469 non
1852 4416 2100 4483 superbe
2115 4431 2205 4473 sa-
2314 4419 2540 4469 moreet
2567 4420 2819 4470 tremore
2848 4415 3380 4484 vestramipsorum
3396 4418 3649 4474 salutem
3672 4412 3921 4486 operami-
4028 4438 4029 4481 χ

546 4523 708 4577 pere,
722 4522 906 4578 neque
920 4519 1159 4574 sperare
1172 4505 1233 4559 in
1249 4504 1476 4559 incerto
1491 4503 1861 4558 divitiarum.
1879 4504 1991 4559 ista
2004 4520 2204 4577 super-
2313 4502 2397 4556 ni.
2419 4503 2573 4558 Deus
2585 4504 2739 4558 enim
2752 4508 2835 4558 est
2847 4502 2951 4573 qui
2966 4510 3251 4572 operatur
3265 4504 3327 4559 in
3349 4505 3922 4572 vobisetvelle,etope-

548 4597 649 4653 bia
676 4598 918 4652 divitem
950 4594 1112 4650 illum
1142 4594 1245 4666 qui
1273 4593 1573 4664 jacentem
1606 4597 1741 4647 ante
1754 4591 2005 4663 januam
2029 4610 2202 4651 suam
2312 4591 2461 4655 rari,
2492 4607 2604 4661 pro
2632 4591 2783 4647 bona
2809 4592 3118 4649 voluntate
3142 4593 3434 4663 (Philipp.
3465 4597 3634 4665 11,12,
3655 4594 3759 4667 13).
3786 4592 3917 4648 Certe

548 4685 969 4741 coutemnebal
992 4699 1319 4756 pauperem
1348 4682 1609 4754 justum,
1640 4686 1697 4738 et
1729 4680 1841 4737 ista
1860 4697 1994 4753 spes
2026 4683 2084 4738 in
2116 4684 2201 4740 in-
2309 4679 2445 4736 ideo
2464 4680 2836 4737 sedicuntde
2850 4681 2973 4736 suis
2995 4681 3176 4737 rebus
3190 4683 3515 4739 vendendis
3529 4680 3916 4757 perfectionisa
4022 4730 4023 4757 ᾗ

548 4782 707 4830 certo
724 4773 1215 4844 divitiarum,qua
1231 4788 1292 4827 se
1308 4777 1547 4843 propter
1562 4770 2198 4844 purpuram,byssum,
2308 4768 2562 4826 Domino
2592 4770 2927 4841 suscepisse
2951 4771 3288 4839 consilium,
3319 4776 3379 4829 ut
3408 4777 3730 4846 sequantur
3753 4766 3910 4825 Domi-

546 4869 603 4921 et
633 4861 844 4935 epulas
896 4860 1243 4933 splendidas
1277 4861 1521 4916 beatum
1550 4860 1820 4931 putabat,
1883 4876 2005 4917 non
2052 4862 2198 4935 ipsas
2307 4873 2478 4929 num,
2517 4858 2805 4931 quoniam
2835 4858 2949 4915 illic
2987 4859 3262 4917 additum
3316 4871 3428 4928 est,
3455 4870 3510 4919 et
3545 4862 3689 4928 veni,
3714 4867 3912 4931 sequere

544 4952 763 5010 divitiae
798 4950 1205 5024 perduxerunt
1232 4948 1305 5004 ad
1339 4948 1557 5004 inferni
1590 4954 1907 5005 tormenta.
2308 4963 2398 5005 me
2424 4968 2444 5005 .·
2476 4964 2579 5004 cur
2600 4963 2741 5020 ergo
2765 4949 2824 5004 in
2854 4948 2925 5004 iis
2946 4948 3121 5005 bonis
3142 4965 3275 5023 quas
3307 4950 3552 5017 faciunt,
3581 4952 3653 5007 de
3682 4963 3781 5005 sua
3806 4952 3910 5003 tan-

616 5048 704 5100 27.
728 5047 813 5098 An
834 5040 982 5097 forte
1000 5038 1142 5112 quia
1156 5038 2193 5109 Dominusadjunxit,etdixit,Amen
2304 5041 2431 5093 tum
2455 5038 2756 5095 voluntate
2785 5045 3171 5111 praesumunt,
3201 5055 3310 5096 nec
3335 5040 3585 5097 audiunt
3609 5038 3903 5096 Dominum,

539 5134 671 5190 dico
700 5132 875 5196 vobis,
920 5128 1173 5201 difﬁcile
1199 5128 1357 5185 dives
1382 5127 1630 5184 intrabit
1660 5128 1723 5183 in
1756 5143 2001 5198 regnum
2024 5128 2194 5185 θεειο-
2300 5142 2483 5199 quem
2502 5127 3407 5201 sequisedicunt,increpantem
3422 5128 3901 5203 atquetestantem,

540 5226 776 5279 rum:et
791 5224 1005 5278 iterum
1023 5220 1155 5275 dico
1170 5218 1634 5284 vobis,Facilius
1660 5216 1909 5273 intrabit
1934 5220 2192 5277 camelus
2298 5215 2433 5273 Sine
2462 5232 2551 5273 me
2584 5217 2739 5273 nihil
2767 5216 3009 5287 potestis
3042 5218 3250 5288 facere
3280 5219 3481 5289 (Joan.
3522 5235 3616 5285 xv,
3658 5216 3755 5289 5)?

536 5315 927 5383 perforamen
956 5326 1119 5376 acus,
1142 5323 1320 5380 quam
1336 5308 1494 5363 dives
1512 5304 1573 5361 in
1588 5322 1838 5376 regnum
1853 5307 2133 5366 caelorum
2164 5328 2189 5377 ,ο
2369 5305 2457 5361 30.
2489 5307 2545 5361 Si
2562 5311 2762 5362 autem
2776 5306 3191 5379 Apostolusita
3206 5307 3373 5373 dixit,
3394 5300 3897 5378 Praecipedivilibus

538 5400 671 5457 ideo
692 5398 1301 5473 putautistidivitem.
1319 5395 1546 5452 etiamsi
1562 5394 1735 5451 iaciat
1759 5396 2021 5468 istaquaa
2044 5398 2184 5457 divi-
2298 5394 2719 5465 hujusmundi,
2752 5411 2870 5451 non
2896 5396 3145 5466 superbe
3172 5410 3401 5466 sapere,
3419 5387 3889 5470 nequesperarein

537 5488 695 5543 tibus
750 5486 1157 5560 praecipienda
1197 5485 1430 5557 scripsit
1460 5484 1799 5557 Apostolus,
1832 5484 1891 5541 in
1931 5502 2184 5557 regnum
2297 5485 2520 5541 incerto
2557 5484 2928 5552 divitiarum,
2965 5491 3025 5541 ut
3050 5485 3315 5542 vendant
3351 5487 3557 5544 omnia
3582 5499 3707 5559 quae
3733 5475 3887 5554 possi-

4026 4536 4027 4597 ι

4004 4921 4021 4981 i

537 5690 546 5700 .
597 5631 615 5700 ξ
645 5629 680 5677 Β
699 5629 768 5699 id.
801 5630 1034 5700 Am.uEr.
1067 5630 1478 5700 gt_Yatic.Mss.,
1504 5643 1678 5680 veram
1708 5630 1868 5679 vitam
1888 5630 1992 5681 :sic
2022 5633 2179 5683 etiam
2329 5637 2366 5700 ν¹
2395 5636 2453 5685 In
2478 5638 2625 5700 prius
2647 5637 2853 5686 excusis
2877 5636 3447 5689 desiderabanturth
3474 5638 3627 5690 verba
3648 5650 3662 5700 ς
3681 5636 3819 5700 Atqu!
3838 5636 3885 5674 α

535 5690 672 5743 intra
702 5691 755 5737 in
789 5690 1039 5740 omnibus
1067 5691 1198 5738 Edd.
2290 5699 2361 5749 eis
2383 5690 2518 5749 bon'a
2538 5712 2695 5763 opera
2722 5700 2983 5765 facientes,
3012 5701 3203 5765 quaain
3233 5702 3489 5755 omnibus
3518 5690 3875 5762 MssJegiinmh
