4098 6166
185 184 302 241 689

183 309 352 373 dent,
370 311 422 364 et
448 323 516 365 ea
529 307 712 381 pretia
732 306 1146 363 distribuendo
1167 307 1590 379 indigentibus,
1620 307 1842 364 faciant

179 398 354 471 quod
389 399 673 470 sequitur.
710 398 886 460 facile
906 397 1196 462 tribuant,
1233 397 1685 463 communicent,
1721 399 1842 454 the-

179 489 488 544 saurizent
515 487 627 543 sibi
640 487 1106 556 fundamentum
1133 487 1347 542 bonum
1376 488 1438 542 in
1458 488 1760 556 futurum,
1784 491 1841 541 et

179 576 355 632 aliter
379 578 554 631 eosin
575 591 827 646 regnum
841 577 1133 632 caelorum
1150 577 1366 631 intrare
1389 591 1700 647 possenon
1722 591 1843 631 cre-

176 665 268 721 dit
293 683 308 732 ;
337 664 483 720 fallit
513 680 656 737 ergo
683 681 784 720 eos
814 681 1075 736 quorum
1107 664 1322 720 domos
1374 669 1492 720 tam
1526 663 1842 734 diligenter

176 753 473 810 doctrinae
523 754 774 810 sanitate
805 755 1134 826 componit,
1172 753 1509 810 admonens
1539 758 1594 808 et
1638 753 1840 824 praeci-

176 843 355 915 piens
391 843 602 916 quales
629 859 690 898 se
712 843 978 916 praebere
1009 843 1268 899 debeant
1290 858 1507 899 uxores
1543 842 1701 907 viris,
1731 842 1840 898 viri

176 931 497 999 uxoribus,
523 932 624 988 ﬁlii
655 933 1031 1004 parentibus,
1063 937 1342 1004 parentes
1372 931 1528 1000 ﬁliis,
1561 932 1709 987 servi
1737 931 1842 986 do-

175 1022 368 1076 minis
393 1022 620 1078 domini
655 1021 841 1077 servis
880 1037 1056 1076 :nam
1080 1021 1388 1094 quomodo
1417 1021 1548 1076 haec
1577 1020 1669 1090 agi
1703 1035 1842 1092 pos-

174 1119 321 1166 sunt
349 1111 476 1166 sine
515 1110 720 1176 domo,
749 1115 806 1166 et
842 1111 968 1166 sine
1007 1110 1210 1182 aliqua
1242 1126 1300 1164 re
1333 1110 1606 1166 familiari
1636 1111 1663 1166 ?

251 1203 311 1255 3t
332 1239 346 1252 .
360 1201 447 1253 An
471 1199 584 1254 hoc
597 1214 698 1254 eos
711 1204 913 1254 movet
933 1199 1096 1270 quod
1126 1198 1207 1254 ait
1232 1199 1519 1254 Dominus
1539 1220 1550 1252 :
1569 1197 1840 1266 Quicum-

172 1303 292 1360 que
316 1288 602 1344 dimiserit
625 1289 826 1344 omnia
849 1303 959 1344 sua
984 1292 1222 1357 propter
1242 1303 1352 1356 me,
1375 1288 1617 1357 accipiet
1642 1289 1705 1344 in
1732 1288 1840 1344 hoc

171 1379 398 1433 saeculo
410 1379 841 1447 centuplum,et
857 1378 919 1432 in
935 1379 1143 1446 futuro
1158 1378 1338 1433 vitam
1355 1384 1637 1433 aeternam
1660 1378 1840 1445 possi-

171 1467 338 1523 debit
368 1467 611 1532 (Matth.
643 1483 756 1531 χιι,
777 1466 1090 1534 29)?Aliud
1112 1470 1204 1522 est
1222 1467 1542 1536 dimiserit;
1569 1465 1730 1521 aliud
1753 1469 1841 1521 est

171 1554 697 1611 vendideritznam
725 1561 780 1610 et
797 1556 852 1610 in
879 1556 948 1610 iis
971 1571 1106 1628 quae
1128 1555 1487 1610 dimittenda
1511 1553 1836 1621 mandavit,

169 1647 359 1700 etiam
385 1659 534 1700 uxor
551 1651 1022 1700 commemorata
1035 1650 1142 1707 est.
1159 1659 1344 1715 quam
1357 1645 1534 1699 nullis
1558 1644 1838 1699 humanis

166 1733 415 1803 legibus
438 1733 572 1789 licet
591 1732 867 1801 vendere,
891 1734 1097 1789 Christi
1135 1739 1333 1789 autem
1358 1734 1589 1800 legibus
1613 1749 1720 1788 nec
1751 1733 1838 1788 di-

166 1822 432 1887 mittere,
454 1826 702 1894 excepta
723 1839 906 1879 causa
922 1822 1325 1879 fornicationis
1341 1824 1458 1894 (Id.
1474 1839 1529 1889 v,
1550 1823 1662 1894 32).
1689 1821 1836 1888 Quid

165 1911 284 1967 sibi
322 1927 465 1984 ergo
494 1911 699 1968 volunt
732 1912 845 1968 ista
874 1919 1171 1984 praecepta
1210 1913 1356 1985 (non
1387 1913 1544 1968 enim
1587 1915 1838 1983 possunt

165 2000 330 2056 inter
347 2016 412 2057 se
434 2017 565 2056 esse
579 2001 924 2073 contraria),
940 2001 1052 2056 nisi
1069 2002 1214 2074 quia
1234 2002 1488 2057 occurrit
1510 2000 1837 2073 aliquando

166 2089 546 2145 necessitatis
575 2089 879 2156 articulus,
916 2091 1014 2146 ubi
1045 2095 1148 2146 aut
1178 2107 1330 2146 uxor
1353 2091 1702 2154 dimittatur,
1738 2095 1838 2146 aut

163 2178 444 2234 Christus
463 2195 476 2231 :
495 2185 554 2234 ut
585 2179 698 2235 alia
723 2180 1078 2245 omittam,si
1107 2180 1218 2252 ipsi
1252 2180 1419 2235 uxori
1445 2179 1692 2235 maritus
1719 2180 1837 2234 dis-

163 2267 448 2339 plicuerit
475 2268 852 2333 christianus,
873 2269 1046 2340 eique
1074 2269 1456 2339 proposuerit
1477 2275 1578 2324 aut
1603 2285 1636 2323 a
1665 2284 1726 2323 se
1751 2268 1837 2323 di-

161 2357 456 2422 vortium,
487 2363 588 2413 aut
630 2374 666 2412 a
713 2356 982 2414 Christo?
1028 2358 1129 2413 Hic
1176 2358 1270 2413 ille
1312 2357 1457 2430 quid
1499 2357 1676 2429 eligat
1721 2357 1836 2414 nisi

164 2446 495 2512 Christum,
535 2450 591 2502 et
619 2446 878 2502 dimittat
911 2463 1147 2503 uxorem
1183 2447 1564 2503 laudabiliter
1594 2451 1836 2518 propter

161 2535 471 2591 Christum
499 2535 526 2589 ?
558 2535 868 2591 Ambobus
899 2536 1125 2608 quippe
1167 2535 1504 2592 christianis
1546 2535 1834 2592 Dominus

129 2623 455 2695 praecepit
501 2639 576 2678 ne
614 2625 940 2696 quisquam
985 2625 1246 2680 dimittat
1289 2640 1558 2691 uxorem,
1585 2629 1834 2696 excepta

163 2728 358 2767 causa
380 2711 807 2770 fornicationis.
835 2715 942 2768 Ubi
969 2719 1167 2769 autem
1192 2713 1473 2785 quaelibet
1499 2730 1568 2769 ex
1597 2715 1680 2769 eis
1708 2728 1835 2784 per-

165 2816 328 2857 sona
362 2800 618 2856 inﬁdelis
648 2806 762 2868 est,
796 2802 1112 2858 consilium
1149 2802 1412 2875 Apostoli
1443 2803 1784 2858 attendatur
1816 2817 1829 2858 :

166 2892 236 2946 Ut
272 2891 319 2945 si
343 2890 600 2946 inﬁdelis
619 2892 908 2947 consentit
929 2891 1201 2947 habitare
1224 2908 1362 2948 cum
1388 2891 1518 2947 viro
1545 2891 1832 2956 ﬁdeli,vir

161 2994 286 3034 non
302 2980 563 3035 dimittat
579 2995 848 3036 uxorem.
864 2980 1144 3036 Similiter
1161 2986 1216 3036 et
1233 2995 1380 3036 uxor
1401 2980 1593 3036 ﬁdelis
1617 2981 1830 3048 virum,

159 3067 206 3122 si
229 3083 374 3122 cum
398 3067 496 3123 illa
517 3067 785 3124 habitare
804 3070 1192 3125 consenserit.
1213 3069 1442 3136 Quodsi
1454 3069 1728 3137 inﬁdelis,
1746 3069 1832 3124 in-

154 3157 590 3229 quit,discedit,
605 3158 868 3215 discedat
881 3178 900 3214 :
915 3174 1032 3214 non
1047 3167 1129 3214 est
1153 3159 1306 3214 enim
1324 3159 1600 3213 servituti
1607 3158 1832 3228 subjec-

155 3252 256 3302 tus
275 3246 480 3313 frater
499 3253 606 3302 aut
635 3247 1234 3316 sororinhujusmodi
1256 3247 1298 3318 (l
1320 3247 1456 3302 Cor.
1475 3263 1572 3311 vn,
1602 3251 1684 3312 t2,
1708 3249 1789 3319 t5)
1815 3264 1829 3303 :

158 3337 222 3394 id
254 3340 364 3399 est,
396 3335 444 3390 si
478 3335 734 3391 inﬁdelis
767 3336 1022 3392 noluerit
1049 3351 1176 3391 esse
1203 3352 1340 3392 cum
1367 3336 1622 3406 conjuge
1648 3336 1828 3406 ﬁdeli,

161 3425 258 3478 hic
282 3429 572 3494 agnoscat
601 3424 795 3480 ﬁdelis
825 3441 1000 3481 suam
1031 3425 1474 3490 libertatem,ne
1501 3425 1581 3481 ita
1605 3440 1664 3480 se
1693 3425 1833 3482 sub-

158 3513 392 3582 jectum
435 3514 676 3585 deputet
699 3515 961 3570 servituti
997 3520 1060 3570 ut
1098 3515 1292 3586 ipsam
1335 3515 1594 3571 dimittat
1627 3515 1825 3580 ﬁdem,

163 3619 239 3658 ne
266 3603 594 3674 coniugem
625 3604 860 3660 amittat
887 3603 1215 3660 inﬁdelem.

231 3695 322 3747 32.
348 3691 467 3746 Hoc
493 3692 638 3747 etde
660 3692 795 3747 ﬁliis
823 3697 1002 3764 atque
1034 3693 1524 3765 parentibus,hoc
1545 3693 1619 3749 de
1643 3692 1830 3748 fratri-

161 3781 275 3836 bus
289 3780 1288 3854 etsororibusintelligitur,propter
1303 3782 1601 3838 Christum
1616 3797 1827 3837 omnes

159 3885 292 3926 esse
313 3869 724 3936 dimittendos,
753 3887 894 3926 cum
928 3872 1277 3942 proponitur
1307 3872 1418 3927 ista
1449 3870 1730 3935 conditio,
1766 3875 1828 3927 ut

163 3957 466 4013 Christum
493 3958 772 4024 dimittat,
791 3959 840 4014 si
873 3959 1004 4015 illos
1027 3975 1228 4015 secum
1257 3959 1478 4015 habere
1507 3958 1824 4015 desiderat.

165 4049 286 4102 Hoc
308 4061 452 4119 ergo
477 4047 621 4103 etde
645 4048 830 4104 domo
855 4054 1032 4120 atque
1054 4049 1232 4117 agris,
1252 4048 1362 4103 hoc
1379 4053 1435 4103 et
1455 4048 1528 4103 de
1549 4048 1619 4102 iis
1646 4047 1826 4103 rebus

163 4151 302 4208 quin
314 4135 448 4205 jure
471 4137 812 4208 pecuniario
837 4137 1239 4207 possidentur,
1255 4136 1513 4192 hocloco
1530 4136 1826 4208 accipien-

164 4224 316 4279 dum
332 4229 440 4280 est.
459 4224 735 4281 Similiter
746 4226 906 4281 enim
919 4226 1097 4282 etiam
1110 4226 1184 4281 de
1198 4225 1289 4280 his
1311 4241 1430 4281 non
1443 4225 1827 4292 ait,Quicum-

164 4329 284 4386 que
313 4314 644 4370 vendiderit
673 4319 911 4387 propter
940 4331 1033 4370 me
1060 4329 1457 4387 quaecumque
1481 4315 1705 4370 ﬁcitum
1736 4318 1827 4371 est

165 4403 429 4458 vendere
457 4419 470 4467 ;
494 4404 621 4469 sed,
645 4405 1009 4475 Quicumque
1027 4404 1333 4461 dimiserit.
1354 4404 1498 4460 Fieri
1525 4404 1682 4460 enim
1714 4419 1826 4475 po-

167 4497 280 4546 test
324 4495 389 4545 ut
417 4492 650 4547 dicatur
679 4493 998 4549 christiano
1029 4493 1106 4548 ab
1138 4494 1336 4565 aliqua
1370 4498 1682 4564 potestate,
1710 4495 1824 4550 Aut

163 4579 534 4636 christianus
565 4597 684 4637 non
712 4582 845 4646 eris,
882 4587 984 4637 aut
1022 4582 1069 4636 si
1104 4582 1160 4636 in
1192 4582 1305 4637 hoc
1337 4597 1686 4652 permanere
1719 4597 1823 4638 vo-

161 4668 373 4735 lueris,
390 4668 656 4738 domum,
676 4672 1206 4742 possessionesque
1234 4686 1353 4726 non
1377 4670 1644 4726 habebis.
1663 4673 1820 4727 Tunc

161 4773 307 4814 vero
331 4759 511 4814 etiam
542 4759 622 4816 illi
645 4760 879 4825 divites,
897 4761 999 4833 qui
1022 4761 1082 4816 in
1109 4759 1232 4816 suis
1253 4759 1472 4816 divntiis
1497 4760 1579 4814 sic
1607 4765 1822 4816 statue-

159 4853 299 4902 rant
326 4863 698 4918 permanere,
730 4857 794 4906 ut
822 4866 893 4906 ex
925 4866 1131 4906 earum
1163 4851 1340 4905 bonis
1371 4849 1658 4920 Operibus
1687 4865 1820 4920 pro-

162 4943 532 4992 mererentur
580 4940 786 5003 Deum,
828 4938 956 4994 haec
1003 4937 1302 4993 dimittant
1343 4938 1542 5009 potius
1582 4943 1820 5009 pr0pter

160 5023 477 5090 Christum,
492 5043 678 5098 quam
707 5032 950 5099 propter
968 5027 1094 5083 haec
1111 5026 1394 5082 Christum
1413 5044 1426 5092 ;
1445 5033 1503 5082 ut
1521 5027 1820 5098 accipiant

157 5111 219 5167 in
246 5111 361 5168 hoc
375 5114 592 5170 saeculo
610 5116 978 5187 centuplum,
1005 5116 1174 5188 cujus
1201 5115 1434 5171 numeri
1463 5115 1817 5187 perfectione

154 5199 568 5270 signiﬁcantur
596 5205 802 5260 omnia
832 5205 1078 5276 (Fidelis
1117 5205 1336 5277 quippe
1364 5204 1617 5261 hominis
1663 5212 1816 5262 totus

155 5291 416 5346 mundus
442 5292 792 5350 divitiarum
823 5300 946 5363 est;
971 5295 1239 5367 ﬁuntque
1281 5295 1394 5350 hoc
1429 5293 1609 5350 modo
1640 5295 1815 5365 quasi

156 5378 304 5434 nihil
344 5379 649 5446 habentes,
693 5388 750 5437 et
780 5384 988 5439 omnia
1034 5384 1404 5453 possidentes
1448 5381 1522 5453 [ΙΙ
1565 5384 1695 5438 Cor.
1730 5400 1808 5450 v1,

157 5465 294 5540 10]),
309 5473 364 5525 et
380 5469 440 5524 in
461 5468 659 5526 futuro
677 5473 898 5527 saeculo
916 5471 1264 5544 possideant
1287 5473 1466 5528 vitam
1489 5475 1806 5544 aeternam;

150 5574 224 5612 ne
260 5563 502 5630 propter
534 5559 644 5616 ista
673 5559 922 5618 dimisso
951 5562 1200 5628 Christo,
1228 5561 1288 5617 in
1319 5565 1572 5618 mortem
1606 5562 1812 5633 princi-

155 5646 419 5718 pitentur
449 5653 755 5707 aeternam.

1409 179 1918 238 EPISTOLARUM
1958 181 2249 244 CLASSIS
2291 189 2389 247 ΙΙΙ.

3501 195 3604 251 690

2023 314 2107 366 33.
2137 314 2252 370 Hac
2278 315 2503 388 quippe
2528 315 2658 387 lege
2682 320 2735 371 et
2753 315 3246 382 conditione,non
3270 317 3347 373 illi
3372 323 3604 376 tantum

1950 398 2052 470 qui
2082 403 2293 458 mentis
2323 403 2670 460 excellentia
2697 404 3074 475 perfectionis
3102 405 3418 462 consilium
3445 423 3608 463 rece-

1951 494 2265 558 perunt,ut
2295 493 2528 550 vendita
2557 510 2666 549 sua
2692 495 3057 564 pauperibus
3088 494 3531 562 distribuerent,
3551 505 3607 555 et

1951 575 2215 632 humeris
2246 579 2323 635 ab
2354 582 2518 636 omni
2542 583 2742 637 saeculi
2771 582 2948 652 hujus
2976 584 3208 638 sarcina
3229 584 3607 640 liberioribus

1948 663 2140 722 levem
2170 668 2377 725 Christi
2402 672 2696 726 sarcinam
2726 671 2973 738 ferrent;
3003 672 3105 726 sed
3128 673 3304 728 etiam
3331 675 3604 746 quisquis

1950 753 2260 822 inﬁrmior,
2280 759 2426 814 etilli
2449 759 3254 832 gloriosissima:perfectioni
3273 762 3467 816 minus
3483 763 3602 819 ido-

1951 859 2118 911 neus,
2140 846 2242 917 qui
2267 853 2464 904 tamen
2494 849 2827 904 meminerit
2861 865 2920 903 se
2954 850 3238 904 veraciter
3268 866 3395 905 esse
3424 852 3605 906 chris-

1952 932 2197 999 tianum,
2233 951 2369 992 cum
2411 937 2664 992 audierit
2696 937 2806 993 sibi
2837 938 3092 1009 proponi
3125 938 3286 1010 quod
3324 940 3432 993 nisi
3477 940 3605 995 haec

1949 1023 2152 1078 omnia
2170 1023 2840 1091 dimiserit,dimissurus
2863 1026 3607 1098 estChristum,apprehen-

1950 1111 2049 1167 det
2078 1114 2270 1184 potius
2303 1115 2509 1169 turrim
2546 1115 2897 1170 fortitudinis
2924 1131 2959 1172 a
2985 1116 3134 1171 facie
3165 1117 3388 1172 inimici
3419 1118 3604 1187 (Psal.

1949 1217 2038 1265 1.x,
2071 1203 2304 1274 i):quia
2322 1220 2457 1259 cum
2483 1221 2613 1259 eam
2649 1205 2704 1259 in
2735 1221 2844 1260 sua
2867 1205 3186 1262 mdiﬁcaret
3209 1206 3606 1279 ﬁde,compu-

1953 1292 2092 1346 tavit
2123 1299 2395 1364 sumptus
2418 1294 2638 1364 quibus
2666 1294 2866 1365 perﬁci
2896 1295 3607 1366 potest(Luc.xiv,28),id

1950 1384 2059 1448 est,
2080 1396 2148 1435 eo
2171 1383 2373 1436 animo
2396 1383 2642 1438 accessit
2666 1384 2742 1439 ad
2765 1382 2968 1447 ﬁdem,
2996 1390 3053 1438 ut
3086 1384 3224 1438 huic
3248 1383 3465 1439 saeculo
3485 1400 3606 1440 non

1950 1469 2144 1524 solum
2173 1470 2368 1525 verbis
2401 1473 2796 1537 renuntiaret;
2831 1473 2974 1543 quia
3005 1476 3060 1526 et
3107 1473 3149 1526 si
3185 1473 3324 1527 emit
3354 1473 3603 1544 aliquid,

1950 1563 2239 1628 tanquam
2272 1575 2389 1614 non
2439 1560 2753 1630 possidens
2801 1565 2941 1629 erat,
2980 1567 3035 1615 et
3081 1561 3126 1614 si
3172 1561 3446 1616 utebatur
3494 1562 3608 1617 hoc

1949 1647 2496 1719 mundo,tanquam
2530 1664 2649 1703 non
2681 1655 2851 1704 utens
2882 1653 3006 1704 erat
3034 1650 3074 1719 (l
3111 1650 3361 1713 Cor.vu,
3388 1649 3604 1719 30,31),

1947 1751 2069 1791 non
2097 1752 2345 1809 sperans
2377 1738 2434 1792 in
2467 1738 2689 1793 incerto
2713 1739 3066 1807 divitiarum,
3093 1738 3192 1792 sed
3223 1738 3279 1792 in
3304 1741 3418 1793 Deo
3451 1739 3604 1794 vivo.

2018 1829 2106 1882 34.
2140 1827 2285 1881 Cum
2309 1826 2468 1881 enim
2492 1826 2689 1881 omnis
2723 1828 2823 1898 qui
2851 1828 3152 1882 renuntiat
3182 1828 3320 1882 huic
3356 1828 3604 1893 saeculo,

1947 1913 2073 1970 sine
2095 1913 2279 1969 dubio
2302 1915 2597 1970 renuntiet
2623 1916 2905 1970 omnibus
2923 1932 3053 1986 qua:
3075 1921 3210 1970 sunt
3233 1917 3381 1985 ejus,
3402 1924 3608 1986 utpos-

1947 2003 2017 2057 sit
2048 2002 2253 2057 Christi
2275 2018 2406 2057 esse
2429 2003 2758 2075 discipulus
2780 2004 2931 2074 (ipse
2954 2004 3134 2066 enim,
3151 2020 3285 2058 cum
3312 2004 3384 2058 de
3406 2021 3608 2075 sump-

1945 2080 2102 2146 tibus
2126 2092 2201 2146 ad
2228 2093 2400 2146 turris
2427 2091 2751 2146 aediﬁcium
2771 2092 3142 2157 necessariis,
3164 2097 3216 2147 et
3237 2092 3308 2147 de
3330 2091 3486 2147 bello
3505 2092 3604 2147 ad-

1944 2195 2145 2234 versus
2192 2196 2392 2248 regem
2445 2180 2693 2235 alterum
2736 2180 3150 2252 praeparando,
3189 2180 3607 2236 similitudines

1944 2269 2348 2339 praemisisset,
2372 2269 2466 2339 adj
2480 2269 2646 2325 unxit
2672 2270 2753 2324 sic
2781 2287 2793 2323 :
2824 2270 2931 2337 Qui
2957 2285 3073 2325 non
3096 2271 3403 2326 renuntiat
3424 2270 3605 2325 omni-

1946 2358 2050 2412 bus
2075 2374 2207 2430 qua?
2234 2364 2373 2413 sunt
2401 2361 2547 2428 ejus,
2580 2373 2699 2414 non
2729 2365 2915 2429 potest
2943 2374 3100 2414 meus
3127 2373 3245 2415 esse
3276 2358 3606 2427 discipulus

1948 2445 2360 2519 [Luc.xv1,33])
2381 2447 2676 2519 ;profecto
2693 2447 2996 2502 renuntiat
3017 2447 3197 2502 etiam
3226 2447 3437 2503 divitiis
3462 2447 3606 2518 suis,

1946 2537 1995 2590 si
2024 2551 2174 2607 quas
2207 2536 2408 2602 habet,
2436 2539 2539 2592 aut
2571 2535 2655 2591 sic
2685 2541 2743 2592 ut
2773 2551 2874 2592 eas
2904 2536 3150 2591 omnino
3179 2551 3299 2591 non
3329 2535 3604 2604 diligens,

1945 2626 2098 2679 totas
2119 2624 2435 2680 distribuat
2457 2625 2883 2695 indigentibus,
2904 2630 2960 2679 et
2983 2624 3301 2695 superﬂuis
3322 2639 3608 2679 exonere-

1946 2717 2038 2768 tur
2059 2713 2337 2779 sarcinis;
2359 2719 2460 2770 aut
2485 2715 2566 2770 sic
2588 2719 2647 2769 ut
2671 2714 2801 2785 plus
2829 2713 3085 2784 diligens
3106 2714 3404 2769 Christum
3435 2729 3607 2785 spem

1944 2801 2020 2856 ab
2057 2801 2142 2856 eis
2170 2803 2485 2858 transferat
2515 2803 2573 2857 in
2604 2804 2824 2873 ipsum,
2853 2808 3032 2874 atque
3063 2803 3141 2858 ita
3177 2807 3373 2859 utatur
3399 2801 3529 2867 illis,
3548 2807 3610 2859 ut

1946 2891 2112 2948 facile
2147 2891 2416 2946 tribuens
2446 2895 2502 2946 et
2527 2891 3004 2956 communicaris,
3029 2891 3387 2946 thesaurizet
3413 2892 3472 2946 in
3496 2909 3612 2947 cm-

1943 2966 2000 3035 l0
2017 2997 2029 3046 ;
2045 2984 2412 3051 paratusque
2426 2980 2516 3045 sit,
2533 2979 3054 3051 quemadmodum
3079 2985 3360 3049 parentes
3375 2987 3430 3035 et
3455 2980 3608 3035 ﬁlios

1943 3073 1998 3124 et
2030 3068 2236 3123 fratres
2263 3073 2318 3123 et
2348 3084 2611 3133 uxorem,
2645 3067 2759 3122 hoc
2785 3068 2970 3123 modo
3002 3072 3056 3121 et
3081 3067 3224 3122 istas
3254 3067 3605 3139 relinquere,

1945 3156 1988 3210 si
2042 3156 2171 3212 talis
2217 3157 2480 3212 conditio
2525 3157 2831 3228 proposita
2876 3155 3066 3221 fuerit,
3114 3162 3173 3211 ut
3204 3155 3316 3210 nisi
3357 3156 3608 3213 dimisso

1945 3245 2171 3301 Christo
2205 3262 2306 3302 eas
2339 3245 2561 3301 habere
2595 3261 2715 3301 non
2750 3245 2957 3316 possit.
3002 3248 3147 3301 Nam
3183 3245 3228 3297 si
3273 3245 3438 3299 aliter
3468 3246 3607 3300 huic

1943 3335 2162 3391 saeculo
2176 3336 2496 3400 renuntiat,
2514 3334 2760 3408 quando
2774 3335 3000 3390 accedit
3014 3335 3088 3389 ad
3105 3333 3243 3389 ﬁdei
3261 3349 3606 3389 sacramen-

1944 3428 2089 3488 tum,
2111 3423 2247 3479 facit
2267 3423 2430 3495 quod
2451 3423 2524 3479 de
2549 3423 2731 3495 lapsis
2751 3423 2964 3479 beatus
2986 3423 3317 3494 Cyprianus
3334 3423 3602 3492 ingemit,

1940 3511 2413 3568 dicens.Saeculo
2445 3512 2634 3568 verbis
2657 3511 2796 3567 satis
2828 3512 3326 3576 renuntiantes,et
3349 3512 3605 3580 nonfac-

1939 3601 2034 3655 tis.
2064 3603 2140 3655 De
2164 3601 2276 3655 hoc
2307 3601 2534 3673 quippe
2566 3600 2957 3667 dicitur,cum
2985 3601 3257 3656 veniente
3283 3601 3604 3657 tentatione

1942 3691 2134 3761 magis
2157 3690 2268 3746 ista
2288 3690 2492 3745 metuit
2509 3689 3000 3762 amittere,quam
3026 3689 3323 3745 Christum
3348 3705 3599 3762 negare:

1937 3781 2088 3836 Ecce
2119 3780 2288 3835 homo
2315 3779 2419 3851 qui
2447 3780 2623 3846 coepit
2656 3779 2970 3846 aediﬁcare,
2989 3784 3039 3833 et
3065 3794 3183 3834 non
3213 3780 3407 3847 potuit
3429 3780 3604 3848 perﬁ-

1937 3869 2232 3938 cere.lpse
2258 3873 2347 3922 est
2371 3868 2551 3923 etiam
2577 3867 2699 3939 qui,
2726 3883 2863 3922 cum
2896 3866 3092 3922 adhuc
3124 3866 3300 3935 longe
3324 3872 3476 3922 esset
3498 3867 3602 3923 ad-

1935 3957 2230 4013 versarius
2254 3957 2304 4029 ej
2318 3972 2405 4024 us,
2423 3956 2585 4012 misit
2601 3955 2829 4025 legatos
2847 3971 3120 4027 quaerens
3141 3970 3382 4026 pacem;
3404 3955 3461 4010 id
3486 3959 3596 4027 est,

1937 4047 2208 4103 nondum
2253 4043 2572 4115 afﬂigente,
2616 4046 2719 4100 sed
2757 4043 2956 4100 adhuc
2997 4044 3344 4099 imminente
3393 4060 3461 4100 ac
3493 4045 3599 4101 mi-

1933 4139 2115 4192 nante
2147 4135 2490 4198 tentatione,
2508 4139 2571 4190 ut
2589 4133 2658 4188 iis
2687 4149 2808 4190 non
2832 4137 3049 4198 careat,
3067 4149 3200 4205 quae
3225 4132 3360 4205 plus
3385 4133 3596 4204 diligit,

1934 4225 2010 4282 ad
2029 4223 2478 4296 relinquendum
2497 4223 2792 4279 Christum
2809 4221 3267 4293 negandumque
3282 4223 3594 4280 consentit.

1937 4318 2000 4370 Et
2029 4314 2194 4370 multi
2220 4320 2357 4370 sunt
2387 4313 2548 4380 tales,
2571 4314 2674 4385 qui
2698 4313 2877 4368 etiam
2901 4317 3114 4384 putant
3135 4312 3244 4367 sibi
3274 4312 3349 4366 ad
3373 4328 3599 4382 augen-

1933 4404 2042 4460 das
2072 4420 2217 4476 opes
2251 4420 2415 4468 suas,
2437 4408 2491 4458 et
2517 4401 2974 4473 multiplicanda
3005 4401 3438 4457 delectamenta
3488 4408 3597 4457 ter-

1933 4510 2098 4562 rena,
2133 4493 2480 4563 religionem
2513 4491 2829 4560 suffragari
2862 4491 3073 4545 debere
3103 4490 3516 4544 Christianam.

2002 4583 2090 4638 35.
2123 4581 2238 4637 Sed
2264 4597 2382 4637 non
2412 4585 2551 4635 sunt
2573 4581 2717 4635 tales
2745 4580 2951 4634 divites
2979 4578 3306 4648 christiani,
3332 4579 3434 4649 qui
3457 4578 3593 4636 licet

1930 4673 2042 4727 ista
2073 4676 2330 4735 teneant,
2355 4685 2476 4725 non
2510 4674 2710 4724 tamen
2732 4668 2809 4723 ab
2837 4668 2920 4723 eis
2948 4668 3027 4723 ita
3059 4671 3350 4734 tenentur,
3378 4672 3442 4722 ut
3463 4667 3592 4724 haec

1931 4759 2160 4817 Christo
2175 4763 2560 4830 anteponant;
2577 4758 2720 4830 quia
2735 4756 2928 4812 veraci
2947 4757 3125 4812 corde
3139 4757 3356 4812 saeculo
3374 4772 3593 4813 renun-

1931 4850 2168 4913 tiarunt,
2191 4856 2251 4902 ut
2282 4847 2443 4902 nulla
2468 4862 2638 4919 spem
2665 4847 2722 4901 in
2756 4846 2971 4902 talibus
2997 4850 3243 4917 ponant.
3278 4847 3343 4901 lli
3374 4862 3588 4902 uxores

1928 4945 1983 4994 et
2008 4938 2160 4992 ﬁlios
2195 4937 2625 5008 universasque
2655 4935 2910 4991 familias
2941 4935 3016 4991 ad
3045 4935 3431 4990 Christianam
3459 4936 3588 4990 reli-

1928 5028 2166 5100 gionem
2192 5027 2508 5082 tenendam
2533 5041 2681 5080 sana
2698 5025 2978 5080 erudiunt
3003 5024 3344 5095 disciplina.
3364 5025 3585 5080 Horum

1927 5117 2145 5172 domus
2175 5115 2574 5187 hospitalitate
2606 5114 2918 5177 ferventes,
2941 5113 3231 5184 recipiunt
3258 5112 3490 5181 justum
3522 5111 3584 5167 in

1926 5205 2349 5276 nominejusti,
2369 5209 2429 5259 ut
2447 5202 2776 5258 mercedem
2797 5203 2939 5273 justi
2958 5201 3506 5272 accipiantwlatth.
3521 5216 3579 5269 x,

1923 5295 2037 5366 41).
2068 5297 2366 5366 Frangunt
2408 5293 2689 5348 esurienti
2714 5306 2929 5364 panem
2960 5305 3158 5355 suum,
3189 5288 3420 5343 nudum
3450 5305 3583 5344 ves-

1924 5384 2398 5455 tiunt,captivum
2416 5380 2895 5451 redimunt([sai.
2913 5393 3059 5441 LVlll,
3080 5383 3134 5441 7,
3149 5377 3576 5446 etMatth.xxv,

1921 5475 2009 5538 35,
2045 5473 2155 5541 36),
2180 5472 2575 5528 thesaurizant
2603 5470 2716 5524 sibi
2742 5467 3205 5526 fundamentum
3249 5467 3477 5523 bonum
3514 5468 3578 5524 in

1921 5559 2288 5626 futurum,ut
2315 5558 2769 5632 apprehendant
2800 5571 3001 5611 veram
3030 5556 3238 5612 vitam.
3257 5556 3319 5611 Et
3354 5557 3401 5611 si
3430 5556 3578 5613 forte

1921 5664 2030 5722 pro
2041 5649 2160 5706 ﬁde
2174 5649 2386 5706 Christi
2402 5647 2747 5720 pecuniaria
2769 5646 2994 5703 damna
3008 5645 3396 5719 perpetienda
3414 5651 3574 5711 sunt,
