4098 6166
583 149 688 207 691

579 275 836 333 oderunt
865 271 1101 329 divitias
1128 283 1294 324 suas:
1317 266 1365 322 si
1390 282 1637 324 suorum
1660 268 1942 328 orbitates
1960 269 2051 326 vel
2071 284 2238 340 sepa-

578 366 837 422 rationes
868 378 976 434 pro
1012 359 1240 415 Christo
1273 356 1534 412 minatur
1557 358 1652 414 hic
1682 360 1966 425 mundus,
1984 359 2238 415 oderunt

579 457 873 528 parentes,
900 446 1316 511 fratres,ﬁlios,
1336 455 1896 518 uxorespostremo
1925 450 1971 503 si
1999 449 2072 504 de
2105 449 2239 519 ipsa

579 543 754 613 hujus
785 538 1053 607 corporis
1085 537 1203 590 vita
1243 552 1381 590 cum
1419 535 1761 594 adversario
1803 538 2239 610 paciscendum

580 637 688 694 est,
724 645 796 684 ne
824 628 1094 683 desertus
1127 626 1364 680 deserat
1398 623 1678 691 Christus,
1707 627 1966 682 oderunt
1996 628 2240 696 insuper

581 719 847 775 animam
881 732 1076 771 suam.
1106 717 1181 769 De
1213 714 1282 768 iis
1310 714 1532 786 quippe
1562 716 1848 771 omnibus
1884 715 2239 771 mandatum

580 813 960 878 acceperunt,
989 804 1151 876 quod
1196 803 1366 857 aliter
1400 803 1674 875 discipuli
1711 805 1923 862 Christi
1954 820 2087 860 esse
2119 819 2241 858 non

582 896 817 968 possint
840 897 1006 965 (Luc.
1037 909 1157 957 xiv,
1184 897 1273 957 ‘26,
1307 893 1419 963 ς27).

653 987 742 1040 36.
771 989 883 1040 Nec
916 988 1114 1038 tamen
1147 983 1286 1054 quia
1311 987 1673 1054 praeceptum
1699 987 1788 1038 est
1809 983 1892 1038 eis
1924 987 1984 1038 ut
2010 980 2244 1037 oderint

583 1090 692 1147 pro
721 1075 946 1129 Christo
979 1077 1034 1127 et
1067 1073 1300 1126 animas
1319 1087 1476 1136 suas,
1500 1072 1840 1127 vendendas
1868 1089 1968 1128 eas
1995 1071 2238 1134 habent,

585 1171 686 1222 aut
705 1163 876 1218 illatis
892 1162 1004 1216 sibi
1034 1160 1313 1215 manibus
1329 1159 1724 1216 effundendas
1743 1179 1752 1215 :
1773 1161 1874 1216 sed
1891 1161 2081 1232 parati
2106 1164 2245 1214 sunt

586 1270 688 1309 eas
711 1253 1000 1315 amittere,
1017 1265 1125 1320 pro
1150 1249 1356 1304 Christi
1379 1249 1621 1305 nomine
1648 1250 1979 1316 moriendo,
1997 1265 2069 1304 ne
2093 1264 2246 1304 mor-

587 1342 667 1399 tui
698 1341 913 1404 vivant,
934 1339 1229 1395 Christum
1257 1337 1556 1406 negando.
1575 1339 1667 1394 Sic
1685 1341 1864 1394 etiam
1887 1339 2141 1405 divitias,
2168 1336 2245 1392 ad

585 1447 738 1502 quas
755 1428 1092 1484 vendendas
1111 1425 1294 1498 parati
1315 1442 1431 1480 non
1449 1426 1684 1484 fuerunt
1700 1433 1977 1482 monente
1993 1427 2242 1491 Christo,

588 1520 664 1574 ad
690 1517 1029 1588 perdendas
1053 1532 1152 1570 eas
1173 1515 1392 1570 debent
1416 1517 1606 1585 parati
1624 1532 1753 1571 esse
1779 1531 1884 1587 pro
1908 1515 2247 1578 Christo,ne

589 1625 725 1662 cum
749 1608 831 1661 eis
855 1610 1100 1677 pereant
1126 1605 1356 1675 perdito
1381 1605 1630 1661 Christo.
1650 1605 1943 1660 Habemus
1957 1605 2094 1659 hinc
2109 1605 2246 1658 utri-

591 1711 784 1767 usque
810 1710 992 1748 sexus
1016 1693 1220 1747 divites
1235 1691 1718 1764 clarissimasque
1731 1707 2016 1764 personas
2033 1695 2252 1764 marty-

593 1785 658 1839 rii
688 1783 877 1854 gloria
902 1782 1280 1836 sublimatas.
1311 1782 1392 1836 lta
1416 1781 1582 1836 multi
1607 1798 1758 1853 quos
1783 1798 1977 1836 rerum
2002 1796 2249 1835 suarum

597 1873 931 1928 venditione
951 1873 1225 1941 piguerat
1249 1876 1382 1924 ante
1406 1870 1850 1941 perfici,Christi
1878 1869 2104 1925 imitata
2119 1885 2252 1940 pas-

595 1963 763 2017 sione
791 1965 927 2016 sunt
949 1967 1188 2030 repente
1216 1959 1483 2029 perfecti;
1507 1965 1560 2014 et
1583 1961 1686 2032 qui
1713 1959 2065 2015 nonnullam
2088 1959 2251 2014 inﬁr-

598 2052 860 2106 mitatem
878 2050 1074 2104 carnis
1089 2055 1140 2104 et
1155 2049 1465 2117 sanguinis
1487 2050 1608 2103 suis
1621 2049 1840 2103 divitiis
1859 2047 2248 2119 perfecerunt,

596 2140 790 2195 subito
815 2139 1103 2193 adversus
1128 2143 1437 2207 peccatum
1458 2153 1566 2209 pro
1586 2136 1700 2192 fide
1721 2153 1907 2208 usque
1922 2137 1997 2193 ad
2013 2137 2249 2208 sangui-

593 2245 732 2284 nem
762 2233 1079 2284 certarunt.
1099 2226 1327 2292 Quibus
1357 2231 1555 2280 autem
1582 2241 1700 2282 non
1729 2228 2002 2298 provenit
2031 2241 2254 2282 corona

594 2317 879 2389 martyrii,
900 2332 1094 2387 neque
1119 2315 1272 2370 illius
1309 2315 1685 2386 perfectionis
1709 2315 1783 2370 de
1811 2315 2140 2370 vendendis
2167 2331 2253 2370 re-

594 2407 706 2461 bus
738 2407 858 2461 suis
881 2405 1200 2460 consilium
1221 2411 1343 2458 tam
1373 2405 1598 2474 grande
1625 2409 1867 2474 tamque
1896 2403 2252 2476 praeclarum

591 2499 964 2566 receperunt,
982 2497 1038 2546 et
1060 2497 1258 2547 tamen
1283 2508 1316 2546 a
1338 2492 1789 2546 damnabilibus
1814 2491 2116 2547 immunes
2141 2492 2249 2547 cri-

593 2583 859 2638 minibus
911 2581 1270 2636 esurientem
1321 2581 1616 2635 Christum
1676 2586 1984 2652 paverunt,
2034 2581 2249 2636 sitienti

592 2676 802 2742 potum
822 2669 1136 2734 dederunt,
1152 2669 1384 2724 nudum
1408 2670 1750 2734 vestierunt,
1768 2670 2248 2742 peregrinantem

593 2762 1140 2829 susceperunt;non
1167 2757 1463 2813 sedebunt
1480 2757 1724 2830 quidem
1747 2775 1884 2814 cum
1900 2759 2124 2815 Christo
2153 2775 2250 2813 su-

591 2847 851 2905 blimiter
877 2846 1338 2917 judicaturi,sed
1363 2848 1438 2902 ad
1458 2847 1649 2918 ipsius
1672 2847 1982 2903 dexteram
2009 2847 2252 2903 stabunt

594 2936 1053 2992 misericorditer
1086 2936 1400 3006 judicandi
1438 2937 1632 3005 (Matt.
1674 2953 1807 3001 xxv,
1847 2937 2054 3008 34-40).
2096 2935 2251 2992 Beati

594 3025 753 3082 enim
787 3026 1218 3090 misericordes,
1249 3026 1539 3098 quoniam
1571 3027 1842 3098 ipsorum
1878 3025 2252 3081 miserebitur

597 3114 751 3170 Deus
785 3114 898 3185 (1d.
927 3133 979 3183 ν,
1015 3116 1094 3185 7).
1138 3115 1510 3186 Etjudicium
1544 3116 1671 3170 sine
1716 3114 2124 3172 misericordia
2153 3115 2249 3169 ﬁet

602 3203 680 3258 illi
706 3203 808 3276 qui
841 3219 960 3258 non
989 3203 1121 3258 fecit
1148 3204 1621 3259 misericordiam
1655 3226 1664 3256 :
1694 3203 2129 3276 superexsultat
2152 3217 2253 3259 au-

605 3297 722 3348 tem
756 3292 1407 3363 misericordiajudicio
1439 3292 1665 3363 (Jacobi
1697 3298 1778 3356 tt,
1814 3294 1924 3364 13).

679 3382 764 3435 37.
789 3381 1035 3436 Proinde
1059 3380 1171 3436 ista
1192 3380 1690 3436 desinantcontra
1710 3381 2043 3452 Scripturas
2066 3381 2250 3454 loqui,

603 3475 658 3526 et
683 3471 742 3524 in
775 3470 897 3524 suis
915 3469 1426 3524 exhortationibus
1449 3473 1524 3525 ad
1551 3471 1777 3540 majora
1804 3473 1883 3525 sic
1902 3470 2174 3535 excitent,
2193 3475 2256 3526 ut

603 3558 838 3614 minora
872 3573 990 3613 non
1017 3559 1323 3614 damnent.
1348 3559 1500 3613 Num
1524 3560 1683 3614 enim
1705 3563 1761 3614 et
1787 3564 2055 3615 sanctam
2082 3559 2257 3630 virgi-

562 3698 568 3704 .
601 3648 850 3702 nitatem
871 3647 1035 3702 aliter
1056 3647 1423 3703 exhortando
1451 3648 1811 3719 persuadere
1835 3663 1954 3703 non
1983 3653 2254 3719 possunt,

561 3725 569 3733 ’
605 3735 718 3792 nisi
747 3736 1092 3807 conjugalia
1121 3736 1358 3793 vincula
1389 3736 1975 3803 damnaverint,cum
2007 3738 2256 3794 docente

601 3826 904 3898 Apostolo,
940 3827 1349 3899 unusquisque
1376 3827 1604 3882 donum
1643 3828 1946 3899 proprium
1978 3827 2198 3884 habeat
2223 3843 2258 3882 a

605 3916 744 3980 Deo,
760 3915 911 3971 alius
929 3918 1032 3980 sic,
1049 3916 1199 3971 alius
1213 3921 1414 3971 autem
1434 3917 1572 3984 sic(l
1589 3916 1720 3972 Cor.
1738 3916 2258 3987 vu,7)?Ambulent

606 4005 806 4076 itaque
827 4004 1203 4076 perfectionis
1222 4005 1400 4074 viam,
1419 4005 1677 4060 venditis
1703 4006 1986 4061 omnibus
2019 4007 2140 4060 suis
2168 4021 2253 4061 re-

603 4093 737 4155 bus,
757 4097 813 4147 et
831 4093 1282 4148 misericorditer
1302 4093 1579 4163 erogatis.
1609 4096 1714 4148 Sed
1735 4095 1782 4148 si
1809 4109 1938 4149 vere
1965 4109 2257 4166 pauperes

606 4180 816 4236 Christi
837 4185 994 4245 sunt,
1014 4186 1066 4235 et
1093 4196 1215 4236 non
1241 4180 1374 4248 sibi,
1392 4182 1496 4235 sed
1521 4181 1748 4237 Christo
1777 4182 2082 4252 colligunt,
2101 4183 2258 4237 intir-

605 4269 797 4324 miora
815 4270 943 4340 ejus
967 4270 1241 4325 membra
1258 4285 1445 4342 quare
1469 4271 1726 4341 puniunt
1743 4277 2062 4342 antequam
2084 4271 2258 4328 sedes

565 4427 572 4431 _
599 4358 947 4428 judiciarias
965 4359 1412 4430 acceperint?Si
1435 4361 1592 4414 enim
1622 4361 2259 4432 taleserunt,qualibus

607 4449 896 4504 Dominus
910 4449 1067 4514 dicit,
1084 4449 1364 4504 Sedebitis
1387 4465 1566 4517 super
1587 4450 1889 4505 duodecim
1906 4451 2086 4510 sedes,
2094 4451 2263 4520 judi-

606 4545 806 4593 cantes
833 4537 1139 4594 duodecim
1169 4539 1358 4593 tribus
1373 4539 1562 4594 Israel
1584 4538 1822 4609 (Matth.
1843 4538 2067 4609 xxx,28)
2087 4539 2259 4604 ;etde

606 4627 885 4698 qualibus
905 4628 1224 4699 Apostolus
1247 4628 1678 4697 dicit,Nescitis
1694 4631 1974 4700 quoniam
2001 4631 2260 4699 Angelos

571 4716 1005 4786 _judicabimus
1037 4717 1082 4787 (I
1103 4719 1241 4775 Cor.
1269 4734 1340 4786 v1,
1361 4720 1449 4787 3);
1476 4725 1808 4790 praeparent
1832 4736 1892 4774 sc
1915 4719 2114 4790 potius
2140 4733 2259 4773 non

606 4803 985 4871 criminosos,
1005 4806 1108 4860 sed
1131 4805 1442 4876 religiosos
1471 4807 1678 4862 divites
1702 4808 1959 4878 recipere
1991 4809 2048 4863 in
2073 4807 2261 4863 taber-

605 4892 823 4949 nacula
853 4898 1095 4957 (eterna,
1121 4911 1155 4949 a
1186 4895 1407 4966 quibus
1435 4895 1612 4952 amici
1645 4895 1778 4952 facti
1803 4903 1941 4952 sunt
1971 4897 2044 4952 de
2074 4913 2264 4953 mam-

605 4998 791 5039 mona
822 4983 1149 5055 iniquitatis
1176 4984 1340 5054 (Luc.
1361 5001 1476 5050 χιιι,
1503 4988 1576 5056 9).
1600 4985 1742 5040 Puto
1768 4986 1928 5042 enim
1945 4987 2107 5058 quod
2129 4987 2261 5058 qui-

603 5073 747 5130 dam
770 5089 978 5130 eorum
1000 5074 1101 5145 qui
1118 5073 1245 5128 haec
1263 5073 1641 5144 impudenter
1660 5078 1840 5148 atque
1863 5075 2262 5147 imprudenter

604 5165 893 5230 garriunt,
927 5179 962 5219 a
993 5162 1270 5218 divitibus
1299 5162 1635 5219 christianis
1669 5169 1723 5219 et
1758 5165 1867 5235 piis
1907 5164 1966 5218 in
1999 5164 2118 5218 suis
2159 5180 2265 5219 ne-

604 5253 979 5309 cessitatibus
1004 5255 1429 5309 sustentantur.
1454 5253 1640 5308 Habet
1661 5253 1817 5308 enim
1839 5252 2095 5308 Ecclesia
2116 5269 2263 5324 quo-

603 5339 934 5399 dammodo
959 5357 1099 5398 suos
1119 5342 1423 5407 milites,et
1443 5342 1897 5412 quodammodo
1925 5341 2260 5412 provincia-

603 5427 720 5484 les:
746 5431 902 5486 unde
933 5431 1076 5486 dicit
1101 5432 1446 5502 Apostolus,
1477 5431 1614 5498 Quis
1645 5431 1862 5487 militat
1889 5431 2009 5486 suis
2041 5433 2259 5500 stipen-

608 5516 720 5571 diis
738 5532 1000 5590 unquam
1017 5521 1044 5574 ?
1068 5520 1250 5576 Habet
1275 5525 1330 5576 et
1352 5521 1582 5578 vineam
1609 5525 1663 5576 et
1681 5520 2065 5592 plantatores,
2083 5520 2262 5576 habet

609 5618 852 5675 gregem
878 5611 932 5663 et
962 5612 1270 5678 pastores:
1297 5610 1454 5667 unde
1481 5615 1918 5686 consequenter
1947 5609 2104 5677 dicit,
2124 5610 2261 5680 Quis

1761 213 1774 227 ,
1869 145 1928 201 s.
1971 140 2359 201 AUGUSTINI
2402 142 2725 203 EPISCOPI

3813 156 3933 214 '692

2340 270 2584 338 plantat
2608 271 2858 344 vineam,
2875 280 2926 332 et
2943 277 3010 333 de
3025 276 3236 346 fructu
3256 279 3383 347 ejus
3404 292 3516 332 non
3539 275 3810 349 €dit?quis
3826 296 3940 349 pas-

2344 360 2422 414 cit
2453 377 2702 432 gregem,
2731 370 2786 420 et
2815 365 2887 421 de
2920 367 3071 423 lacte
3099 367 3234 438 ejus
3264 383 3382 422 non
3406 365 3655 436 percipit
3685 369 3724 432 (l
3751 369 3941 435 Comx,

2345 451 2398 520 7)
2422 450 2450 502 ἲ)
2472 452 2758 516 Quamvis
2790 454 2928 511 talia
2954 455 3279 527 disputare,
3312 455 3518 528 qualia
3549 455 3637 512 isti
3666 456 3943 529 disputant,

2346 554 2466 593 non
2509 540 2582 595 sit
2623 542 2893 609 militare,
2937 546 3045 600 sed
3087 545 3414 611 rebellare;
3451 559 3570 600 non
3616 546 3688 599 sit
3724 546 3946 616 plautare

2347 628 2605 696 vineam,
2634 632 2736 687 sed
2764 634 3096 700 eradicare;
3123 651 3244 690 non
3276 636 3347 690 sit
3377 634 3711 706 pascendos
3741 650 3946 708 congre-

2348 731 2508 786 gare,
2543 720 2647 775 sed
2679 723 3016 792 perdendos
3047 740 3082 780 a
3110 739 3288 795 grege
3321 739 3623 796 separare.

2423 809 2508 862 38.
2537 808 2698 866 Sicut
2727 816 2925 869 autem
2957 812 3071 885 ipsi
3102 814 3206 886 qui
3232 814 3480 869 divitum
3509 813 3789 882 religiosis
3816 814 3952 872 obse-

2347 896 2502 968 quiis
2528 898 2768 956 aluntur
2792 905 2972 974 atque
2994 904 3319 959 vestiuntur
3339 906 3560 975 (neque
3580 902 3733 959 enim
3753 904 3821 959 ad
3840 921 3952 960 suas

2349 988 2727 1045 necessitates
2754 991 2894 1046 nihil
2924 992 3365 1063 accipiunt,nisi
3395 993 3476 1048 ab
3503 993 3584 1047 eis
3613 992 3712 1064 qui
3737 1008 3819 1047 res
3845 1009 3953 1048 suas

2351 1077 2797 1148 vendunt),non
2832 1086 3027 1137 tamen
3052 1082 3398 1152 judicantur
3431 1086 3612 1153 atque
3641 1081 3954 1138 damnantur

2353 1165 2430 1221 ab
2443 1168 2960 1225 excellentioribus
2974 1172 3182 1227 Christi
3203 1171 3516 1238 membris,
3531 1171 3634 1243 qui
3660 1171 3852 1240 majori
3873 1173 3954 1225 vir-

2353 1259 2696 1328 tute,quam
2727 1258 2980 1314 multum
3009 1261 3394 1316 commendat
3426 1260 3762 1331 Apostolus,
3784 1260 3889 1314 suis
3912 1276 3956 1314 se

2353 1345 2635 1401 manibus
2669 1349 2998 1418 transigunt
3027 1351 3178 1419 (Act.
3205 1367 3300 1414 xx,
3329 1350 3418 1421 34)
3442 1350 3560 1404 :sic
3582 1364 3689 1404 nec
3714 1350 3799 1404 isti
3827 1348 3959 1403 dam-

2356 1450 2499 1490 nare
2530 1436 2749 1492 debent
2789 1438 3082 1494 inferioris
3113 1440 3304 1495 meriti
3334 1439 3712 1503 christianos,
3743 1453 3956 1510 quorum

2355 1527 2572 1596 opibus
2605 1528 2618 1562 ¹
2658 1527 3100 1597 transiguntur;
3133 1529 3238 1584 sed
3285 1534 3441 1584 recte
3473 1527 3724 1582 vivendo
3761 1533 3812 1582 et
3839 1533 3959 1581 recte

2356 1615 2630 1672 docendo
2663 1616 2854 1686 magis
2883 1617 2968 1672 eis
2994 1617 3212 1683 dicere,
3243 1618 3308 1674 Si
3345 1634 3452 1673 nos
3488 1617 3642 1673 vobis
3667 1616 3959 1686 spiritualia

2357 1706 2794 1774 seminavimus,
2823 1721 3106 1775 magnum
3129 1714 3212 1762 est
3237 1708 3285 1762 si
3307 1713 3508 1763 vestra
3535 1707 3801 1762 carnalia
3820 1711 3960 1758 meta-

2357 1812 2485 1852 mus
2517 1797 2559 1864 (l
2587 1797 2721 1852 Cor.
2757 1811 2833 1860 ix,
2855 1797 2870 1847 1
2891 1797 2937 1866 1)
2960 1797 2985 1852 ?
3011 1795 3188 1852 Multo
3215 1796 3440 1868 quippe
3463 1795 3680 1851 minori
3706 1794 3961 1865 impuden-

2359 1886 2438 1942 tia
2469 1887 2619 1942 servi
2654 1886 2773 1953 Dei,
2793 1885 2895 1957 qui
2928 1902 3214 1941 manuum
3243 1901 3496 1940 suarum
3527 1884 3783 1940 honestis
3808 1884 3960 1954 operi-

2363 1974 2472 2030 bus
2500 1975 2753 2030 venditis
2775 1974 3003 2040 vivunt,
3036 1975 3328 2032 damnant
3365 1975 3513 2031 istos
3558 1990 3595 2029 a
3618 1972 3823 2045 quibus
3849 1970 3960 2026 nihil

2360 2064 2678 2135 accipiunt,
2711 2081 2894 2135 quam
2924 2065 3014 2120 isti
3044 2065 3144 2136 qui
3177 2073 3420 2137 propter
3451 2063 3713 2136 aliquam
3745 2060 3960 2132 corporis

2361 2153 2764 2209 inﬁrmitatem
2798 2170 2916 2210 non
2949 2153 3214 2210 valentes
3248 2154 3533 2210 manibus
3571 2151 3809 2224 operari,
3833 2150 3961 2204 dam-

2360 2248 2506 2298 nant
2535 2259 2636 2299 eos
2667 2243 2831 2314 ipsos
2859 2244 2933 2300 de
2958 2259 3217 2314 quorum
3252 2243 3634 2300 facultatibus
3662 2243 3862 2296 vivunt.

2434 2336 2519 2387 39.
2543 2334 2661 2400 Ego
2682 2332 2785 2403 qui
2817 2331 2944 2387 haac
2974 2331 3193 2396 scribo,
3220 2331 3648 2402 perfectionem
3677 2331 3746 2384 de
3764 2342 3869 2399 qua
3884 2329 3961 2380 Do-

2363 2421 2562 2476 minus
2597 2420 2831 2476 locutus
2871 2427 2981 2483 est,
3013 2420 3260 2492 quando
3305 2421 3385 2476 ait
3427 2420 3594 2477 diviti
3632 2415 3958 2477 adolescenti,

2373 2511 2548 2573 Vade,
2573 2511 2757 2566 vende
2786 2512 2982 2566 omnia
3006 2526 3136 2581 qua
3167 2510 3360 2575 habes,
3381 2515 3437 2567 et
3464 2510 3545 2565 da
3566 2505 3958 2577 pauperibus,et

2359 2599 2594 2654 habebis
2609 2605 2627 2651 t
2637 2599 2770 2654 hesa
2781 2614 2953 2654 urum
2968 2599 3026 2653 in
3043 2600 3266 2667 casta-et
3280 2599 3417 2655 veni
3421 2612 3670 2669 ,sequere
3680 2590 3958 2664 me(Malt/a.

2360 2705 2471 2752 xxx,
2495 2690 2608 2760 2t),
2638 2688 3014 2744 vehementer
3040 2688 3342 2753 adamavi,
3366 2695 3424 2744 et
3448 2703 3568 2743 non
3594 2686 3732 2740 meis
3758 2683 3956 2742 viribus,

2359 2778 2462 2833 sed
2487 2777 2674 2848 gratia
2699 2779 2866 2848 ipsus
2884 2777 2981 2848 adj
2995 2784 3210 2833 uvaute
3228 2778 3311 2832 sic
3334 2777 3466 2832 feci.
3484 2780 3681 2847 Neque
3697 2769 3960 2841 enimquia

2358 2868 2528 2922 dives
2546 2883 2665 2922 non
2682 2867 2784 2932 fui,
2799 2866 2933 2922 ideo
2950 2867 3148 2922 minus
3162 2867 3305 2922 mihi
3320 2864 3740 2938 imputabitur:
3756 2876 3876 2917 nam
3889 2874 3958 2912 ne-

2358 2972 2476 3028 que
2489 2956 2600 3027 ipsi
2615 2955 3002 3028 Apostoli,qui
3018 2956 3243 3028 priores
3254 2955 3367 3011 hoc
3381 2952 3860 3020 fecerunt,divites
3871 2947 3960 3002 fue-

2358 3051 2515 3102 runt.
2541 3045 2658 3102 Sed
2684 3050 2870 3101 totum
2895 3045 3189 3100 mundum
3210 3045 3455 3100 dimittit
3479 3044 3583 3116 qui
3605 3047 3658 3098 et
3682 3040 3816 3097 illud
3832 3034 3957 3110 quod

2359 3134 2558 3198 habet,
2582 3141 2636 3190 et
2659 3135 2825 3206 quod
2851 3140 3016 3206 optat
3043 3133 3283 3199 habere,
3307 3133 3568 3190 dimittit.
3586 3134 3862 3198 Quantum
3885 3141 3959 3180 au-

2364 3229 2480 3280 tem
2514 3224 2572 3279 in
2603 3223 2714 3279 hac
2738 3223 3115 3294 perfectionis
3148 3223 3238 3278 via
3269 3223 3644 3294 profecerim,
3665 3217 3840 3288 magis
3863 3213 3956 3285 qui-

2363 3313 2502 3370 dem
2539 3314 2678 3369 novi
2710 3329 2843 3383 ego,
2875 3329 3058 3384 quam
3099 3314 3425 3385 quisquam
3465 3312 3620 3368 alius
3657 3312 3855 3371 homo;
3883 3299 3955 3357 sed

2365 3403 2555 3474 magis
2570 3405 2723 3458 Deus
2742 3418 2927 3474 quam
2949 3417 3080 3472 ego.
3101 3405 3165 3458 Et
3186 3405 3263 3457 ad
3285 3403 3398 3457 hoc
3424 3399 3791 3473 propositum
3816 3407 3959 3466 quan-

2367 3493 2437 3548 tis
2467 3507 2714 3562 possum
2738 3490 2963 3546 viribus
2984 3491 3133 3547 alios
3154 3491 3450 3556 exhortor,
3470 3495 3528 3546 et
3554 3491 3612 3545 in
3641 3485 3858 3543 nomine
3884 3483 3958 3535 De

2366 3581 2506 3636 mini
2532 3581 2724 3636 habeo
2748 3586 3072 3644 consortes,
3089 3581 3311 3652 quibus
3333 3581 3445 3637 hoc
3470 3596 3574 3652 per
3591 3591 3779 3634 meum
3803 3570 3959 3629 minis-

2366 3669 2581 3726 terium
2604 3685 2957 3740 persuasum
2981 3674 3104 3729 est.
3133 3670 3212 3724 sic
3237 3677 3433 3726 tamen
3466 3676 3530 3725 ut
3551 3667 3832 3741 praecipue
3849 3671 3960 3713 sana

2364 3758 2637 3815 doctrina
2657 3763 2946 3824 teneatur,
2969 3774 3074 3814 nec
3097 3774 3195 3814 eos
3214 3759 3316 3830 qui
3333 3758 3445 3814 ista
3465 3774 3587 3814 non
3610 3756 3959 3816 taciunt,vana

2365 3847 2748 3904 contumacia
2772 3848 3130 3918 iudicemus,
3156 3848 3418 3904 dicentes
3451 3847 3537 3902 eis
3568 3845 3708 3902 nihil
3729 3838 3959 3915 prodesse

2366 3937 2530 4008 quod
2564 3936 2798 4009 pudice,
2831 3937 3112 4008 quamvis
3153 3936 3545 4008 conjugaliter
3586 3935 3796 3999 vivunt,
3835 3920 3959 3998 quod

2365 4027 2581 4082 domos
2601 4043 2740 4082 suas
2758 4033 2811 4082 et
2831 4026 3086 4082 familias
3108 4027 3424 4083 christiana
3447 4032 3678 4094 regunt,
3696 4017 3839 4093 quod
3859 4027 3959 4084 ορε·

2367 4116 2529 4171 ribus
2549 4115 2967 4172 misericordia:
2990 4117 3102 4172 sibi
3121 4115 3585 4173 thesaurizantin
3599 4118 3893 4186 posterum;
3907 4115 3958 4156 οε

2366 4204 2475 4260 ista
2493 4203 2874 4275 disputando,
2895 4220 3014 4260 non
3040 4205 3479 4276 Scripturarum
3511 4205 3830 4259 sanctarum
3851 4199 3958 4248 trac-

2365 4297 2606 4361 tatores,
2641 4293 2745 4348 sed
2776 4309 2983 4348 earum
3014 4299 3392 4350 accusatores
3419 4292 3799 4348 inveniamur.
3829 4276 3958 4347 Ουο(1

2369 4383 2502 4438 ideo
2531 4383 3330 4455 commemoravi,quoniam
3356 4380 3722 4455 isti,quando
3752 4374 3870 4431 talia
3889 4368 3957 4422 di-

2369 4488 2500 4527 cere
2524 4472 2915 4543 prohibentur
2940 4473 3018 4528 ab
3049 4475 3133 4528 eis
3158 4474 3261 4545 qui
3292 4473 3404 4528 hoc
3435 4469 3668 4527 Domini
3697 4460 3956 4522 consilium

2371 4577 2492 4617 non
2516 4567 2819 4632 ceperunt,
2839 4564 3202 4634 respondent
3223 4578 3324 4618 eos
3354 4562 3494 4619 talia
3527 4554 3798 4631 disputari
3819 4546 3954 4607 nolle.

2370 4650 2652 4721 quoniam
2689 4651 2842 4706 vitiis
2883 4652 3003 4707 suis
3043 4652 3259 4721 favent,
3295 4658 3351 4708 et
3397 4650 3693 4708 dominica
3721 4639 3958 4730 ρΐωοθβίξὶ

2369 4738 2615 4810 implere
2636 4740 2992 4796 detrectant:
3009 4741 3184 4812 quasi
3203 4757 3344 4805 non,
3361 4744 3424 4796 ut
3443 4744 3516 4795 de
3536 4741 3603 4795 iis
3622 4738 3953 4820 taceamrqtllv

2370 4829 2506 4886 licet
2537 4828 2913 4894 infirmiores,
2942 4829 3218 4899 religiose
3247 4835 3444 4885 tamen
3495 4832 3731 4884 utuntur
3766 4813 3952 4875 divitiis,

2370 4918 2546 4974 etiam
2574 4918 2684 4990 ipsi
2711 4919 2910 4990 cupidi
2932 4926 2987 4974 et
3008 4921 3169 4974 avari
3200 4920 3353 4975 male
3380 4919 3472 4975 his
3500 4907 3956 4976 utentes,etinter-

2370 5022 2514 5063 reno
2544 5007 2820 5063 thesauro
2853 5023 2954 5062 cor
3002 5008 3225 5062 luteum
3266 5007 3534 5078 ﬁgentes,
3567 5005 3701 5078 quia
3737 5006 3784 5053 et
3827 4995 3952 5064 ipsos

2370 5111 2610 5150 necesse
2643 5102 2732 5151 est
2768 5112 2960 5169 usque
2992 5097 3070 5152 ad
3110 5097 3293 5152 ﬁnem
3324 5102 3516 5167 portet
3556 5088 3808 5153 Ecclesia,
3838 5078 3955 5134 sicut

2369 5184 2468 5239 illa
2489 5185 2632 5239 retia
2657 5201 2844 5256 usque
2867 5187 2940 5241 ad
2965 5186 3124 5241 littus
3143 5186 3333 5257 pisces
3355 5187 3541 5241 malos
3566 5182 3754 5256 (Idem,
3770 5189 3863 5237 ιιιιι,

2369 5274 2481 5344 48),
2515 5255 2941 5330 tolerabiliores
2987 5275 3043 5328 in
3095 5255 3165 5330 ea
3205 5274 3319 5329 sint
3368 5290 3549 5345 quam
3596 5269 3699 5333 isti,
3729 5261 3819 5337 qui
3848 5255 3951 5314 talia

2371 5364 2830 5418 sermocinando
2867 5370 2922 5418 et
2957 5363 3430 5429 disseininando,
3475 5365 3551 5418 ita
3580 5376 3639 5417 se
3667 5351 3822 5411 videri
3852 5359 3949 5401 m8-

2371 5467 2522 5521 gnos
2553 5453 2778 5518 volunt,
2810 5454 2953 5526 quia
2988 5453 3222 5508 divitias
3259 5469 3398 5509 suas
3429 5453 3517 5508 vel
3554 5443 3948 5523 quantulacum-

2432 5561 2444 5591 ¹
2476 5559 2920 5624 ,Edd-2_Operibus,
2957 5560 3109 5624 cujus
3141 5561 3255 5612 loco
3281 5575 3422 5610 unus
3455 5575 3480 5610 e
3511 5557 3664 5608 Vatis.
3698 5552 3800 5601 Mss.
3829 5541 3942 5593 subs-

2369 5622 2515 5670 tituit
2546 5622 2745 5687 opibus.
