4098 6166
172 152 327 213 ⁷693

196 286 336 352 quo
365 283 738 355 patrimonia
765 300 839 342 ex
876 291 1179 360 praecepto
1212 289 1449 347 Domini
1484 287 1901 353 vendiderunt,

199 372 269 423 ut.
296 369 456 443 ejus
479 373 911 439 hareditatem,
941 392 1073 448 quae
1107 392 1305 450 usque
1334 379 1414 436 ad
1438 379 1589 436 ﬁnes
1623 382 1789 435 terres
1818 375 1906 432 di-

196 456 459 518 latatur
498 467 678 536 atque
725 463 1079 521 diﬂ‘unditur
1120 466 1235 523 hac
1279 468 1551 525 doctrina
1583 484 1703 523 non
1753 480 1904 522 sana

192 550 582 619 perturbare
612 557 793 625 atque
818 559 1077 611 evertere
1106 555 1458 616 moliantur.

272 638 530 697 CAPUT
556 643 701 696 V.—
721 646 809 699 40.
831 642 997 700 Unde
1022 644 1165 716 quia
1196 659 1269 701 ex
1308 645 1421 703 hac
1452 645 1699 719 quidem
1730 658 1903 701 occa-

189 726 418 795 sione,
437 730 542 786 sed
570 737 766 788 tamen
786 732 914 803 jam
930 732 1186 790 breviter
1210 734 1334 791 dixi
1356 736 1500 808 quid
1516 735 1696 793 etiam
1707 734 1781 790 de
1798 735 1899 789 Ec-

188 813 405 875 clesia
440 819 645 876 Christi
667 820 729 876 in
754 820 869 877 hoc
892 821 1112 879 saeculo
1135 824 1416 891 sentiam,
1435 824 1495 880 id
1512 822 1779 896 est,quia
1801 838 1897 878 us-

1504 153 2014 221 EPISTOLARUH
2052 153 2342 214 CLASSIS
2370 158 2474 216 ill.

3558 161 3664 219 694

2085 283 2352 353 Ενοῡιυε,
2388 288 2444 342 et
2471 284 2680 344 fratres
2704 285 2808 359 qui
2837 299 3076 342 mecum
3110 288 3269 357 sunt,
3311 285 3370 343 in
3407 288 3663 345 Domino

2080 371 2336 429 salutem
2351 418 2364 431 .

2080 462 2106 516 1
2119 503 2131 516 .
2150 461 2399 520 Debitum
2411 466 2597 535 flagito
2609 465 2850 536 epistolae
2874 481 3031 537 quam
3046 464 3209 534 misi;
3226 470 3277 520 et
3310 466 3462 521 volui
3482 468 3660 537 primo

2008 549 2155 606 illud
2178 551 2378 607 discere
2406 553 2543 623 quod
2568 555 2921 625 interrogavi,
2958 560 3011 607 et
3035 561 3215 624 postea
3244 555 3337 608 hoc
3357 558 3657 625 requirere.

2003 639 2157 695 Audi
2172 642 2451 713 rem,quia
2468 642 2743 713 dignaris,
2764 660 2879 714 quae
2915 659 2992 697 me
3017 644 3145 714 fecit
3178 644 3567 715 impatientem,
3599 653 3657 701 ut

2002 734 2051 782 et
2072 727 2450 799 idfestinarem
2478 747 2645 796 nosse,
2671 732 2720 786 si
2740 732 2867 802 ﬁeri
2890 737 3081 802 potest,
3110 734 3167 785 in
3191 732 3286 785 hac
3312 734 3445 787 vita.
3468 733 3657 799 Quem-

1999 816 2123 873 dam
2151 835 2380 889 puerum
2407 819 2574 875 habui
2600 820 2911 892 presbyteri
2960 822 3193 875 Armeni
3230 821 3556 877 Melonitani
3583 824 3651 893 [i-

186 916 326 977 que
361 906 454 963 ad
482 906 666 964 ﬁnem
688 910 869 981 hujus
895 910 1094 967 smculi
1118 927 1361 969 necesse
1380 919 1466 969 est
1489 917 1679 985 portet
1699 911 1894 968 bonos
2000 904 2140 962 lium
2175 909 2449 965 notarium
2475 930 2494 966 .-
2526 909 2667 965 hunc
2694 912 2811 981 iam
2858 909 3052 965 saeculo
3083 927 3134 963 se
3162 918 3498 981 mergentem,
3526 929 3652 968 nam

185 998 249 1050 et
283 995 528 1059 malos,
547 998 839 1069 quoniam
860 1002 920 1055 et
945 998 1058 1056 hoc
1080 1000 1234 1056 inter
1260 1005 1394 1058 tuas
1414 1002 1780 1074 qumstiones
1803 1000 1893 1055 in-

187 1085 559 1155 terrogasti,
575 1086 871 1158 prolixam
883 1088 1195 1160 epistolam
1215 1089 1343 1161 jam
1361 1091 1605 1147 tandem
1622 1090 1892 1162 aliquan-

181 1169 277 1227 do
312 1174 716 1234 concludam.
751 1176 1118 1234 Jurationem
1171 1194 1314 1235 cave
1352 1185 1649 1252 quantum
1686 1185 1880 1251 potes.

183 1260 419 1318 Melius
429 1264 660 1337 quippe
674 1280 781 1322 nec
800 1281 1005 1323 verum
1022 1267 1283 1338 juratur,
1296 1284 1480 1342 quam
1491 1268 1733 1340 jurandi
1751 1283 1891 1325 con-

1995 994 2307 1052 scholastico
2329 998 2663 1068 proconsulis
2680 998 2997 1071 emcipiebat,
3022 1015 3119 1069 per
3144 1015 3317 1053 meam
3336 1001 3482 1055 eruit
3507 1001 3652 1055 Deus

1996 1082 2380 1141 humilitatem.
2400 1086 2529 1142 Fuit
2543 1088 2783 1159 quidem,
2806 1094 2865 1142 ut
2880 1087 3113 1158 puerilis
3133 1094 3265 1142 aetas
3282 1087 3452 1154 habet,
3467 1105 3653 1159 prom-

1986 1179 2135 1242 plus,
2161 1173 2562 1245 aliquantulum
2598 1176 2890 1247 inquietus,
2931 1184 2980 1231 et
3008 1176 3285 1231 accedente
3314 1180 3473 1231 aetate
3500 1178 3651 1247 (nam

1990 1262 2242 1333 vigesimo
2285 1268 2335 1318 et
2382 1264 2608 1320 secundo
2637 1282 2778 1321 anno
2807 1264 3082 1331 solvitur),
3127 1266 3209 1319 ita
3249 1282 3365 1320 eum
3404 1267 3652 1336 gravitas

182 1351 630 1419 suetudine,et
652 1354 713 1410 in
747 1356 1075 1427 perjurium
1108 1372 1269 1430 saepe
1295 1358 1625 1427 auditur,“
1650 1372 1891 1429 semper
1990 1367 2219 1417 morum,
2247 1358 2297 1407 et
2343 1361 2515 1408 custos
2563 1354 2697 1409 bona
2726 1355 2839 1409 vita
2868 1354 3105 1422 ornavit,
3154 1361 3215 1409 ut
3252 1354 3387 1408 satis
3427 1353 3646 1411 delectet

184 1439 483 1510 periurio
529 1444 988 1516 propinquatur.
1024 1445 1143 1502 Sed
1173 1446 1274 1512 illi,
1307 1454 1601 1518 quantum
1643 1446 1880 1519 aliquos
1988 1440 2103 1510 ejus
2133 1440 2329 1497 habere
2350 1444 2684 1498 memoriam.
2719 1443 2862 1497 Erat
2894 1450 3071 1498 autem
3101 1451 3356 1498 strenuus
3394 1443 3453 1497 in
3480 1444 3643 1510 notis,

164 1541 422 1585 reorum
448 1531 839 1604 audivi,quid
851 1534 923 1587 sit
938 1534 1109 1605 jurar
1126 1550 1157 1590 e
1183 1550 1428 1606 prorsus
1454 1535 1885 1607 ignorantzpu-

1988 1533 2037 1583 et
2076 1530 2135 1584 in
2162 1531 2439 1586 scribendo
2469 1532 2593 1587 bene
2637 1532 2957 1598 laboriosus,
2989 1532 3259 1588 studiosus
3304 1549 3502 1604 quoque
3533 1549 3645 1589 esse

181 1618 520 1675 “Etenim
544 1636 605 1676 se
627 1636 746 1677 non
765 1622 986 1693 jurare,
1002 1623 1259 1695 quando
1278 1624 1338 1680 in
1364 1639 1466 1680 ore
1494 1624 1738 1691 habent,
1762 1624 1884 1681 Scit
1985 1626 2213 1690 σωγαναι
2230 1619 2491 1684 lectionis,
2518 1621 2699 1692 utipse
2720 1639 2887 1678 meam
2914 1621 3235 1677 tarditatem
3258 1638 3419 1677 causa
3437 1621 3643 1693 legendi

178 1704 343 1761 Deus
368 1708 447 1780 (ll
486 1708 615 1765 Cor.
641 1727 740 1775 xu,
774 1711 859 1781 2);
889 1716 967 1779 et,
1000 1712 1181 1768 Testis
1206 1720 1278 1768 est
1306 1714 1442 1768 Deus
1469 1713 1645 1785 (Rom.
1675 1731 1713 1778 ι,
1744 1714 1798 1779 9,
1830 1723 1883 1771 et

1987 1709 2266 1764 nocturnis
2294 1709 2447 1765 horis
2474 1712 2867 1768 exhortaretur
2896 1728 2914 1776 ;
2945 1728 3071 1766 nam
3094 1711 3377 1781 aliquanto
3407 1717 3638 1781 tempore

176 1793 452 1868 Philipp.
488 1803 536 1862 l,
562 1800 652 1869 8);
683 1806 757 1866 et,
794 1800 1000 1857 Testem
1034 1803 1206 1857 Deum
1238 1801 1421 1858 invoco
1447 1817 1610 1875 super
1635 1802 1878 1858 animam
1983 1800 2156 1853 noctis
2182 1798 2325 1853 mihi
2348 1800 2460 1870 ipse
2478 1800 2696 1870 legebat,
2725 1818 2844 1856 cum
2865 1800 3048 1855 omnia
3067 1800 3351 1859 siluissent
3380 1820 3399 1856 :
3425 1816 3523 1854 nec
3553 1815 3639 1855 vo-

178 1900 373 1941 mam
406 1886 475 1958 (ll
497 1886 623 1945 Cor.
663 1893 710 1954 l,
739 1890 1027 1963 23);quia
1056 1906 1177 1947 non
1209 1890 1446 1957 dicitur,
1472 1893 1578 1948 Per
1607 1893 1794 1956 Deum,
1820 1897 1877 1951 et
1983 1886 2118 1942 lebat
2126 1889 2419 1959 prmterire
2448 1890 2751 1955 lectionem,
2772 1890 2881 1945 nisi
2912 1889 3281 1954 intellexisset,
3314 1895 3362 1943 et
3394 1891 3555 1944 tertio
3587 1897 3636 1945 et

174 1973 339 2045 quia
378 1974 523 2032 talia
543 1977 918 2048 reperiuntur
946 1978 1007 2035 in
1030 1979 1307 2051 apostolo
1336 1980 1538 2037 Paulo.
1557 1980 1668 2038 Sed
1693 1981 1871 2037 etiam
1977 1982 2171 2047 quarto
2196 1976 2547 2047 repetebat,et
2571 1994 2661 2033 nec
2678 1978 3003 2043 dimittebat,
3024 1977 3260 2032 nisisibi
3288 1980 3632 2048 apparuisset

177 2060 290 2118 illa
302 2061 397 2119 ibi
412 2067 996 2124 contracosinventa
1015 2073 1105 2125 est
1126 2084 1313 2140 quam
1331 2071 1343 2103 ¹
1362 2069 1726 2125 conﬁtentur
1739 2084 1870 2125 esse
1974 2065 2118 2135 quod
2140 2066 2432 2137 qwrebat.
2459 2067 2737 2137 Cmperam
2761 2084 2879 2122 eum
2898 2084 3001 2122 non
3032 2066 3190 2138 quasi
3217 2083 3445 2137 puerum
3463 2074 3513 2121 et
3536 2082 3632 2120 no-

169 2149 586 2220 jurationem,
613 2153 711 2211 ubi
729 2154 813 2212 ait
842 2156 1160 2227 Apostolus
1187 2174 1199 2212 :
1230 2158 1481 2224 Quotidie
1512 2158 1743 2223 morior,
1772 2174 1871 2228 per
1974 2154 2405 2220 tariumhabere,
2436 2156 2528 2210 sed
2555 2157 2787 2211 amicum
2807 2156 3086 2229 quemdam
3100 2155 3234 2211 satis
3264 2156 3629 2211 necessarium

174 2246 439 2297 vestram
465 2241 721 2313 gloriam,
744 2244 977 2313 fratres,
1009 2263 1168 2317 quam
1199 2246 1365 2303 habeo
1406 2249 1467 2301 in
1498 2246 1713 2303 Christo
1738 2245 1867 2303 Jesu

172 2328 430 2385 Domino
458 2339 641 2387 nostro
661 2334 703 2403 (Ι
734 2333 861 2389 Cor.
888 2350 985 2399 xv,
1006 2334 1121 2406 3t).
1139 2339 1202 2391 ln
1229 2336 1436 2405 graecis
1469 2335 1628 2391 enim
1647 2334 1865 2391 codici-

175 2416 300 2473 bus
316 2420 621 2491 reperitur
631 2421 883 2478 omnino
905 2438 1032 2478 esse
1048 2423 1205 2480 hanc
1220 2424 1241 2493 j
1254 2424 1585 2480 arationem
1602 2440 1615 2479 :
1633 2439 1705 2479 ne
1726 2424 1861 2496 quis

176 2507 240 2563 in
270 2506 478 2564 latina
510 2508 718 2580 lingua
750 2511 863 2567 hoc
893 2511 979 2567 sic
1009 2513 1297 2586 intelligat
1338 2513 1585 2583 dictum,
1619 2530 1721 2585 per
1750 2530 1861 2569 ves-

176 2598 337 2652 tram
361 2597 946 2671 gloriam,quomodo
970 2601 1193 2657 dictum
1216 2607 1322 2671 est,
1343 2619 1444 2673 per
1468 2618 1637 2658 meum
1669 2602 1863 2657 adven-

171 2691 291 2741 tum
322 2686 533 2743 iterum
556 2687 629 2743 ad
654 2705 776 2757 vos;
807 2694 864 2745 et
892 2690 1082 2746 multa
1112 2690 1351 2758 similia,
1376 2691 1479 2747 ubi
1508 2691 1863 2762 dicitur,per

172 2773 439 2847 aliquid,
461 2780 516 2832 et
542 2793 663 2833 non
695 2784 783 2833 est
801 2778 1042 2848 juratio.
1062 2780 1175 2836 Sed
1198 2795 1321 2836 non
1338 2779 1474 2836 ideo
1497 2780 1643 2853 quia
1663 2781 1722 2835 in
1738 2782 1862 2836 suis

170 2863 419 2919 Litteris
450 2864 675 2936 juravit
713 2867 1050 2938 Apostolus,
1096 2868 1181 2923 vir
1210 2868 1271 2925 in
1300 2869 1548 2926 veritate
1582 2869 1861 2925 ﬁrmissi-

170 2967 340 3022 mus,
369 2953 552 3010 ludus
586 2954 763 3011 nobis
801 2956 978 3013 debet
1007 2974 1142 3013 esse
1169 2958 1415 3029 juratio.
1464 2959 1642 3015 Multo
1691 2959 1856 3015 enim

175 3045 397 3108 tutius,
429 3046 491 3098 ut
517 3042 658 3111 dixi,
678 3044 994 3117 quandum
1027 3046 1106 3102 ad
1138 3062 1248 3102 nos
1279 3048 1507 3113 attinet,
1536 3063 1855 3120 nunquam

166 3128 485 3200 juramus,
519 3137 584 3188 ut
621 3133 697 3188 sit
724 3132 787 3189 iu
825 3150 927 3190 ore
973 3140 1204 3202 nostro,
1246 3136 1371 3203 Est,
1411 3143 1524 3203 est;
1556 3153 1683 3203 non,
1725 3153 1851 3202 non,

167 3219 333 3276 sicut
360 3220 653 3278 Dominus
683 3229 886 3280 monet
916 3224 1136 3296 (Matth.
1168 3241 1225 3290 v,
1256 3226 1369 3295 37).
1400 3228 1525 3282 Non
1551 3226 1695 3298 quia
1720 3241 1853 3297 pec-

170 3312 385 3365 catum
416 3316 522 3372 est,
568 3326 777 3367 verum
804 3312 1009 3383 jurare
1045 3331 1059 3367 :
1094 3315 1200 3370 sed
1237 3314 1382 3386 quia
1418 3315 1848 3384 gravissimum

170 3404 498 3468 peccatum
530 3406 621 3455 est
649 3399 866 3456 falsum
892 3401 1134 3473 jurare;
1182 3418 1304 3476 quo
1335 3404 1506 3460 citius
1544 3403 1705 3460 cadit
1742 3403 1845 3477 qui

167 3486 497 3544 consuevit
519 3487 744 3558 jurare.

240 3576 339 3632 41.
356 3575 825 3649 Accepistiquod
844 3578 987 3635 mihi
1009 3579 1244 3636 videtur
1262 3597 1273 3635 :
1303 3581 1520 3637 melius
1536 3586 1842 3655 exponant

172 3663 283 3721 ista
296 3662 607 3732 meliores;
630 3682 750 3722 non
772 3666 867 3722 isti
888 3684 1149 3740 quorum
1172 3670 1311 3725 novi
1328 3669 1455 3741 jam
1484 3671 1838 3728 sententiam

174 3753 652 3824 reprobandam,
680 3755 787 3811 sed
814 3755 915 3811 alii
937 3757 1040 3829 qui
1068 3758 1350 3814 veraciter
1379 3764 1653 3832 possunt.
1685 3760 1835 3816 Nam

170 3846 232 3896 et
278 3854 396 3911 ego
437 3843 701 3915 paratior
730 3860 865 3900 sum
897 3845 1095 3902 dicere
1134 3862 1321 3919 quam
1360 3846 1573 3903 docere
1610 3867 1623 3913 ;
1679 3852 1736 3903 et
1777 3852 1838 3904 tu

172 3945 470 4001 magnum
489 3930 762 3987 conteres
775 3932 1157 3999 beneﬁcium,
1177 3934 1223 3989 si
1244 3950 1316 3991 ea
1328 3951 1466 4007 qua:
1489 3934 1605 3991 illic
1619 3951 1655 3993 a
1666 3950 1837 3991 sanc-

176 4019 246 4073 tis
260 4018 550 4076 fratribus
566 4020 858 4077 adversus
874 4022 1126 4079 istorum
1155 4023 1504 4096 vaniloquia
1530 4024 1836 4080 disserun-

173 4110 287 4175 tur,
322 4123 445 4164 non
472 4124 568 4164 me
596 4108 782 4166 facias
838 4111 1134 4183 ignorare.
1169 4112 1234 4169 In
1287 4113 1540 4169 Domino
1591 4118 1748 4170 recte
1779 4117 1835 4170 et

175 4195 429 4253 ﬁdeliter
459 4197 644 4264 vivas,
674 4197 1061 4256 dilectissime
1088 4200 1190 4257 ﬁli.

622 4303 956 4362 EPISTOLA
996 4306 1209 4362 CLVIII
1238 4309 1258 4329 θ
1290 4307 1384 4379 (a).

174 4404 416 4464 Evodius
433 4407 715 4465 Usalensis
735 4410 1009 4482 episcopus
1023 4411 1322 4468 laudabiles
1346 4427 1519 4469 mores
1543 4429 1605 4468 ac
1624 4412 1832 4484 felicem

244 4497 590 4553 adolescentis
619 4498 898 4570 cujusdam
923 4499 1129 4556 obitum
1155 4508 1489 4573 prosecutus,
1528 4503 1745 4573 ejusque
1782 4508 1832 4558 et

245 4587 485 4643 aliorum
504 4587 884 4658 defunctorum
903 4591 1159 4646 narratis
1169 4591 1625 4663 apparitionibus,
1651 4593 1832 4663 inqui-

245 4678 323 4731 rit
345 4682 532 4732 utrum
546 4679 735 4732 anima
753 4693 852 4749 per
882 4686 1111 4736 mortem
1138 4680 1313 4735 soluta
1342 4696 1446 4736 non
1476 4682 1625 4735 omni
1646 4688 1830 4736 careat

244 4781 483 4836 corpore,
507 4782 611 4837 quo
647 4766 821 4837 possit
847 4768 995 4838 ferri
1018 4768 1081 4824 de
1112 4767 1220 4824 loco
1242 4771 1298 4824 in
1334 4769 1522 4825 locum.
1561 4769 1692 4824 Tum
1715 4770 1831 4825 edo-

248 4854 361 4909 ceri
397 4855 547 4925 cupit
584 4872 691 4926 qua
732 4857 893 4912 varia
920 4857 1131 4913 ratione
1178 4858 1241 4913 de
1272 4857 1380 4913 Deo
1428 4866 1475 4914 et
1528 4858 1829 4914 hominibus

246 4941 457 4999 dicitur
477 4945 769 5016 sapientia.

178 5045 429 5107 Domino
453 5052 985 5127 venerabiliterque
1005 5053 1397 5112 dilectissimo
1410 5054 1579 5111 fratri
1609 5058 1668 5112 et
1688 5070 1827 5112 con-

244 5140 535 5197 sacerdoti
568 5148 901 5209 Aucusrmo,
925 5148 980 5200 et
998 5142 1283 5201 fratribus
1307 5146 1413 5219 qui
1442 5149 1639 5203 tecum
1665 5150 1825 5211 sunt,

231 5320 243 5350 ¹
270 5316 421 5386 Lov_._
436 5321 489 5369 et
504 5318 744 5386 plerique
774 5321 920 5379 Mss,
952 5337 1058 5372 non
1084 5325 1407 5386 conﬁtentur.
1428 5326 1509 5374 At.
1544 5323 1670 5374 Bad.
1703 5326 1824 5376 Am.

178 5378 257 5449 Er.
292 5386 351 5449 et
373 5378 726 5449 Ms.__Cistei:c.
756 5378 1041 5449 negatione
1068 5378 1269 5437 carent.

230 5445 249 5462 '
276 5443 1000 5514 Ad_codicem_Va_ticafnum,
1032 5450 1085 5498 in
1116 5464 1223 5514 quo
1266 5449 1381 5500 solo
1416 5450 1511 5499 Ms.
1543 5449 1826 5512 reperitur,

175 5506 446 5569 recognita
470 5511 567 5563 est.
605 5511 658 5558 et
690 5509 757 5559 ad
790 5512 919 5561 Lov.

231 5569 301 5631 la)
320 5569 464 5643 alias
487 5570 582 5643 25-8_
604 5584 615 5643 ε
645 5585 766 5635 qua:
796 5577 976 5624 autem
1008 5574 1098 5623 158
1133 5576 1264 5630 erat,
1294 5587 1439 5625 nunc
1470 5574 1584 5623 139.
1618 5572 1827 5637 Scripta

177 5641 262 5679 an.
298 5634 507 5684 circiter
529 5634 642 5685 tu.

1972 2249 2021 2296 et
2038 2260 2270 2299 suavem.
2304 2243 2649 2300 Delectabant
2673 2245 2817 2300 enim
2844 2262 2923 2301 me
2958 2245 3168 2317 fabula
3200 2245 3390 2316 ipsius.

2041 2337 2094 2387 2.
2125 2332 2361 2404 Optabat
2382 2350 2581 2405 quoque
2603 2334 2740 2405 quod
2771 2335 2821 2389 ei
2853 2335 3167 2405 praestitum
3191 2340 3288 2402 est,
3324 2333 3544 2388 dissolvi
3574 2340 3622 2387 et

1968 2437 2076 2477 esse
2112 2438 2232 2477 cum
2264 2422 2485 2477 Christo
2511 2423 2772 2495 (Philipp.
2813 2439 2853 2488 ι,
2880 2424 2991 2495 23).
3022 2422 3166 2480 Nam
3194 2423 3478 2495 zegrotavit
3502 2439 3622 2477 sea:-

1968 2509 2138 2566 decim
2159 2510 2348 2567 diebus
2364 2514 2509 2582 apud
2518 2518 2766 2582 parentes
2779 2528 2919 2577 suos,
2943 2519 2992 2567 et
3017 2514 3287 2567 memoria
3314 2512 3370 2567 vi
3387 2512 3454 2567 de
3469 2511 3623 2567 Scri-

1968 2602 2149 2670 pturis
2175 2617 2304 2671 pene
2321 2608 2433 2656 tota
2447 2600 2781 2672 aegritudine
2804 2601 3143 2673 loquebatur.
3163 2600 3266 2656 Sed
3290 2607 3349 2656 ut
3371 2601 3440 2655 ad
3460 2601 3619 2672 ﬁnem

1968 2696 2096 2745 vitae
2124 2690 2413 2760 promimus
2440 2707 2547 2745 esse
2571 2692 2749 2761 cwpit,
2779 2690 3041 2762 psallebat
3070 2690 3418 2746 audientibus
3447 2691 3623 2745 omni-

1968 2777 2082 2843 bus,
2107 2796 2135 2829 α
2161 2779 2445 2835 Desiderat
2475 2786 2524 2834 et
2550 2787 2808 2850 properat
2837 2781 3026 2834 anima
3044 2797 3159 2834 mea
3183 2778 3252 2833 ad
3281 2779 3435 2834 atria
3464 2780 3571 2834 Dei
3593 2801 3617 2831 υ

1964 2864 2137 2938 (Psal.
2188 2883 2420 2932 Lxxxui,
2463 2867 2518 2938 3)
2561 2884 2574 2933 ;
2636 2875 2685 2923 et
2736 2875 2859 2938 post
2907 2868 3019 2923 haec
3080 2867 3287 2923 iterum
3328 2868 3618 2939 psallebat,

1968 2975 1997 3008 α
2017 2955 2394 3026 Impinguasti
2424 2956 2480 3011 in
2512 2956 2625 3013 oleo
2645 2964 2805 3028 caput
2839 2973 3051 3026 meum;
3099 2964 3149 3011 et
3182 2958 3437 3026 poculum
3468 2965 3621 3013 tuum

1964 3044 2246 3099 inebrians
2269 3061 2427 3115 quam
2461 3044 2793 3116 praeclarum
2832 3051 2909 3100 est
2940 3045 3111 3117 (Psal.
3151 3061 3295 3111 xxii,
3326 3049 3380 3116 5)
3415 3046 3428 3101 l
3468 3067 3488 3094 ι
3524 3047 3621 3101 Ibi

1959 3134 2073 3203 [uit
2101 3139 2385 3206 occupatus
2409 3156 2433 3204 ,-
2465 3134 2567 3190 hac
2593 3151 2646 3189 se
2675 3134 2967 3191 oblectabat
2995 3134 3374 3189 consolatione.
3409 3134 3617 3189 Deinde

1959 3239 2084 3278 cum
2128 3222 2272 3278 solvi
2299 3223 2556 3295 coepisset,
2594 3224 2810 3296 signare
2851 3240 2903 3278 se
2933 3223 3087 3294 erepit
3121 3224 3182 3277 in
3217 3223 3418 3293 fronte,
3450 3224 3530 3277 ita
3556 3231 3615 3279 ut

1956 3328 2034 3368 sic
2060 3311 2394 3368 descenderet
2415 3330 2605 3369 manus
2641 3313 2713 3369 ad
2738 3330 2792 3369 os
2816 3313 2955 3385 quod
2977 3312 3341 3383 sibicupiebat
3372 3313 3609 3383 signare,

1955 3418 2076 3457 cum
2102 3402 2222 3472 jam
2267 3402 2509 3457 interior
2538 3402 2708 3468 homo,
2740 3409 2790 3458 et
2825 3402 2952 3458 bene
2993 3408 3284 3457 renovatus
3313 3401 3376 3455 de
3405 3400 3495 3456 die
3548 3402 3609 3456 in

1953 3489 2112 3552 diem,
2132 3491 2347 3547 domum
2387 3491 2584 3547 luteam
2607 3491 2915 3549 dimisisset.
2939 3492 3087 3547 Mihi
3114 3497 3323 3546 tantum
3348 3490 3608 3562 gaudium

1948 3580 2205 3646 accrevit,
2246 3588 2308 3636 ut
2338 3580 2583 3636 arbitrer
2607 3581 2745 3653 quod
2781 3581 3003 3637 dimisso
3047 3580 3274 3652 proprio
3298 3596 3519 3651 corpore
3547 3581 3607 3635 in

1951 3686 2125 3724 meum
2140 3670 2384 3725 animum
2410 3670 2680 3741 ingressus
2704 3672 2799 3735 sit,
2828 3677 2877 3725 et
2891 3670 2969 3725 ibi
2995 3669 3133 3725 mihi
3154 3670 3439 3740 quamdam
3471 3669 3604 3725 luci-

1948 3758 2174 3813 ditatem
2187 3759 2493 3829 praesentiae
2509 3774 2619 3814 suae
2646 3765 2885 3829 praestet,
2905 3758 3033 3830 quia
3047 3757 3370 3813 liberatione
3388 3765 3439 3813 et
3462 3775 3605 3813 secu-

1948 3845 2119 3900 ritate
2148 3845 2305 3901 illius
2334 3845 2497 3900 nimis
2524 3845 2760 3917 gaudeo;
2787 3845 2921 3901 dicit
2955 3862 3059 3899 non
3084 3850 3271 3915 potest.
3298 3846 3424 3901 Non
3452 3845 3602 3900 enim

1948 3933 2110 3989 levem
2125 3935 2176 3989 ei
2195 3933 2413 3989 exhibui
2435 3934 2878 4003 sollicitudinem,
2906 3935 3098 3990 timens
3123 3933 3280 3989 wtati
3304 3932 3604 3990 adolescen-

1944 4024 2037 4078 tis.
2065 4023 2211 4081 Nam
2239 4023 2430 4079 curavi
2446 4040 2513 4079 ea:
2544 4041 2603 4080 eo
2622 4041 2885 4097 quwrere,
2908 4039 2976 4080 ne
3001 4024 3151 4095 forte
3170 4023 3398 4093 feminae
3422 4028 3604 4078 conta-

1942 4113 2098 4184 gione
2121 4112 2311 4185 fuisset
2339 4112 2578 4185 pollutus
2599 4132 2618 4170 :
2648 4113 2877 4170 liberum
2908 4130 2959 4169 se
2984 4130 3091 4169 esse
3119 4117 3343 4170 testatus
3366 4116 3465 4179 est,
3484 4130 3602 4169 ma-

1942 4202 2027 4273 gis
2056 4210 2116 4258 ut
2144 4210 2387 4259 nostrum
2407 4203 2667 4275 gaudium
2686 4203 3079 4259 cumularetur.
3109 4203 3325 4259 Solutus
3347 4210 3425 4259 est
3451 4220 3599 4274 ergo.

1942 4293 2237 4364 Exsequias
2251 4293 2587 4364 praebuimus
2609 4294 2743 4349 satis
2769 4293 3127 4358 honorabiles,
3142 4301 3190 4348 et
3220 4292 3411 4365 dignas
3428 4300 3599 4349 tantae

1942 4381 2143 4437 animae
2172 4398 2197 4447 ,'
2224 4399 2338 4438 eam
2367 4399 2465 4453 per
2497 4382 2742 4439 triduum
2768 4384 2979 4455 hymnis
3007 4383 3296 4437 Dominum
3312 4381 3594 4436 collauda-

1940 4471 2118 4527 vimus
2145 4487 2306 4542 super
2324 4470 2635 4541 sepulcrum
2668 4472 2863 4542 ipsius,
2903 4478 2951 4526 et
2990 4470 3377 4541 redemptionis
3400 4470 3595 4525 Sacra-

1940 4566 2117 4614 menta
2148 4559 2314 4615 tertio
2345 4558 2433 4614 die
2462 4559 2772 4614 obtulimus.

2012 4652 2062 4704 3.
2094 4648 2202 4703 Sed
2226 4664 2340 4703 ecce
2369 4655 2484 4718 post
2505 4647 2725 4703 biduum
2755 4646 2999 4719 quedam
3040 4648 3209 4703 vidua
3238 4648 3456 4704 honesta
3489 4649 3593 4704 Ur-

1940 4737 2063 4792 bica
2087 4735 2148 4791 de
2168 4736 2518 4808 Figentibus,
2547 4754 2670 4809 quae
2695 4736 2973 4792 duodecim
2998 4753 3050 4791 se
3069 4753 3237 4792 annos
3262 4737 3487 4792 viduam
3503 4738 3595 4793 di-

1937 4825 2104 4894 cebat,
2130 4826 2337 4881 ancilla
2361 4826 2485 4892 Dei,
2514 4827 2780 4882 somnium
2805 4826 2943 4882 vidit
2966 4826 3089 4882 tale.
3130 4826 3291 4884 Videt
3318 4828 3593 4899 quemdam

1935 4914 2223 4970 diaconum
2252 4921 2376 4970 ante
2396 4916 2819 4986 quadriennium
2831 4931 3057 4987 corpore
3080 4923 3322 4983 exutum,
3348 4933 3467 4972 cum
3482 4932 3595 4970 ser-

1937 5005 2017 5060 vis
2045 5010 2094 5060 et
2123 5005 2340 5060 ancillis
2374 5005 2480 5061 Dei
2502 5006 2809 5078 virginibus
2831 5014 2879 5062 et
2906 5005 3084 5062 viduis
3089 5006 3363 5077 palatium
3376 5021 3595 5077 praepa-

1939 5110 2083 5149 rare.
2099 5094 2417 5153 Ornabatur
2433 5102 2634 5163 autem,
2658 5102 2717 5152 ut
2734 5095 2963 5151 claritas
2980 5096 3083 5151 loci
3103 5096 3359 5166 fulsisset,
3380 5102 3429 5149 et
3445 5093 3595 5149 locus

1936 5183 2108 5240 omnis
2127 5192 2413 5255 argenteus
2429 5192 2742 5256 putaretur.
2764 5184 2898 5241 Cum
2920 5183 3019 5239 illa
3042 5183 3336 5239 studiosius
3361 5184 3597 5240 interro-

1934 5280 2104 5345 gasset
2128 5275 2344 5329 cuinam
2369 5274 2461 5328 hoc
2485 5280 2913 5345 praeparantur
2934 5290 2950 5339 ;
2975 5272 3259 5343 respondit
3291 5272 3385 5327 ille
3414 5272 3597 5328 diaco-

1937 5378 2057 5427 nus,
2079 5378 2253 5433 puero
2277 5362 2373 5433 qui
2399 5362 2640 5418 hesterno
2659 5367 2999 5433 consumptus
3022 5367 3119 5427 est,
3142 5362 3262 5432 ﬁlio
3280 5361 3596 5433 presbyteri

1935 5452 2272 5523 praeparari.
2295 5452 2371 5506 Et
2392 5452 2449 5506 in
2475 5451 2657 5506 eodem
2676 5452 2893 5521 palatio
2916 5450 3193 5522 quemdam
3212 5467 3385 5507 senem
3410 5450 3595 5507 candi-

1935 5539 2125 5595 datum
2164 5540 2515 5612 apparuisse,
2560 5539 2653 5611 qui
2683 5538 2896 5610 juberet
2940 5539 3145 5596 duobus
3182 5540 3507 5607 candidatis
3531 5547 3592 5597 ut

1934 5633 2237 5701 pergerent,
2262 5635 2309 5685 et
2331 5644 2527 5701 corpus
2546 5628 2786 5685 ablatum
2805 5627 2872 5685 de
2890 5628 3138 5705 sepulcro
3153 5629 3222 5685 ad
3242 5630 3429 5687 caelum
3451 5624 3593 5691 leva-
