4098 6166
571 139 678 195 695

553 272 697 319 rent.
717 264 972 335 Cumque,
988 260 1185 331 inquit,
1202 257 1263 313 de
1283 256 1522 328 sepulcro
1540 270 1737 327 corpus
1761 254 1954 319 fuisset
1973 267 2213 322 assump-

558 361 671 410 tum
701 360 855 423 atque
882 353 941 405 in
961 350 1151 404 caelum
1180 348 1429 413 levatum,
1454 362 1633 401 ramos
1657 360 1906 401 rosarum
1936 342 2214 410 virginum

557 444 656 511 (sic
704 442 846 495 enim
881 439 1077 494 clausw
1121 436 1393 509 appellari
1430 435 1627 507 solent)
1663 434 1725 489 de
1766 433 1938 488 eodem
1968 430 2214 502 sepulcro

556 529 875 586 surrexisse.

625 618 678 672 4.
707 617 958 673 Narravi
986 615 1116 687 quid
1138 615 1309 686 fuerit
1329 620 1552 685 gestum.
1578 612 1733 671 Modo
1752 611 2038 683 quaestione
2060 624 2211 663 mau-

554 706 674 761 dire
702 707 951 778 dignare,
980 712 1032 761 et
1062 705 1181 760 doce
1201 703 1343 776 quod
1376 720 1577 773 quaero.
1600 702 1752 773 Cogit
1780 701 1919 755 enim
1947 716 2025 754 me
2056 700 2216 753 istius

555 797 752 851 animae
773 796 1032 866 migratio
1059 794 1199 848 talia
1222 793 1590 864 percunctari.
1623 792 1757 847 Cum
1790 790 1850 844 in
1877 804 2096 860 corpore
2121 804 2213 844 su-

556 904 692 951 mus,
717 892 789 939 est
812 885 958 939 nobis
985 900 1166 938 sensus
1196 884 1437 936 interior
1461 880 1624 935 solers
1647 896 1746 951 pro
1773 879 2019 950 agilitate
2044 875 2216 931 studii

557 977 768 1038 nostri;
791 984 841 1029 et
872 981 1022 1029 tanto
1052 971 1374 1044 vigilantior
1399 979 1447 1025 et
1466 970 2008 1041 ferventior,quanto
2037 966 2217 1039 fueri-

558 1081 674 1119 mus
695 1062 1065 1124 studiosiores,
1092 1069 1142 1115 et
1170 1060 1346 1115 adhuc
1375 1060 1749 1130 impedimento
1776 1058 2021 1128 corporis
2040 1061 2216 1110 retar—

558 1153 686 1206 dari
712 1168 807 1207 nos
831 1151 1053 1205 videtur
1078 1166 1181 1205 esse
1211 1148 1509 1219 probabile.
1532 1148 1665 1214 Quis
1683 1155 1859 1201 autem
1887 1145 2066 1200 omnia
2096 1161 2213 1215 quae

557 1242 777 1295 animus
799 1257 862 1294 ex
886 1256 1105 1310 corpore
1136 1240 1373 1309 patitur,
1385 1239 1594 1308 poterit
1620 1234 1921 1291 enarrare?
1944 1236 2097 1289 Inter
2121 1234 2216 1288 has

559 1329 743 1385 turbas
769 1336 816 1384 et
847 1329 1133 1392 molestias,
1158 1345 1221 1381 ex
1244 1326 1684 1397 suggestionibus,
1714 1342 1780 1380 ex
1806 1322 2210 1387 tentationibus,

556 1436 623 1473 ex
670 1418 1091 1481 necessitatibus,
1122 1417 1449 1487 diversisque
1488 1414 1887 1469 calamitatibus
1927 1415 2211 1477 venientes,

559 1507 937 1578 fortitudinem
970 1523 1119 1561 suam
1158 1522 1260 1559 non
1276 1505 1473 1559 deserit
1500 1505 1744 1557 animus:
1762 1504 1990 1563 resistit,
2010 1501 2216 1565 vincit;

558 1595 853 1667 aliquando
868 1596 1128 1650 vincitur.
1154 1595 1348 1648 Tamen
1361 1594 1613 1663 quoniam
1626 1593 1869 1646 meminit
1890 1593 1999 1657 sui,
2012 1590 2216 1661 agilior

559 1692 607 1739 et
629 1685 915 1739 sollicitior
936 1684 1180 1756 efﬁcitur
1199 1684 1464 1739 excitatus
1496 1684 1665 1737 tantis
1694 1681 1981 1745 laboribus,
2002 1688 2051 1735 et
2067 1696 2215 1735 rum-

559 1774 642 1844 pit
671 1790 895 1845 quosque
916 1773 1076 1827 nodos
1101 1772 1351 1837 malitiae,
1380 1780 1428 1827 et
1459 1772 1661 1826 transit
1691 1770 1761 1825 ad
1790 1770 2034 1824 meliora.
2071 1769 2215 1835 Quid

558 1863 735 1916 dicam
765 1863 1027 1933 dignatur
1050 1862 1358 1932 intelligere
1382 1860 1656 1915 Sanctitas
1683 1867 1798 1914 tua.
1831 1861 1980 1929 Ergo
2008 1874 2126 1913 cum
2154 1858 2214 1912 in

561 1950 662 2005 hac
692 1952 805 2004 vita
844 1967 1045 2015 sumus,
1081 1950 1283 2005 talibus
1312 1948 1628 2019 egestatibus
1666 1946 2011 2019 impedimur,
2048 1954 2095 2002 et
2133 1954 2215 2001 ta-

558 2055 698 2101 men,
731 2040 870 2093 sicut
899 2041 1163 2109 scriptum
1193 2045 1285 2102 est,
1321 2057 1348 2089 «
1389 2036 1820 2108 supervincimus
1850 2053 1944 2107 per
1971 2050 2088 2092 eum
2119 2036 2214 2106 qui

557 2127 753 2183 dilexit
792 2144 886 2181 nos
928 2148 954 2176 »
988 2128 1160 2198 (Rom.
1192 2143 1304 2191 vm,
1342 2128 1452 2198 37).
1489 2127 1755 2181 Exeuntes
1785 2126 1847 2180 de
1888 2141 2125 2197 corpore,
2160 2129 2213 2181 et

557 2233 690 2271 onus
717 2234 892 2283 omne,
922 2225 970 2272 et
998 2217 1138 2287 agile
1164 2221 1437 2287 peccatum
1466 2214 1759 2272 evadentes.
1787 2216 1887 2286 qui
1911 2230 2093 2269 sumus
2114 2214 2142 2267 7

628 2308 681 2360 5.
710 2307 783 2361 Et
804 2306 1047 2376 primum
1073 2323 1257 2376 quaero
1282 2312 1468 2360 utrum
1496 2304 1713 2374 aliquod
1742 2320 1933 2375 corpus
1952 2305 2046 2369 sit,
2076 2302 2213 2374 quod

556 2411 670 2449 rem
702 2398 1088 2465 incorpoream,
1106 2394 1204 2448 hoc
1223 2402 1271 2449 et
1302 2393 1475 2464 ipsius
1501 2393 1698 2447 animm
1722 2392 2081 2447 substantiam
2105 2408 2211 2446 non

557 2482 785 2549 deserat,
827 2501 944 2538 cum
982 2483 1254 2538 dimiserit
1293 2484 1389 2537 hoc
1418 2490 1693 2538 terrenum
1734 2498 1942 2552 corpus,
1978 2498 2040 2535 ne
2071 2481 2211 2551 forte

557 2576 620 2630 de
643 2580 883 2645 quatuor
910 2589 1075 2628 unum
1104 2573 1200 2639 sit,
1227 2578 1324 2627 aut
1352 2572 1589 2635 aerium,
1617 2578 1713 2627 aut
1741 2571 2054 2626 eetherium.
2080 2570 2213 2626 Cum

559 2663 700 2719 enim
732 2663 1048 2733 incorporea
1074 2664 1145 2717 sit
1174 2663 1380 2727 anima,
1411 2663 1464 2716 si
1490 2662 1639 2715 omni
1660 2678 1879 2732 corpore
1907 2668 2074 2726 caret,
2094 2661 2214 2731 jam

558 2769 671 2808 una
696 2757 772 2806 est
809 2753 1070 2806 omnium.
1112 2751 1183 2805 Et
1213 2751 1307 2805 ubi
1334 2752 1441 2805 erit
1474 2751 1572 2806 ille
1598 2750 1743 2805 dives
1770 2758 2130 2821 purpuratus,
2162 2756 2211 2803 et

562 2839 809 2895 Lazarus
828 2840 1153 2895 vulneratus
1166 2840 1194 2895 ‘l
1210 2839 1473 2905 Quomodo
1494 2839 1660 2894 etiam
1675 2839 1888 2893 meritis
1907 2838 2215 2893 discernen-

560 2936 676 2996 tur,
694 2936 753 2985 ut
785 2928 878 2983 ille
895 2945 1125 3000 pwnam,
1150 2929 1242 2983 ille
1267 2928 1524 2999 gaudium
1547 2927 1753 2993 habeat,
1776 2928 1825 2981 si
1849 2945 1961 2983 una
1982 2929 1997 2963 ¹
2023 2944 2089 2982 ex
2107 2944 2215 2982 om-

560 3020 716 3075 nibus
739 3020 1064 3091 incorporeis
1093 3020 1418 3091 apparuerit
1447 3019 1632 3073 anima
1659 3035 1675 3073 :
1707 3018 1753 3073 si
1782 3024 1953 3073 tamen
1983 3019 2212 3089 ﬁgurate

560 3108 665 3164 illa
697 3109 1003 3180 signiﬁcata
1036 3125 1142 3163 non
1172 3116 1318 3165 sunt.
1353 3108 1575 3163 Certum
1606 3115 1679 3162 est
1710 3115 1909 3170 autem,
1940 3124 2057 3178 quae
2090 3106 2216 3161 locis

560 3204 810 3253 tenentur
833 3197 1142 3268 corporibus
1169 3204 1437 3265 tenentur,
1464 3204 1522 3251 ut
1546 3196 1636 3250 ille
1660 3196 1803 3250 dives
1832 3197 1891 3250 in
1915 3197 2148 3265 ﬂamma,
2166 3203 2213 3250 et

557 3303 767 3359 pauper
798 3287 890 3341 ille
920 3288 979 3340 in
1008 3287 1135 3341 sinu
1161 3285 1403 3340 Abrahae
1436 3284 1588 3355 (Luc.
1619 3300 1736 3349 XVI,
1766 3285 1855 3349 19,
1884 3284 1995 3353 22).
2021 3285 2079 3339 Si
2100 3283 2215 3339 loca

559 3381 945 3445 sunt,corpora
964 3381 1110 3439 sunt,
1135 3382 1181 3429 et
1205 3375 1265 3428 in
1284 3373 1598 3444 corporibus
1617 3373 1816 3428 animae
1846 3381 2005 3439 sunt;
2025 3377 2081 3429 in
2101 3390 2217 3429 cor-

560 3481 685 3535 pore
710 3468 886 3517 autem
914 3464 967 3517 si
1002 3480 1169 3533 paenae
1202 3462 1285 3519 vel
1309 3462 1547 3533 praemia
1586 3463 1646 3516 in
1683 3462 2024 3518 conscientiis
2052 3470 2207 3519 sunt.

566 3553 779 3617 Quaevis
810 3559 883 3606 est
915 3552 1022 3606 ista
1062 3569 1174 3607 una
1202 3552 1407 3617 anima,
1441 3552 1627 3621 effecta
1654 3568 1720 3606 ex
1756 3551 1948 3607 multis
1990 3553 2214 3620 animis,

562 3641 855 3712 afﬂigatur,
880 3648 929 3696 et
957 3641 1172 3697 laetetur
1198 3642 1257 3696 in
1284 3658 1416 3707 una,
1443 3648 1502 3696 ut
1532 3648 1793 3712 appareat
1817 3641 2126 3698 substantia
2154 3660 2219 3698 ex

560 3729 749 3785 multis
772 3730 973 3785 animis
991 3731 1207 3786 collecta
1222 3748 1239 3797 ;
1258 3738 1355 3786 aut
1369 3732 1422 3785 si
1441 3730 1533 3785 hoc
1557 3731 1767 3787 dicitur
1781 3731 2216 3801 quemadmodum

559 3836 671 3875 una
698 3836 784 3875 res
812 3822 1028 3876 animus
1066 3822 1435 3893 incorporeus,
1478 3828 1531 3875 et
1571 3821 1627 3875 in
1657 3837 1713 3875 eo
1741 3822 1999 3876 memoria
2037 3828 2132 3891 est,
2164 3830 2217 3879 et

559 3909 826 3975 voluntas,
858 3918 908 3965 et
938 3911 1256 3976 intellectus,
1290 3918 1338 3965 et
1378 3910 1458 3965 hx
1484 3926 1658 3965 omnes
1687 3926 1861 3966 causae
1890 3911 2216 3982 incorporeas

560 4006 706 4063 sunt,
740 4006 788 4053 et
832 3999 1023 4053 habent
1059 4000 1364 4070 ofﬁciorum
1401 4016 1691 4069 congruam
1717 4000 2019 4070 portionem
2048 4005 2089 4065 ³,
2122 4016 2219 4056 nec

562 4094 740 4142 tamen
777 4087 954 4141 altera
996 4087 1227 4143 alteram
1271 4088 1513 4158 impedit.
1570 4088 1857 4159 Utcumque
1902 4096 2031 4158 puto
2076 4106 2220 4160 posse

562 4175 896 4246 responderi,
926 4181 988 4230 ut
1016 4184 1063 4230 et
1094 4176 1307 4246 aliquas
1330 4193 1522 4247 poenae,
1557 4183 1608 4230 et
1638 4176 1847 4248 aliquas
1872 4178 2104 4248 praemia
2133 4195 2217 4233 co-

562 4264 829 4319 mitentur
859 4264 917 4319 in
950 4281 1060 4319 una
1088 4282 1154 4320 ex
1182 4266 1370 4320 multis
1399 4265 1602 4320 animis
1632 4265 1843 4321 collecta
1880 4266 2209 4326 substantia.

635 4357 687 4408 6.
702 4354 819 4408 Aut
842 4354 889 4408 si
911 4371 1016 4408 non
1033 4354 1113 4409 ita
1134 4362 1230 4422 est,
1244 4354 1378 4425 quid
1398 4353 1625 4425 impedit
1644 4356 1694 4408 si
1717 4357 2076 4427 unusquisque
2094 4358 2221 4411 ani-

563 4459 705 4507 mus,
729 4459 847 4497 cum
869 4460 1090 4514 corpore
1110 4444 1205 4499 hoc
1230 4444 1406 4499 solido
1432 4449 1603 4507 caret,
1621 4444 1776 4499 aliud
1800 4444 1986 4501 habeat
2006 4462 2215 4516 corpus,

563 4539 623 4587 ut
656 4533 763 4603 ipse
787 4532 1002 4588 animus
1024 4550 1229 4604 semper
1257 4532 1476 4604 aliquod
1502 4549 1693 4604 corpus
1721 4534 1924 4589 animet
1944 4552 1963 4599 ;
1994 4542 2089 4590 aut
2119 4552 2219 4607 quo

564 4621 857 4675 transitum
886 4622 1046 4692 facit,
1077 4623 1124 4676 si
1153 4622 1271 4677 ulla
1296 4624 1444 4693 regio
1469 4629 1543 4677 est
1574 4622 1646 4675 ad
1667 4638 1824 4692 quam
1851 4639 1967 4678 eum
1997 4626 2220 4679 necessi-

565 4715 647 4763 tas
686 4709 768 4763 ire
806 4710 1126 4780 compellit?
1164 4711 1601 4781 Quandoquidem
1640 4718 1687 4765 et
1737 4712 1846 4781 ipsi
1886 4713 2086 4783 Angeli
2128 4730 2219 4769 nec

562 4798 727 4853 multi
754 4797 867 4853 dici
889 4807 1130 4869 possunt,
1157 4802 1207 4854 si
1244 4817 1350 4855 non
1383 4799 1697 4872 corporibus
1730 4809 2121 4870 numerentur;
2155 4810 2219 4859 ut

563 4889 646 4943 ait
672 4889 791 4959 ipsa
823 4887 1034 4944 Veritas
1060 4891 1120 4943 in
1146 4889 1458 4960 Evangelia,
1486 4910 1513 4940 «
1546 4890 1755 4944 Possem
1780 4906 1974 4960 rogare
1996 4893 2219 4948 Patrem

561 4995 735 5033 meum
767 4984 824 5033 ut
853 4977 1129 5033 duodecim
1158 4979 1297 5033 mihi
1327 4980 1553 5048 legiones
1580 4979 1891 5049 angelorum
1919 4981 2146 5036 misisset
2189 5003 2210 5031 ι

561 5067 785 5139 (Matth.
828 5083 989 5135 XXVI,
1040 5072 1150 5135 53).
1196 5067 1392 5122 Deinde
1436 5083 1553 5122 cum
1601 5074 1797 5123 constet
1826 5067 2119 5124 Samuelem
2157 5070 2216 5124 in

548 5162 778 5227 corpore
796 5158 965 5227 [uisse
986 5156 1405 5228 visum,quando
1430 5157 1693 5211 excitatus
1717 5162 1791 5210 est
1815 5157 1884 5211 ad
1904 5158 2215 5227 petitionem

562 5245 701 5300 Saul
731 5246 773 5317 (Ι
806 5247 937 5318 Reg.
980 5262 1181 5312 xxvm,
1218 5246 1308 5317 14)
1332 5262 1351 5312 ;
1386 5253 1433 5301 et
1469 5246 1702 5317 Moysen,
1734 5246 1886 5317 cujus
1914 5263 2107 5319 corpus
2133 5266 2217 5304 se-

562 5334 773 5402 pultum
812 5342 885 5389 est
924 5335 1210 5391 secundum
1246 5335 1629 5406 Evangelium,
1670 5335 2024 5405 manifestum
2056 5338 2129 5393 sit
2158 5340 2217 5394 in

562 5435 779 5491 corpore
828 5438 948 5478 eum
992 5424 1195 5479 venisse
1231 5424 1301 5478 ad
1336 5424 1627 5479 Dominum
1667 5424 1724 5478 in
1757 5432 1935 5480 monte
1980 5426 2205 5498 (Matth.

623 5545 641 5607 ξ
678 5545 832 5607 ἷξον..
862 5560 1075 5599 summa.
1109 5547 1209 5598 Sed
1235 5548 1414 5598 verius
1449 5549 1544 5598 Ms.
1577 5549 1769 5607 Vatia,
1801 5550 1846 5599 si
1871 5565 1995 5603 una.

622 5606 643 5637 ⁸
674 5606 845 5655 Vatic.
876 5608 1043 5657 codex
1072 5610 1251 5672 habet,
1276 5613 1682 5679 proportionem.

1876 126 1937 183 S.
1979 121 2362 183 AUGUSTINI
2401 125 2728 191 EPISCOPI
3828 144 3920 201 696

2321 268 2459 321 xvn,
2482 258 2554 327 3),
2581 275 2700 317 cum
2725 261 3110 318 constitissent.
3139 261 3453 333 Quanquam
3472 268 3524 317 et
3550 261 3608 317 in
3626 265 3921 337 apocrypha,

2320 350 2369 399 et
2395 344 2455 400 in
2486 352 2704 406 secretis
2730 352 2904 422 ipsius
2940 352 3132 424 Moysi,
3159 368 3278 422 quae
3305 350 3582 421 scriptura
3608 359 3749 406 caret
3777 362 3929 410 aucto-

2321 434 2508 504 ritate,
2542 443 2673 494 tunc
2709 456 2829 496 cum
2854 439 3164 495 ascenderet
3202 442 3263 493 in
3302 447 3528 494 montem
3557 447 3615 494 ut
3650 448 3923 511 moreretur,

2320 523 2381 577 vi
2394 528 2641 596 corporis
2658 529 2918 600 efﬁcitur,
2941 536 3003 586 ut
3025 529 3182 585 aliud
3201 537 3330 585 esset
3353 529 3492 601 quod
3518 535 3675 584 terrae
3695 532 3929 588 mandare-

2321 618 2435 682 tur,
2465 615 2620 672 aliud
2646 619 2783 689 quod
2819 620 3015 691 angelo
3045 619 3336 674 comitanti
3371 619 3693 674 sociaretur.
3732 619 3819 675 Sed
3847 639 3929 677 non

2319 702 2453 757 satis
2482 712 2638 777 urget
2666 725 2747 763 me
2770 709 3193 780 apocryphorum
3220 709 3490 779 prxierre
3513 707 3811 765 sententiam
3838 711 3930 765 illis

2319 794 2690 863 superioribus
2712 797 2868 853 rebus
2892 798 3154 869 deﬁnitis.
3188 796 3496 853 Videndum
3520 803 3722 867 ergo,et
3744 798 3837 852 sive
3853 815 3927 853 au-

2320 882 2571 937 ctoritate
2598 885 2705 942 sive
2745 887 2957 942 ratione
2991 885 3360 959 indagandum
3388 884 3529 957 quod
3556 888 3827 957 quzritur.
3850 888 3931 944 Sed

2318 969 2528 1025 dicitur
2551 974 2689 1044 quod
2708 977 3039 1032 resurrectio
3059 977 3254 1048 futura
3284 974 3531 1030 ostendat
3555 991 3665 1029 eam
3689 976 3824 1030 omni
3840 994 3928 1031 cor-

2316 1075 2445 1129 pore
2465 1064 2723 1121 caruisse.
2746 1066 2855 1120 Nec
2876 1066 3017 1120 satis
3038 1065 3283 1136 impedit,
3305 1064 3733 1136 quandoquidem
3750 1064 3828 1119 illi
3844 1067 3928 1120 An-

2319 1148 2447 1218 geli,
2463 1152 2558 1221 qui
2573 1152 2873 1209 invisibiles
2892 1156 3054 1210 etiam
3078 1162 3223 1220 sunt,
3240 1169 3359 1209 cum
3379 1153 3690 1225 corporibus
3708 1169 3929 1224 apparere

2321 1237 2603 1296 voluerunt
2623 1249 2673 1296 et
2703 1243 2902 1308 videri,
2924 1251 2973 1299 et
2993 1260 3332 1316 quaecumque
3354 1242 3463 1297 illa
3481 1242 3676 1313 positio
3692 1258 3929 1313 corporum

2319 1328 2417 1401 sit,
2431 1346 2613 1386 eorum
2628 1332 2916 1403 spiritibus
2925 1334 3106 1404 digna,
3124 1339 3299 1387 tamen
3314 1339 3693 1403 apparuerunt
3710 1332 3774 1386 ad
3790 1331 3931 1385 Abra-

2322 1424 2444 1479 ham
2477 1423 2629 1491 (Gen.
2673 1438 2837 1487 xvm,
2880 1423 2934 1493 2)
2965 1430 3013 1477 et
3044 1422 3115 1476 ad
3148 1421 3368 1477 Tobiam
3408 1418 3570 1490 (Tob.
3613 1436 3705 1486 xu,
3743 1422 3836 1491 15).
3867 1422 3929 1475 Ita

2320 1512 2444 1584 ﬁeri
2464 1518 2629 1582 potest
2656 1517 2714 1565 ut
2742 1512 3068 1566 resurrectio
3083 1511 3297 1581 quidem
3311 1508 3501 1564 carnis
3516 1509 3692 1573 istius,
3706 1525 3810 1579 quae
3829 1508 3932 1564 bene

2319 1600 2567 1657 creditur
2593 1601 2795 1669 futura
2824 1600 2915 1669 sit,
2951 1605 3125 1653 tamen
3156 1599 3234 1653 sic
3260 1598 3457 1652 anima
3478 1596 3580 1651 illa
3608 1595 3867 1660 reddatur,
3886 1602 3928 1651 ut

2320 1706 2538 1760 corpore
2562 1688 2749 1759 aliquo
2769 1705 3043 1760 nunquam
3062 1689 3301 1743 caruisse
3322 1687 3662 1757 reperiatur.
3678 1685 3801 1741 Cum
3820 1684 3929 1739 enim

2319 1795 2386 1834 ex
2409 1785 2641 1850 quatuor
2669 1778 2940 1833 elementis
2967 1793 3161 1848 corpus
3190 1777 3367 1847 ipsum
3396 1781 3616 1837 constet,
3645 1790 3798 1828 unum
3819 1772 3928 1827 vide-

2320 1875 2414 1923 tur
2440 1868 2709 1931 amittere,
2737 1866 2971 1921 calidum
3009 1866 3234 1934 scilicet,
3270 1881 3391 1920 cum
3427 1882 3453 1919 e
3491 1880 3705 1935 corpore
3739 1863 3828 1917 isto
3854 1862 3928 1917 mi-

2318 1974 2481 2028 grare
2522 1955 2792 2011 videatur.
2839 1955 2982 2011 Nam
3024 1961 3261 2009 remanet
3307 1953 3450 2025 quod
3494 1959 3759 2008 terrenum
3785 1958 3863 2016 est,
3892 1957 3927 2005 et

2322 2046 2498 2117 liquor
2513 2061 2623 2101 non
2646 2045 2789 2099 deest
2804 2062 2827 2108 ;
2843 2060 2935 2099 nec
2963 2044 3189 2117 frigide
3204 2044 3459 2099 materiae
3472 2042 3775 2097 elementum
3789 2039 3899 2094 abest
3914 2057 3924 2093 :

2318 2134 2482 2189 solum
2508 2134 2595 2188 illi
2624 2133 2891 2188 eximitur
2914 2132 3187 2203 calidum;
3204 2131 3342 2203 quod
3363 2133 3509 2204 forte
3533 2147 3700 2186 secum
3721 2130 3818 2200 ipse
3836 2128 3926 2181 ani-

2320 2240 2434 2279 mus
2459 2223 2650 2285 trahit,
2686 2222 2735 2277 si
2760 2223 2821 2277 de
2853 2222 2961 2277 loco
2989 2222 3060 2277 ad
3089 2222 3255 2277 locum
3282 2222 3510 2292 migrat.
3532 2219 3641 2275 Hoc
3664 2218 3859 2274 interim
3882 2217 3925 2270 de

2317 2330 2538 2384 corpore
2565 2312 2827 2367 dixerim.

2387 2408 2439 2458 7.
2486 2401 2713 2457 Videtur
2740 2416 2941 2472 quoque
2975 2398 3117 2454 mihi
3157 2398 3296 2469 quod
3324 2399 3378 2453 si
3406 2399 3465 2452 in
3506 2412 3720 2468 corpore
3746 2394 3923 2466 positus,

2319 2500 2379 2547 ut
2398 2493 2517 2563 jam
2546 2491 2686 2555 dixi,
2728 2498 2923 2561 vegeto,
2960 2496 3185 2543 strenua
3228 2488 3414 2543 utitur
3444 2488 3634 2543 mentis
3662 2484 3925 2545 intentione,

2317 2586 2515 2652 quanto
2557 2581 2728 2649 magis
2755 2577 3055 2648 expeditus,
3083 2577 3267 2647 agilis,
3311 2582 3549 2646 vegetus,
3585 2576 3797 2645 fervens,
3826 2577 3925 2624 stre

2318 2687 2476 2735 nuus,
2494 2670 2738 2723 intentus
2757 2668 2884 2735 erit,
2904 2675 2951 2723 et
2981 2667 3231 2738 capacior
3254 2666 3506 2738 efﬁcitur
3529 2682 3589 2719 ac
3612 2663 3801 2729 melior,
3816 2668 3863 2714 ut
3883 2660 3925 2713 in

2318 2775 2538 2830 corpore
2566 2759 2770 2829 positus
2798 2757 3103 2828 gustaverit
3132 2756 3392 2811 virtutem
3427 2756 3446 2809 Ι
3481 2758 3594 2823 Quo
3621 2751 3830 2823 deposito
3846 2764 3925 2802 ma-

2319 2851 2401 2919 gis
2424 2864 2624 2919 quoque
2652 2846 2893 2902 abstersa
2922 2846 3077 2910 nube,
3112 2851 3252 2900 totus
3288 2860 3515 2899 serenus
3547 2843 3752 2912 eﬂ'ectus
3778 2844 3856 2902 est,
3883 2837 3927 2889 in

2320 2936 2726 3008 tranquillitate
2756 2936 2873 2990 sine
2904 2936 3198 2990 tentatione
3224 2934 3458 3005 positus,
3487 2932 3657 2987 videat
3681 2927 3803 3001 quod
3824 2923 3926 2980 desi-

2319 3026 2611 3091 deraverit,
2641 3024 2981 3096 amplexetur
3007 3023 3145 3095 quod
3170 3023 3395 3079 amavit.
3430 3020 3751 3079 Recordetur
3771 3030 3925 3089 quoque

2319 3123 2369 3172 et
2398 3114 2714 3179 amicorum,
2738 3119 2787 3168 et
2817 3130 2944 3184 quos
2964 3114 3084 3184 jam
3102 3112 3476 3183 praemiserat,
3498 3114 3754 3182 agnoscat,
3774 3112 3815 3159 et
3832 3118 3925 3175 quos

2316 3208 2433 3276 post
2456 3221 2507 3259 se
2526 3203 2738 3257 dimisit
2758 3201 2932 3272 :forte
2956 3202 3031 3256 sic
3051 3209 3158 3267 est;
3182 3217 3307 3273 ergo
3322 3201 3522 3268 nescio,
3543 3198 3738 3254 discere
3760 3208 3923 3267 quaero.

2320 3294 2477 3349 Satis
2499 3299 2682 3348 autem
2706 3308 2785 3346 me
2815 3290 3185 3361 perturbat,si
3202 3306 3448 3361 soporem
3475 3286 3744 3361 quemdam
3771 3282 3926 3350 accipit

2321 3384 2536 3437 animus
2564 3382 2697 3451 ipse,
2729 3396 2794 3435 ne
2820 3380 2948 3435 talis
2976 3380 3070 3448 sit,
3102 3379 3277 3451 qualis
3304 3395 3425 3435 cum
3456 3377 3654 3434 dormit
3675 3375 3728 3430 in
3753 3382 3924 3441 corpora

2321 3472 2661 3537 constitutus,
2692 3471 2849 3541 quasi
2888 3470 3145 3541 sepultus,
3179 3475 3230 3524 et
3270 3470 3330 3524 in
3358 3485 3450 3540 spe
3499 3473 3701 3523 tantum
3745 3462 3922 3517 viveiu:

2322 3566 2581 3618 caeterum
2605 3560 2749 3616 nihil
2789 3559 3003 3623 habens,
3033 3558 3180 3613 nihil
3209 3558 3385 3614 sciens
3405 3580 3429 3628 ;
3449 3557 3676 3613 maxime
3697 3556 3740 3608 si
3764 3546 3922 3606 somnio

2322 3650 2477 3706 nullo
2519 3649 2790 3721 pulsetur.
2835 3648 2962 3714 Quae
3001 3664 3086 3703 res
3124 3648 3460 3703 vehementer
3508 3651 3689 3708 terret,
3726 3648 3768 3696 et
3806 3634 3921 3710 quasi

2323 3739 2647 3795 exstinctum
2673 3737 2881 3793 indicat
2907 3741 3172 3793 animum.

2397 3833 2446 3885 8.
2469 3827 2613 3884 Illud
2642 3828 2803 3883 etiam
2828 3844 3031 3899 quem,
3053 3828 3106 3881 si
3123 3842 3313 3898 corpus
3337 3825 3530 3881 habere
3550 3821 3717 3895 fuerit
3745 3816 3921 3885 indaga-

2324 3925 2429 3985 tus,
2446 3925 2635 3973 utrum
2654 3924 2701 3972 et
2727 3917 2908 3988 aliquo
2932 3933 3087 3971 sensu
3104 3932 3207 3970 non
3232 3913 3455 3971 careat?
3479 3914 3630 3970 Certe
3649 3910 3693 3965 si
3718 3923 3808 3963 non
3827 3902 3921 3959 odo-

2324 4006 2492 4063 randi
2526 4008 2807 4062 necessitas
2849 4006 2916 4071 ei,
2949 4012 3009 4061 ut
3042 4012 3195 4077 puto,
3230 4005 3413 4076 ingeri
3450 4009 3634 4076 potest,
3665 4012 3811 4069 neque
3849 4008 3918 4063 θυ-

2323 4096 2526 4161 standi,
2558 4096 2656 4151 sed
2696 4112 2785 4150 nec
2816 4094 3068 4166 tangendi
3098 4116 3117 4152 :
3148 4094 3339 4150 dubito
3374 4108 3648 4149 remanere
3676 4081 3864 4143 videndi
3883 4084 3919 4133 tl

2323 4185 2600 4241 audiendi.
2617 4184 2757 4241 Nam
2784 4185 2914 4255 quid
2932 4192 3007 4239 est
3026 4184 3164 4255 quod
3190 4183 3384 4238 audire
3407 4183 3665 4239 dicuntur
3685 4177 3910 4232 demam.

2324 4291 2431 4329 non
2457 4274 2516 4328 in
2545 4273 2788 4328 omnibus
2816 4273 2958 4345 quod
2984 4280 3195 4338 vexant,
3222 4289 3345 4327 nam
3373 4279 3419 4327 et
3443 4272 3502 4326 in
3528 4270 3610 4325 his
3632 4261 3830 4339 quaestio
3844 4263 3913 4318 est.

2323 4363 2412 4418 sed
2441 4363 2604 4417 etiam
2651 4378 2775 4419 cum
2804 4368 3071 4433 apparent
3100 4361 3157 4415 in
3195 4360 3511 4432 corporibus
3533 4359 3688 4415 suis?
3717 4354 3783 4409 De
3824 4347 3915 4402 vis“

2324 4459 2500 4508 autem
2535 4451 2787 4522 quomodo
2816 4458 3098 4506 transeunt
3137 4451 3199 4505 de
3239 4450 3345 4506 loco
3390 4450 3449 4504 in
3480 4450 3662 4513 locum,
3685 4445 3730 4498 si
3766 4448 3916 4507 0079'“

2327 4540 2541 4605 habent,
2558 4542 2607 4595 si
2628 4557 2782 4595 sensu
2800 4540 3006 4596 visibili
3026 4540 3155 4596 duce
3177 4539 3408 4596 carent?
3427 4542 3596 4595 Putas
3610 4551 3707 4590 non
3728 4531 3797 4587 ita
3818 4526 3916 4580 sun!

2324 4630 2521 4687 animae
2551 4632 2798 4685 humanae
2841 4647 2955 4686 cum
2988 4630 3050 4685 de
3088 4628 3401 4701 corporibus
3426 4627 3779 4700 egrediuntur,
3809 4620 3853 4672 ul
3879 4615 3913 4701 εξ

2323 4737 2514 4791 corpus
2543 4720 2762 4791 aliquod
2801 4720 3047 4787 habeant,
3080 4725 3133 4774 et
3160 4698 3318 4775 sensu
3343 4698 3527 4790 aliqua
3568 4731 3671 4771 non
3696 4698 3915 4799 careant?

2327 4809 2471 4874 Quid
2498 4816 2573 4864 est
2609 4816 2657 4864 et
2697 4808 2857 4875 illud,
2889 4808 3028 4879 quod
3067 4808 3309 4879 plerique
3348 4806 3548 4863 mortui
3596 4802 3698 4859 visi
3729 4801 3834 4852 sunt
3870 4802 3911 4843 ιη

2324 4898 2567 4954 domibus
2596 4899 2678 4952 ita
2708 4897 2941 4968 ingredi,
2975 4903 3035 4952 ut
3074 4897 3225 4952 soliti
3252 4902 3398 4959 sunt,
3430 4903 3524 4951 aut
3560 4910 3651 4965 per
3675 4889 3817 4950 diem,
3839 4879 3912 4934 ⁶¹⁴¹
4018 4942 4019 4947 η

2319 5004 2421 5058 per
2450 4994 2646 5043 noctem
2676 5004 2708 5042 a
2744 4986 3115 5057 vigilantibus,
3153 4986 3223 5040 ad
3261 4979 3687 5040 ambulantibus?
3714 4975 3819 5033 Non
3842 4968 3911 5021 hoc

2323 5077 2484 5132 semel
2510 5076 2719 5141 audivi,
2752 5082 2805 5130 et
2835 5075 2976 5130 illud
3004 5075 3141 5147 quod
3168 5075 3377 5130 dicitur
3406 5076 3703 5145 plerumque
3732 5065 3781 5119 ἰη
3812 5070 3910 5129 ‘IW'

2323 5164 2447 5220 dam
2466 5164 2747 5236 particula
2783 5166 2972 5230 noctis,
3016 5167 3076 5219 in
3116 5165 3241 5219 locis
3280 5165 3338 5218 in
3376 5163 3563 5235 quibus
3599 5157 3791 5213 humata
3820 5156 3907 5200 ουν·

2320 5272 2456 5327 pora
2481 5263 2631 5320 sunt,
2657 5262 2706 5309 et
2728 5256 2959 5309 maxime
2990 5256 3047 5310 in
3080 5254 3323 5311 basilicis
3346 5255 3471 5325 ﬁeri
3490 5248 3733 5309 tumultus
3752 5244 3794 5294 et
3813 5247 3906 5290 ara-

2324 5345 2514 5401 tiones.
2546 5346 2668 5399 Non
2698 5345 2838 5399 enim
2868 5345 2935 5401 ab
2962 5361 3068 5401 uno
3095 5345 3188 5400 hoc
3216 5344 3428 5400 audisse
3454 5360 3530 5398 me
3558 5331 3781 5397 memini;
3809 5336 3903 5415 ηαθῖ

2322 5434 2472 5488 testis
2487 5440 2561 5488 est
2583 5433 2812 5488 visionis
2825 5434 2989 5489 istius
3000 5434 3089 5489 vir
3106 5433 3327 5504 quidam
3345 5440 3553 5489 sanctus
3567 5423 3821 5500 presbyter:
3833 5425 3903 5484 (1⁸⁸

2321 5522 2724 5579 multitudinem
2745 5522 2941 5579 talium
2965 5523 3027 5578 de
3044 5522 3361 5595 baptisteria
3384 5517 3672 5579 exeuntium
3691 5512 3741 5566 in

2323 5611 2476 5669 ribus
2497 5610 2713 5681 lucidis,
2728 5619 2777 5668 et
2793 5616 2973 5686 postea
2994 5613 3053 5670 in
3072 5612 3244 5671 medio
3263 5613 3435 5687 ipsius
3453 5606 3660 5670 ecclesiae
3679 5600 3896 5658 οωιωηιι
