4098 6166
236 173 347 229 69⁸1

234 295 561 356 adverterit.
579 294 704 351 Hac
729 311 853 366 ergo
872 294 1055 350 omnia
1074 301 1171 350 aut
1198 293 1291 349 illi
1312 300 1517 349 nostrae
1546 292 1899 365 inquisitioni

228 387 439 457 favent,
468 392 565 440 aut
592 386 643 440 si
684 384 885 456 fabulae
914 392 1062 449 sunt,
1098 384 1297 439 mirum
1332 404 1349 443 :
1380 391 1554 439 tamen
1580 382 1764 438 vellem
1788 382 1897 436 ali-

228 476 365 549 quid
384 493 451 532 ex
474 476 571 531 hac
596 492 655 531 re
674 492 846 541 nosse,
864 475 995 547 quia
1017 474 1261 539 veniunt,
1288 480 1337 529 et
1363 474 1614 539 visitant,
1639 479 1687 528 et
1705 471 1895 527 viden-

230 572 331 622 tur
360 566 593 636 exceptis
619 564 864 621 somniis.

308 674 363 728 9.
396 674 486 728 Ex
508 672 703 745 quibus
727 672 843 727 alia
869 672 1115 726 nascitur
1144 672 1389 742 quaestio.
1424 670 1553 725 Non
1578 668 1721 724 enim
1746 668 1896 724 modo

222 762 586 835 phantasiam
607 779 698 833 ego
722 778 871 826 curo,
895 776 1055 832 quam
1085 760 1192 815 sibi
1215 776 1312 816 cor
1334 760 1670 814 ineruditum
1688 759 1846 829 fingit
1875 776 1891 813 .'

222 850 564 906 visitationes
593 852 801 922 loquor.
829 849 1095 916 Quomodo
1126 848 1598 921 apparuitJoseph
1630 864 1729 919 per
1761 864 1894 901 som-

220 941 385 997 nium
414 938 633 1009 (Matth.
660 957 699 1006 ι,
730 940 843 1011 20),
875 938 1390 1011 quomodoplerique
1404 938 1893 994 visitatisunt.Sic

218 1045 351 1101 ergo
372 1036 419 1084 et
449 1028 621 1083 nostri
646 1044 771 1099 quos
799 1027 1167 1099 praemisimus
1192 1027 1490 1099 aliquando
1522 1029 1763 1092 veniunt,
1784 1025 1893 1096 ipsi

214 1126 492 1189 apparent
529 1134 629 1189 per
658 1118 954 1181 somnium,
985 1124 1033 1172 et
1060 1118 1379 1188 loquuntur.
1410 1116 1551 1171 Nam
1568 1116 1787 1170 memini
1811 1132 1892 1169 me

218 1222 314 1279 ego
344 1208 474 1279 ipse,
533 1215 580 1262 et
624 1207 1010 1277 Profuturum,
1044 1214 1092 1262 et
1149 1206 1455 1269 Privatum,
1485 1213 1534 1260 et
1558 1205 1886 1269 Servilium,

213 1312 354 1369 quos
382 1295 604 1351 memini
624 1302 832 1350 sanctos
856 1296 1003 1350 viros
1032 1295 1094 1350 de
1149 1304 1475 1351 monasterio
1494 1296 1823 1367 praecessisse
1845 1296 1885 1359 ί,

217 1385 427 1442 locutos
459 1385 612 1451 mihi,
645 1392 692 1439 et
738 1386 818 1441 ita
844 1386 1057 1457 factum
1084 1386 1249 1457 fuisse
1279 1392 1338 1441 ut
1384 1385 1663 1439 dixerunt.
1695 1385 1812 1440 Aut
1840 1387 1891 1440 si

212 1475 424 1547 aliquis
447 1476 677 1546 spiritus
708 1474 897 1529 melior
925 1481 1020 1540 est,
1048 1476 1142 1546 qui
1168 1492 1355 1530 eorum
1380 1476 1618 1546 figuram
1637 1474 1884 1540 assumit,

210 1568 264 1619 et
292 1570 523 1619 mentem
546 1562 755 1628 visitat,
786 1563 981 1618 viderit
1010 1564 1107 1618 ille
1135 1565 1225 1619 cui
1257 1564 1438 1618 omnia
1463 1564 1605 1618 nuda
1628 1580 1659 1617 a
1680 1580 1886 1618 summa

211 1655 424 1709 cervice
449 1658 595 1707 sunt.
625 1652 827 1724 Siquid
855 1670 977 1725 ergo
1006 1653 1067 1707 de
1098 1653 1179 1707 his
1192 1653 1436 1708 omnibus
1464 1659 1569 1708 tuae
1591 1652 1888 1707 Sanctitati

209 1742 494 1800 Dominus
523 1758 621 1813 per
641 1743 917 1798 rationem
933 1742 1095 1814 loqui
1113 1741 1455 1814 dignabitur,
1479 1760 1604 1813 rogo
1617 1750 1675 1797 ut
1700 1742 1886 1811 facere

210 1850 297 1886 me
345 1831 588 1903 digneris
615 1833 938 1903 participem
984 1831 1145 1903 hujus
1172 1832 1428 1887 scientia.
1464 1832 1764 1887 Praeterire
1789 1848 1885 1885 au-

213 1928 327 1976 tem
358 1928 407 1977 et
438 1921 529 1976 hoc
559 1920 714 1975 nolui
737 1943 760 1992 ,-
781 1922 927 1992 forte
957 1922 1101 1976 enim
1113 1923 1349 1993 pertinet
1381 1919 1451 1975 ad
1480 1920 1881 1992 inquisitionem

216 2028 419 2066 meam.

295 2121 384 2173 10.
418 2117 565 2172 Puer
622 2117 734 2188 ipse
776 2116 838 2171 de
868 2134 969 2188 quo
1004 2118 1218 2187 agitur,
1252 2125 1482 2188 tempore
1520 2133 1620 2188 quo
1648 2115 1881 2171 solveba-

208 2212 337 2269 tur,
371 2196 649 2259 exhibitus
684 2205 1068 2276 quodammodo
1100 2207 1298 2277 pergit.
1348 2207 1493 2261 Nam
1522 2204 1743 2261 videtur
1785 2221 1882 2275 per

206 2294 489 2349 somnium
508 2292 905 2365 condiscipulus
922 2300 970 2349 et
990 2294 1257 2349 conlector
1276 2295 1468 2366 ipsius,
1488 2311 1604 2349 cum
1626 2293 1882 2364 quomihi

206 2382 540 2454 excipiebat,
560 2381 653 2453 qui
660 2383 778 2454 jam
791 2388 920 2438 ante
947 2391 1058 2439 octo
1081 2400 1278 2439 menses
1296 2400 1514 2454 corpore
1566 2389 1683 2438 erat
1709 2398 1880 2436 exem~

203 2482 366 2546 ptus,
394 2472 616 2527 venisse.
647 2474 785 2528 Cum
826 2474 1263 2544 interrogaretur
1307 2474 1373 2528 ab
1403 2490 1460 2529 eo
1488 2473 1585 2544 qui
1609 2489 1726 2527 eum
1752 2480 1879 2526 tunc

203 2562 492 2628 cernebat,
532 2579 632 2618 cur
659 2563 1000 2633 advenisset;
1042 2566 1122 2618 ait
1152 2564 1274 2632 ille,
1315 2563 1403 2618 Ad
1430 2564 1663 2618 amicum
1700 2579 1877 2616 meum

208 2650 363 2707 hunc
390 2642 688 2705 ducendum
712 2652 866 2708 veni:
896 2660 943 2707 et
973 2653 1052 2707 ita
1078 2655 1283 2723 factum
1314 2660 1407 2708 est.
1429 2652 1574 2709 Nam
1587 2660 1635 2707 et
1658 2651 1879 2705 indomo

208 2743 338 2813 ipsa
367 2741 485 2795 seni
511 2740 727 2796 cuidam
747 2757 876 2812 pene
898 2742 1175 2813 vigilanti,
1194 2743 1457 2813 apparuit
1484 2743 1633 2797 homo
1651 2744 1877 2800 laurum

202 2836 446 2903 portans
472 2833 531 2883 in
564 2847 750 2901 manu,
765 2831 1135 2902 scriptum.At
1160 2832 1254 2887 ubi
1283 2832 1372 2887 ille
1390 2832 1533 2887 visus
1557 2839 1651 2897 est,
1683 2830 1879 2901 adjun-

204 2922 378 2992 gitur
402 2920 576 2974 adhuc
602 2919 741 2990 quod
769 2928 885 2990 post
917 2922 1127 2976 exitum
1156 2924 1334 2992 pueri,
1362 2927 1525 2992 pater
1556 2922 1731 2992 ipsius
1760 2936 1878 2991 pre-

204 3008 400 3080 sbyter
428 3024 549 3063 cum
586 3024 706 3063 sene
764 3008 984 3064 Theasio
1034 3010 1095 3063 in
1126 3010 1450 3065 monasterio
1476 3027 1579 3065 esse
1608 3015 1877 3079 cceperant

204 3096 526 3153 consolandi
561 3113 614 3152 se
650 3096 859 3169 gratia,
892 3096 983 3152 sed
1001 3104 1120 3168 post
1153 3100 1379 3154 tertium
1408 3099 1547 3153 diem
1595 3098 1761 3169 pueri
1783 3098 1877 3151 de-

208 3186 420 3259 functi,
450 3185 669 3242 videtur
699 3186 837 3241 idem
861 3203 998 3258 puer
1018 3187 1088 3241 ad
1116 3188 1501 3243 monasterium
1522 3189 1811 3258 ingressus,
1826 3194 1878 3242 et

206 3293 241 3331 a
276 3274 516 3347 quodam
541 3274 729 3345 fratre
762 3292 862 3347 per
886 3276 1149 3347 quoddam
1195 3278 1463 3331 somnium
1498 3277 1879 3347 interrogatur

208 3372 403 3421 utrum
436 3365 599 3420 sciret
627 3380 680 3420 se
706 3365 874 3437 fuisse
903 3374 1175 3422 mortuum
1194 3366 1223 3419 ‘t
1255 3366 1416 3423 Dixit
1428 3382 1479 3420 se
1499 3366 1660 3421 scire.
1683 3366 1876 3422 Utrum

205 3455 409 3526 fuisset
432 3471 466 3509 a
488 3455 597 3511 Deo
609 3461 851 3525 receptus
870 3456 897 3513 ?
919 3456 992 3510 Et
1018 3456 1109 3511 hoc
1128 3472 1301 3512 secum
1317 3472 1509 3527 magna
1534 3456 1725 3511 retulit
1748 3472 1879 3527 gra-

210 3543 512 3599 tulatione.
536 3544 769 3614 Cumque
787 3560 952 3600 causa
972 3554 1314 3617 quaereretur
1339 3562 1438 3601 cur
1462 3545 1779 3610 advenisset,
1796 3545 1879 3599 ait

210 3640 354 3689 tunc
382 3631 513 3687 ille:
537 3633 739 3688 Missus
758 3649 876 3688 sum
918 3641 976 3689 ut
998 3634 1279 3691 exhibeam
1302 3642 1513 3706 patrem
1534 3651 1724 3689 meum.
1739 3634 1877 3688 Evi-

206 3723 361 3794 gilat
387 3721 477 3777 cui
501 3720 612 3777 hac
624 3722 1117 3792 ostendebantur,et
1130 3731 1326 3779 narrat
1336 3724 1612 3779 .Pervenit
1634 3721 1879 3794 usquead

208 3826 407 3865 aurem
435 3810 668 3880 episcopi
694 3811 928 3866 Theasii.
947 3812 1057 3878 Qui
1078 3821 1347 3884 permotus
1366 3813 1675 3883 objurgavit
1691 3812 1875 3866 dicen-

211 3906 348 3962 tem,
372 3914 437 3952 ne
464 3898 625 3969 facile
650 3902 962 3970 perveniret
984 3901 1054 3956 ad
1065 3918 1250 3957 aurem
1262 3902 1648 3974 presbyteri,et
1656 3907 1878 3972 pertur-

212 3986 444 4042 baretur
474 3986 579 4041 tali
597 3988 812 4044 nuntio.
847 3988 990 4053 Quid
1015 3989 1114 4045 diu
1138 3990 1165 4044 ?
1190 3991 1316 4045 Post
1337 3990 1447 4045 dies
1473 3990 1616 4062 forte
1643 3996 1878 4061 quatuor

211 4074 559 4131 uisitationis
576 4092 699 4132 cum
726 4078 1001 4148 loquitur,
1022 4096 1143 4134 nam
1168 4080 1429 4135 modicam
1442 4086 1679 4134 senserat
1698 4078 1879 4148 febri-

213 4164 418 4230 culam,
445 4165 746 4236 periculum
761 4168 970 4223 nullum
992 4178 1133 4238 erat,
1162 4169 1397 4223 medicus
1423 4168 1630 4232 aberat,
1677 4168 1773 4240 qui
1790 4184 1879 4239 pe-

211 4254 806 4311 nitussollicitudinem
819 4256 1025 4312 nullam
1040 4275 1144 4313 esse
1157 4265 1493 4315 testaretur:
1525 4266 1582 4314 at
1612 4259 1705 4313 ubi
1734 4275 1785 4313 se
1818 4259 1877 4313 in

215 4342 412 4400 lectum
441 4342 971 4413 inclinavit,solutus
994 4355 1069 4402 est
1102 4347 1241 4403 idem
1266 4348 1680 4419 presbyter.Nec
1710 4356 1872 4414 taceo,

214 4441 268 4488 et
296 4432 358 4486 in
383 4432 477 4487 hoc
504 4433 617 4504 ipso
643 4434 730 4489 die
759 4451 860 4505 quo
894 4452 1039 4506 puer
1065 4436 1389 4501 solvebatur,
1412 4438 1549 4508 petit
1571 4445 1775 4508 patrem
1806 4436 1878 4492 ad

210 4537 420 4593 pacem,
452 4528 506 4576 et
528 4522 661 4592 petit
693 4525 871 4588 tertio,
897 4531 945 4580 et
987 4526 1043 4579 in
1069 4526 1301 4597 singulis
1328 4526 1519 4581 osculis
1548 4526 1754 4581 dicebat
1777 4544 1876 4597 pa-

217 4612 322 4674 tri,
347 4612 534 4677 Pater,
560 4611 800 4668 dicamus
834 4614 941 4669 Deo
965 4616 1178 4686 gratias
1206 4634 1226 4680 ,'
1265 4624 1313 4672 et
1340 4622 1551 4687 patrem
1576 4616 1783 4687 cogebat
1810 4622 1877 4670 ut

215 4701 435 4773 pariter
455 4717 629 4755 secum
653 4700 905 4769 dixisset,
934 4704 1092 4775 quasi
1115 4720 1445 4760 communem
1485 4704 1778 4759 exhortans
1806 4704 1878 4758 ad

220 4789 569 4860 migrandum
600 4807 669 4845 ex
694 4791 789 4846 hac
811 4794 942 4847 vita.
959 4793 1101 4849 Nam
1122 4801 1269 4848 inter
1280 4802 1529 4865 utrosque
1552 4801 1743 4865 septem
1764 4794 1874 4848 dies

223 4877 390 4932 medii
408 4887 786 4935 numerantur.
808 4882 950 4947 Quid
962 4883 1052 4953 ﬁet
1069 4883 1132 4937 de
1172 4884 1344 4938 tantis
1369 4882 1526 4938 rebus
1556 4881 1583 4937 ‘l
1614 4882 1743 4947 Quis
1766 4883 1875 4938 erit

217 4965 555 5023 occultarum
588 4968 816 5023 istarum
865 4986 1150 5026 causarum
1180 4971 1529 5041 ﬁdelissimus
1558 4972 1810 5042 magister
1848 4971 1874 5026 ‘l

217 5055 409 5111 zEstus
437 5057 622 5113 cordis
653 5059 759 5112 mei
772 5058 1021 5130 refundit
1045 5060 1218 5117 setibi
1244 5062 1302 5116 in
1319 5068 1546 5132 tempore
1569 5063 1869 5131 angustiae.

216 5144 559 5217 Dispensatio
584 5147 763 5202 exitus
779 5150 960 5220 pueri,
992 5149 1209 5223 ejusque
1230 5152 1412 5221 patris
1437 5156 1511 5205 est
1566 5151 1870 5221 manifesta,

213 5234 351 5306 quia
380 5233 485 5289 duo
504 5251 745 5305 passeres
764 5254 870 5292 non
894 5237 1080 5293 cadent
1104 5240 1175 5294 ad
1204 5247 1407 5295 terram
1439 5240 1555 5295 sine
1602 5240 1874 5295 voluntate

216 5323 414 5379 Patris
444 5323 677 5394 (Matth.
707 5341 764 5395 Χ,
800 5326 913 5396 29).

292 5430 378 5485 11.
425 5430 683 5487 Animam
733 5448 857 5504 ergo
880 5433 1024 5489 omni
1053 5449 1272 5507 corpore
1301 5451 1484 5491 carere
1522 5435 1738 5508 penitus
1763 5452 1873 5493 non

282 5638 492 5693 ‘.Vatic.
527 5641 673 5703 Mss.,
699 5644 1014 5706 processisse.

1467 164 1973 224 EPISTOLARUM
2008 162 2297 224 CLASSIS
2338 167 2437 224 III.

3558 170 3667 229 698

2001 306 2173 361 posse,
2218 291 2441 358 illares,
2464 299 2524 349 ut
2539 299 2687 364 puto,
2721 292 2970 359 ostendit,
3012 294 3143 364 quia
3179 293 3322 349 Deus
3356 294 3497 351 solus
3524 302 3672 358 omni

2002 395 2220 450 corpore
2277 398 2482 453 semper
2506 390 2676 439 caret.
2710 383 2833 436 Post
2874 383 3169 437 transitum
3194 390 3371 438 autem
3403 385 3664 452 animam,

2001 485 2161 541 quam
2185 473 2353 541 magis
2372 472 2777 543 vigilantiorem
2795 472 2913 542 fore
2933 472 3199 537 arbitror,
3217 474 3483 543 expositio
3499 481 3666 531 tanta:

1982 558 2158 613 .molis
2182 576 2454 630 corporeae
2480 561 2743 629 ostendit;
2771 568 2898 615 tunc
2915 563 3055 615 enim
3086 562 3143 615 in
3173 563 3379 617 actione
3405 570 3455 617 et
3484 565 3663 633 cogni-

2012 648 2152 703 tione
2175 650 2420 721 expedita
2454 657 2602 705 tanto
2624 650 2857 713 vinculo,
2878 656 2936 704 ut
2962 658 3113 720 puto,
3142 660 3369 721 apparet
3402 659 3667 723 praestan-

2003 738 2135 803 tior,
2168 745 2219 793 et
2248 741 2423 794 omnis
2458 740 2560 796 illa
2590 741 2735 811 quies
2757 738 3088 809 spiritualis,
3117 740 3360 795 omnibus
3384 740 3667 812 perturba-

2002 827 2237 883 tionibus
2250 836 2298 883 et
2312 829 2593 885 erroribus
2613 828 2834 883 liberam
2851 828 3201 894 demonstrat,
3222 847 3325 883 non
3342 831 3661 897 marcidum,

1999 918 2049 969 et
2076 918 2235 987 quasi
2284 934 2511 989 segnem,
2570 925 2619 973 et
2676 917 2978 988 torpidam,
3025 924 3074 971 et
3110 917 3439 988 implicatam
3468 920 3604 989 facit
3645 936 3664 975 :

1997 1006 2190 1076 quippe
2215 1008 2304 1061 cui
2334 1008 2539 1077 sufficit
2600 1007 2825 1079 perfrui
2855 1008 3018 1061 etiam
3067 1007 3185 1077 ipsa
3216 1006 3468 1062 libertate
3506 1025 3663 1079 quam

1995 1094 2193 1166 adepta
2248 1104 2343 1162 est,
2371 1114 2486 1152 cum
2522 1097 2718 1152 mundo
2743 1103 2792 1151 et
2814 1112 3031 1166 corpore
3056 1104 3206 1152 caret
3247 1119 3265 1159 ;
3297 1114 3422 1151 nam
3455 1097 3664 1155 intelle-

1998 1190 2141 1238 ctum
2171 1200 2239 1240 ea
2264 1186 2432 1255 pasci,
2474 1193 2524 1241 et
2550 1202 2746 1257 ponere
2774 1202 2830 1240 os
2878 1186 3174 1256 spirituale
3205 1185 3275 1239 ad
3302 1188 3509 1257 fontem
3534 1187 3662 1241 vitae

1994 1272 2299 1342 prudenter
2313 1274 2530 1341 dixisti,
2549 1275 2645 1329 ubi
2654 1281 2729 1329 est
2740 1274 2881 1346 felix
2892 1282 2943 1328 et
2958 1273 3111 1328 beata
3120 1275 3459 1345 proprietate
3469 1275 3663 1330 mentis

1992 1376 2126 1418 suae.
2159 1362 2309 1418 Nam
2336 1363 2627 1434 aliquando
2650 1380 2745 1434 ego
2775 1363 3071 1419 Servilium
3112 1363 3356 1433 fratrem
3385 1371 3503 1435 post
3550 1365 3664 1434 ejus

1993 1450 2199 1506 exitum
2222 1469 2324 1522 per
2352 1454 2617 1508 somnium
2640 1452 2754 1507 vidi
2781 1453 2953 1507 adhuc
2990 1453 3196 1523 positus
3228 1455 3283 1507 in
3312 1455 3656 1516 monasterio,

1992 1540 2089 1609 qui
2118 1540 2269 1595 dixit
2288 1542 2429 1611 quod
2461 1558 2554 1597 nos
2583 1559 2682 1612 per
2711 1542 2981 1596 rationem
3016 1541 3316 1596 laboremus
3347 1542 3560 1596 tendere
3588 1543 3658 1596 ad

1994 1628 2348 1695 intellectum,
2363 1647 2414 1684 se
2430 1638 2613 1686 autem
2631 1638 2680 1685 et
2711 1630 2842 1685 tales
2866 1631 2921 1685 in
2938 1631 3053 1701 ipsa
3074 1630 3534 1701 contemplationis
3562 1631 3657 1688 de-

1995 1714 2275 1772 lectatione
2298 1735 2533 1773 manere.

2064 1807 2151 1861 i2.
2202 1807 2331 1862 Peto
2377 1825 2579 1879 quoque
2626 1816 2683 1863 ut
2734 1814 2858 1880 quot
2887 1807 3060 1863 modis
3108 1808 3378 1878 sapientia
3416 1807 3655 1877 dicatur,

1990 1895 2237 1950 ostendas
2262 1896 2401 1951 mihi
2420 1914 2439 1962 ;
2469 1904 2532 1952 ut
2556 1898 2829 1967 sapientia
2862 1897 3023 1962 Deus,
3046 1904 3103 1952 ut
3133 1898 3413 1967 sapientia
3437 1900 3660 1953 animus

1987 1985 2227 2055 sapiens,
2259 1987 2513 2056 quomodo
2537 1986 2752 2042 dicitur
2781 1993 2839 2042 ut
2872 1986 2988 2049 lux,
3021 1992 3081 2042 ut
3111 1986 3380 2056 sapientia
3426 1986 3657 2042 Beseleel

1987 2073 2085 2143 qui
2107 2072 2410 2142 fabricatus
2428 2080 2502 2129 est
2544 2074 2998 2140 Tabernaculum,
3032 2075 3113 2129 vel
3123 2077 3569 2145 unguentarium,
3595 2082 3655 2130 ut

1986 2162 2260 2233 sapientia
2287 2163 2614 2229 Salomonis,
2631 2164 2710 2218 vel
2737 2164 2901 2235 siqua
2930 2171 3003 2219 est
3034 2164 3173 2229 alia,
3198 2171 3247 2219 et
3267 2164 3403 2235 quid
3429 2165 3655 2219 invicem

1985 2250 2187 2306 distent
2221 2268 2238 2305 :
2270 2259 2317 2307 et
2346 2262 2533 2309 utrum
2565 2270 2673 2308 una
2700 2254 2797 2308 illa
2825 2254 3099 2323 sapientia
3122 2260 3329 2308 aeterna
3348 2270 3468 2308 cum
3490 2253 3657 2308 Patre
3724 2249 3735 2255 ’

1987 2340 2049 2395 in
2063 2340 2153 2395 his
2170 2341 2440 2411 gradibus
2458 2342 2809 2414 intelligenda
2821 2343 2914 2406 sit,
2933 2342 3186 2413 quomodo
3200 2342 3414 2397 diversa
3430 2359 3656 2398 munera

1986 2427 2253 2484 dicuntur
2282 2431 2527 2501 Spiritus
2555 2432 2732 2485 sancti
2754 2432 2851 2501 qui
2870 2430 3067 2485 dividit
3106 2430 3395 2501 unicuique
3419 2433 3656 2502 propria

1980 2525 2149 2589 prout
2166 2518 2303 2573 vult.
2317 2519 2409 2573 An
2422 2526 2642 2590 excepta
2672 2519 2771 2573 illa
2787 2519 2900 2574 sola
2924 2519 3209 2590 sapientia
3236 2537 3354 2591 qua:
3385 2519 3533 2590 facta
3548 2538 3655 2576 non

1985 2612 2080 2673 est,
2110 2608 2229 2662 ista:
2258 2607 2424 2677 factae
2456 2614 2608 2673 sunt,
2631 2616 2680 2663 et
2701 2608 2992 2679 propriam
3032 2607 3225 2673 habent
3251 2608 3608 2665 substantiam
3628 2610 3657 2665 τ

1986 2713 2058 2750 an
2086 2697 2273 2765 effecta
2293 2704 2418 2751 sunt
2442 2704 2492 2752 et
2512 2715 2577 2752 ex
2592 2697 2902 2767 definitione
2914 2698 3092 2768 operis
3104 2705 3418 2769 acceperunt
3436 2696 3464 2752 ‘l
3475 2698 3654 2755 Multa

1987 2786 2239 2855 requiro;
2269 2785 2357 2841 det
2389 2785 2493 2841 tibi
2518 2787 2839 2841 Dominuset
2863 2787 3111 2856 gratiam
3139 2786 3477 2850 inveniendi,
3500 2795 3549 2841 et
3562 2804 3655 2841 sa-

1982 2875 2257 2944 pientiam
2276 2875 2545 2942 dictandi,
2561 2882 2610 2929 et
2623 2876 2692 2929 ad
2709 2892 2800 2929 nos
2812 2876 3062 2930 celeriter
3072 2876 3374 2931 scribendi.
3394 2876 3654 2947 Imperite

1985 2971 2035 3019 et
2061 2964 2260 3019 rustice
2274 2966 2476 3034 scripsi
2499 2982 2511 3019 :
2540 2964 2627 3019 sed
2650 2964 2781 3035 quia
2795 2964 3047 3035 dignaris
3066 2982 3218 3019 nosse
3241 2965 3370 3035 quid
3386 2982 3649 3036 quaeram,

1980 3069 2083 3124 per
2114 3052 2396 3109 Christum
2426 3053 2716 3109 Dominum
2748 3052 2957 3108 obsecro
2984 3058 3044 3108 ut
3072 3054 3131 3107 in
3166 3053 3251 3108 his
3278 3056 3525 3125 corrigas
3546 3071 3647 3120 me,

1984 3149 2034 3196 et
2064 3141 2251 3197 doceas
2281 3142 2419 3214 quod
2450 3142 2719 3213 intelligis
2748 3159 2830 3199 me
2862 3144 3002 3197 scire
3039 3158 3249 3213 cupere.

2484 3270 2817 3326 EPISTOLA
2843 3271 2999 3325 cux
3016 3269 3035 3288 ·
3057 3268 3161 3339 (a).

1988 3393 2327 3466 Augustinus
2354 3393 2581 3459 Evodio,
2596 3392 2917 3465 respondens
2942 3393 3013 3447 ad
3032 3392 3352 3465 quaestiones
3377 3391 3443 3447 de
3461 3392 3653 3448 anima

2232 3484 2407 3539 soluta
2435 3500 2675 3554 corpore,
2716 3491 2767 3539 et
2798 3483 2860 3537 de
2886 3484 3016 3537 visis
3044 3481 3392 3555 prodigiosis.

1987 3607 2238 3663 Domino
2260 3607 2686 3673 beatissimo,et
2701 3605 3024 3662 venerabili
3052 3622 3121 3661 ac
3137 3604 3517 3661 desiderabili
3536 3604 3651 3662 fra-

2060 3696 2127 3752 tri
2146 3712 2215 3751 ac
2232 3695 2643 3751 consacerdoti
2658 3710 2793 3750 meo
2808 3696 3043 3758 Evomo,
3059 3697 3116 3750 et
3133 3698 3327 3749 tecum
3342 3694 3645 3758 fratribus,

2058 3790 2427 3849 AUGUSTINUS,
2476 3788 2532 3839 et
2576 3799 2812 3839 mecum
2852 3783 3083 3850 fratres,
3117 3782 3177 3837 in
3206 3782 3459 3838 Domino
3491 3782 3648 3838 salu-

2061 3879 2203 3929 tem.

2064 4003 2109 4054 t.
2142 3999 2337 4054 Frater
2364 3997 2476 4052 iste
2528 3996 2773 4052 nomine
2808 3994 3121 4059 Barbarus,
3167 4009 3373 4051 servus
3430 3994 3528 4050 Dei
3561 3997 3649 4051 est

1982 4088 2108 4159 jam
2132 4086 2238 4142 diu
2255 4086 2420 4159 apud
2437 4087 2767 4158 Hipponem
2784 4085 3222 4148 constitutu3,et
3236 4083 3399 4140 verbi
3417 4084 3519 4139 Dei
3540 4083 3649 4139 fer-

1987 4177 2162 4232 vidus
2178 4193 2246 4232 ac
2261 4176 2565 4231 studiosus
2581 4175 2837 4231 auditor.
2852 4173 3216 4229 Desideravit
3229 4173 3307 4229 ad
3321 4177 3485 4229 tuam
3504 4174 3648 4229 San-

1986 4267 2237 4322 ctitatem
2252 4266 2472 4322 litteras
2487 4265 2805 4324 nostras;in
2822 4262 3039 4334 quibus
3059 4262 3157 4318 tibi
3172 4279 3307 4317 eum
3326 4262 3383 4317 in
3403 4263 3647 4318 Domino

1987 4355 2506 4420 commendamus,
2542 4353 2767 4424 tibique
2799 4367 2905 4422 per
2939 4367 3073 4406 eum
3093 4351 3349 4406 salutem
3376 4351 3645 4406 debitam

1986 4442 2509 4498 dicimus.Litteris
2532 4446 2732 4496 autem
2761 4438 3098 4495 Sanctitatis
3133 4444 3267 4502 tum,
3301 4438 3521 4509 quibus
3553 4438 3646 4492 in-

1986 4538 2211 4604 gentes,
2246 4530 2475 4586 texuisti
2504 4527 3263 4601 quaestiones,respondere
3288 4527 3644 4597 operosissi-

1987 4638 2153 4677 mum
2182 4626 2286 4685 est,
2318 4619 2497 4675 etiam
2527 4618 2752 4682 otiosis,
2776 4620 2832 4672 et
2858 4616 3045 4672 multo
3072 4616 3301 4687 majore
3333 4632 3517 4688 quam
3532 4632 3645 4673 nos

1984 4725 2208 4777 sumus,
2260 4705 2522 4779 praeditis
2554 4704 2834 4761 facultate
2863 4703 3193 4759 disserendi
3220 4708 3273 4759 et
3304 4703 3641 4761 acrimonia

1986 4796 2370 4867 intelligendi.
2402 4798 2661 4850 Duarum
2680 4808 2824 4848 sane
2842 4792 3232 4864 epistolarum
3254 4797 3495 4849 tuarum
3514 4792 3643 4863 qui-

1985 4888 2099 4942 bus
2117 4886 2302 4941 multa
2314 4890 2369 4940 et
2392 4898 2614 4953 magna
2628 4883 2959 4954 conquiris,
2976 4898 3093 4938 una
3114 4882 3314 4937 nescio
3331 4880 3641 4952 quomodo

1984 4975 2302 5037 aberravit,
2331 4978 2388 5030 et
2412 4972 2777 5045 diuqusesita
2794 4986 2913 5026 non
2941 4970 3125 5042 potuit
3146 4970 3416 5041 reperiri:
3454 4967 3641 5023 altera

1984 5080 2145 5129 vero,
2161 5079 2295 5136 qua:
2309 5063 2550 5118 inventa
2562 5065 2669 5127 est,
2684 5058 2867 5115 habet
2893 5057 3485 5115 commendationem
3503 5070 3640 5111 sua-

1984 5154 2287 5210 vissimam
2319 5151 2473 5207 servi
2498 5150 2592 5205 Dei
2616 5149 2758 5205 boni
2786 5151 2847 5204 et
2868 5147 3014 5204 casti
3041 5145 3456 5211 adolescentis,
3485 5160 3639 5217 quo-

1985 5242 2167 5300 modo
2198 5257 2271 5298 ex
2295 5241 2407 5297 hac
2439 5238 2559 5296 vita
2586 5237 2947 5308 migraverit,
2990 5239 3045 5291 et
3071 5232 3295 5306 quibus
3334 5232 3637 5291 visionum

2046 5458 2076 5490 ’³⁵
2108 5455 2387 5506 Recensita
2402 5453 2469 5504 ad
2503 5452 2672 5503 bl.cc.
2705 5450 2787 5500 cb.
2822 5449 2874 5499 if.
2896 5463 2985 5514 gg.
3017 5462 3065 5499 r.
3094 5448 3173 5499 sb.
3202 5449 3437 5500 vc.duos
3457 5453 3494 5501 t.
3528 5454 3635 5501 tres

1984 5535 2032 5568 v.
2066 5522 2117 5569 et
2142 5517 2208 5568 ad
2234 5520 2349 5566 Am.
2380 5516 2504 5566 Bad.
2539 5515 2621 5564 Er.
2656 5515 2787 5564 Lov.

2043 5583 2115 5642 (a)
2146 5581 2288 5631 Alias
2314 5581 2401 5628 100
2431 5592 2445 5628 :
2474 5591 2592 5643 quia
2620 5579 2805 5628 autem
2824 5576 2915 5626 159
2945 5577 3075 5640 erat,
3104 5587 3251 5629 nunc
3284 5576 3394 5627 133.
3425 5576 3634 5641 Scripta

1980 5644 2464 5709 postsuperiorem.
