4098 6166
521 193 627 247 699

483 311 918 373 'fraternarum
975 311 1451 371 attestationibus
1499 310 1775 368 meritum
1815 309 1944 380 ejus
2002 301 2173 359 vobis

519 406 809 462 insinuari
826 400 1325 476 potuerit.Deinde
1339 417 1408 457 ex
1422 402 1536 458 hac
1549 402 1863 458 occasione
1883 390 2172 469 proponis

521 501 577 552 et
625 509 827 550 versas
859 493 930 547 de
960 492 1166 547 anima
1212 491 1704 547 obscurissimam
1750 487 2170 562 quaestionem,

520 588 717 639 utrum
751 597 887 637 eum
920 581 1121 653 aliquo
1167 596 1415 652 corpore
1465 581 1804 649 egrediatur
1834 593 1864 633 e
1900 588 2171 647 corpore,

519 688 639 744 quo
661 671 846 743 possit
877 671 952 727 ad
980 671 1310 741 corporalia
1336 670 1469 725 loca
1497 670 1650 735 ferri,
1675 669 1768 724 vel
1785 668 1933 724 locis
1965 677 2174 735 corpo-

518 760 743 816 ralibus
756 761 1065 815 contineri.
1085 761 1268 829 Hujus
1294 760 1469 829 igitur
1487 759 1568 814 rei
1586 762 1886 822 tractatus,
1903 755 1951 810 si
1973 759 2171 809 tamen

520 850 599 906 ad
629 851 921 922 liquidum
937 865 970 904 a
989 849 1207 905 talibus
1231 849 1440 920 quales
1463 864 1572 904 nos
1588 864 1823 912 sumus,
1840 841 2173 901 examinari

488 945 492 948 ’
520 945 733 1012 potest,
764 956 972 995 curare
989 944 1167 1010 atque
1186 955 1436 1009 operam
1465 937 2004 1006 negotiosissimam
2039 947 2173 999 pos-

521 1030 688 1092 tulat,
720 1045 789 1084 ac
816 1045 921 1099 per
943 1029 1055 1082 hoc
1100 1031 1363 1082 mentem
1408 1027 1484 1082 ab
1517 1027 1608 1081 his
1671 1020 2172 1096 occupationibus

521 1117 1027 1173 otiosissimam.Si
1044 1121 1244 1171 autem
1258 1116 1508 1171 breviter
1522 1115 1605 1170 vis
1620 1115 1826 1170 audire
1863 1111 2005 1184 quid
2025 1106 2169 1164 mihi

524 1208 811 1270 videatur,
846 1206 1008 1261 nullo
1042 1207 1219 1260 modo
1252 1205 1508 1260 arbitror
1546 1204 1814 1260 animam
1859 1217 1889 1257 e
1920 1212 2171 1270 corpore

524 1297 683 1351 exire
707 1311 842 1351 cum
867 1310 1134 1366 corpore.

591 1385 916 1439 2.Visiones
931 1389 1128 1439 autem
1143 1382 1738 1454 illae,futurorumque
1752 1379 2169 1452 praedictiones

520 1473 828 1544 quomodo
844 1473 1007 1537 ﬁant,
1025 1472 1116 1526 ille
1142 1473 1264 1543 jam
1282 1472 1575 1543 explicare
1601 1467 1973 1539 conetur,qui
2009 1465 2171 1520 novit

519 1578 643 1633 qua
663 1563 715 1617 vi
733 1561 1062 1617 efficiantur
1076 1562 1132 1616 iu
1151 1577 1505 1633 unoquoque
1521 1560 1720 1615 animo
1735 1563 2064 1622 tanta,cum
2081 1570 2169 1609 co-

524 1653 688 1721 gitat.
711 1651 987 1705 Videmus
1006 1652 1184 1712 enim,
1211 1650 1505 1721 planeque
1537 1649 1837 1704 cernimus
1864 1648 1924 1701 in
1952 1661 2018 1700 eo
2046 1643 2171 1698 ﬁeri

521 1757 719 1796 rerum
742 1740 1065 1796 multarum
1084 1740 1425 1810 visibilium,
1457 1746 1511 1793 et
1534 1739 1609 1795 ad
1648 1743 1890 1793 caeteros
1903 1733 2171 1804 corporis

521 1828 721 1887 senius
741 1830 1183 1901 pertinentium,
1203 1829 1665 1884 innumerabiles
1693 1827 2013 1896 imagines:
2035 1837 2171 1895 qum

521 1934 642 1974 non
659 1919 1088 1989 interestquam
1103 1919 1370 1974 ordinate
1387 1919 1475 1973 vel
1491 1917 1723 1973 turbide
1738 1917 1903 1975 ﬁant;
1925 1912 2027 1967 sed
2047 1918 2169 1966 tan-

524 2008 804 2078 tumquia
821 2007 989 2072 ﬁunt,
1018 2007 1180 2079 quod
1202 2007 1586 2062 manifestum
1605 2010 1713 2071 est,
1737 2019 1858 2076 qua
1883 2003 1937 2057 vi
1957 2006 2172 2073 etquo-

523 2096 705 2152 modo
723 2097 1156 2168 ﬁantquisquis
1180 2095 1745 2168 potueritexplicare
1775 2093 1935 2165 (quae
1967 2089 2172 2146 omnia

518 2186 1035 2258 certequotidiana
1053 2191 1381 2258 suntatque
1413 2186 1745 2255 continua),
1782 2182 2171 2250 audeatprae—

523 2290 758 2330 sumere
789 2275 1010 2347 aliquid
1042 2291 1111 2329 ac
1141 2275 1387 2330 definire
1418 2275 1596 2330 etiam
1616 2275 1688 2328 de
1719 2273 1830 2327 illis
1852 2267 2171 2326 rarissimis

521 2365 678 2419 visis.
718 2365 838 2433 Ego
866 2369 1068 2420 autem
1123 2369 1286 2419 tanto
1323 2365 1518 2419 minus
1541 2365 1656 2419 hoc
1690 2361 1906 2425 audeo,
1945 2362 2171 2429 quanto

522 2454 720 2509 minus
749 2454 806 2509 id
834 2470 1077 2525 quoque
1097 2455 1153 2508 in
1178 2455 1348 2508 nobis
1380 2454 1543 2526 quod
1572 2453 1690 2508 vita
1713 2449 2000 2505 continua
2030 2447 2172 2515 vigi-

521 2543 712 2598 lantes
767 2543 1250 2614 dormientesque
1279 2544 1635 2614 experimur,
1671 2555 1792 2612 quo
1847 2542 2019 2609 pacto
2069 2536 2172 2590 ﬁat

521 2632 817 2703 explicare
845 2631 1099 2686 sufﬁcio.
1133 2635 1258 2686 Non
1289 2648 1425 2687 cum
1468 2632 1546 2686 ad
1579 2636 1630 2686 te
1655 2629 1955 2684 dictarum
2014 2626 2169 2680 hanc

525 2721 859 2792 epistolam,
917 2721 1171 2792 teipsum
1227 2721 1430 2776 animo
1481 2720 1828 2782 contuebar,
1859 2721 1909 2771 te
1967 2715 2170 2786 utique

525 2810 769 2866 absente
820 2815 999 2883 atque
1029 2813 1342 2877 nesciente,
1372 2814 1428 2866 et
1478 2806 1792 2882 quomodo
1831 2804 2027 2877 possis
2077 2802 2169 2858 his

521 2899 718 2954 verbis
749 2901 994 2964 moveri,
1028 2900 1360 2957 secundum
1393 2898 1662 2954 notitiam
1693 2911 1828 2967 quae
1860 2891 2088 2948 mihide
2117 2896 2168 2946 te

521 2988 1078 3058 inest,imaginabar
1093 3009 1105 3058 ;
1123 2994 1300 3062 atque
1322 2988 1381 3043 id
1399 3002 1664 3060 quonam
1685 2984 1865 3040 modo
1890 2983 1945 3036 in
1965 2982 2169 3036 animo

523 3094 655 3133 meo
669 3077 1069 3150 ﬁeret,capere
1084 3096 1151 3134 ac
1166 3078 1656 3146 investigarenon
1676 3079 1939 3146 poteram
1952 3074 2168 3137 ,certus

521 3172 720 3223 tamen
754 3184 873 3223 non
905 3169 1031 3224 ﬁeri
1086 3168 1384 3239 corporeis
1422 3165 1701 3228 mulibus,
1745 3177 1854 3218 nec
1897 3158 2167 3231 corporis

517 3257 928 3329 qualitatibus,
962 3275 1100 3313 cum
1139 3256 1372 3329 corpori
1405 3254 1778 3310 simillimum
1812 3253 1975 3306 ﬁeret
2010 3265 2021 3304 :
2053 3249 2167 3304 hoc

516 3347 749 3402 interim
781 3348 1027 3411 habeas,
1065 3352 1125 3402 ut
1148 3347 1224 3402 ab
1251 3352 1545 3415 occupato
1567 3349 1619 3398 et
1642 3342 1954 3396 festinante
1980 3340 2167 3393 dicta-

515 3451 671 3491 rum.
707 3439 768 3490 ln
816 3435 1176 3490 duodecimo
1207 3439 1409 3490 autem
1440 3432 1593 3487 libro
1650 3447 1856 3486 eorum
1889 3445 2043 3499 quos
2093 3425 2166 3481 de

521 3525 730 3579 Genesi
767 3524 997 3596 scripsi,
1031 3530 1298 3580 versatur
1328 3525 1455 3578 haec
1481 3521 1732 3594 quaestio
1763 3518 2162 3578 vehementer,

521 3618 577 3668 et
609 3629 677 3668 ex
713 3614 909 3669 multis
939 3630 1136 3669 rerum
1180 3618 1561 3685 expertarum
1602 3615 1780 3682 atque
1811 3605 2168 3663 credibiliter

520 3703 861 3759 auditarum
875 3703 1161 3775 exemplis
1179 3702 1500 3774 disputatio
1522 3701 1623 3756 illa
1640 3697 1909 3754 silvescit.
1930 3696 2082 3762 Quid
2109 3696 2167 3750 in

520 3808 588 3847 ea
606 3793 978 3864 potuerimus
992 3793 1081 3849 vel
1103 3793 1495 3856 effecerimus,
1530 3807 1667 3846 eum
1685 3787 1914 3858 legeris,
1929 3787 1950 3858 j
1964 3785 2169 3841 udica-

519 3881 611 3937 bis
627 3898 640 3947 ;
659 3882 707 3937 si
725 3886 919 3938 tamen
937 3883 1220 3938 Dominus
1233 3881 1577 3951 dignabitur
1589 3879 1815 3933 donare
1831 3880 2004 3931 uteos
2022 3874 2168 3928 mihi

519 3970 720 4035 libros,
750 3980 1042 4044 quantum
1089 3987 1341 4043 possum
1371 3973 1767 4038 congruenter
1794 3965 2166 4029 emendatos,

511 4059 640 4129 jam
666 4061 837 4117 liceat
867 4061 1056 4125 edere,
1075 4065 1129 4114 et
1153 4058 1475 4115 multorum
1494 4058 1743 4112 fratrum
1774 4052 2163 4124 exspectatio-

522 4164 660 4203 nem
693 4151 961 4220 nonjam
991 4148 1172 4217 longa
1198 4147 1600 4217 disputatione
1634 4143 2023 4215 suspendere.

593 4243 643 4293 3.
674 4237 936 4294 Narrabo
949 4242 1148 4293 autem
1166 4252 1354 4291 unum
1373 4234 1602 4307 aliquid
1619 4233 1873 4288 breviter
1891 4231 2047 4286 unde
2076 4246 2171 4285 co-

522 4326 895 4396 gites.Frater
909 4330 1104 4382 noster
1117 4322 1836 4389 Gennadius,notissimus
1854 4319 1969 4374 fere
1985 4319 2168 4374 omni-

519 4418 654 4482 bus,
671 4417 965 4491 nobisque
988 4417 1379 4472 eharissimus
1396 4414 1684 4477 medicus,
1702 4410 1807 4484 qui
1823 4426 1981 4465 nunc
2006 4409 2170 4480 apud

518 4507 937 4576 Carthaginem
951 4506 1129 4578 degit,
1148 4508 1417 4560 etRomae
1446 4519 1570 4558 sum
1598 4503 1738 4558 artis
1751 4497 2169 4555 exercitatione

519 4597 883 4668 praepolluit,
895 4596 1270 4652 uthominem
1285 4594 1630 4664 religiosum
1647 4591 1820 4656 nosti,
1837 4593 2014 4662 atque
2029 4603 2173 4658 erga

518 4702 855 4758 pauperum
871 4702 1074 4742 curam
1092 4685 1348 4756 impigra
1362 4680 1761 4740 misericordia
1774 4678 2175 4750 facillimoque

521 4775 726 4831 animo
740 4775 1258 4844 benignissimum,
1279 4772 1597 4829 dubitabat
1611 4776 1810 4826 tamen
1823 4766 2168 4840 aliquando,

522 4871 586 4924 ut
617 4865 800 4922 modo
819 4865 991 4920 nobis
1007 4864 1219 4929 retulit,
1245 4879 1383 4918 cum
1406 4862 1603 4919 adhuc
1624 4864 1780 4917 esset
1797 4857 2168 4921 adolescens,

521 4963 576 5014 et
598 4957 658 5012 in
687 4955 779 5012 his
809 4953 1208 5026 eleemosynis
1241 4951 1734 5014 ferventissimus,
1767 4954 1967 5004 utrum
2020 4949 2174 5000 esset

523 5047 642 5104 ulla
664 5046 779 5102 vita
802 5048 1224 5118 postmortem.
1244 5041 1429 5111 Hujus
1445 5041 1622 5111 igitur
1638 5042 1894 5094 mentem
1923 5042 2174 5108 etopera

523 5134 947 5193 misericordim
981 5131 1272 5206 quoniam
1307 5133 1457 5186 Deus
1472 5128 1636 5184 nullo
1653 5127 1832 5183 modo
1856 5127 2170 5188 desereret,

525 5223 962 5299 apparuitilliin
986 5221 1214 5277 somnis
1246 5215 1853 5290 conspicuusjuvenis
1875 5221 1929 5270 et
1952 5215 2172 5284 dignus

525 5315 752 5370 intendi
773 5313 944 5385 eique
971 5312 1119 5367 dixit
1151 5327 1162 5366 :
1196 5312 1451 5380 Sequere
1466 5323 1580 5362 me.
1599 5308 1781 5371 Quem
1798 5304 1944 5359 dum
1969 5317 2174 5374 seque-

523 5407 702 5467 retur,
745 5402 905 5457 venit
934 5401 1010 5456 ad
1050 5398 1381 5471 quamdam
1443 5395 1760 5459 civitatem,
1814 5393 1913 5448 ubi
1970 5391 2174 5448 audire

528 5491 704 5559 coepit
729 5505 764 5545 a
793 5490 1034 5545 dextera
1059 5491 1223 5559 parte
1239 5502 1421 5543 sonos
1445 5483 1816 5541 suavissimae
1841 5480 2172 5550 cantilenae,

527 5577 678 5634 ultra
691 5576 928 5634 solitam
939 5582 1266 5649 notamque
1277 5575 1634 5632 suavitatem
1655 5589 1668 5640 ;
1687 5571 1934 5636 tuncille
1948 5571 2176 5626 intento

528 5663 825 5740 quidnam
875 5667 1043 5728 esset,
1072 5664 1153 5718 ait
1188 5663 1450 5735 hymnos
1498 5677 1624 5720 esse
1653 5661 1967 5720 beatorum
1997 5663 2176 5732 atque

1810 184 1866 240 s.
1907 169 2292 237 AUGUSTINI
2332 167 2651 227 EPISCOPI
3797 173 3883 228 τρο

2284 298 2626 352 sanctorum
2644 313 2656 353 :
2676 292 2920 350 sinistra
2931 296 3124 350 autem
3136 296 3304 366 parte
3315 291 3466 366 quid
3478 306 3539 346 se
3551 290 3754 350 vidisse
3764 300 3889 355 retu-

2281 385 2364 450 lit,
2423 399 2542 440 non
2601 383 2746 439 satis
2804 383 3070 439 memini.
3140 381 3467 451 Evigilavit,
3520 385 3574 436 et
3622 385 3887 440 somnium

2283 473 2429 545 fugit
2458 475 2498 537 ¹,
2537 475 2890 544 tantumque
2912 471 2986 527 de
3015 471 3116 528 illo
3139 461 3440 544 quantum
3474 469 3548 525 de
3579 470 3796 528 somnio
3819 488 3899 530 co-

2283 562 2510 634 gitavit.

2350 653 2402 707 4.
2435 651 2561 707 Alia
2590 665 2729 706 vero
2756 654 2949 716 nocte,
2973 665 3110 705 ecce
3143 649 3299 704 idem
3332 647 3462 720 ipse
3480 648 3714 719 juvenis
3734 649 3900 706 eidem

2280 757 2485 796 rursus
2517 739 2815 812 apparuit,
2849 743 3027 810 atque
3053 738 3130 794 ab
3147 738 3245 794 illo
3261 743 3462 793 utrum
3479 746 3902 807 cognosceretur

2282 830 2667 901 interrogavit
2683 846 2694 884 :
2712 828 3017 900 respondit
3028 830 3132 884 iste
3145 828 3304 900 quod
3320 844 3349 882 e
3360 843 3463 882 um
3479 825 3629 881 bene
3643 825 3903 900 planeque

2281 916 2850 988 cognosceret.Tunc
2868 916 2959 972 ille
2972 917 3252 988 quaesivit
3269 915 3371 971 ubi
3386 931 3450 972 se
3463 915 3794 971 nosset.Nec
3809 932 3905 971 me-

2280 1007 2486 1063 moriae
2499 1005 2840 1078 defuitquid
2853 1004 2959 1061 iste
2974 1004 3293 1060 identidem
3309 1002 3905 1075 responderet;totum-

2280 1110 2395 1167 que
2411 1095 2600 1150 visum
2616 1093 2779 1160 illud,
2795 1093 3181 1166 hymnosque
3202 1098 3554 1148 sanctorum
3569 1092 3642 1146 ad
3660 1108 3803 1164 quos
3819 1108 3902 1146 au-

2278 1184 2532 1240 diendos
2545 1199 2614 1240 eo
2628 1183 2778 1238 duce
2794 1187 3185 1255 venerat,qua
3199 1180 3645 1238 recentissimos
3665 1179 3906 1235 recorda-

2279 1274 2454 1330 batur
2513 1272 2794 1329 facilitate
2827 1272 3104 1327 narravit.
3159 1271 3259 1327 Hic
3295 1271 3407 1326 ’ille
3440 1275 3809 1342 percontatus
3840 1274 3906 1324 est

2281 1369 2623 1419 utrumnam
2646 1361 2706 1416 id
2737 1361 2901 1432 quod
2933 1367 3297 1426 narraverat,
3323 1361 3385 1415 in
3415 1359 3647 1415 somnis
3669 1357 3903 1421 vidisset,

2279 1469 2356 1508 an
2389 1450 2639 1521 vigilans
2673 1468 2685 1506 :
2719 1450 3051 1522 respondit,
3092 1449 3152 1504 in
3184 1449 3442 1505 somnis.
3494 1453 3567 1504 At
3597 1446 3708 1514 ille,
3763 1448 3903 1510 Bene,

2279 1543 2491 1614 inquit,
2513 1540 2750 1596 recolis:
2770 1555 2974 1595 verum
2997 1544 3102 1604 est,
3119 1540 3178 1594 in
3200 1537 3433 1595 somnis
3451 1536 3552 1593 illa
3565 1537 3758 1592 vidisti
3781 1555 3794 1607 ;
3821 1536 3906 1591 sed

2279 1632 2456 1687 etiam
2473 1630 2704 1686 nuncin
2722 1628 2954 1684 somnis
2974 1634 3024 1683 te
3042 1628 3236 1683 videre
3251 1628 3429 1684 scias.
3451 1629 3584 1682 Haec
3598 1642 3729 1682 cum
3743 1625 3906 1680 audis-

2281 1731 2369 1776 set
2391 1721 2519 1784 iste,
2549 1720 2629 1776 ita
2656 1735 2783 1774 esse
2815 1717 3083 1782 credidit,
3117 1723 3298 1789 atque
3328 1717 3390 1772 id
3422 1715 3805 1788 responsione
3831 1713 3906 1769 fir-

2282 1811 2483 1866 mavit.
2526 1812 2686 1865 Tunc
2716 1809 2820 1880 qui
2849 1808 3158 1863 hominem
3185 1806 3470 1871 docebat,
3499 1805 3782 1874 adjecitet
3805 1803 3900 1859 ait:

2282 1899 2491 1956 Ubiest
2519 1899 2700 1954 modo
2729 1895 3292 1969 corpustuum?llle
3322 1893 3668 1966 respondit:
3691 1893 3748 1947 in
3764 1892 3902 1948 cubi-

2279 1988 2413 2044 culo
2445 2003 2595 2042 meo.
2634 1986 2853 2048 Scisne,
2888 1985 3076 2056 inquit
3111 1983 3220 2049 ille,
3246 1985 3306 2039 in
3335 1985 3557 2039 eodem
3583 1983 3902 2053 corpusculo

2282 2093 2440 2132 nunc
2462 2076 2714 2146 illigatos
2727 2091 2876 2141 esse,
2892 2081 2946 2129 et
2967 2075 3219 2137 clausos,
3235 2079 3288 2128 et
3305 2073 3535 2128 otiosos
3557 2069 3756 2127 oculos
3773 2075 3897 2133 tuos,

2279 2165 2544 2237 nihilque
2599 2163 2710 2219 illis
2761 2162 2950 2218 oculis
2991 2168 3043 2217 te
3107 2162 3304 2216 videre
3333 2163 3362 2218 7
3395 2157 3897 2231 Respondit:Scio.

2280 2255 2442 2310 Tunc
2471 2255 2561 2309 ille
2595 2271 2607 2309 :
2645 2253 2751 2318 Qui
2786 2255 2924 2306 sunt
2953 2266 3112 2322 ergo,
3151 2251 3365 2322 inquit,
3398 2250 3492 2305 isti
3525 2247 3678 2304 oculi
3716 2246 3900 2319 quibus

2279 2359 2376 2399 me
2402 2343 2562 2398 vides
2583 2343 2610 2394 Ψ
2639 2340 2726 2396 Ad
2754 2341 2866 2396 hoc
2899 2340 3005 2395 iste
3033 2355 3153 2394 non
3179 2336 3497 2393 inveniens
3529 2336 3669 2408 quid
3697 2350 3899 2406 respon-

2279 2432 2462 2497 deret,
2479 2430 2744 2487 obticuit.
2761 2427 3190 2493 Cuihaasitanti,
3211 2425 3304 2482 ille
3324 2425 3489 2498 quod
3504 2425 3597 2481 his
3619 2425 3898 2491 interroga-

2280 2521 2543 2577 tionibus
2569 2520 2781 2576 docere
2817 2517 3187 2583 moliebatur,
3221 2517 3496 2587 aperuit;
3528 2521 3582 2570 et
3613 2513 3894 2569 continuo:

2281 2610 2676 2681 Sicut,inquit,
2693 2606 3150 2663 illioculicarnis
3172 2611 3285 2660 tuae
3301 2603 3582 2676 utiquein
3602 2591 3894 2657 dormiente

2277 2705 2454 2770 atque
2485 2701 2543 2753 in
2573 2696 2787 2753 lectulo
2817 2695 3072 2766 jacente,
3106 2709 3265 2748 nunc
3292 2697 3534 2757 vacant,
3569 2706 3674 2746 nec
3703 2688 3894 2760 aliquid

2275 2794 2617 2860 operantur,
2646 2790 2702 2842 et
2723 2790 2923 2840 tamen
2951 2784 3193 2839 suntisti
3213 2783 3438 2855 quibus
3467 2797 3562 2836 me
3585 2777 3830 2842 intueris,
3850 2780 3896 2830 et

2275 2878 2390 2933 ista
2422 2880 2599 2932 uteris
2633 2876 2856 2930 visione
2887 2891 2899 2939 ;
2928 2873 3007 2929 ita
3039 2888 3175 2928 cum
3199 2870 3520 2927 defunctus
3548 2870 3738 2933 fueris,
3777 2864 3894 2922 nihil

2273 2967 2586 3037 agentibus
2600 2965 2786 3021 oculis
2807 2963 3002 3018 carnis
3017 2961 3267 3028 tuae_vita
3290 2960 3397 3016 tibi
3420 2960 3592 3016 inerit
3605 2973 3720 3030 qua
3736 2956 3890 3016 vivas,

2273 3071 2602 3127 sensusque
2646 3069 2767 3126 quo
2837 3051 3076 3107 sentias.
3137 3051 3288 3104 Cave
3336 3049 3471 3119 jam
3526 3046 3792 3114 deinceps
3834 3055 3891 3095 ne

2271 3143 2508 3200 dubites
2534 3146 2714 3198 vitam
2750 3155 2986 3197 manere
3019 3143 3155 3211 post
3185 3143 3465 3195 mortem.
3501 3138 3584 3192 Ita
3607 3133 3716 3190 sibi
3740 3133 3891 3188 homo

2272 3233 2465 3289 ﬁdelis
2496 3233 2760 3289 ablatam
2784 3230 2925 3286 dicit
2953 3229 3130 3300 hujus
3162 3227 3244 3283 rei
3285 3227 3718 3282 dubitationem
3749 3232 3885 3291 :quo

2271 3323 2542 3387 docente,
2574 3321 2682 3376 nisi
2706 3318 3080 3392 providentia
3110 3322 3165 3372 et
3189 3315 3607 3372 misericordia
3631 3310 3771 3368 Dei?

2341 3412 2394 3465 5.
2420 3413 2534 3467 Ista
2551 3409 2889 3466 narratione
2901 3407 3112 3463 dixerit
3129 3405 3349 3477 aliquis
3369 3411 3549 3461 tantae
3572 3402 3651 3458 rei
3669 3415 3768 3456 nos
3786 3409 3882 3451 non

2272 3501 2538 3565 solvisse,
2568 3498 2671 3555 sed
2700 3497 2958 3553 vinxisse
2986 3499 3007 3531 ²
3037 3495 3452 3568 qumstionem.
3498 3493 3883 3548 Verumtamen

2271 3606 2407 3645 cum
2434 3589 2526 3643 his
2557 3587 2751 3644 verbis
2782 3586 3040 3651 credere,
3075 3583 3163 3639 vel
3191 3598 3313 3638 non
3365 3582 3630 3644 credere,
3662 3577 3882 3633 liberum

2272 3680 2487 3750 cuique
2510 3677 2613 3743 sit;
2635 3677 2904 3748 seipsum
2920 3675 3179 3745 quisque
3201 3672 3534 3743 habet,quo
3550 3685 3608 3725 se
3622 3657 3883 3724 avocetad

2272 3767 2807 3842 profundissimam
2837 3764 3260 3836 quaestionem.
3297 3764 3358 3817 Et
3390 3760 3596 3830 vigilat
3628 3758 3812 3815 homo,
3840 3751 3883 3842 et

2271 3835 2493 3913 dormit
2520 3857 2700 3912 homo
2719 3835 3003 3926 quotidie,
3020 3857 3075 3907 et
3092 3852 3309 3922 cogitat
3333 3849 3522 3905 homo
3545 3865 3558 3904 :
3583 3846 3734 3902 dicat
3756 3835 3883 3896 unde

2273 3947 2418 4002 ﬁant
2437 3946 2547 4001 ista
2566 3943 2785 3999 similia
2804 3942 3031 4010 formis,
3048 3940 3265 3996 similia
3288 3937 3678 4011 qualitatibus
3701 3926 3883 3986 similia

2273 4035 2536 4092 motibus
2560 4047 2901 4104 corporum,
2934 4046 3043 4086 nec
3066 4034 3268 4086 tamen
3303 4028 3551 4083 materie
3578 4013 3843 4093 corporali
3869 4027 3880 4104 ς

2271 4125 2428 4180 dicat
2442 4123 2490 4179 si
2507 4103 2775 4194 potesit.Si
2791 4125 2988 4177 autem
3006 4134 3119 4174 non
3135 4115 3500 4190 potest,quid
3515 4130 3577 4170 se
3590 4103 3885 4185 praecipitat

2271 4215 2344 4270 de
2377 4213 2703 4269 rarissimis
2736 4215 2837 4266 aut
2866 4209 3188 4281 inexpertis
3218 4207 3390 4279 quasi
3421 4204 3723 4261 deﬁnitam
3756 4195 3878 4251 ferre

2273 4302 2794 4368 sententiam,cum
2811 4299 3093 4354 continua
3115 4294 3534 4369 etquotidiana
3551 4306 3668 4348 non
3691 4281 3880 4342 solvat?

2272 4396 2390 4463 Ego
2422 4397 2641 4457 autem,
2698 4389 2976 4461 quamvis
3006 4403 3128 4460 quo
3173 4386 3354 4442 modo
3387 4385 3534 4440 ﬁant
3587 4383 3694 4436 ista
3734 4369 3881 4431 veluti

2273 4497 2560 4552 corporea
2573 4481 2698 4535 sine
2721 4493 2989 4549 corpore,
3008 4476 3204 4531 verbis
3221 4490 3469 4546 prorsus
3488 4470 3769 4543 explicare
3782 4474 3880 4552 non

2274 4572 2498 4643 possim
2529 4586 2541 4636 ;
2571 4575 2773 4625 tamen
2801 4567 2948 4622 sicut
2975 4566 3101 4622 seio
3129 4580 3248 4620 non
3271 4579 3342 4620 ea
3365 4577 3612 4633 corpore
3640 4553 3772 4619 fieri,
3797 4548 3881 4605 uti-

2274 4675 2412 4715 nam
2444 4660 2525 4713 sic
2577 4657 2789 4712 scirem
2838 4671 2957 4726 quo
3015 4653 3199 4709 modo
3249 4651 3720 4707 discernerentur
3769 4650 3879 4726 quat

2274 4748 2545 4802 videntur
2559 4721 2888 4819 aliquando
2903 4759 3007 4814 per
3019 4743 3307 4814 spiritum,
3326 4747 3380 4795 et
3395 4755 3499 4811 per
3510 4750 3718 4807 corpus
3729 4721 3880 4784 videri

2275 4841 2557 4908 putantur
2585 4855 2599 4902 ;
2632 4850 2825 4907 quove
2859 4833 3038 4888 modo
3070 4831 3515 4898 distinguantur
3560 4824 3682 4881 visa
3705 4827 3876 4908 eorum

2276 4901 2428 4998 quos
2454 4901 2615 4980 error
2638 4901 3014 4994 velimpietas
3036 4921 3394 4992 plerumque
3410 4914 3650 4976 deludit,
3671 4901 3881 4981 quando

2276 5016 2415 5071 visis
2431 5015 2666 5086 piorum
2693 5019 2869 5083 atque
2896 5013 3240 5066 sanctorum
3257 5005 3470 5062 similia
3490 5004 3753 5076 pleraque
3766 5004 3878 5086 nar-

2277 5105 2782 5175 ranturlquorum
2816 5099 3090 5171 exempla
3130 5097 3176 5152 si
3201 5105 3667 5152 commemorare
3698 5078 3878 5175 volui-s-

2279 5210 2427 5258 sem,
2459 5170 2694 5263 tempus
2727 5190 2869 5246 mihi
2891 5170 3084 5260 potius
3105 5202 3292 5258 quam
3324 5183 3499 5256 copia
3527 5175 3800 5263 defuisset.
3827 5170 3875 5222 tn

2283 5282 2516 5338 Domini
2545 5259 2953 5336 misericordia
2970 5273 3532 5347 vegeteris,domine
3559 5259 3872 5325 beatissime,

2281 5377 2336 5429 et
2363 5369 2718 5428 venerabilis
2745 5373 2802 5423 et
2831 5364 3244 5423 desiderabilis
3267 5361 3462 5418 frater.

2345 5540 2434 5610 *_ln
2453 5539 2573 5610 fdas.
2607 5550 2772 5601 prope
2798 5535 3066 5592 omnibus,
3087 5539 3132 5582 et
3168 5532 3420 5582 somnium
3451 5533 3502 5578 ut
3530 5526 3647 5591 fuit;
3662 5521 3777 5572 forte
3794 5519 3870 5576 Ρτο

2288 5603 2538 5722 “viiii;
2576 5662 2793 5712 auxisse.
2817 5663 2884 5712 At
2908 5661 2963 5711 in
2983 5659 3108 5710 Mss.
3142 5657 3376 5710 melioris
3402 5658 3560 5712 nota,
3588 5642 3793 5700 vinxisse.
