4098 6166
199 181 315 239 701

707 300 1043 359 EPISTULA
1072 299 1201 356 CLX
1238 294 1255 317 '
1293 294 1397 369 (a).

158 426 443 487 ‘Evodius
494 426 817 500 Augustino,
876 441 1085 481 movens
1132 423 1478 495 quaestionem
1540 418 1603 474 de
1657 415 1871 472 ratione

923 521 975 570 et
1014 514 1123 569 Deo
1135 557 1147 571 .

410 637 650 692 Evomus
664 634 978 690 Auausrmo
1007 630 1321 703 Episcopo,
1357 625 1614 683 salutem
1646 626 1686 677 ί.

279 762 332 818 1.
366 760 617 831 Perfecta
638 757 901 814 ratioitla
924 761 1001 812 est
1023 772 1140 827 quae
1167 754 1417 811 omnium
1434 768 1621 807 rerum
1638 754 1867 822 praestat

193 850 571 915 scientiam,et
599 848 831 903 maxime
858 853 1195 902 aeternarum
1222 858 1417 899 rerum
1448 859 1565 913 quae
1596 839 1867 895 intellectu

190 938 779 1011 comprehenduntur:
810 936 947 991 hanc
995 942 1260 991 aeternam
1288 949 1414 996 esse,
1447 938 1710 987 aeternam
1758 944 1867 984 esse

192 1030 451 1086 debuisse
473 1050 496 1098 ;
533 1035 800 1083 aeternum
840 1024 980 1082 illud
1007 1040 1111 1079 esse
1138 1023 1277 1096 quod
1306 1039 1401 1078 nec
1428 1021 1609 1093 cwpit,
1640 1035 1731 1075 nec
1752 1036 1866 1075 mu-

202 1126 392 1185 tatur,
427 1134 521 1174 nec
562 1117 840 1184 variatur,
882 1115 1003 1186 ipsa
1026 1113 1177 1169 docet
1209 1118 1366 1184 atque
1406 1110 1637 1167 ostendit
1668 1110 1815 1164 ratio
1846 1124 1863 1164 :

195 1224 373 1281 quam
405 1217 601 1263 necesse
627 1213 702 1261 est
727 1222 832 1260 esse
849 1212 1131 1269 mternam,
1163 1219 1267 1259 non
1296 1202 1465 1257 solum
1489 1200 1628 1271 quod
1654 1204 1863 1255 mterna

193 1298 391 1354 doceat
421 1304 469 1354 et
497 1297 843 1359 demonstret,
866 1294 959 1349 sed
985 1292 1156 1349 multo
1180 1292 1349 1363 magis
1371 1291 1514 1363 quod
1542 1290 1661 1361 ipsa
1688 1295 1856 1344 teter-

194 1388 355 1442 nitas
391 1403 497 1441 non
533 1392 701 1457 potest
728 1401 833 1440 esse
851 1384 970 1439 sine
998 1380 1416 1452 ratione;quia,
1448 1378 1714 1441 arbitror,
1754 1392 1863 1433 non

193 1483 338 1532 esset
366 1477 671 1540 aetermitas,
697 1475 749 1529 si
764 1474 912 1529 ratio
929 1477 1048 1544 ipsa
1066 1479 1278 1528 aeterna
1292 1487 1399 1525 non
1415 1468 1627 1540 fuisset.
1658 1466 1863 1523 Deinde

192 1565 375 1621 Deum
409 1581 533 1629 esse,
585 1564 666 1619 vel
726 1580 832 1619 esse
859 1562 1124 1629 debuisse,
1155 1578 1248 1615 nec
1299 1560 1469 1615 aliter
1508 1558 1631 1629 fieri
1677 1556 1863 1611 debere

188 1671 366 1725 quam
395 1660 455 1710 ut
481 1656 626 1710 Deus
654 1659 805 1717 esset,
836 1652 982 1708 ratio
1006 1652 1357 1707 demonstrat.
1395 1649 1527 1712 Quae
1546 1648 1727 1718 utique
1751 1647 1859 1701 sive

187 1751 373 1798 essent
404 1744 501 1815 qui
528 1744 619 1799 hoc
633 1743 856 1807 scirent,
883 1742 995 1796 sive
1016 1758 1122 1796 non
1145 1747 1330 1804 essent,
1355 1746 1533 1793 tamen
1556 1754 1675 1793 cum
1703 1743 1860 1792 teter-

188 1850 303 1889 nus
313 1835 385 1889 sit
401 1836 564 1899 Deus,
588 1831 949 1889 dubitandum
965 1847 1068 1886 non
1090 1837 1167 1886 est
1189 1837 1450 1885 aeternam
1477 1844 1582 1882 esse
1594 1826 1859 1881 rationem

185 1940 318 1995 quae
350 1923 519 1980 Deum
556 1938 666 1978 esse
696 1921 1007 1991 ,Oportuisse
1035 1918 1357 1982 intenderet,
1386 1924 1436 1973 et
1468 1917 1550 1973 ita
1586 1923 1644 1971 ut
1673 1914 1763 1971 illi
1808 1932 1860 1969 se

184 2013 592 2069 demonstraret
629 2027 744 2068 esse
771 2017 1122 2067 maternam.

264 2106 325 2157 2.
356 2102 493 2157 Sunt
511 2107 689 2158 autem
714 2100 956 2173 quaedam
983 2116 1101 2171 quae
1127 2098 1338 2153 ratione
1356 2102 1618 2168 coguntur
1631 2102 1692 2151 ut
1720 2097 1855 2164 sint,

185 2198 251 2247 ut
277 2192 531 2247 anterior
557 2192 630 2247 sit
662 2192 826 2254 ratio,
845 2197 894 2245 et
924 2191 1138 2259 effectus
1148 2187 1417 2259 posterior
1444 2189 1564 2256 ejus
1595 2185 1679 2241 rei
1695 2202 1857 2256 quam

183 2280 447 2350 futuram
475 2297 579 2336 esse
607 2280 838 2336 ostendet
860 2280 1036 2335 ratio:
1062 2285 1120 2334 ut
1152 2278 1305 2332 verbi
1331 2278 1538 2349 gratia,
1557 2293 1675 2332 cum
1702 2292 1855 2329 mun-

183 2370 299 2426 dus
335 2370 514 2441 factus
528 2371 787 2437 est,ratio
802 2370 987 2425 habuit
1018 2376 1077 2424 ut
1102 2370 1252 2440 ﬁeret
1268 2366 1514 2422 mundus.
1538 2367 1707 2422 Prior
1731 2382 1855 2436 ergo

186 2460 350 2515 ratio
380 2478 536 2532 quam
554 2460 783 2516 mundus
803 2467 896 2515 est.
935 2460 1016 2515 Ea
1029 2476 1152 2529 ergo
1168 2457 1455 2530 queescivit
1487 2457 1632 2511 ratio
1658 2455 1852 2526 futura

187 2565 321 2613 esse,
356 2548 629 2606 subsecuta
649 2557 799 2617 sunt,
828 2549 973 2606 utsit
998 2550 1253 2620 princeps
1276 2548 1443 2613 ratio,
1458 2553 1635 2618 postea
1658 2544 1856 2600 mundi

186 2639 467 2710 operatio.
503 2639 627 2694 Jam
660 2656 797 2694 nunc
825 2639 1077 2711 quoniam
1102 2638 1248 2693 ratio
1268 2637 1498 2693 ostendit
1537 2638 1705 2691 Deum
1725 2651 1851 2699 esse,

190 2728 281 2784 vel
313 2745 508 2784 necesse
536 2746 639 2784 esse
672 2736 732 2784 ut
768 2730 907 2783 Deus
953 2734 1100 2794 esset,
1134 2727 1265 2799 quid
1289 2728 1381 2782 cui
1416 2741 1788 2799 praeponemus
1826 2725 1854 2781 ?

187 2818 467 2873 rationem
494 2818 622 2884 Deo,
662 2824 758 2873 aut
782 2818 1052 2872 rationem
1082 2816 1298 2885 mundo,
1330 2834 1400 2871 an
1426 2818 1595 2872 Deum
1623 2815 1851 2881 rationi,

187 2911 315 2964 sine
355 2924 459 2979 qua
493 2907 659 2963 Deum
690 2906 1003 2962 nullatenus
1031 2922 1134 2961 esse
1158 2905 1435 2977 probabile
1465 2914 1537 2960 est
1566 2905 1594 2960 ?
1623 2906 1675 2959 si
1714 2906 1855 2960 enim

189 2997 374 3054 Deum
390 3012 497 3051 esse
537 3004 821 3061 aeternum,
848 3003 922 3052 est
952 2998 1167 3051 ratione
1184 3012 1287 3051 esse
1312 3002 1598 3058 zeternum,
1625 3012 1742 3066 qua:
1781 3002 1855 3050 est

190 3086 351 3142 ratio
376 3088 404 3144 ?
427 3086 573 3157 Ergo
602 3086 845 3141 autDeus
873 3093 970 3151 est,
1003 3092 1100 3140 aut
1128 3085 1231 3141 Dei
1257 3093 1348 3151 est,
1380 3085 1569 3157 utipsa
1599 3084 1743 3140 docet
1768 3101 1858 3139 rae

194 3176 275 3232 tio
317 3194 339 3231 :
373 3192 490 3247 qum
517 3175 565 3230 si
595 3175 713 3246 ipsa
740 3181 815 3230 est
837 3175 1001 3239 Deus,
1027 3176 1172 3230 ratio
1196 3174 1428 3230 ostendit
1446 3175 1617 3229 Deum
1634 3190 1738 3228 esse
1765 3190 1857 3228 ra-

195 3268 421 3331 tionem,
454 3272 502 3320 et
529 3272 747 3337 possunt
778 3266 883 3320 ista
902 3269 1135 3338 cowvazet
1158 3271 1421 3319 cowterna
1434 3279 1560 3318 esse.
1593 3262 1652 3318 Si
1676 3270 1857 3319 autem

197 3356 308 3411 Dei
336 3362 410 3410 est
440 3354 745 3410 similitudo
764 3354 873 3410 haec
899 3354 1311 3418 ratio,ostendit
1330 3353 1597 3409 rationem
1630 3353 1732 3409 Dei
1748 3370 1858 3409 esse

193 3444 485 3500 similiter:
502 3445 667 3501 ethoc
686 3446 793 3500 erit
803 3460 1034 3500 coaevum
1046 3452 1094 3500 et
1115 3450 1463 3500 coaeternum.
1481 3442 1649 3498 Deum
1677 3452 1856 3499 autem

193 3551 305 3589 esse
334 3533 589 3589 similiter
611 3534 736 3606 fieri
759 3550 867 3589 non
888 3550 1051 3605 posse,
1080 3533 1185 3588 nisi
1213 3540 1345 3589 esset
1376 3534 1531 3599 Deus,
1562 3533 1681 3604 ipsa
1708 3533 1854 3589 ratio

190 3623 426 3680 ostendit
449 3644 469 3682 :
488 3641 604 3695 quae
635 3624 787 3679 ratio
823 3627 872 3678 si
899 3628 1213 3695 auferatur,
1240 3622 1378 3694 quod
1400 3622 1551 3677 dictu
1572 3624 1725 3695 nefas
1754 3629 1848 3688 est,

192 3730 306 3769 non
343 3712 449 3769 erit
506 3713 667 3779 Deus,
707 3714 761 3768 si
817 3714 964 3769 ratio
1008 3729 1110 3768 non
1162 3713 1456 3768 ostenderit
1512 3729 1711 3767 necesse
1748 3728 1852 3767 esse

190 3804 387 3857 Deum.
427 3803 572 3858 Tunc
609 3819 734 3873 ergo
767 3802 908 3858 Deus
946 3809 1039 3867 est,
1072 3818 1191 3857 cum
1219 3818 1333 3873 ejus
1360 3809 1505 3856 ratio
1533 3802 1760 3857 ostendit
1792 3808 1850 3857 ut

189 3892 265 3947 sit
298 3891 459 3947 Deus.
488 3893 634 3948 Deus
673 3908 797 3963 ergo
825 3892 955 3963 quia
978 3899 1053 3947 est
1086 3907 1097 3946 :
1131 3892 1246 3946 sine
1266 3891 1427 3946 dubio
1446 3897 1519 3946 est
1549 3891 1695 3946 ratio
1731 3908 1848 3962 quae

191 3981 382 4037 docuit
401 3982 531 4053 quia
550 3989 644 4038 est.

267 4070 322 4127 3.
348 4070 492 4137 Quid
515 4088 639 4142 ergo
679 4078 775 4138 est,
806 4071 854 4127 si
882 4071 997 4128 dici
1016 4078 1205 4143 potest,
1242 4071 1299 4125 in
1328 4069 1435 4125 Deo
1458 4070 1718 4141 primum,
1752 4088 1849 4127 ra-

191 4160 291 4226 tio,
318 4176 392 4215 an
420 4162 563 4217 Deus
586 4161 613 4216 ?
652 4160 751 4217 Sed
781 4162 922 4218 Deus
950 4178 1057 4216 non
1081 4159 1208 4228 erit,
1235 4160 1351 4215 nisi
1366 4161 1540 4233 fuerit
1562 4161 1708 4216 ratio
1730 4178 1847 4233 qum

192 4249 377 4305 doceat
413 4250 585 4306 Deum
622 4267 727 4306 esse
771 4250 974 4306 debere.
1009 4251 1171 4307 Ratio
1199 4267 1397 4322 quoque
1427 4267 1533 4307 non
1572 4252 1704 4316 erit,
1738 4252 1848 4307 nisi

195 4338 338 4396 Deus
353 4340 486 4396 erit.
502 4340 667 4396 Nihil
686 4356 809 4412 ergo
822 4341 907 4396 ibi
915 4341 1173 4411 primum,
1190 4348 1240 4397 et
1249 4348 1595 4411 postremum.
1626 4340 1848 4396 Natura

192 4444 326 4500 ergo
357 4428 468 4484 haec
502 4428 694 4484 divina
730 4429 895 4485 simul
923 4428 1301 4501 quodammodo
1328 4430 1478 4486 habet
1508 4437 1556 4485 et
1582 4431 1846 4485 rationem

192 4526 242 4574 et
280 4518 473 4574 Deum.
494 4519 671 4575 Unum
706 4524 888 4575 autem
909 4535 1080 4576 unum
1095 4528 1334 4591 generat,
1353 4527 1449 4576 aut
1478 4519 1625 4575 ratio
1655 4522 1843 4583 Deum,

192 4614 287 4661 aut
319 4608 461 4663 Deus
486 4607 773 4663 rationem.
812 4607 1121 4678 Subjectum
1160 4612 1359 4674 autem,
1400 4617 1495 4665 aut
1530 4610 1590 4663 in
1617 4608 1845 4680 subjecto

193 4694 341 4764 forte
368 4696 591 4752 dicatur
618 4697 768 4752 ratio
792 4705 842 4752 et
868 4698 1029 4753 Deus.
1055 4698 1197 4753 Deus
1224 4702 1275 4753 et
1301 4698 1445 4753 ratio
1466 4716 1605 4754 unus
1620 4698 1677 4753 in
1715 4715 1841 4754 uno.

201 4783 335 4840 Bene
368 4793 548 4842 autem
588 4786 727 4842 Deus
754 4792 979 4857 generat
1008 4786 1274 4843 rationem
1298 4802 1320 4844 .'
1344 4788 1471 4858 quia
1505 4788 1652 4844 ratio
1677 4792 1842 4845 Deum

196 4889 301 4928 esse
333 4873 678 4932 demonstrat.
726 4876 1075 4948 Intelligitur
1108 4883 1285 4932 autem
1316 4876 1457 4932 Deus
1480 4894 1514 4931 a
1543 4877 1761 4934 ratione
1784 4885 1844 4935 ut

194 4961 380 5018 Filius
406 4980 439 5018 a
460 4966 659 5030 Patre,
688 4972 737 5022 et
766 4966 914 5020 ratio
941 4982 976 5020 a
1000 4966 1119 5031 Deo,
1156 4971 1213 5020 ut
1224 4964 1392 5020 Pater
1420 4984 1455 5019 α
1483 4966 1665 5024 Filio.
1699 4969 1841 5023 Nam

190 5059 240 5108 et
266 5052 385 5125 ipsa
410 5055 559 5110 ratio
586 5070 707 5111 cum
736 5054 850 5110 Deo
890 5054 1033 5111 Deus
1063 5060 1154 5109 est.
1184 5055 1366 5128 Neque
1390 5057 1533 5111 enim
1563 5056 1707 5113 Deus
1732 5057 1843 5112 ali-

1348 5167 1378 5205 Ο

250 5270 272 5337 ί·
300 5265 648 5337 Salutatiouis
677 5268 917 5337 formula
943 5269 1277 5337 desideratur
1306 5271 1358 5320 in
1396 5271 1518 5337 Mss.
1557 5271 1840 5337 solumque

186 5328 417 5396 habetur
444 5345 454 5379 :
492 5330 730 5396 Epistola
752 5332 917 5396 sancti
942 5332 1136 5381 Ευοάἰὶ
1158 5347 1176 5393 ;
1196 5335 1324 5390 sive,
1356 5334 1433 5383 uti
1459 5328 1770 5385 constanter
1786 5337 1841 5385 in

188 5392 458 5456 plerisque
483 5392 761 5445 cddicibus
792 5395 1059 5454 scribitur,
1095 5392 1338 5445 Eubodii.

248 5456 277 5485 *
309 5455 496 5519 Epistt.
528 5457 648 5507 CLC
681 5461 733 5530 et
765 5458 1165 5571 ιχιωείίῖἓιω
1187 5463 1312 5510 sunt
1346 5472 1445 5522 ope
1480 5460 1725 5509 codicum
1754 5461 1838 5511 cb.

248 5533 275 5571 τ.
304 5532 344 5567 r.
372 5519 451 5567 sb.
475 5522 510 5567 t.
545 5534 625 5570 vc.
656 5524 818 5570 trium
858 5536 907 5569 ν.
940 5524 994 5571 et
1106 5536 1153 5571 ν.

187 5530 275 5581 gg.
304 5532 344 5567 r.
372 5519 451 5581 sb.
475 5522 510 5567 t.
545 5534 625 5570 vc.
656 5522 818 5570 trium
858 5536 907 5569 ν.
940 5524 994 5571 et
1028 5519 1153 5571 [ιον.

247 5580 489 5655 (uirilius
681 5598 800 5649 quia
819 5587 1001 5635 autem
1037 5585 1125 5635 160
1155 5586 1285 5643 erat,
1319 5598 1463 5637 nunc
1498 5585 1605 5635 134.
1635 5585 1842 5652 Scripta

185 5654 272 5694 an.
300 5646 511 5695 circiter
537 5646 654 5701 414.

1452 156 1963 225 EPISTOLARUM
2004 158 2291 218 CLASSIS
2330 161 2426 219 III.

3486 192 3495 229 ,ί
3522 169 3631 227 702

1974 286 2185 358 quando
2206 287 2321 344 sine
2351 287 2564 344 ratione
2591 288 2723 360 fuit,
2740 296 2835 345 aut
2864 290 3008 346 ratio
3025 291 3141 347 sine
3165 294 3289 349 Deo.
3318 292 3467 351 Tunc
3482 295 3629 351 enim

1974 375 2118 431 Deus
2144 377 2283 433 estsi
2312 385 2387 433 est
2412 379 2577 444 ratio,
2600 384 2649 434 et
2673 385 2796 435 tunc
2827 380 3010 436 Filius
3040 390 3117 437 est
3144 384 3194 437 si
3217 391 3294 440 est
3316 384 3483 440 Pater
3507 398 3528 455 ,'
3568 391 3627 442 ut

1971 464 2026 521 si
2050 466 2197 520 ratio
2208 466 2516 537 auferatur,
2531 472 2670 523 sicut
2694 468 2895 524 dictum
2911 477 3005 535 est,
3033 471 3176 542 quod
3191 472 3303 526 dici
3314 474 3400 544 fas
3412 490 3513 528 non
3527 481 3624 540 est,

1972 570 2037 609 ne
2069 556 2179 626 ipse
2207 555 2421 628 quidem
2472 558 2618 612 Deus
2656 566 2728 613 est
2757 575 2773 613 :
2804 575 2901 629 per
2943 560 3057 630 ejus
3087 561 3229 615 enim
3251 563 3519 618 rationem
3550 570 3627 619 est

1971 652 2126 700 actus
2143 650 2193 700 et
2224 646 2466 715 operatio
2488 654 2546 703 ut
2576 647 2653 701 sit
2666 648 2831 702 Deus.
2869 649 3076 704 Rursus
3089 650 3267 705 eadem
3284 651 3550 708 dicamus.
3565 652 3626 708 Si

1969 733 2115 790 ratio
2140 751 2245 789 non
2270 736 2401 807 fuit,
2440 736 2579 791 Deus
2605 753 2710 791 non
2727 737 2873 807 fuit;
2904 745 2952 793 et
2982 740 3033 793 si
3048 742 3192 794 Deus
3218 757 3323 795 non
3348 747 3443 806 est,
3474 742 3626 796 ratio

1970 838 2075 878 non
2101 824 2233 895 fuit.
2265 826 2427 881 Ratio
2446 843 2571 897 ergo
2595 837 2643 880 et
2671 826 2811 881 Deus
2828 828 3155 898 sempiterna
3176 846 3259 883 res
3286 844 3304 880 :
3325 838 3374 885 et
3404 829 3547 885 Deus
3576 836 3626 885 et

1969 912 2117 969 ratio
2129 913 2306 969 simili
2328 915 2474 969 modo
2491 932 2575 970 res
2599 916 2952 987 sempiterna.
2986 918 3257 973 Connexio
3268 927 3444 974 autem
3468 927 3624 991 atque

1971 1002 2401 1059 unitiorationis
2416 1004 2485 1059 ad
2516 1005 2706 1071 Deum,
2741 1013 2789 1060 et
2823 1006 2925 1061 Dei
2948 1007 3027 1061 ad
3042 1008 3326 1075 rationem,
3352 1008 3624 1064 Patrisad

1968 1090 2203 1157 Filium,
2237 1092 2379 1148 Filii
2404 1094 2473 1148 ad
2500 1097 2739 1161 Patrem,
2751 1095 3041 1166 principia
3065 1096 3172 1150 sibi
3180 1096 3557 1167 quodammodo
3575 1105 3623 1152 et

1965 1195 2154 1235 causas
2167 1183 2435 1237 existendi
2460 1190 2726 1253 praestant
2746 1184 2912 1255 ;quia
2940 1184 3173 1240 alterum
3200 1201 3314 1239 sine
3329 1186 3505 1241 altero
3521 1203 3625 1241 esse

1967 1284 2070 1324 non
2098 1277 2289 1340 potest.
2324 1272 2592 1343 Deﬁcitur
2616 1274 2673 1327 in
2705 1273 2904 1339 verbis,
2931 1281 2980 1329 et
3007 1273 3369 1346 quodcumque
3393 1274 3621 1339 dicitur,

1964 1358 2035 1413 ad
2046 1358 2380 1427 hocdicitur,
2398 1379 2460 1417 ne
2476 1362 2734 1419 sileatur.
2749 1363 2947 1419 Utrum
2963 1370 3145 1419 autem
3155 1381 3369 1435 germen
3391 1365 3625 1419 rationis

1966 1445 2139 1503 Deum
2164 1449 2430 1513 dicamus,
2464 1470 2535 1506 an
2566 1453 2663 1507 Dei
2684 1469 2896 1523 germen
2918 1455 3204 1518 rationem,
3228 1454 3357 1524 quia
3388 1470 3478 1508 nec
3498 1454 3627 1525 fru-

1963 1543 2079 1593 ctus
2102 1539 2219 1594 sine
2244 1540 2426 1595 radice
2449 1556 2557 1597 esse
2569 1548 2759 1611 potest,
2775 1558 2865 1595 nec
2876 1541 2997 1595 sine
3005 1542 3195 1611 fructu
3219 1542 3386 1596 radis:
3414 1541 3625 1613 aliquid

1966 1633 2041 1681 est
2068 1626 2095 1681 ?
2128 1628 2472 1698 (Similitudo
2499 1631 2573 1685 sit
2594 1631 2773 1697 ducta,
2794 1638 2852 1685 ut
2877 1630 3135 1701 quiddam
3166 1630 3542 1701 intelligentia
3566 1629 3626 1684 de

1964 1715 2082 1777 Deo
2095 1718 2374 1787 signetur;
2406 1720 2543 1775 vivit
2566 1720 2707 1774 enim
2739 1720 2860 1774 etin
2879 1736 3050 1791 grano
3070 1719 3252 1775 tritici
3280 1721 3423 1775 ratio
3442 1721 3625 1789 fecun-

1962 1812 2120 1875 dans,
2163 1827 2269 1882 qua
2292 1810 2488 1866 sterile
2516 1825 2619 1864 non
2649 1810 2857 1864 sinitur
2886 1826 2989 1864 esse
3023 1827 3039 1865 :
3070 1809 3159 1864 sed
3190 1809 3391 1865 iterum
3419 1810 3470 1863 si
3500 1826 3627 1880 gra-

1963 1918 2093 1957 num
2131 1900 2314 1956 tritiei
2333 1916 2439 1954 non
2475 1906 2623 1969 esset,
2650 1916 2715 1953 ea:
2743 1915 2848 1969 qua
2877 1915 2933 1953 re
2961 1899 3067 1953 ista
3094 1898 3438 1970 produceret,
3472 1898 3621 1953 ratio

1964 2007 2071 2047 non
2112 1989 2373 2054 haberet).

2033 2083 2084 2135 4.
2117 2079 2249 2134 Cum
2274 2079 2448 2149 igitur
2471 2077 2615 2133 ratio
2642 2093 2761 2148 qua
2788 2077 2930 2132 Deus
2950 2084 3045 2142 est,
3072 2082 3168 2131 aut
3190 2075 3433 2132 ostendat
3459 2078 3622 2132 Deum

1960 2168 2249 2233 rationem,
2280 2166 2654 2222 autrationem
2684 2183 2787 2221 esse
2808 2167 2998 2231 Deum,
3022 2183 3195 2221 unum
3218 2165 3444 2237 quadam
3471 2164 3623 2220 modo

1959 2259 2199 2314 alterum
2212 2255 2485 2312 ostendens
2498 2268 2521 2327 ,'
2533 2272 2633 2310 non
2646 2256 2960 2311 ostenditur
2970 2256 3138 2310 Pater
3152 2256 3261 2310 nisi
3272 2272 3367 2325 per
3387 2254 3617 2325 Filium,

1959 2363 2051 2402 nec
2087 2347 2275 2402 Filius
2304 2344 2735 2401 ostenditurnisi
2764 2362 2862 2417 per
2890 2346 3141 2411 Patrem;
3172 2351 3362 2400 ettunc
3391 2344 3546 2415 quasi
3561 2344 3620 2398 in

1956 2436 2173 2491 silentio
2200 2436 2273 2489 sit
2314 2435 2515 2501 Filius,
2548 2434 2758 2507 quando
2783 2452 2880 2506 per
2909 2435 3131 2490 Patrem
3162 2435 3381 2489 venitur
3407 2434 3477 2488 ad
3516 2434 3619 2489 Fi-

1964 2525 2119 2588 lium,
2152 2532 2213 2581 ut
2245 2542 2409 2580 unum
2434 2524 2665 2596 quodam
2692 2524 2841 2579 modo
2868 2523 3246 2588 abscondatur,
3264 2524 3503 2579 alterum
3532 2523 3620 2578 de-

1962 2621 2327 2670 monstretur:
2354 2614 2797 2669 utdemonstrans
2816 2630 2867 2667 se
2884 2631 3043 2679 unus,
3073 2614 3391 2669 demonstret
3412 2620 3461 2669 et
3482 2613 3620 2667 alte-

1960 2722 2109 2773 rum,
2141 2721 2233 2759 nec
2258 2704 2424 2776 possit
2455 2720 2594 2759 unus
2623 2704 2777 2768 sciri,
2810 2710 2868 2758 ut
2901 2704 3064 2758 lateat
3089 2703 3267 2759 alium
3296 2702 3427 2774 quid
3461 2724 3484 2753 α
3514 2702 3623 2768 Qui

1960 2811 2043 2849 me
2066 2794 2226 2857 vidit,
2266 2816 2286 2843 ι
2324 2793 2521 2865 inquit,
2557 2814 2580 2843 «
2613 2794 2748 2847 vidit
2774 2800 2821 2847 et
2844 2793 3063 2847 Patrem
3076 2810 3137 2859 ;»
3174 2799 3241 2857 et,
3280 2815 3307 2841 «
3338 2793 3507 2849 Nemo
3530 2810 3620 2847 ve-

1961 2884 2045 2938 nit
2076 2882 2145 2936 ad
2186 2883 2425 2949 Patrem,
2485 2882 2602 2936 nisi
2626 2897 2732 2951 per
2770 2898 2848 2936 me
2883 2901 2910 2932 »
2964 2881 3141 2948 (Joan.
3172 2898 3289 2951 xxv,
3326 2886 3377 2947 9,
3408 2880 3494 2954 6);
3544 2888 3620 2947 et,

1968 2991 1995 3023 ‹‹
2025 2972 2193 3029 Nemo
2230 2971 2377 3026 venit
2405 2970 2475 3025 ad
2504 2987 2603 3035 me,
2628 2970 2740 3025 nisi
2759 2987 2909 3042 quem
2938 2971 3416 3025 Patet-attraxerit
3442 2990 3470 3024 ›
3506 2970 3615 3041 (Id.

1962 3078 2042 3130 vx,
2066 3062 2176 3132 44).
2205 3060 2458 3116 Arduum
2504 3060 2931 3131 vehementerque
2956 3058 3184 3131 difficile
3206 3059 3479 3129 negotium
3504 3058 3617 3114 ini-

1962 3152 2155 3217 vimus,
2170 3154 2231 3205 ut
2247 3149 2532 3222 aliquidde
2546 3149 2652 3205 Deo
2664 3166 2768 3204 non
2784 3148 3140 3221 intelligentes
3167 3147 3613 3219 intelligeremus.

1969 3240 2163 3296 Tamen
2194 3240 2632 3312 quemadmodum
2657 3239 2839 3294 omnia
2849 3254 2966 3310 quae
2978 3239 3245 3303 sunt,sine
3256 3237 3485 3309 quadam
3500 3254 3619 3308 spe-

1963 3331 2042 3385 cie
2070 3347 2177 3386 non
2207 3330 2613 3402 intelliguntur,
2627 3336 2675 3385 et
2701 3327 3136 3401 incognoscibilia
3166 3334 3293 3384 sunt
3314 3327 3420 3391 ;sic
3444 3329 3615 3383 multo

1962 3421 2132 3494 magis
2181 3420 2295 3475 sine
2341 3420 2511 3488 Filio,
2544 3420 2634 3476 hoc
2677 3426 2772 3483 est,
2805 3419 2920 3473 sine
2954 3419 3166 3473 ratione
3199 3418 3501 3489 incognitus
3538 3424 3616 3473 est

1962 3509 2122 3566 Deus.
2151 3511 2307 3577 Quid
2324 3510 2467 3564 enim
2494 3510 2521 3564 ?
2541 3527 2611 3563 an
2637 3508 2928 3581 aliquando
2952 3508 3067 3564 sine
3087 3508 3296 3563 ratione
3324 3507 3487 3563 Pater
3506 3507 3614 3563 alo-

1958 3616 2056 3671 gus
2090 3599 2201 3670 fuit
2225 3599 2253 3653 ‘2‘
2270 3599 2399 3664 Quis
2422 3599 2514 3653 hoc
2538 3598 2731 3653 audeat
2757 3598 2974 3652 dicere?
2998 3596 3419 3668 Cognoscendum
3434 3597 3613 3669 itaque

1960 3689 2178 3746 ratione
2205 3690 2371 3743 Deum
2420 3705 2586 3743 unum
2625 3705 2691 3741 ea:
2745 3705 2869 3752 uno,
2905 3689 2990 3743 vel
3032 3703 3199 3742 unum
3232 3688 3289 3741 in
3316 3704 3424 3741 uno
3451 3686 3613 3741 simul

1958 3793 2124 3832 unum
2150 3794 2253 3831 esse
2282 3797 2300 3833 :
2330 3777 2455 3848 quia
2496 3793 2635 3831 unus
2663 3784 2737 3831 est
2781 3776 2945 3841 Deus,
2980 3778 3073 3831 cui
3105 3790 3313 3830 necesse
3338 3782 3414 3830 est
3456 3774 3611 3830 illam

1958 3868 2121 3921 inesse
2157 3866 2495 3921 dilectionem
2532 3883 2690 3938 quam
2721 3882 2925 3937 semper
2967 3864 3260 3919 habendam
3312 3864 3435 3933 ipsa
3464 3863 3611 3918 ratio

1952 3955 2116 4019 docet,
2149 3954 2229 4009 vel
2268 3954 2410 4009 Deus
2440 3954 2695 4027 praecipit
2728 3953 3065 4010 dilectionem
3098 3951 3454 4009 exhibendam
3478 3967 3603 4006 esse.

2442 4088 2780 4146 EPISTOLA
2824 4087 2979 4144 CLXI
3010 4088 3121 4161 (a).

1959 4212 2194 4269 Evodius
2231 4213 2556 4286 Augustino,
2612 4212 2673 4269 de
2701 4230 2757 4268 eo
2804 4212 2946 4285 quod
2990 4212 3251 4285 scriptum
3309 4219 3381 4269 est
3412 4211 3471 4266 in
3501 4212 3611 4283 epi-

2024 4304 2161 4359 stola
2193 4306 2313 4371 137,
2352 4304 2421 4359 ad
2453 4303 2828 4369 Volusianum,
2851 4323 2878 4355 «
2908 4303 2979 4358 Si
3005 4304 3154 4358 ratio
3176 4303 3469 4374 quaeritur,
3503 4320 3610 4358 non

1937 4412 1947 4423 ν
2033 4415 2053 4443 ε
2084 4394 2190 4448 erit
2215 4393 2487 4458 mirabile,
2514 4414 2541 4445 ι)
2559 4399 2693 4459 etc.,
2717 4410 2817 4465 quo
2839 4392 2986 4448 dicto
3008 4392 3163 4447 abuti
3182 4408 3262 4446 eos
3268 4408 3417 4462 posse
3441 4398 3609 4446 osten-

2024 4482 2127 4546 dit,
2160 4483 2256 4554 qui
2281 4482 2469 4538 vellent
2506 4482 2779 4553 corporeis
2803 4482 2971 4536 oculis
3006 4498 3039 4535 a
3072 4480 3292 4535 Christo
3330 4480 3501 4534 Deum
3530 4481 3607 4534 vi-

2026 4571 2172 4636 deri,
2205 4578 2394 4626 contra
2417 4587 2577 4642 quam
2605 4570 2784 4625 docuit
2812 4569 3153 4640 Augustinus
3184 4569 3242 4622 in
3262 4568 3490 4640 epistola
3516 4573 3603 4640 92,

2025 4659 2096 4714 ad
2116 4659 2142 4713 1
2151 4659 2393 4714 talicam.

1953 4774 2203 4831 Domino
2238 4778 2464 4846 sancto,
2498 4773 2910 4831 venerabiliter
2938 4773 3325 4831 dilectissimo
3356 4773 3519 4832 fratri
3550 4776 3607 4830 et

2024 4863 2433 4921 consacerdoti
2461 4868 2801 4931 Aucusrmo,
2842 4872 2898 4921 et
2924 4863 3222 4936 fratribus
3253 4863 3357 4937 qui
3406 4866 3602 4919 tecum

2022 4958 2180 5020 sunt,
2199 4955 2455 5026 Evomus,
2485 4953 2761 5012 etfratres
2790 4954 2896 5029 qui
2922 4970 3160 5011 mecum
3176 4951 3602 5023 sunt,salutem

2018 5043 2080 5100 in
2108 5044 2381 5100 Domino.

1936 5152 1949 5158 ’
2022 5158 2072 5213 1.
2113 5156 2483 5214 PerJobinum
2504 5159 2521 5194 ¹
2550 5157 2681 5231 quid
2701 5159 2774 5214 ad
2790 5157 3161 5231 possessionem
3176 5154 3602 5214 Marcianensem

1945 5246 2137 5303 missus
2162 5254 2299 5308 erat,
2330 5248 2533 5304 dudum
2552 5266 2715 5303 unam
2737 5247 3078 5319 quaestionem
3099 5246 3165 5302 de
3182 5246 3397 5300 ratione
3417 5251 3467 5300 et
3493 5244 3604 5300 Deo

1948 5337 2108 5392 missa
2133 5337 2355 5408 epistola
2382 5355 2494 5393 mea
2518 5339 2851 5409 interrogavi
2877 5359 2899 5409 ,-
2923 5338 3076 5408 cujus
3095 5334 3268 5391 adhuc
3293 5350 3602 5407 responsum

2009 5525 2023 5556 ι
2052 5522 2109 5572 In
2141 5524 2366 5586 vetustis
2399 5524 2687 5580 codicibus,
2720 5537 2815 5586 per
2840 5524 3106 5573 Jovinum.

1987 5586 2083 5657 ⁸ῳ)
2112 5584 2255 5657 tAlitis
2283 5587 2377 5657 241
2399 5601 2419 5657 _:
2451 5601 2569 5651 quae
2604 5584 2784 5637 autem
2820 5587 2906 5636 161
2946 5588 3075 5645 erat,
3114 5598 3259 5638 nunc
3283 5587 3358 5638 £9.
3393 5584 3599 5651 Scripta.

1949 5647 2201 5700 videntur
2228 5661 2298 5702 an
2325 5649 2437 5701 4M.
