4098 6166
531 177 639 236 ’703

532 320 644 360 non
660 303 855 360 merui.
882 304 993 361 Sed
1015 302 1141 375 quia
1154 300 1413 372 epistolas
1430 299 1763 357 Sanctitatis
1785 305 1909 369 tum,
1927 314 2087 354 unam
2110 296 2182 351 ad

1838 172 1901 228 S.
1947 168 2308 230 AUGUSTIN
2312 170 2335 228 Ι
2372 170 2700 231 EPISCOPl

3786 175 3892 233 Ἴθι

2288 296 2496 365 volunt,
2531 316 2621 356 nec
2649 291 2953 373 exemplum
2984 298 3239 356 redditur
3268 299 3311 365 ¹,
3333 297 3466 371 quia
3490 298 3646 354 unico
3664 298 3751 356 hoc
3780 318 3898 372 prae-

536 395 808 450 illustrem
860 393 1040 447 virum
1085 390 1445 455 Volusianum,
1469 398 1519 445 et
1551 390 1781 444 alteram
1828 389 1898 444 ad
1926 388 2183 443 Italicam
2283 388 2472 444 stitum
2501 396 2575 446 est
2602 411 2620 448 :
2644 390 3081 463 quemadmodum
3099 389 3455 445 eisrationon
3480 387 3722 444 redditur
3738 388 3907 445 decon-

534 485 799 539 illustrem
832 482 891 535 in
913 480 1129 537 Christo
1156 480 1433 550 feminam,
1468 480 1528 534 in
1558 479 1805 535 manibus
1832 481 2061 551 legentes
2092 478 2183 531 ha-

534 574 769 634 buimus;
784 570 1023 625 occurrit
1042 570 1179 640 quod
1198 570 1257 624 in
1272 571 1463 641 priore
1486 570 1709 641 epistola
1732 569 1794 623 de
1815 568 2037 624 Domini
2058 567 2185 622 Iesu

536 660 753 714 Christi
775 660 879 714 Dei
908 660 1315 714 nostricarnali
1343 661 1404 713 in
1438 659 1661 730 Virgine
1684 659 2037 729 conceptione,
2054 662 2103 711 et
2120 672 2186 710 ea:

531 768 591 805 ea
620 749 909 804 nativitate
928 749 1177 820 posuisti,
1197 771 1222 797 ‹‹
1247 749 1315 805 Si
1340 749 1487 804 ratio
1499 749 1798 820 quaeritur,
1824 763 1935 803 non
1957 746 2063 801 erit
2084 744 2188 801 mi-

531 838 704 893 rabile
737 838 826 909 ;si
855 838 1152 909 exemplum
1178 839 1441 909 poscitur,
1471 854 1577 891 non
1602 836 1709 891 erit
1731 836 2011 908 singulare
2042 854 2061 893 :
2090 856 2117 883 »
2138 840 2187 888 et

532 929 705 983 visum
732 934 964 998 estposse
994 928 1221 983 deomni
1252 928 1557 993 nativitate,
1582 932 1631 981 et
1653 927 1885 981 hominis
1910 925 1989 980 vel
2009 924 2191 994 cujus-

533 1017 659 1072 libet
683 1018 985 1072 animantis
1011 1017 1094 1071 vel
1125 1017 1349 1071 seminis
1375 1016 1484 1073 tale
1518 1016 1735 1087 aliquid
1762 1016 1905 1071 dici.
1946 1015 2019 1069 Si
2047 1013 2194 1067 ratio

532 1107 679 1161 enim
700 1108 814 1177 ejus
848 1111 1153 1177 quaeratur,
1176 1123 1279 1160 non
1294 1106 1929 1177 indagabitur,etutique
1959 1102 2068 1157 erit
2091 1101 2193 1156 mi-

534 1195 740 1260 rabile;
774 1203 822 1250 et
850 1196 899 1250 si
930 1194 1231 1266 ememplum
1272 1202 1539 1265 poscatur,
1569 1196 1697 1266 quia
1726 1194 1867 1249 nihil
1896 1193 2002 1247 tale
2028 1193 2101 1246 sit
2131 1190 2190 1246 in

533 1285 807 1356 exemplis,
836 1285 943 1339 erit
967 1285 1261 1355 singulare.
1288 1286 1467 1355 Neque
1481 1286 1625 1339 enim
1636 1284 1755 1356 quis
1775 1289 2060 1339 conventus
2079 1280 2195 1335 viri

533 1382 580 1429 et
609 1375 847 1446 feminae,
874 1375 959 1429 vel
969 1370 2103 1445 cujuslibetconceptionisaliquando,quod
2136 1371 2194 1425 in

532 1471 731 1518 secreto
758 1464 1056 1534 formatur,
1074 1465 1287 1518 ratione
1313 1464 1514 1534 poterit
1528 1464 1721 1534 exponi
1741 1481 1761 1517 .'
1776 1470 1873 1517 aut
1902 1478 2023 1516 vero
2042 1459 2195 1515 semi-

537 1570 663 1607 num
680 1560 904 1607 exterra
921 1554 1273 1616 nascentium,
1278 1554 1541 1623 primitus
1554 1552 1995 1623 putrescentium,
2008 1556 2196 1622 postea

534 1642 986 1712 fructiﬁcantium
1017 1642 1132 1696 ulla
1166 1642 1313 1696 ratio
1345 1642 1672 1697 invenietur.
1706 1641 1829 1697 Non
1855 1640 1993 1695 enim
2024 1647 2074 1695 et
2104 1639 2196 1693 hoc

536 1730 787 1786 mirabile
814 1748 915 1785 non
948 1738 1024 1786 est
1047 1748 1275 1786 vermem
1306 1747 1470 1785 unum
1500 1733 1613 1785 sine
1639 1730 1749 1785 ullo
1772 1738 2017 1802 parente,
2050 1730 2104 1785 si
2124 1726 2196 1783 ad

534 1820 977 1891 singularitatem
997 1820 1214 1892 aliquid
1244 1821 1589 1891 requiratur,
1614 1821 1769 1875 intra
1777 1837 1996 1892 pomum
2024 1820 2198 1889 virgi-

536 1925 633 1964 neo
658 1917 909 1980 conceptu
938 1914 1255 1981 formatum,
1295 1910 1595 1981 perfectum
1628 1910 1909 1964 inveniri:
1959 1909 2099 1965 unde
2127 1909 2198 1963 ad

535 1998 836 2070 exemplum
866 1998 1112 2054 arbitror
1140 1999 1363 2065 dictum,
1388 2019 1416 2051 «
1442 2000 1556 2071 Ego
1574 2000 1788 2065 vermis,
1808 2006 1974 2054 etnon
1998 1999 2147 2054 homo
2165 2018 2191 2050 ι)

544 2086 714 2158 (Psal.
748 2104 865 2151 ιιι,
901 2089 976 2159 7).
1023 2088 1098 2143 De
1135 2088 1567 2161 conceptionibus
1594 2106 1718 2161 ergo
1746 2090 1855 2144 sive
1892 2089 2197 2159 conjuncta-

534 2193 677 2243 rum,
711 2177 819 2232 sive
840 2178 1228 2249 singularium,
1250 2178 1423 2233 nescio
1433 2195 1678 2249 quaenam
1694 2178 1862 2250 possit
1881 2177 2027 2233 ratio
2043 2178 2198 2233 exhi-

536 2265 673 2321 beri.
712 2267 836 2321 Non
862 2284 987 2339 ergo
1025 2267 1086 2321 de
1136 2268 1471 2339 conceptione
1539 2269 1779 2340 Virginis
1820 2274 2034 2325 tantum
2091 2284 2197 2323 non

535 2355 809 2419 redditur,
858 2357 955 2411 sed
1004 2356 1065 2411 de
1104 2356 1258 2411 nulla
1294 2356 1503 2429 quidem
1560 2357 1814 2414 arbitror
1861 2359 2197 2430 conceptione

535 2460 683 2515 posse
708 2445 941 2516 persolvi
968 2446 1260 2502 rationem.

606 2574 658 2624 2.
691 2570 757 2625 Si
810 2569 1108 2640 exemplum
1131 2570 1372 2642 poscitur
1394 2588 1413 2627 :
1436 2586 1543 2627 ecce
1570 2577 1620 2625 et
1648 2571 1710 2626 de
1740 2578 1890 2627 vento
1934 2572 2195 2628 dicuntur

537 2675 703 2728 equae,
737 2663 789 2713 et
816 2659 878 2713 de
915 2660 1095 2713 cinere
1118 2660 1369 2730 gallina,
1403 2666 1455 2716 et
1493 2660 1555 2715 de
1585 2678 1726 2731 aqua
1767 2667 1970 2727 anates,
2002 2670 2051 2717 et
2077 2664 2195 2718 alia

538 2748 805 2803 nonnulla
850 2749 1110 2812 animam,
1164 2766 1244 2803 me
1274 2749 1434 2803 virili
1483 2750 1700 2814 semine,
1746 2752 1892 2820 fetus
1939 2753 2196 2823 proprios

534 2835 710 2893 edere.
750 2837 915 2892 Certe
932 2837 981 2892 si
1011 2839 1236 2909 integra
1267 2855 1370 2893 non
1395 2838 1650 2904 reddunt,
1679 2845 1853 2894 tamen
1878 2848 2095 2911 possunt
2127 2840 2197 2895 il-

537 2924 718 2979 libatae
748 2929 1053 2997 concipere:
1082 2927 1339 2999 quomodo
1356 2928 1738 2999 ergoponitur,
1767 2949 1795 2981 «
1814 2930 1874 2983 Si
1898 2930 2193 3001 exemplum

534 3015 796 3085 poscitur,
828 3032 933 3070 non
964 3016 1069 3071 erit
1098 3016 1440 3088 singulare,»
1469 3018 1687 3089 quando
1717 3025 1790 3074 tot
1817 3020 2056 3090 exempla
2072 3036 2197 3090 pro-

534 3102 724 3159 cedunt
741 3105 767 3155 γ
796 3104 1141 3160 Nascietiam
1165 3108 1221 3160 in
1247 3107 1583 3177 corporibus,
1618 3124 1720 3163 non
1732 3109 1902 3164 solum
1922 3109 2193 3179 femineis,

512 3182 723 3248 'verum
741 3194 905 3249 etiam
918 3196 1184 3259 virorum,
1201 3195 1534 3251 intrinsecus
1552 3195 1689 3262 dico,
1712 3198 1958 3268 quaedam
1982 3201 2199 3255 anima»

538 3281 639 3346 lia,
661 3290 849 3339 notum
865 3292 939 3338 est
963 3283 1237 3338 omnibus:
1265 3285 1527 3355 numquid
1555 3290 1604 3339 et
1624 3286 1700 3339 ibi
1719 3304 1890 3342 semen
1917 3288 2055 3358 facit
2080 3307 2199 3345 con-

537 3372 875 3442 ceptionem?
912 3373 1045 3427 Ecce
1097 3373 1358 3443 exempla,
1408 3389 1527 3430 ecce
1571 3376 1857 3442 miracula,
1891 3377 1953 3432 de
2008 3379 2199 3449 quibus

536 3466 681 3515 ratio
706 3461 1020 3516 nullatenus
1046 3461 1318 3516 redditur.
1344 3462 1455 3517 Aut
1486 3463 1536 3516 si
1545 3463 1615 3517 ad
1642 3464 1732 3518 hoc
1757 3465 2026 3530 redditur,
2064 3469 2194 3540 quia

537 3550 596 3603 in
611 3550 822 3619 virgine
834 3550 1042 3604 homine
1056 3550 1198 3604 nihil
1212 3550 1315 3605 tale
1328 3568 1564 3623 unquam
1577 3554 1845 3625 contingit
1856 3562 2057 3620 ;tamen
2068 3566 2193 3614 sunt

535 3638 780 3708 exempla
811 3638 870 3692 in
889 3639 1015 3694 aliis
1044 3656 1231 3694 rerum
1257 3641 1499 3707 naturis,
1528 3642 1657 3713 quia
1681 3650 1809 3698 nata
1831 3650 1881 3698 et
1899 3646 2017 3700 sine
2043 3648 2199 3702 semi-

536 3727 694 3783 nibus
732 3728 1134 3799 concipiuntur,
1167 3746 1232 3784 επ
1273 3730 1461 3801 quibus
1484 3731 1703 3802 penitus
1732 3735 1879 3787 ratio
1919 3734 2073 3790 reddi
2110 3754 2197 3792 ne-

535 3834 801 3889 quaquam
822 3822 1011 3889 potest.
1042 3819 1238 3874 Tamen
1252 3826 1304 3876 et
1320 3820 1378 3874 in
1407 3822 1748 3891 generatione
1762 3824 2065 3896 estaliquid
2093 3826 2197 3881 tale

535 3908 784 3963 invenire
803 3907 941 3980 quod
967 3912 1041 3963 sic
1060 3908 1185 3964 edat
1205 3917 1420 3980 partus,
1442 3917 1504 3965 ut
1530 3910 1814 3982 integritas
1845 3920 2064 3969 naturae
2091 3931 2197 3970 non

522 3988 797 4052 violetur.
836 3997 984 4053 Soleo
995 3998 1138 4052 enim
1153 3998 1348 4053 audire
1371 3999 1513 4069 quod
1536 4002 1869 4056 araneasine
1890 4002 2003 4057 ulla
2030 4003 2196 4060 virili

539 4089 872 4156 conceptione
902 4094 950 4141 et
999 4094 1196 4157 partus
1245 4088 1611 4158 corruptione,
1643 4089 1739 4143 illa
1777 4092 1958 4145 omnia
1985 4091 2080 4161 ﬁla
2130 4110 2196 4149 ea:

535 4174 724 4246 quibus
742 4175 902 4229 tentis
915 4174 1144 4243 haerere,
1166 4175 1591 4231 soletsecundum
1614 4184 1829 4235 natura
1856 4195 1969 4236 suae
1984 4181 2194 4238 modum

530 4265 785 4335 proferat
803 4264 1163 4328 mirabiliter,
1183 4271 1233 4319 et
1247 4264 1350 4320 sibi
1363 4271 1571 4321 tantum
1592 4267 2033 4341 quasisingulari
2048 4288 2194 4342 prae-

532 4354 726 4409 stitum
783 4370 887 4408 esse
942 4353 1281 4409 demonstret.
1342 4354 1491 4426 Ergo
1548 4355 1596 4409 si
1656 4356 1832 4412 ethoc
1883 4368 2189 4431 quaeratur,

534 4460 642 4498 non
672 4449 885 4499 tantum
908 4443 1163 4498 mirabile
1192 4450 1286 4509 est,
1308 4443 1398 4498 sed
1426 4444 1663 4517 exempla
1684 4445 1821 4501 talia
1850 4464 2035 4505 rerum
2064 4450 2196 4505 dari

533 4532 845 4589 nullatenus
869 4539 1107 4605 possunt.
1150 4535 1334 4589 Metuo
1394 4535 1539 4589 enim
1572 4551 1636 4590 ne
1683 4535 1744 4589 ob
1774 4536 1865 4592 hoc
1896 4538 2021 4609 ipsa
2048 4556 2194 4610 prm-

534 4623 793 4677 cesserint
822 4624 882 4678 in
911 4623 1185 4693 exemplis,
1214 4629 1273 4677 ut
1302 4622 1394 4694 qui
1418 4640 1523 4678 non
1552 4624 1904 4681 credidissent
1924 4627 2189 4699 virginem

536 4712 807 4783 concipere
859 4728 1024 4782 posse,
1056 4712 1139 4767 his
1175 4712 1428 4784 exemplis
1456 4714 1905 4771 convincerentur
1944 4733 2048 4772 esse
2073 4718 2193 4789 qui-

537 4800 659 4855 dem
699 4800 969 4865 mirabile,
1023 4801 1112 4855 sed
1150 4808 1328 4857 tamen
1368 4819 1472 4857 non
1502 4803 1616 4857 erit
1675 4804 1957 4875 singulare
1989 4824 2010 4861 .·
2068 4824 2193 4863 nam

536 4890 718 4945 omnia
735 4888 839 4944 Dei
862 4906 1023 4961 opera
1040 4890 1349 4955 mirabilia;
1362 4893 1493 4962 quia
1513 4893 1570 4945 in
1587 4892 1854 4963 sapientia
1873 4895 2019 4965 facta
2041 4904 2188 4952 sunt.

534 4980 610 5037 Si
633 4996 757 5052 ergo
796 4979 889 5034 hoc
912 4979 1061 5035 nobis
1090 4980 1409 5051 objiciatur,
1442 4980 1573 5051 quid
1599 4982 2035 5052 respondebimus
2064 4986 2093 5039 ?

605 5108 664 5166 3.
710 5107 864 5165 Illud
894 5109 1057 5164 etiam
1069 5123 1155 5163 me
1176 5114 1328 5179 urget
1354 5107 1972 5179 vehementissime,quod
1994 5111 2072 5166 sic
2096 5127 2193 5183 po-

536 5206 631 5254 test
662 5198 775 5253 dici
784 5198 845 5253 de
866 5197 1112 5269 corporis
1127 5198 1296 5269 ipsius
1308 5197 1437 5252 Dom
1448 5197 1531 5252 ini
1539 5198 1837 5261 clari/icati
1859 5198 2187 5268 substantia,

534 5288 663 5358 quia
692 5295 741 5343 et
772 5288 889 5360 ipsa
912 5287 1118 5359 poterit
1144 5286 1324 5341 videre
1350 5286 1451 5341 Dei
1478 5286 1831 5341 substantiam
1861 5288 2014 5357 (aisti
2043 5291 2190 5348 enim

537 5375 595 5429 in
620 5377 843 5445 epistola
870 5377 947 5432 ad
966 5376 1224 5432 Italicam
1268 5392 1374 5430 non
1404 5391 1551 5447 posse
1582 5392 1600 5441 ;
1625 5383 1673 5430 et
1704 5383 1909 5432 certum
1933 5378 2029 5449 est)
2071 5396 2087 5433 :
2131 5386 2189 5434 ut

536 5479 652 5517 cum
679 5464 944 5520 rationem
969 5464 1192 5521 reddere
1228 5464 1543 5535 caperimus
1579 5466 1707 5535 quia
1736 5481 1842 5520 non
1873 5474 2065 5537 potest,
2099 5467 2191 5524 hoc

540 5550 1026 5624 nobisobjiciatur,
1054 5554 1183 5625 quia
1213 5554 1264 5609 si
1282 5553 1420 5626 quod
1446 5554 1550 5609 illa
1569 5555 1903 5625 conceptione
1919 5563 1967 5611 et
1987 5558 2190 5612 nativi-

540 5645 650 5695 tate
674 5639 881 5708 factum
905 5649 1001 5706 est,
1017 5643 1271 5698 mirabile
1294 5642 1743 5716 estetsingulare,
1759 5646 2008 5703 necratio
2032 5664 2189 5719 quam

2286 479 2522 549 ceptione
2550 486 2599 535 et
2625 481 2996 551 generatione,
3023 480 3111 535 sed
3138 482 3194 535 in
3224 480 3327 535 illo
3341 478 3452 534 solo
3465 479 3739 534 invenitur
3751 480 3906 552 singu-

2291 568 2403 623 lare
2422 591 2444 639 ,-
2470 571 2548 624 sic
2569 570 2630 625 de
2658 572 2777 641 ejus
2801 571 3003 625 visione
3042 569 3192 625 ratio
3215 585 3319 624 non
3351 567 3636 632 reddatur,
3658 584 3746 623 nec
3766 586 3907 624 exem-

2288 657 2435 729 plum
2446 659 2880 729 requiratur,sed
2889 658 2989 715 soli
3001 658 3092 714 illi
3100 657 3463 729 singulariter
3475 656 3631 712 licere
3641 655 3911 714 divinitatis

2289 747 2648 805 substantiam
2675 766 2897 822 corpore
2924 749 3124 805 videre.
3155 748 3218 804 Si
3245 747 3655 820 respondebitur
3681 748 3909 803 rationem

2292 854 2435 909 posse
2464 838 2645 905 reddi,
2676 839 2805 911 quia
2827 855 3084 911 corporea
3111 856 3173 894 re
3202 839 3578 908 ineas-paream
3619 852 3724 890 rem
3748 852 3910 909 nequ-

2293 945 2448 1000 quam
2475 944 2691 984 oernere
2722 929 2875 985 liceat
2890 950 2912 999 ;
2925 937 3100 984 metuo
3119 945 3186 983 ne
3204 926 3601 998 respondeatur
3615 927 3742 997 quia
3754 931 3799 981 et
3815 943 3913 981 con-

2294 1018 2471 1088 ceptio
2502 1017 2601 1075 illa
2632 1019 2843 1074 ratione
2886 1018 3100 1090 exponi,
3133 1026 3182 1073 et
3214 1015 3481 1088 exemplis
3508 1016 3672 1087 possit
3706 1016 3913 1087 ﬁrmari.

2297 1108 2410 1162 Aut
2434 1108 2579 1163 enim
2610 1108 2669 1162 in
2695 1108 2998 1164 hominibus
3018 1107 3164 1163 ratio
3185 1107 3413 1178 deﬁciet,
3441 1112 3491 1161 et
3516 1105 3752 1177 exempla
3777 1122 3914 1160 cessa-

2298 1196 2448 1262 bunt,
2480 1205 2529 1252 et
2552 1198 2944 1269 conﬁrmabunt
2986 1214 3206 1269 corpore
3233 1213 3328 1252 suo
3380 1194 3735 1266 Unigenitum
3760 1194 3913 1250 videre

2295 1303 2443 1357 posse
2472 1288 2642 1342 Deum
2671 1304 2688 1342 :
2714 1294 2811 1343 aut
2838 1288 2892 1342 si
2918 1286 3064 1343 ratio
3082 1287 3170 1341 hic
3198 1285 3421 1341 reddita
3444 1283 3641 1355 fuerit,
3678 1300 3915 1355 conseque-

2300 1384 2394 1432 tur
2420 1378 2687 1432 rationem
2702 1377 2861 1433 reddi
2876 1394 3022 1449 posse
3052 1377 3117 1431 ab
3138 1375 3424 1447 aliquibus
3436 1374 3607 1429 nimis
3627 1372 3917 1444 sapientibus

2299 1467 2457 1532 viris,
2485 1474 2534 1523 et
2562 1466 2715 1523 illius
2739 1467 3109 1539 conceptionis,
3152 1464 3533 1537 consequentis
3571 1463 3914 1534 generationis.

2302 1557 2454 1623 Quid
2480 1574 2604 1629 ergo
2632 1557 2834 1613 talibus
2867 1557 3277 1628 respondeatur,
3306 1561 3653 1627 percunctor.
3670 1552 3787 1607 Non
3801 1551 3917 1606 enisi

2300 1647 2599 1702 certamina
2628 1649 2851 1714 semina,
2882 1644 3423 1719 sedquemadmoduns
3442 1642 3719 1698 insidiosis
3738 1657 3915 1712 respon-

2301 1736 2494 1791 deatur
2522 1737 2814 1808 interrogo.
2860 1737 2973 1809 Ego
3020 1741 3197 1790 tamen
3233 1735 3311 1790 sic
3355 1731 3523 1789 credo
3561 1730 3799 1802 Virginis
3822 1746 3917 1784 con-

2300 1829 2586 1898 ceptionem
2606 1832 2656 1881 et
2666 1825 3179 1897 partum,quomodo
3192 1839 3403 1894 semper
3412 1820 3631 1878 credidi
3643 1837 3659 1873 :
3676 1825 3724 1874 et
3738 1834 3917 1890 corpore

2300 1932 2501 1987 quoque
2520 1915 2820 1987 clariﬁcato
2849 1914 3019 1970 Deum
3040 1914 3222 1969 videri
3251 1929 3359 1967 non
3377 1927 3548 1984 posse,
3563 1917 3824 1979 utcumque
3839 1924 3916 1961 ra-

2302 2006 2442 2060 tione
2469 2005 2675 2077 colligo.
2710 2004 3045 2061 Obviandum
3103 2007 3281 2058 tamen
3325 2016 3512 2056 censeo
3540 1996 3824 2053 hominibus
3845 1996 3918 2067 qui

2300 2101 2395 2150 aut
2418 2094 2704 2149 seditiones
2727 2111 2794 2149 es:
2830 2092 3214 2166 quaestionibus
3242 2090 3417 2147 solent
3447 2090 3705 2152 excitare,
3728 2093 3814 2141 aut
3832 2087 3917 2155 fer.

2302 2184 2448 2239 venti
2457 2184 2637 2239 studio
2655 2184 2727 2238 ad
2753 2182 3069 2239 discendum
3086 2181 3361 2253 evigilare.
3396 2180 3517 2235 Ora
3530 2194 3633 2249 pro
3646 2176 3805 2231 nobis.
3825 2174 3917 2229 Pas:

2301 2281 2353 2329 et
2378 2274 2637 2331 Charitas
2669 2273 2881 2330 Christi
2904 2271 3261 2328 Sanctitatem
3291 2277 3447 2325 tuam
3476 2267 3656 2323 nostri
3682 2280 3916 2320 numerem

2296 2364 2573 2435 perficiat,
2616 2363 2825 2418 domine
2876 2368 3073 2427 sancte,
3121 2358 3610 2430 venerabiliterque
3661 2354 3916 2411 beatissime

2300 2453 2511 2515 frater.

2760 2566 3089 2623 EPISTOLA
3151 2565 3349 2621 CLXll'
3396 2564 3505 2637 (a).

2304 2684 2641 2756 Augustinus
2670 2683 2875 2739 Evodio
2908 2682 3190 2754 respondet
3214 2681 3535 2737 solutionem
3570 2675 3853 2753 questionis
3873 2676 3915 2729 in

2374 2774 2600 2846 epistola
2624 2774 2724 2830 160
2751 2773 3043 2845 proposita
3057 2771 3339 2842 petendam
3361 2787 3471 2826 esse
3492 2787 3558 2824 es:
3583 2768 3711 2824 aliis
3734 2781 3917 2838 opuscu-

2378 2864 2445 2918 lis
2465 2881 2499 2918 a
2517 2880 2568 2918 se
2599 2862 2779 2917 editis.
2806 2862 3107 2933 Conﬁrmat
3135 2860 3446 2931 opinionem
3470 2874 3628 2931 quam
3656 2857 3712 2910 in
3731 2851 3915 2926 epistola

2383 2953 2480 3007 159
2530 2953 2775 3023 tetigerat
2818 2951 2880 3007 de
2912 2950 3097 3005 anima
3132 2965 3355 3020 corpore
3380 2947 3581 3010 soluta,
3616 2946 3768 3017 deque
3812 2942 3916 2996 visis

2374 3041 2721 3113 prodigiosis.
2766 3041 3046 3097 Postremo
3082 3038 3324 3094 vindicat
3364 3036 3683 3093 sententiam
3711 3032 3846 3089 illam
3870 3030 3915 3082 in

2378 3132 2662 3202 praemissa
2681 3130 2924 3203 proxime
2944 3129 3165 3202 epistola
3203 3129 3590 3200 reprehensam
3619 3142 3633 3180 :
3664 3144 3685 3174 ι
3718 3122 3770 3177 Si
3796 3119 3915 3175 ratio

2377 3221 2679 3293 queritur,
2705 3237 2809 3275 non
2836 3218 2945 3274 erit
2985 3216 3255 3284 mirabile,
3291 3237 3319 3266 ››
3348 3222 3461 3272 etc.

2310 3335 2563 3393 Domino
2593 3334 2965 3400 beatissimo,
2995 3341 3051 3390 et
3084 3331 3410 3389 venerabili
3438 3329 3605 3387 fratri
3649 3331 3703 3383 et
3726 3322 3913 3395 coepis-

2379 3441 2530 3497 copo
2560 3429 2769 3481 sancto
2798 3426 3036 3489 Evomo,
3064 3426 3120 3479 et
3152 3428 3345 3478 tecum
3365 3418 3669 3485 fratribus,
3699 3416 3910 3471 Avcvsn-

2379 3531 2498 3586 nus,
2541 3520 2597 3570 et
2637 3528 2873 3570 mecum
2904 3511 3134 3577 fratres,
3166 3509 3227 3567 in
3267 3510 3527 3567 Domino
3558 3506 3811 3564 salutem.

2384 3637 2429 3687 1.
2464 3630 2635 3687 Multa
2672 3629 2891 3701 quaeris
2922 3630 2995 3685 ab
3033 3626 3277 3685 homine
3320 3626 3579 3682 multum
3613 3621 3910 3691 occupato;

2306 3724 2382 3788 et,
2409 3719 2571 3791 quod
2612 3724 2701 3774 est
2727 3718 2986 3787 gravius,
3018 3732 3089 3771 ea
3120 3722 3295 3788 putas
3332 3710 3693 3787 praecipitari
3737 3707 3913 3764 debere

2305 3809 2759 3880 dictando,’quaa
2779 3811 2918 3862 sunt
2932 3804 3577 3875 tanidifﬁcilia,utcum
3598 3793 3911 3880 magnadilif

2307 3900 2507 3968 gentia
2537 3879 2758 3952 dictata
2783 3895 2873 3951 vel
2928 3894 3168 3967 scripta,
3198 3892 3299 3949 vix
3332 3890 3582 3966 perduci
3609 3887 3822 3962 possint
3850 3879 3909 3937 ad

2306 3987 2665 4043 intellectum
2684 3985 2861 4042 etiam
2876 3983 3082 4040 talium
3096 3982 3294 4055 qualis
3306 3982 3436 4053 ipse
3450 3997 3533 4038 es.
3551 3982 3708 4036 Hunc
3728 3970 3907 4032 accedit

2305 4077 2448 4149 quia
2478 4091 2599 4132 non
2629 4081 2689 4131 tu
2740 4079 2795 4130 et
2832 4074 2979 4130 tales
3008 4070 3434 4129 tantummodo
3491 4059 3909 4154 cogitandihestis

2303 4164 2509 4222 lecturi
2537 4180 2664 4220 esse
2693 4162 2858 4236 quod
2900 4161 3220 4218 scribimus
3253 4176 3268 4226 ;
3303 4158 3411 4216 sed
3440 4160 3639 4230 utique
3663 4162 3714 4211 et
3735 4151 3806 4208 illi
3830 4151 3908 4220 qui

2304 4256 2503 4312 minus
2533 4261 2706 4311 acuto
2738 4254 3055 4324 minusque
3079 4250 3398 4306 exercitato
3428 4246 3665 4318 ingenio
3698 4236 3903 4316 praediti,

2302 4361 2374 4401 eo
2402 4349 2603 4400 tamen
2632 4341 2828 4398 studio
2858 4339 3127 4397 feruntur
3154 4336 3231 4395 ad
3259 4334 3706 4408 cognoscendas
3724 4330 3905 4387 litteras

2302 4438 2561 4503 nostras,
2594 4433 2716 4487 sive
2746 4430 2959 4493 amico,
2979 4429 3102 4483 sive
3134 4426 3381 4483 inimico
3394 4426 3618 4489 animo,
3639 4416 3905 4477 uteissub-

2301 4522 2455 4579 trahi
2467 4522 2705 4578 omnino
2717 4534 2837 4575 non
2852 4518 3221 4590 possinthta
3232 4514 3516 4586 cogitanti
3534 4510 3716 4569 cernis
3727 4507 3906 4579 quanta

2300 4628 2445 4669 cura
2466 4612 2524 4667 in
2554 4608 2872 4666 scribendo
2894 4622 3023 4664 esse
3051 4605 3287 4671 debeat,
3318 4603 3638 4677 praesertim
3668 4600 3735 4656 de
3761 4593 3903 4651 rebus

2302 4704 2383 4759 ita
2410 4701 2665 4770 magnis,
2710 4704 2775 4754 ut
2805 4699 2862 4753 in
2907 4696 2991 4752 eis
3019 4700 3077 4751 et
3109 4696 3311 4764 magni
3341 4694 3633 4751 laborent.
3664 4688 3716 4743 Si
3739 4688 3901 4741 autem

2302 4808 2439 4848 cum
2464 4788 2686 4861 aliquid
2713 4788 2773 4842 in
2790 4783 3293 4849 manibushabeo,
3328 4776 3810 4839 intermittendum
3835 4770 3901 4824 est

2301 4886 2357 4937 et
2386 4877 2809 4942 differendum,
2840 4880 2901 4930 ut
2928 4873 3007 4930 ad
3040 4888 3111 4929 ea
3137 4874 3335 4945 potius
3352 4868 3771 4943 respondeatur
3789 4870 3900 4953 quis

2300 4965 2777 5043 supervenientia
2807 4961 3371 5035 requiruntur;quid
3386 4960 3485 5017 ﬁet
3512 4960 3558 5014 si
3595 4956 3758 5011 etiam
3777 4949 3896 5043 ipsis

2299 5034 2445 5115 dum
2478 5034 2905 5128 respondetur,
2926 5051 3044 5107 alia
3067 5046 3557 5122 supervenerint‘l
3574 5048 3711 5103 Num
3740 5034 3896 5111 placet

2301 5154 2363 5204 ut
2401 5147 2580 5203 etiam
2629 5144 2720 5201 his
2741 5139 2982 5201 omissis
3019 5140 3121 5196 illa
3149 5138 3565 5211 suscipiantur,
3615 5137 3666 5189 et
3699 5133 3895 5195 semper

2363 5343 2374 5370 ¹
2407 5341 2489 5389 Sic
2511 5342 2626 5406 _t_res
2665 5336 2829 5406 vatio.
2858 5334 2981 5383 Mss.
3014 5336 3067 5406 et
3091 5333 3297 5406 aliquot
3321 5344 3348 5381 θ
3383 5330 3592 5406 nostris.
3611 5314 3889 5406 ωεξηε-

2302 5379 2488 5453 bent";
2501 5379 2837 5451 ie'c'rdi'ab'ﬁé
3052 5379 3353 5461 potuit—{nec
3378 5379 3597 5461 Eappa
3619 5406 3638 5446 ,'
3668 5379 3883 5461 σιξίαιξξξς

2363 5441 2644 5516 “bella?
3017 5441 3029 5445 ⁷
3336 5441 3433 5523 vc:
3446 5441 3654 5505 Vdulobu's
3674 5441 3754 5496 ἐὺ.
3785 5441 3885 5490 duo-

2301 5528 2400 5579 bus
2428 5532 2464 5577 t.
2485 5527 2654 5577 tribus
2686 5540 2717 5572 v
2739 5527 2788 5572 et
2810 5536 2933 5573 cum
2954 5524 3075 5571 Am.
3114 5521 3239 5572 una.
3270 5521 3353 5570 Er.
3388 5521 3508 5570 Lov.
3628 5576 3668 5579 Α,
3720 5570 3745 5579 ,,
3798 5565 3806 5573 .

2301 5564 2721 5652 “citima
2741 5564 2788 5635 Τ
2806 5564 2933 5651 aa;
2954 5564 3590 5641 Iesalensium
3621 5576 3686 5624 ιε.
3719 5564 3881 5627 Scripta

2299 5653 2437 5703 forte
2462 5665 2549 5702 an.
2579 5653 2691 5701 415.
3474 5680 3480 5686 .

2322 5657 2437 5705 Orto
2462 5665 2549 5702 an.
2579 5654 2691 5701 H5.
3474 5680 3480 5686 .
