4098 6166
180 167 297 228 705

180 299 390 372 priora
420 296 565 353 ﬁant
585 312 721 369 quae
738 293 1070 368 posteriora
1093 295 1466 361 oboriuntur,
1499 313 1689 370 eaque
1712 295 1839 352 sola

177 387 504 443 terminare
537 385 866 455 contingat,
894 384 1117 456 quibus
1170 401 1307 440 cum
1349 385 1688 441 scribuntur
1715 399 1836 439 non

177 474 599 548 supervenerit
619 473 845 546 aliquid
865 473 1028 544 quod
1043 478 1346 546 quaeratur
1363 474 1390 529 ‘I
1413 474 1582 540 Quod
1599 479 1660 529 ut
1690 472 1839 529 mihi

179 564 423 621 accidat
448 562 866 619 difﬁcillimum
890 567 977 618 est
1003 578 1016 628 ;
1051 564 1158 618 sed
1189 579 1309 619 non
1337 564 1551 634 opinor
1590 562 1695 618 tibi
1725 562 1840 617 hoc

175 654 742 725 placere.Nonergo
773 650 952 707 debui
974 651 1090 707 alia
1106 651 1540 722 interrumpere
1571 668 1707 707 cum
1741 656 1842 706 tua

179 743 700 814 supervenissent,
731 740 882 796 sicut
910 756 1020 796 nec
1043 743 1164 806 tua,
1199 741 1248 796 si
1279 741 1396 796 alia
1425 757 1630 796 rursus
1654 741 1842 796 irrue-

182 831 338 898 rint;
362 837 418 887 et
430 835 630 887 tamen
647 845 879 884 servare
891 829 1046 884 hanc
1055 829 1343 899 justitiam
1359 845 1480 885 non
1496 830 1676 885 sinor.
1692 831 1840 885 Nam

182 936 327 976 ecce
346 925 410 975 ut
449 919 549 976 tibi
571 920 694 975 haec
715 917 848 990 ipsa
866 919 1512 989 rescriberem,quibus
1542 919 1601 973 id
1634 918 1842 973 admo-

175 1025 412 1076 nerem,
436 1007 726 1064 intermisi
754 1022 886 1079 quae
923 1010 1202 1076 agebam,
1235 1014 1291 1063 et
1337 1009 1606 1062 animum
1636 1023 1840 1062 meum

177 1099 258 1155 ad
275 1099 438 1154 hanc
454 1095 769 1169 epistolam
784 1096 862 1151 ab
887 1097 1003 1152 alia
1016 1111 1238 1165 magna
1251 1095 1577 1152 intentione
1598 1097 1837 1152 detorsi.

253 1189 309 1242 2.
343 1187 538 1243 Facile
568 1193 768 1242 autem
799 1185 907 1240 fuit
924 1184 1082 1240 hanc
1097 1186 1560 1255 excusationem,
1596 1190 1658 1241 ut
1687 1186 1842 1241 arbin

175 1282 326 1343 tror,
349 1292 472 1332 non
486 1276 778 1347 iniquam,
795 1274 996 1330 litteris
1026 1274 1276 1330 inditam
1294 1275 1394 1330 tibi
1410 1276 1703 1331 remittere
1727 1291 1842 1342 ;re-

177 1367 484 1438 spondere
497 1370 689 1420 autem
706 1361 1187 1435 inquisitionibus
1200 1363 1313 1417 tuis
1327 1364 1538 1420 nonita
1550 1363 1719 1419 facile
1731 1368 1837 1420 est:

177 1465 234 1512 et
261 1461 413 1526 puto
439 1455 498 1510 in
520 1454 669 1524 ipsis
689 1452 996 1524 opusculis
1026 1467 1162 1523 quin
1200 1467 1298 1507 me
1328 1468 1489 1508 nunc
1519 1453 1842 1510 intentissi-

177 1561 354 1602 mum
387 1544 674 1609 detinent,
701 1557 820 1599 non
843 1541 1120 1598 defutura
1145 1543 1843 1614 quaedamlocambihaec

175 1635 311 1706 ipsa
337 1633 653 1704 expediam
666 1648 802 1704 quae
817 1631 1151 1703 requiris,si
1172 1631 1462 1688 Dominus
1474 1634 1698 1689 faverit.
1711 1636 1735 1689 J
1743 1650 1841 1690 am

176 1723 365 1781 etiam
397 1739 468 1778 ex
490 1721 1173 1794 iisquaastionibusquas
1189 1721 1370 1777 modo
1387 1721 1619 1788 misisti,
1649 1723 1841 1781 multa

182 1814 393 1870 soluta
408 1817 548 1867 sunt
569 1814 629 1867 in
655 1811 740 1867 eis
771 1810 938 1865 libris
953 1825 1107 1882 quos
1125 1811 1398 1865 nondum
1411 1811 1591 1877 edidi,
1624 1814 1745 1868 sive
1767 1813 1842 1869 de

176 1902 618 1969 'l‘rinitate,sive
633 1900 708 1956 de
720 1900 957 1954 Genesi.
977 1900 1338 1971 Quanquam
1358 1906 1413 1955 et
1430 1899 1530 1956 illa
1551 1902 1597 1955 si
1613 1902 1842 1973 relegas

174 2008 323 2064 quas
346 1991 448 2047 tibi
477 1990 710 2060 jamdiu
726 1994 869 2045 nota
895 1995 1052 2055 sunt,
1081 1990 1190 2052 vel,
1227 1990 1338 2044 nisi
1369 1989 1560 2062 fallor,
1580 1990 1840 2057 fuerunt,

176 2083 330 2154 quia
350 2096 422 2137 ea
437 2079 690 2135 fortasse
706 2078 928 2135 oblitus
940 2094 1003 2133 es
1018 2093 1155 2150 quae
1184 2084 1238 2133 te
1251 2078 1590 2136 conferente
1604 2097 1842 2138 mecum

176 2186 251 2227 ac
287 2170 725 2226 sermocinante
755 2168 1104 2239 conscripsi,
1138 2168 1260 2223 sive
1289 2168 1363 2222 de
1394 2169 1621 2225 Animas
1648 2172 1843 2236 Quan.

175 2261 370 2324 litate,
405 2261 529 2314 sive
549 2258 623 2314 de
660 2258 872 2313 Libero
913 2257 1168 2313 Arbitrio
1201 2278 1213 2322 ;
1248 2258 1514 2313 invenies
1537 2261 1694 2315 unde
1721 2260 1843 2315 dis-

175 2349 593 2419 solvas,etiam
608 2349 734 2403 sine
748 2346 1506 2415 meaopera,dubitationes
1520 2350 1846 2412 tuas,adhi-

176 2438 310 2494 bito
341 2436 563 2492 scilicet
590 2435 884 2492 nonnullo
897 2435 1105 2491 labore
1119 2436 1523 2507 cogitationis,
1545 2438 1689 2493 utiis
1708 2454 1844 2510 quas

175 2527 264 2583 ibi
298 2527 379 2582 ad
424 2526 784 2582 intellectum
818 2524 1117 2597 liquidum
1162 2532 1510 2598 certumque
1550 2527 1840 2599 perducta

176 2623 344 2680 sunt,
379 2615 811 2686 consequentia
838 2621 1168 2670 nectantur.
1194 2614 1383 2670 Habes
1413 2615 1590 2671 etiam
1617 2617 1836 2673 librum

174 2707 256 2763 de
291 2709 443 2762 Vera
471 2704 792 2775 Religione,
821 2719 998 2775 quem
1026 2704 1075 2758 si
1099 2703 1388 2760 recoleres
1418 2711 1592 2777 atque
1615 2708 1839 2778 perspi-

175 2811 370 2860 ceres,
400 2810 715 2866 nunquam
750 2793 856 2848 tibi
885 2793 1200 2859 videretur,
1228 2794 1457 2849 ratione
1489 2796 1619 2864 cogi
1653 2799 1838 2852 Deum

174 2884 436 2950 esse,vel
456 2882 870 2939 ratiocinando
885 2880 1038 2937 efﬁci
1053 2882 1238 2938 Deum
1253 2898 1383 2938 esse
1397 2883 1633 2939 debere.
1644 2886 1838 2949 Quan-

173 2971 515 3043 doquidem
537 2971 595 3026 in
617 2971 846 3027 ratione
863 2985 1466 3042 numerorum,quam
1482 2976 1634 3027 certe
1651 2972 1710 3026 in
1726 2988 1837 3028 usu

172 3060 534 3133 quotidiano
547 3059 1624 3131 habemus,sidicimus,Septemettria
1637 3065 1837 3117 decem

173 3166 313 3207 esse
327 3149 570 3217 debent,
597 3150 797 3204 minus
810 3149 1181 3204 considerate
1194 3147 1517 3220 loquimur;
1534 3165 1655 3206 non
1675 3152 1835 3206 enim

173 3240 392 3295 decem
426 3254 553 3294 esse
569 3238 810 3303 debent,
839 3237 940 3293 sed
971 3237 1178 3292 decem
1205 3243 1363 3293 sunt.
1389 3239 1467 3293 De
1488 3239 1705 3311 quibus
1732 3241 1837 3297 ita-

172 3345 299 3402 que
311 3329 494 3384 rebus
508 3331 663 3384 recte
681 3327 916 3383 dicatur
944 3327 1108 3399 quod
1125 3342 1252 3382 esse
1265 3327 1544 3394 debeant,
1573 3329 1697 3385 sive
1705 3331 1834 3400 jam

175 3418 323 3485 sint,
347 3419 470 3473 sive
503 3422 563 3472 ut
583 3417 721 3485 sint,
750 3417 893 3472 satis
923 3422 1214 3488 quantum
1233 3417 1487 3473 arbitror
1507 3417 1836 3490 disputavi-

176 3524 322 3564 mus
355 3509 416 3562 in
447 3508 530 3562 eis
555 3506 727 3562 libris
756 3521 908 3578 quos
930 3506 1422 3562 commemoravi.
1457 3506 1647 3564 Homo
1676 3510 1831 3564 enim

177 3596 428 3668 sapiens
449 3611 582 3651 esse
612 3595 809 3658 debet,
845 3595 894 3649 si
927 3600 1032 3661 est,
1068 3601 1129 3652 ut
1149 3601 1391 3652 maneat
1422 3612 1436 3662 ;
1471 3598 1518 3652 si
1545 3598 1834 3654 mondum

177 3691 291 3753 est,
323 3691 385 3741 ut
402 3685 504 3741 ﬁat
527 3687 711 3741 :Deus
739 3689 940 3741 autem
954 3686 1192 3757 sapiens
1222 3701 1342 3742 non
1357 3702 1484 3743 esse
1497 3687 1694 3756 debet,
1731 3690 1833 3744 sed

178 3781 294 3833 est.

253 3869 308 3923 3.
326 3863 428 3920 llla
443 3879 679 3937 quoque
701 3863 774 3919 de
789 3863 947 3928 visis,
964 3879 1100 3936 quae
1122 3864 1219 3920 tibi
1234 3866 1575 3938 nuperrime
1602 3867 1832 3938 scripsi,

178 3961 236 4011 et
266 3969 339 4011 ea
369 3969 810 4010 commemoras
823 3952 1410 4022 subtiliterdicta,sed
1433 3956 1764 4026 majoribus
1784 3962 1836 4013 te

177 4042 1238 4116 quaestionibusimplicasse,recense
1251 4044 1428 4100 etiam
1443 4051 1621 4117 atque
1634 4047 1835 4115 etiam,

179 4140 237 4190 et
265 4135 461 4203 cogita
491 4133 854 4202 diligentius,
889 4148 999 4188 nec
1041 4137 1436 4204 pertranseat,
1478 4135 1583 4190 sed
1615 4135 1840 4191 habitet

184 4222 246 4279 in
285 4223 370 4279 eis
402 4222 799 4279 consideratio
824 4226 960 4289 tua;
994 4227 1049 4277 et
1081 4222 1216 4278 inde
1233 4222 1484 4279 fortasse
1514 4229 1838 4298 utcumque

187 4312 470 4383 conjicies
499 4311 811 4384 quomodo
835 4311 909 4367 sit
938 4312 1142 4367 anima
1181 4327 1444 4383 praesens
1478 4313 1567 4369 vel
1590 4315 1834 4370 absens.

186 4404 248 4458 ln
281 4403 368 4457 eis
381 4402 606 4474 quippe
625 4401 762 4456 visis
782 4400 1199 4457 demoraturin
1230 4402 1483 4472 somnis,
1513 4419 1650 4458 cum
1671 4404 1840 4460 abest

185 4507 220 4547 a
237 4507 418 4546 sensu
436 4490 874 4562 prmsentiaque
886 4490 1164 4546 cernendi
1179 4506 1364 4562 quam
1383 4491 1607 4563 praebet
1628 4493 1836 4560 oculis,

184 4580 435 4651 vigilans
464 4597 478 4635 :
511 4580 667 4636 hanc
694 4583 893 4634 autem
919 4579 997 4635 ab
1025 4580 1228 4644 oculis,
1247 4580 1360 4636 hoc
1382 4586 1467 4636 est
1489 4586 1780 4653 tanquam
1804 4598 1840 4639 a

185 4668 585 4725 luminaribus
634 4667 900 4740 corporis
937 4668 1155 4725 animae
1205 4669 1564 4736 absentiam,
1599 4686 1734 4742 quae
1772 4671 1838 4727 ﬁt

185 4774 324 4813 cum
338 4758 693 4821 dormimus,
717 4757 764 4812 si
792 4756 883 4812 vis
905 4758 1098 4828 major
1119 4763 1356 4829 augeat,
1374 4764 1436 4814 ut
1461 4764 1647 4815 totum
1669 4759 1838 4831 quod

185 4851 278 4902 est
305 4846 441 4902 inde
471 4847 872 4913 subtrahatur,
905 4862 1069 4903 mors
1098 4853 1209 4904 est.
1259 4849 1419 4904 Sicut
1457 4863 1600 4917 ergo
1639 4865 1675 4905 a
1709 4864 1837 4904 cer-

185 4935 370 4991 nendi
407 4950 580 4991 sensu
613 4935 691 4991 ad
722 4935 848 4992 visa
869 4937 1266 5003 somniorum,
1309 4953 1429 4992 non
1456 4953 1593 4993 cum
1635 4937 1837 5009 aliquo

181 5040 430 5096 corpore
443 5025 728 5094 abscedit,
750 5024 862 5080 nisi
887 5026 1037 5081 forte
1053 5026 1152 5081 illa
1169 5040 1303 5096 quae
1318 5026 1593 5082 videntur
1608 5026 1666 5082 in
1682 5043 1838 5083 som-

180 5115 274 5170 nis
301 5129 612 5185 corporea,
634 5114 1046 5187 nosqueipsos
1061 5115 1211 5171 inter
1231 5115 1354 5183 illa,
1372 5115 1484 5173 hac
1509 5121 1687 5190 atque
1703 5116 1838 5173 illac

178 5205 314 5260 ferri
347 5202 630 5260 acreferri
654 5219 792 5259 cum
821 5203 1023 5277 aliquo
1042 5221 1290 5278 corpore
1319 5207 1833 5273 existimabimus;

177 5293 345 5366 quod
365 5294 499 5365 jam
527 5293 627 5349 tibi
661 5293 917 5350 arbitror
936 5310 1059 5351 non
1086 5296 1271 5352 videri
1306 5296 1418 5352 :ita
1445 5297 1491 5351 si
1525 5301 1648 5352 tota
1674 5297 1837 5368 peni-

177 5387 271 5440 tus
302 5382 686 5439 abstrahatur
710 5387 888 5456 atque
910 5385 1090 5453 absit,
1121 5386 1286 5457 quod
1302 5385 1364 5441 ﬁt
1394 5386 1454 5441 in
1488 5391 1693 5451 morte,
1714 5401 1834 5443 non

175 5489 382 5529 secum
414 5472 685 5544 putanda
715 5479 803 5529 est
826 5474 1055 5530 auferre
1088 5474 1333 5546 aliquod
1355 5492 1572 5546 corpus
1599 5491 1672 5531 ex
1704 5492 1835 5531 cor-

169 5576 339 5634 pore.
371 5563 520 5617 Nam
553 5561 600 5616 si
633 5562 910 5630 auferret,
937 5563 1201 5636 profecto
1231 5564 1410 5621 etiam
1439 5580 1578 5620 cum
1611 5565 1838 5626 dormi.

173 5666 313 5711 mus
343 5656 402 5709 et
423 5650 779 5711 absceditab
799 5654 1005 5720 oculis,
1021 5655 1081 5710 in
1097 5659 1394 5729 quantum
1407 5669 1510 5714 eos
1525 5653 1833 5728 relinquit,

1402 163 1911 224 EPISTOLARUM
1947 161 2235 221 CLASSIS
2274 162 2368 217 III.

3495 172 3602 229 706

1947 293 2007 347 in
2038 288 2704 347 tantumoculossecum
2737 286 3011 355 auferret,
3047 293 3380 364 quamlibet
3415 298 3600 355 subti-

1947 381 2141 445 liores,
2176 393 2494 449 corporeos
2516 381 2746 445 tamen;
2775 378 2937 449 quod
2969 395 3090 436 non
3119 380 3272 439 facit.
3301 387 3600 444 Verumta-

1950 485 2085 526 men
2124 467 2319 525 aufert
2347 483 2550 522 secum
2604 467 2904 539 quosdam
2947 469 3301 540 simillimos,
3345 478 3444 531 sed
3476 493 3600 534 non

1948 556 2521 630 corporeos,quibus
2554 557 2686 611 visa
2708 556 3010 614 simillima
3036 561 3222 618 cernit
3251 563 3311 618 in
3343 570 3594 632 somnis,

1947 650 2052 705 sed
2085 663 2193 703 nec
2224 648 2354 718 ipsa
2384 661 2696 716 corporea.

2017 737 2259 792 LPorro
2273 736 2319 790 si
2333 735 2548 807 aliquis
2563 735 3076 794 contendatetiam
3091 739 3216 796 visa
3230 745 3598 801 somniorum

1947 843 2085 900 quae
2112 825 2329 881 similia
2349 823 2702 896 corporibus
2727 831 3038 896 apparent,
3072 844 3190 884 non
3207 845 3333 887 esse
3349 833 3460 888 nisi
3476 851 3600 891 cor-

1949 931 2151 989 porea,
2188 914 2419 970 videtur
2446 913 2558 968 sibi
2589 912 2814 985 aliquid
2849 915 3065 980 dicere,
3103 932 3209 972 nec
3242 920 3352 976 ista
3379 923 3600 992 ingenii

1948 1006 2192 1066 tarditas
2218 1003 2386 1060 facile
2417 1005 2824 1070 convincitur;
2873 1005 3200 1062 multorum
3263 1011 3484 1083 quippe
3515 1018 3602 1068 est

1949 1095 2127 1150 etiam
2155 1108 2277 1149 non
2306 1092 3036 1153 mediocriteracutorum:
3073 1098 3363 1167 quoniam
3389 1117 3599 1171 parum

1950 1183 2264 1241 attendunt
2301 1186 2600 1254 quantum
2658 1183 2893 1238 valeant
2925 1184 3217 1254 imagines
3252 1205 3598 1261 corporum,

1947 1271 2319 1346 quaaﬁuntin
2353 1270 2585 1342 spiritu,
2603 1286 2710 1326 nec
2725 1272 2975 1328 omnino
3004 1281 3429 1348 suntcorpora.
3451 1280 3598 1334 Cum

1950 1378 2090 1418 vero
2121 1377 2220 1416 eas
2243 1365 2537 1431 coguntur
2562 1360 2802 1424 intueri,
2837 1362 2883 1416 si
2914 1369 3068 1418 recte
3100 1364 3482 1434 adverterint,
3510 1375 3598 1425 at-

1948 1466 2066 1522 que
2093 1449 2494 1520 compererint
2521 1464 2644 1504 non
2667 1465 2766 1504 eas
2801 1466 2932 1505 esse
2967 1468 3309 1524 corporeas,
3345 1457 3449 1511 sed
3475 1474 3601 1513 cor-

1948 1555 2165 1612 porum
2195 1538 2553 1602 simillimas,
2580 1538 2875 1594 rationem
2897 1545 3099 1596 tamen
3115 1542 3188 1597 de
3214 1544 3310 1598 his
3329 1561 3450 1600 non
3464 1563 3602 1602 con-

1949 1631 2117 1684 tinuo
2149 1627 2344 1684 valent
2364 1627 2633 1692 reddere,
2661 1629 2883 1699 quibus
2907 1631 3102 1685 causis
3126 1635 3184 1686 et
3207 1636 3602 1703 quemadmo-

1950 1717 2096 1772 dum
2119 1716 2285 1779 ﬁant,
2313 1732 2438 1788 qua
2467 1716 2727 1788 denique
2747 1722 2965 1774 natura
2999 1735 3110 1774 sua
3140 1721 3491 1791 subsistant,
3513 1724 3606 1779 vel

1949 1808 2009 1863 in
2026 1823 2148 1878 quo
2181 1806 2448 1876 subjecto
2482 1806 2628 1864 sint:
2657 1808 2955 1863 utrumita
2990 1810 3048 1864 in
3071 1811 3275 1867 animo
3301 1812 3442 1869 ﬁant
3467 1815 3606 1869 utin

1950 1897 2307 1952 membrana
2326 1911 2397 1950 ex
2419 1899 2755 1951 atramento
2779 1895 3007 1965 litterae,
3035 1899 3135 1954 ubi
3160 1905 3408 1973 utraque
3437 1904 3607 1959 subs-

1951 1986 2138 2042 tantia
2157 1991 2264 2051 est,
2290 1985 2646 2040 membrana
2661 1985 2882 2041 scilicet
2902 1993 2960 2042 et
2978 1993 3378 2045 atramentum
3399 2009 3410 2057 ;
3429 2008 3504 2047 an
3525 1994 3607 2047 si-

1951 2081 2050 2131 cut
2065 2075 2322 2145 sigillum
2338 2075 2398 2128 in
2420 2075 2675 2142 cera,vel
2689 2074 2884 2144 ﬁgura
2902 2077 3182 2147 quaelibet
3199 2081 3294 2133 cui
3311 2095 3446 2136 cera
3465 2083 3606 2136 sub-

1947 2166 2171 2237 jectum
2194 2169 2299 2229 est,
2334 2163 2503 2219 illain
2542 2163 2812 2233 subjecto
2831 2180 2936 2230 ;an
2960 2172 3211 2238 utroque
3229 2168 3414 2224 modo
3454 2169 3607 2226 ﬁant

1951 2254 2064 2311 ista
2108 2254 2168 2309 in
2213 2252 2420 2324 spiritu
2459 2258 2687 2316 nostro,
2733 2253 3061 2325 aliquando
3122 2256 3225 2323 sic,
3272 2257 3604 2330 aliquando

1951 2349 2153 2402 autem
2195 2342 2299 2398 sic.

2023 2434 2316 2489 5.Movent
2335 2431 2494 2486 enim
2517 2447 2630 2486 non
2652 2431 2846 2486 solum
2870 2448 2940 2488 ea
2968 2449 3104 2505 quas
3125 2435 3348 2492 absunt
3372 2438 3606 2494 asensi-

1950 2523 2065 2579 bus
2086 2521 2371 2593 corporis,
2392 2526 2447 2575 et
2465 2521 2526 2575 in
2546 2524 2750 2576 nostra
2772 2523 3148 2593 reperiuntur
3166 2526 3481 2593 memoria,
3511 2527 3604 2583 vel

1950 2628 2086 2685 qua:
2116 2627 2226 2667 nos
2255 2609 2367 2682 ipsi
2398 2614 2458 2664 ut
2486 2608 2721 2664 libitum
2745 2615 2854 2677 est,
2884 2611 3160 2680 facimus,
3193 2614 3601 2686 disponimus,

1950 2699 3033 2772 augemus,minuimus‘,situ,habitu,
3056 2710 3248 2770 motu,
3267 2704 3609 2762 innumera-

1949 2787 2565 2862 bilibusqualitatibus
2581 2787 2910 2859 formisque
2930 2790 3258 2847 variamus.
3283 2794 3442 2850 Talia
3468 2800 3606 2851 sunt

1951 2878 2212 2935 fortassis
2235 2878 2414 2932 etiam
2445 2877 2544 2931 illa
2579 2876 2800 2948 quibus
2837 2877 3181 2935 deludimur
3215 2881 3601 2949 dormientes,

1947 2968 2193 3041 quando
2225 2982 2345 3024 non
2367 2964 2653 3020 divinitus
2695 2965 3126 3034 admonemur;
3152 2970 3266 3023 nisi
3296 2971 3604 3042 quodhasc

1946 3058 2213 3114 volentes
2242 3054 2608 3127 agimus,illa
2621 3061 2833 3126 praeter
2847 3055 3159 3112 arbitrium
3175 3058 3452 3129 patimur.
3475 3063 3603 3117 Non

1946 3142 2141 3199 solum
2156 3142 2283 3196 haec
2298 3145 2685 3211 moveatquae
2700 3139 2759 3193 in
2800 3139 3003 3196 animo
3021 3141 3094 3196 de
3108 3142 3242 3213 ipso
3263 3143 3466 3199 animo
3479 3144 3605 3204 ﬁeri

1946 3247 2067 3288 non
2081 3229 2344 3288 absurde
2358 3229 2491 3301 quis
2505 3232 2674 3299 putat
2691 3229 2988 3300 (quamvis
3005 3231 3184 3286 ethoc
3198 3231 3398 3287 causis
3414 3232 3610 3288 occul-

1947 3318 2441 3392 tioribus,quibus
2457 3318 2652 3388 agitur
2670 3322 2732 3373 ut
2763 3317 2923 3373 istud
2965 3318 3164 3390 potius
3179 3336 3365 3392 quam
3380 3320 3527 3377 illud
3543 3322 3602 3376 in

1945 3412 2335 3481 conspectum
2350 3406 2534 3462 animi
2565 3405 2822 3477 veniat);
2859 3406 2962 3460 sed
2978 3407 3157 3463 etiam
3173 3407 3341 3479 quod
3365 3407 3445 3463 ait
3473 3424 3604 3480 pro—

1946 3498 2222 3572 pheta,Et
2235 3497 2380 3550 dixit
2393 3495 2532 3550 mihi
2543 3494 2778 3565 Angelus
2789 3497 2882 3565 qui
2899 3495 3220 3566 loquebatur
3233 3498 3292 3552 in
3306 3515 3383 3552 me
3407 3497 3598 3569 (Zach.

1945 3591 1986 3653 l,
2019 3588 2095 3658 9).
2130 3589 2329 3657 Neque
2350 3585 2509 3639 enim
2533 3583 2857 3638 forinsecus
2883 3599 3058 3639 voces
3092 3585 3169 3640 ad
3199 3602 3373 3641 aures
3401 3602 3606 3659 corpo-

1945 3692 2078 3732 reas
2108 3674 2414 3745 Prophetas
2450 3673 2682 3727 venisse
2717 3673 3082 3728 credendum
3127 3679 3233 3741 est,
3267 3691 3406 3731 cum
3441 3676 3602 3742 dicit,

1945 3766 2041 3837 qui
2067 3763 2376 3834 loquebatur
2390 3764 2447 3816 in
2461 3779 2559 3826 me,
2592 3776 2732 3828 non,
2762 3761 2848 3817 Ad
2864 3777 2979 3817 me.
3016 3763 3220 3818 Utrum
3242 3781 3421 3820 voces
3435 3768 3605 3822 erant

1945 3855 2019 3910 de
2049 3852 2258 3925 spiritu
2287 3851 2481 3920 factae,
2511 3851 2927 3922 corporalibus
2954 3851 3198 3915 similes,
3234 3853 3443 3924 quales
3468 3854 3598 3922 agi-

1948 3960 2085 4000 mus
2112 3959 2249 3998 cum
2295 3941 2459 4012 apud
2486 3956 2596 3996 nos
2649 3939 2807 3995 taciti
2838 3939 3030 3996 multa
3059 3941 3426 4009 memoriter,
3474 3942 3603 4012 ple-

1944 4048 2202 4106 rumque
2229 4032 2410 4088 etiam
2430 4028 2728 4085 cantando
2757 4029 3240 4100 transcurrimus,
3263 4031 3366 4086 sed
3395 4034 3598 4086 tamen

1948 4121 2122 4177 editas
2139 4120 2216 4176 ab
2237 4119 2462 4190 Angelo
2485 4118 2600 4173 sibi
2632 4116 3024 4189 suggerente?
3041 4118 3109 4173 Et
3134 4119 3299 4190 quod
3324 4119 3382 4174 in
3413 4122 3606 4175 Evan-

1949 4211 2101 4280 gelio
2129 4211 2414 4282 scriptum
2449 4214 2558 4274 est,
2590 4207 2731 4263 Ecce
2757 4207 2994 4280 Angelus
3025 4207 3126 4262 Dei
3144 4210 3408 4280 apparuit
3440 4208 3601 4264 illiin

1947 4301 2147 4356 somnis
2174 4299 2351 4354 dicens
2381 4298 2606 4371 (Matth.
2635 4298 2674 4366 l,
2701 4297 2790 4369 20)
2827 4314 2838 4351 :
2873 4299 3188 4364 Quomodo
3221 4299 3378 4353 enim
3412 4315 3602 4371 appa-

1947 4392 2148 4455 ruerit,
2178 4389 2501 4461 velcorpus
2528 4387 2867 4457 angelicum
2882 4387 3070 4442 oculis
3089 4387 3600 4458 clausis(Abrahas

1947 4481 2172 4553 quippe
2191 4478 2453 4548 vigilanti
2477 4477 2560 4531 sic
2583 4480 3013 4547 apparuerunt,
3038 4481 3096 4530 ut
3123 4491 3225 4531 eos
3240 4475 3440 4541 etiam,
3459 4492 3600 4533 cum

1947 4570 2130 4642 pedes
2153 4566 2396 4623 laviteis
2412 4565 2562 4636 [Gen.
2582 4564 2830 4633 xvui,4],
2855 4565 3283 4618 contrectando
3299 4566 3600 4635 sentiret)?

1946 4660 2039 4715 vel
2068 4656 2312 4728 spiritus
2337 4653 2562 4725 spiritui
2593 4651 2941 4708 dormientis
2969 4652 3028 4707 in
3073 4655 3271 4725 specie
3303 4654 3506 4726 aliqua
3531 4655 3602 4710 si-

1948 4747 2071 4802 mili
2103 4744 2353 4817 corpori,
2373 4742 2650 4797 sicutnos
2676 4741 2790 4813 ipsi
2814 4741 2986 4797 nobis
2999 4742 3385 4800 videmurtali
3408 4744 3601 4816 ﬁgura

1947 4837 2125 4893 etiam
2176 4849 2281 4906 per
2309 4833 2442 4890 loca
2500 4830 2726 4887 moveri
2765 4831 3157 4900 somniantes,
3206 4832 3384 4903 longe
3429 4834 3599 4890 aliter

1946 4941 2132 5000 quam
2163 4923 2436 4979 membra
2465 4922 2525 4976 in
2552 4919 2749 4976 stratis
2769 4919 3036 4990 jacentia
3065 4928 3402 4978 moventur.

2015 5019 2068 5071 6.
2104 5017 2236 5069 Haec
2266 5011 2399 5068 ideo
2433 5009 2584 5066 mira
2613 5015 2768 5079 sunt,
2789 5009 2933 5081 quia
2965 5011 3350 5067 occultiorem
3368 5010 3597 5066 habent

1944 5105 2260 5170 rationem,
2283 5116 2468 5173 quam
2496 5105 2558 5156 ut
2589 5099 2778 5154 videri
2811 5099 2902 5154 vel
2927 5099 3096 5154 reddi
3119 5100 3195 5156 ab
3221 5099 3466 5154 homine
3491 5099 3600 5154 ho-

1947 5193 2094 5250 mini
2129 5192 2336 5264 possit.
2380 5193 2528 5245 Nam
2580 5189 2710 5245 istae
2763 5203 2959 5243 causae
2991 5192 3128 5242 sunt
3156 5186 3597 5252 admirationis,

1945 5299 2083 5339 cum
2115 5281 2204 5337 vel
2232 5279 2382 5336 ratio
2411 5279 2703 5350 cujusque
2735 5276 2817 5333 rei
2832 5275 2992 5342 latet,
3022 5275 3111 5331 vel
3142 5276 3354 5331 eadem
3368 5292 3462 5332 res
3481 5277 3599 5332 usi-

1945 5376 2067 5428 tata
2079 5385 2199 5426 non
2218 5372 2327 5439 est,
2350 5367 2515 5439 quod
2528 5363 2966 5435 autsingularis
2980 5369 3232 5420 autrara
3244 5367 3353 5420 est.
3388 5367 3464 5419 Ex
3491 5364 3596 5421 illa

2005 5535 2018 5567 ί
2055 5532 2202 5588 Lov.,
2238 5544 2344 5578 non
2364 5529 2528 5579 solum
2573 5532 2626 5575 ut
2651 5525 2941 5589 cogitemus,
2969 5541 3026 5574 ea
3064 5539 3172 5589 quw
3216 5525 3419 5584 absunt,
3456 5531 3588 5589 etc.,

1941 5597 2027 5646 sed
2045 5587 2198 5644 etiam
2223 5594 2341 5648 situ,
2375 5591 2571 5646 habitu,
2599 5587 2801 5655 eteiAt
2842 5587 2965 5637 Bad.
2992 5587 3164 5655 Erget»
3182 5589 3420 5655 plerique
3451 5587 3582 5650 Mss;

1943 5662 2125 5711 carent
2150 5658 2232 5706 his
2263 5656 2456 5712 verbis,
2479 5658 2534 5703 ut
2563 5653 2852 5718 cogitemus,
2884 5656 2949 5712 et,
2986 5652 3070 5703 sed
3097 5653 3274 5712 etiam,
