4098 6166
544 184 648 239 707
668 155 688 204 9

544 322 688 379 ergo
727 323 911 365 causa
956 307 1189 364 latentis
1238 304 1501 373 rationis,
1536 321 1647 376 ego
1696 304 1898 363 dixiin
1942 305 2195 379 epistola

541 412 726 468 quam
759 403 812 451 te
843 396 1053 466 legisse
1084 412 1525 452 commemoras
1554 396 1757 467 (Epist.
1792 398 1912 463 137,
1937 397 2007 451 ad
2034 396 2191 455 Volu-

538 486 796 555 sianum),
822 501 958 540 cum
984 485 1067 541 eis
1095 485 1526 556 responderem
1544 486 1644 558 qui
1675 490 1897 556 negant
1917 502 2050 542 esse
2073 500 2194 542 cre-

540 573 999 645 dendum,quod
1029 573 1326 631 Christum
1350 575 1513 645 virgo
1536 575 2036 647 pepererit,virgo
2058 591 2190 647 per-

539 662 843 725 manserit,
873 661 934 717 Si
975 663 1123 718 ratio
1150 664 1446 734 quaeritur,
1476 681 1582 719 non
1611 666 1719 720 erit
1750 664 2035 720 mirabile:
2076 664 2190 721 hoc

538 752 696 809 enim
720 752 943 808 dictum
973 757 1081 817 est,
1116 769 1237 809 non
1269 755 1431 826 quod
1464 754 1689 811 ratione
1716 770 1808 810 res
1840 759 2057 820 careat,
2084 756 2188 811 sed

536 841 700 913 quod
732 858 833 897 eos
862 841 1043 897 lateat
1069 843 1287 915 quibus
1310 843 1423 899 hoc
1457 845 1608 898 Deus
1632 843 1820 900 voluit
1844 858 1976 899 esse
2005 846 2188 901 mira-

537 930 672 987 bile.
700 934 775 986 Ex
799 931 915 987 alia
939 947 1077 988 vero
1101 932 1519 988 admirationis
1540 949 1744 999 causa,
1770 949 1902 1005 quae
1923 934 2057 989 ideo
2075 939 2182 1001 est,

532 1020 678 1092 quia
708 1020 1011 1075 insolitum
1030 1020 1253 1093 aliquid
1269 1023 1542 1086 occurrit,
1568 1022 1854 1093 scriptum
1871 1032 1961 1078 est
1983 1023 2057 1079 de
2078 1025 2184 1079 Do-

534 1109 702 1165 mino
728 1110 890 1181 quod
946 1110 1192 1166 miratus
1235 1111 1308 1165 sit
1339 1112 1711 1167 Centurionis
1735 1111 1953 1178 ﬁdem;
1987 1127 2182 1186 neque

533 1200 687 1253 enim
704 1214 841 1253 eum
863 1199 944 1253 rei
960 1198 1137 1253 ullius
1164 1200 1311 1255 ratio
1325 1199 1730 1271 potuitlatere,
1748 1200 1847 1255 sed
1864 1201 2181 1258 admiratio

530 1302 639 1358 pro
662 1285 837 1343 laude
852 1288 1042 1359 posita
1068 1293 1152 1343 est
1165 1288 1292 1359 ejus
1307 1289 1477 1359 cujus
1492 1305 1600 1361 par
1613 1290 1670 1344 in
1688 1290 1913 1362 populo
1936 1292 2179 1347 Hebraeo

529 1390 649 1431 non
680 1380 1072 1447 apparuerat:
1093 1376 1395 1449 undeipsa
1418 1378 1733 1434 admiratio
1751 1379 1893 1435 satis
1906 1380 2180 1451 exposita

527 1470 639 1535 est,
669 1481 807 1520 cum
842 1465 1126 1520 Dominus
1157 1467 1257 1531 ait,
1286 1466 1456 1521 Amen
1498 1468 1615 1523 dico
1644 1468 1808 1539 vobis,
1858 1484 1963 1524 non
1993 1470 2178 1525 inveni

528 1561 733 1611 tantam
760 1554 915 1625 ﬁdem
946 1554 1001 1607 in
1035 1554 1209 1608 Israel
1240 1555 1392 1625 (Luc.
1424 1572 1520 1621 vn,
1554 1558 1625 1624 9).

596 1644 651 1697 7.
676 1643 843 1709 Quod
876 1648 1075 1699 autem
1097 1643 1287 1714 adjeci
1319 1646 1379 1699 in
1406 1645 1614 1699 eadem
1641 1645 1908 1717 epistola,
1932 1646 1989 1701 Si
2004 1664 2177 1704 exem-

524 1732 673 1804 plum
698 1732 957 1803 poscitur,
990 1748 1093 1786 non
1132 1733 1239 1787 erit
1282 1732 1592 1803 singulare;
1621 1733 1842 1791 frustra
1873 1734 1978 1791 tibi
2013 1737 2173 1792 visus

526 1838 589 1877 es
604 1820 1051 1893 velutexempla
1064 1821 1364 1877 invenisse
1378 1822 1451 1877 de
1466 1822 1789 1880 vermiculo
1802 1824 1974 1895 quiin
1991 1841 2174 1897 pomo

523 1910 807 1973 nascitur,
824 1914 879 1965 et
907 1924 1127 1965 aranea
1141 1926 1275 1981 quae
1288 1910 1457 1966 ﬁlum
1483 1912 1747 1968 textrina:
1776 1929 1899 1970 suae
1922 1930 2172 1988 corpore

522 1999 678 2055 velut
700 1998 929 2067 integro
954 1997 1423 2070 parit.Dicuntur
1436 2001 1595 2056 enim
1624 2001 1828 2075 aliqua
1849 2009 2055 2073 argute
2070 2020 2170 2059 cu-

516 2086 761 2159 jusdam
801 2087 1203 2142 similitudinis
1269 2089 1480 2157 gratia,
1531 2090 1648 2147 alia
1686 2093 1991 2158 remotius,
2051 2093 2169 2150 alia

518 2176 1093 2248 congruentius;sed
1122 2176 1282 2232 solus
1321 2177 1585 2234 Christus
1611 2184 1889 2237 natusest
1904 2197 1975 2238 ex
1989 2182 2169 2252 virgi-

515 2279 620 2322 ne:
657 2265 814 2321 unde
838 2266 963 2337 jarn
986 2265 1282 2337 intelligis,
1301 2274 1594 2339 quantum
1621 2270 2039 2334 existimo,cur
2053 2272 2166 2327 hoc

515 2369 648 2410 esse
677 2354 928 2411 dixerim
973 2355 1098 2410 sine
1139 2356 1433 2427 exemplo.
1466 2358 1695 2413 Habent
1716 2359 1917 2431 itaque
1960 2360 2166 2417 omnia

515 2458 731 2500 causas
763 2460 905 2499 suas
936 2448 1113 2515 atque
1141 2444 1402 2499 rationes
1425 2449 1615 2501 rectas
1659 2452 1715 2503 et
1741 2447 2162 2520 inculpabiles,

513 2547 647 2604 quas
665 2533 819 2588 Deus
836 2531 1155 2587 velusitata
1168 2532 1253 2587 vel
1276 2532 1556 2589 inusitata
1594 2541 1891 2608 operatur.
1926 2538 2041 2593 Sed
2070 2538 2163 2594 hac

512 2635 707 2675 causa:
738 2625 917 2692 atque
957 2619 1219 2676 rationes
1268 2636 1403 2675 cum
1449 2621 1651 2689 latent,
1702 2625 1991 2681 miramur
2029 2642 2163 2698 quae

510 2708 661 2763 ﬁunt
678 2725 690 2775 ;
707 2726 845 2765 cum
869 2713 1067 2764 autem
1084 2714 1751 2785 patent,consequenter
1763 2730 1833 2770 ea
1848 2715 1937 2770 vel
1950 2731 2161 2773 conve-

509 2798 739 2856 nienter
759 2799 883 2855 ﬁeri
904 2799 1157 2855 dicimus
1182 2816 1317 2865 ;nec
1342 2801 1681 2859 mirandum
1695 2805 1993 2877 esse,quia
2008 2806 2161 2865 facta

508 2893 664 2958 sunt,
693 2904 829 2960 quae
843 2889 991 2944 ratio
1005 2888 1589 2960 exigebatutﬂerent.
1617 2896 1745 2964 Aut,
1776 2892 1827 2947 si
1848 2894 2155 2967 miramur,

505 2989 629 3032 non
652 2976 963 3047 inopinata
998 2977 1315 3048 stupendo,
1351 2977 1455 3032 sed
1474 2979 1819 3039 excellentia
1850 2981 2156 3040 laudando

503 3066 964 3137 miramurzquo
978 3079 1191 3135 genere
1206 3066 1620 3124 admirationis
1636 3072 1913 3128 Centurio
1927 3073 2157 3131 illelau-

502 3153 681 3210 datus
704 3160 811 3210 est.
836 3157 949 3211 Nec
964 3154 1097 3210 ideo
1115 3156 1611 3226 reprehendenda
1629 3164 1716 3215 est
1732 3164 2023 3219 sententia
2041 3180 2156 3236 qua

501 3242 729 3299 dictum
744 3250 852 3309 est,
872 3242 931 3299 Si
960 3245 1104 3299 ratio
1120 3245 1415 3315 quaeritur,
1446 3263 1549 3300 non
1572 3248 1677 3303 erit
1701 3250 2152 3324 mirabile;quo-

1820 180 1881 238 S.
1922 172 2313 239 AUGUSTINI
2351 174 2671 235 EPISCOPI

2375 306 2426 359 9.
2448 305 2605 359 Latet
2616 302 2767 359 ratio
2780 302 3153 359 diversarum
3168 304 3627 361 commutationu
3638 323 3711 374 m;
3722 310 3884 371 ethinc

2302 398 2390 449 est
2418 393 2692 449 omnium
2722 391 3047 448 visibilium
3075 393 3229 450 silva
3259 393 3705 450 miraculorum:
3746 414 3886 458 num-

2301 483 2447 555 quid
2477 487 2676 539 tamen
2708 480 2841 538 ideo
2862 480 3144 538 latetesse
3166 497 3436 554 corpora,
3454 482 3665 541 habere
3684 501 3781 543 nos
3792 504 3893 547 cor-

2302 587 2436 643 pus,
2464 570 2695 628 nullum
2711 586 2844 627 esse
2855 570 3481 644 quantulumcumque
3494 576 3892 646 corpusculum,

2298 660 2463 734 quod
2479 677 2597 717 non
2613 676 2720 733 pro
2735 676 2846 717 suo
2860 660 3044 717 modo
3059 660 3174 717 loci
3186 661 3698 733 occupetspatium
3716 680 3728 730 ;
3746 667 3895 724 necin

2297 766 2369 806 eo
2384 750 2547 822 quod
2567 756 2822 823 occupat
2837 749 3063 823 ubique
3084 749 3158 805 sit
3180 754 3392 816 totum,
3418 750 3522 806 sed
3553 752 3740 809 minus
3765 755 3827 811 sit
3848 757 3895 813 in

2297 845 2465 912 parte
2484 856 2671 912 quam
2699 840 2757 895 in
2776 844 2896 895 toto
2926 838 2953 894 ‘i
2986 841 3119 895 Hinc
3148 840 3438 912 quoniam
3470 854 3588 895 non
3614 840 3796 907 latent,
3822 843 3895 900 his

2294 929 2671 986 contexenda
2682 933 2821 983 sunt
2834 928 3281 1001 consequentia,
3296 927 3463 1000 quod
3476 944 3631 985 nunc
3642 929 3814 988 facere
3831 936 3897 990 ni-

2295 1018 2409 1075 mis
2429 1017 2673 1089 longum
2689 1018 3025 1091 est,quibus
3047 1018 3397 1075 ostendatur
3420 1034 3537 1074 non
3551 1019 3818 1077 rationem
3830 1020 3894 1079 la-

2292 1112 2432 1177 tere,
2465 1107 2569 1163 sed
2599 1108 2892 1163 rationem
2922 1106 3172 1163 omnino
3211 1106 3443 1163 nullam
3486 1122 3616 1163 esse
3637 1124 3748 1181 qua
3766 1111 3895 1167 credi

2289 1198 2525 1263 debeat,
2554 1196 2645 1252 vel
2673 1195 2865 1267 possit
2883 1194 3144 1267 intelligi,
3189 1198 3375 1251 Deum
3402 1197 3508 1269 qui
3538 1196 3750 1268 ubique
3770 1203 3893 1255 totus

2290 1292 2396 1354 est,
2420 1302 2529 1343 nec
2560 1301 2665 1358 per
2690 1285 2884 1357 spatia
2896 1284 3165 1341 locorum
3185 1300 3476 1356 corporea
3492 1284 3642 1341 mole
3654 1284 3895 1343 diffundi-

2289 1380 2401 1443 tur,
2430 1377 2491 1432 in
2520 1391 2642 1448 qua
2668 1389 2909 1431 necesse
2931 1374 3154 1431 habeat
3180 1373 3457 1446 partibus
3481 1374 3794 1444 majoribus
3812 1378 3897 1433 mi-

2288 1465 2655 1537 noribusque
2676 1468 2973 1529 constare,
3005 1464 3167 1519 cerni
3199 1462 3504 1535 corporeis
3527 1462 3707 1520 oculis
3728 1480 3894 1537 posse.

2289 1547 2454 1611 Unde
2481 1554 2651 1627 plura
2672 1554 2932 1609 dicerem
2961 1553 3008 1608 si
3022 1552 3207 1608 hocin
3231 1551 3486 1623 epistola
3510 1552 3621 1609 ista
3642 1554 3894 1626 suscepis-

2287 1645 2503 1714 sem,in
2520 1644 2693 1715 cujus
2713 1642 3148 1713 longitudinem
3169 1657 3292 1697 non
3307 1640 3570 1697 sentiens
3588 1656 3894 1714 progressus

2286 1731 2836 1806 sum,peneoblitus
2859 1730 3320 1803 occupationum
3346 1746 3638 1797 mearum,
3655 1733 3729 1787 ita
3742 1732 3895 1788 utfor-

2283 1822 2633 1895 tasse,quod
2646 1836 2767 1878 non
2780 1820 3139 1885 arbitrabar,
3156 1819 3473 1876 intentioni
3487 1825 3601 1876 tua:
3626 1821 3756 1876 satis
3769 1821 3891 1878 fece-

2282 1913 2416 1979 rim,
2445 1913 2545 1985 qui
2562 1915 2729 1983 potes
2749 1910 2959 1983 paucis
2970 1909 3315 1967 admonitus
3327 1908 3505 1981 plura
3515 1909 3765 1980 cogitare
3782 1927 3890 1983 quis

2282 2005 2629 2073 competunt
2655 2017 2668 2066 ;
2707 2000 2811 2055 sed
2835 2014 2957 2056 non
2984 1999 3165 2056 etiam
3193 2014 3403 2056 eorum
3437 1998 3497 2053 in
3523 2014 3767 2071 quorum
3793 2016 3889 2057 ma-

2282 2106 2395 2146 nus
2408 2090 2795 2147 noninaniter
2817 2089 3016 2144 venire
3029 2088 3141 2143 ista
3155 2092 3435 2160 possunt,
3453 2088 3499 2143 si
3518 2086 3833 2159 diligentius
3846 2096 3889 2146 et

2280 2180 2582 2252 copiosius
2607 2179 2999 2235 disserantur.
3028 2177 3323 2234 Laborant
3342 2182 3547 2234 autem
3570 2178 3819 2235 homines
3842 2178 3888 2235 in

2279 2269 2587 2336 discendo,
2622 2274 2676 2325 et
2702 2268 2909 2324 brevia
2933 2282 3054 2324 non
3087 2266 3283 2323 valent
3322 2266 3669 2340 intelligere,
3697 2268 3887 2340 prolixa

2278 2374 2399 2415 non
2432 2363 2639 2415 amant
2668 2357 2883 2428 legere.
2908 2357 3203 2413 Laborant
3220 2355 3504 2412 itidemin
3518 2356 3887 2429 docendo,qui

2278 2453 2334 2503 et
2364 2464 2558 2520 pauca
2589 2447 2791 2513 tardis,
2824 2452 2879 2503 et
2911 2446 3101 2503 multa
3140 2446 3325 2518 pigris
3382 2444 3603 2503 frustra
3629 2447 3883 2517 ingerunt.

2276 2538 2425 2594 Mitte
2454 2543 2510 2593 et
2535 2536 2690 2593 illius
2720 2536 2987 2609 epistolas
3035 2534 3409 2607 exemplum,
3456 2552 3593 2609 qua
3621 2536 3772 2609 apud
3796 2551 3882 2592 nos

2272 2627 2560 2684 aberrans
2583 2642 2703 2684 non
2745 2626 2935 2699 potuit
2966 2624 3242 2682 inveniri.

2726 2734 3059 2791 EPISTULA
3096 2732 3329 2789 CLxur
3362 2734 3467 2805 (a).

2366 2833 2605 2889 Evodius
2629 2832 2934 2904 Augustino
2956 2833 3213 2904 proponit
3242 2832 3459 2904 aliquot
3488 2833 3799 2905 quaestiones.

2428 2944 2677 2998 Evonius
2697 2940 3039 3012 episcopus,
3069 2942 3420 2996 Accusrmus
3452 2941 3743 3013 episcopo.

2333 3047 2557 3104 Pridem
2585 3050 2900 3120 quaestiones
2915 3047 3041 3102 misi
3070 3046 3140 3101 ad
3156 3046 3511 3103 Sanctitatem
3531 3055 3673 3104 tuam
3701 3068 3719 3105 :
3739 3062 3874 3102 unam

2261 3135 2324 3190 de
2343 3138 2556 3193 ratione
2585 3145 2635 3193 et
2662 3138 2788 3203 Deo,
2812 3144 2947 3209 puto
2978 3153 3075 3207 per
3101 3136 3356 3192 Jobinum
3382 3137 3479 3210 qui
3505 3138 3667 3193 servit
3693 3136 3874 3192 ancillis

2262 3226 2363 3281 Dei
2395 3230 2410 3264 ¹
2440 3240 2463 3299 ;
2490 3228 2791 3283 alteramde
2805 3244 3023 3299 corpore
3037 3226 3370 3294 Salvatoris,
3398 3228 3461 3282 de
3489 3246 3589 3300 quo
3606 3229 3872 3284 aestimatur

2256 3316 2395 3386 quod
2405 3317 2761 3373 substantiam
2775 3317 2880 3372 Dei
2905 3317 3101 3372 videat.
3126 3316 3369 3372 Tertiam
3389 3316 3510 3373 dico
3531 3334 3696 3376 nunc:
3718 3317 3870 3372 anima

2257 3406 2553 3462 rationalis
2580 3424 2739 3478 quam
2762 3406 3013 3463 Salvator
3023 3422 3140 3461 cum
3161 3422 3384 3477 corpore
3396 3408 3696 3479 assumpsit,
3712 3413 3868 3479 utrum

2260 3495 2321 3549 in
2346 3512 2456 3551 una
2483 3495 2550 3551 de
2566 3495 2906 3567 opinionibus
2933 3502 3005 3551 est
3034 3495 3147 3550 illis
3167 3511 3283 3566 qua
3311 3504 3691 3568 proponuntur
3709 3494 3868 3551 cumde

2256 3585 2454 3640 animae
2476 3586 2689 3656 origine
2704 3588 3003 3657 quaeritur,
3029 3586 3080 3639 si
3106 3601 3211 3655 qua
3232 3584 3318 3640 ibi
3334 3592 3511 3657 potest
3540 3587 3757 3641 veritate
3778 3582 3867 3653 [ul-

2254 3672 2363 3728 ciri
2386 3690 2403 3739 ;
2432 3690 2502 3728 an
2531 3690 2833 3745 quanquam
2862 3672 3155 3729 rationalis
3168 3674 3263 3741 sit,
3295 3690 3405 3729 non
3418 3682 3592 3730 tamen
3614 3692 3676 3729 ex
3698 3674 3760 3728 iis
3777 3689 3866 3743 spe.

2254 3762 2432 3818 ciebus
2461 3781 2576 3835 quae
2607 3764 2669 3819 de
2706 3764 3027 3819 animalium
3058 3765 3242 3819 anima
3272 3763 3561 3834 dicuntur,
3590 3764 3675 3819 sed
3703 3764 3755 3819 in
3777 3760 3865 3815 alia

2254 3851 2500 3909 habetur.
2531 3854 2794 3919 Quartam
2825 3854 3098 3924 interrogo
3128 3869 3147 3905 :
3178 3853 3273 3925 qui
3290 3860 3421 3909 sunt
3449 3854 3541 3909 illi
3562 3854 3793 3925 spiritus,
3817 3849 3864 3903 de

2251 3942 2449 4013 quibus
2481 3943 2536 3998 in
2564 3942 3079 4014 Epistolasuaponit
3101 3942 3300 3999 Petrus
3326 3944 3683 3999 testimonium
3704 3941 3758 3996 de
3783 3941 3866 3995 Do-

2251 4032 2416 4102 mino,
2450 4032 2653 4097 dicens,
2681 4054 2708 4081 ‹‹
2733 4032 3098 4104 Mortiﬁcatus
3124 4048 3307 4098 carne,
3330 4034 3634 4101 viviﬁcatus
3650 4030 3862 4104 spiritu:

2252 4121 2311 4174 in
2331 4138 2432 4192 quo
2461 4128 2512 4176 et
2525 4122 2599 4176 eis
2627 4122 2723 4193 qui
2746 4122 3027 4178 incarcere
3049 4127 3203 4177 erant
3227 4122 3519 4193 spiritibus
3542 4122 3865 4191 veniensprz-

2250 4209 2459 4265 dicavit
2502 4232 2530 4260 υ
2563 4211 2605 4283 (l
2639 4213 2783 4267 Petr.
2820 4228 2899 4277 ιιι,
2934 4214 3016 4276 l8,
3054 4210 3162 4282 19),
3190 4219 3238 4267 et
3268 4218 3464 4267 cetera
3496 4229 3514 4278 ;
3546 4212 3633 4267 hoc
3664 4210 3863 4265 inserens

2247 4299 2386 4370 quod
2406 4300 2464 4355 in
2478 4300 2693 4371 inferno
2715 4301 2959 4372 fuerunt,
2976 4306 3031 4355 et
3050 4300 3361 4356 descendens
3384 4301 3633 4358 Christus
3655 4296 3862 4355 omnibus

2248 4389 2945 4461 evangelisavit,omnesque
2968 4407 3001 4444 a
3032 4389 3262 4445 tenebris
3285 4396 3338 4445 el
3356 4392 3530 4461 panis
3542 4407 3639 4463 per
3656 4386 3859 4461 gratiam

2250 4476 2525 4544 liberavit,
2541 4485 2605 4534 ut
2629 4486 2903 4550 atempore
2929 4479 3349 4534 resurrectionis
3363 4479 3603 4545 Domini,
3622 4475 3856 4550 judicium

2247 4573 2574 4637 exspectetur
2618 4568 2914 4623 exinanitis
2947 4568 3164 4638 inferis.
3221 4568 3364 4635 Quid
3415 4585 3539 4642 ergo
3578 4569 3632 4623 in
3687 4566 3774 4620 hac
3809 4578 3857 4617 re

2244 4654 2538 4714 Sanctitati
2558 4664 2663 4713 tum
2696 4658 2967 4723 videatur,
3000 4658 3157 4730 cupio
3186 4674 3354 4713 nosse.

2704 4765 3039 4822 EPISTOLA
3065 4762 3315 4821 CLXIV"
3336 4764 3439 4836 (b).

2241 4862 2608 4932 Augustinus
2638 4863 2884 4928 Evodio,
2918 4863 3278 4931 respondens
3324 4863 3406 4920 ad
3434 4862 3583 4918 duas
3610 4855 3855 4933 quastio-

2312 4967 2430 5023 nes,
2464 4968 2720 5024 quarum
2753 4954 2950 5010 altera
3000 4959 3085 5009 est
3132 4953 3205 5009 de
3236 4954 3362 5009 loco
3402 4952 3645 5008 obscuro
3670 4946 3853 5019 prima

499 3331 665 3388 niam
684 3338 770 3388 est
796 3332 959 3388 aliud
978 3348 1167 3402 genus
1191 3334 1623 3403 admirationis,
1642 3339 1818 3394 etiam
1839 3355 1975 3395 cum
2000 3342 2151 3399 ratio

499 3421 817 3478 manifesta
842 3421 1262 3477 estadmiranti
1281 3439 1293 3477 :
1310 3437 1502 3494 neque
1517 3426 1674 3480 enim
1702 3433 2016 3499 propterea
2030 3430 2147 3487 cul-

496 3514 675 3581 patur
691 3510 982 3565 sententia
999 3526 1121 3582 qua
1143 3510 1365 3567 dictum
1390 3516 1500 3579 est,
1522 3513 1664 3569 Deus
1688 3515 1949 3571 neminem
1979 3526 2149 3575 tentat

501 3596 707 3665 (Jacobi
730 3614 767 3665 1,
811 3600 914 3667 t3),
943 3598 1233 3670 quoniam
1262 3605 1345 3656 est
1371 3599 1534 3657 aliud
1562 3617 1754 3673 genus
1785 3607 2145 3677 tentationis,

494 3692 739 3759 propter
769 3687 932 3759 quod
986 3692 1139 3743 recte
1172 3688 1373 3744 itidem
1430 3689 1652 3747 dictum
1686 3700 1790 3761 est,
1840 3695 2029 3752 Tentat
2060 3714 2149 3753 vos

493 3774 756 3831 Dominus
787 3776 929 3832 Deus
966 3784 1135 3832 vester
1164 3777 1349 3847 (Deut.
1383 3795 1503 3846 xm,
1531 3781 1609 3853 3).

563 3868 615 3921 8.
649 3869 763 3922 Nec
780 3866 1101 3939 quisquam
1134 3867 1431 3925 existimet
1461 3870 1593 3927 ideo
1620 3873 1828 3929 merito
1851 3889 2030 3945 posse
2061 3875 2144 3931 di-

490 3954 543 4011 ci
577 3956 876 4027 corporeis
910 3956 1096 4012 oculis
1136 3973 1171 4013 a
1207 3958 1347 4014 Filio
1396 3959 1625 4016 Patrem
1674 3962 1878 4034 videri,
1922 3979 1992 4019 ac
2022 3980 2144 4021 non

488 4044 687 4114 potius
707 4044 1085 4100 sicutaPatre
1110 4046 1341 4116 Filium,
1374 4048 1517 4119 quia
1538 4049 1617 4104 illi
1644 4050 1748 4122 qui
1776 4052 1888 4107 boc
1907 4057 2138 4125 putant,

487 4146 625 4186 cum
659 4130 719 4186 in
742 4131 1051 4188 reddenda
1077 4135 1303 4190 ratione
1322 4136 1663 4204 defecerint,
1688 4148 1943 4210 possunt
1964 4142 2142 4215 etipsi

485 4219 700 4291 dicere,
731 4219 793 4274 Si
806 4222 952 4275 ratio
965 4224 1257 4293 quaeritur,
1282 4241 1387 4278 non
1412 4226 1518 4281 erit
1532 4227 1784 4282 mirabile
1798 4249 1817 4285 :
1837 4228 1951 4286 hoc
1979 4232 2139 4288 enim

484 4307 713 4365 dictum
746 4314 851 4376 est,
885 4313 1169 4383 nonquia
1200 4327 1318 4368 non
1355 4321 1442 4371 est
1472 4315 1647 4384 ratio,
1677 4317 1780 4373 sed
1809 4320 1951 4389 quia
1980 4320 2137 4378 latet.

483 4396 642 4454 Illius
660 4408 857 4455 autem
891 4415 1010 4456 non
1041 4400 1453 4468 miraculi,sed
1469 4406 1704 4472 erroris,
1728 4406 2136 4468 demonstrare

446 4508 453 4509 ί
478 4486 657 4544 debet
684 4488 913 4545 nullam
946 4506 1073 4545 esse
1093 4491 1406 4557 rationem,
1428 4494 1701 4567 quisquis
1732 4496 1791 4551 id
1818 4497 2137 4570 opinantes

477 4576 740 4633 refellere
772 4578 1135 4650 aggreditur.
1168 4580 1327 4637 Sicut
1355 4582 1515 4639 enim
1548 4583 1711 4641 nulla
1732 4586 1881 4642 ratio
1904 4593 1991 4644 est
2015 4605 2140 4662 qua

478 4666 575 4721 Dei
610 4672 824 4722 natura
852 4668 1156 4734 moriatur,
1180 4674 1283 4726 aut
1305 4680 1747 4744 corrumpatur,
1778 4680 1879 4732 aut
1900 4683 2133 4748 peccet;

477 4761 533 4811 et
564 4770 701 4811 cum
732 4755 845 4810 hoc
876 4758 1057 4812 Deum
1081 4774 1198 4814 non
1226 4775 1399 4831 posse
1422 4758 1853 4834 dicimus,non
1883 4766 2137 4837 deroga-

475 4860 610 4900 mus
640 4845 911 4916 potestati
945 4847 1092 4917 ejus,
1127 4848 1233 4903 sed
1285 4850 1672 4907 aeternitatem
1708 4856 2132 4929 veritatemque

471 4932 795 4992 laudamus
824 4952 836 4988 :
870 4936 950 4990 ita
980 4951 1118 4991 cum
1139 4936 1392 4995 dicimus
1423 4957 1541 4996 non
1575 4958 1755 5014 posse
1786 4945 1971 5001 videri
1994 4963 2133 5003 ocu-

471 5022 543 5080 lis
574 5024 898 5097 corporeis,
931 5040 1051 5081 non
1080 5024 1239 5092 latet,
1268 5028 1373 5083 sed
1411 5033 1571 5100 patet
1599 5033 1747 5088 ratio
1780 5033 1927 5089 bene
1961 5036 2127 5093 intel-

469 5112 815 5183 ligentibus,
852 5130 973 5187 qua
1003 5116 1389 5187 perspicuum
1420 5123 1507 5174 est
1536 5121 1722 5176 Deum
1749 5138 1967 5195 corpus
2006 5141 2129 5183 non

468 5217 623 5268 esse,
658 5220 765 5260 nec
796 5204 1024 5277 aliquid
1057 5205 1577 5278 corporeis'oculis
1603 5212 1761 5266 cerni
1785 5228 1982 5284 posse,
2016 5216 2129 5271 nisi

468 5292 629 5362 quod
668 5294 919 5366 alicujus
958 5295 1251 5352 intervalii
1309 5297 1760 5370 interpositione
1807 5309 2123 5361 cernatur:

781 5383 1024 5486 monili-Si
1047 5400 1266 5486 001'?“
1280 5365 1702 5486 essene-3919""
1725 5390 2125 5486 SUb§ta_nti_am
2234 5365 2934 5472 pa‘ql%i%%§tf:tgegiiobr:irdlio
2957 5421 3200 5472 codicum
3225 5437 3273 5470 a.
3298 5421 3385 5486 bg.
3410 5419 3478 5469 bl.
3499 5418 3558 5486 ﬂ.
3577 5433 3625 5486 g.
3651 5413 3776 5486 gv.
3794 5423 3836 5486 ιι.

468 5428 525 5431 η
562 5428 587 5432 -
605 5428 757 5479 «ηνς-
783 5428 1024 5482 -νιῖ-οῖυ-
1048 5428 1266 5457 ειν-των
1281 5428 1702 5487 νυυννςνιιιυιιιιν
1725 5428 2125 5451 Numanum“
2295 5428 2337 5443 "
2372 5428 2664 5472 Emendata
2696 5428 2934 5472 subsidio
2957 5428 3200 5472 codicum
3225 5437 3273 5470 a.
3299 5428 3385 5486 bg.
3410 5428 3478 5469 bl.
3499 5428 3550 5467 tr.
3577 5433 3625 5482 g.
3651 5428 3776 5524 ενδ.
3794 5428 3836 5458 II-

468 5478 604 5537 quae
632 5484 829 5525 minor
858 5476 930 5528 sit
957 5488 1014 5527 ιιι
1034 5480 1203 5545 parte
1221 5491 1404 5547 quam
1434 5492 1496 5532 1n
1525 5481 1643 5534 toto
1673 5496 1685 5547 ;
1714 5480 1879 5552 quod
1909 5482 1981 5538 de
2003 5482 2125 5541 Deo
2231 5498 2277 5552 _8_.
2315 5498 2393 5552 γρ.
2431 5485 2517 5535 vd.
2545 5486 2776 5536 duorum
2802 5499 2850 5536 a.
2878 5488 2906 5534 2
2932 5485 3023 5536 bn.
3050 5487 3079 5534 2
3110 5486 3189 5535 sb.
3226 5486 3273 5534 2.
3312 5490 3349 5535 t.
3381 5487 3408 5534 4
3438 5498 3493 5533 v.
3516 5484 3569 5531 et
3593 5482 3699 5529 Am.
3764 5473 3836 5524 ad.

466 5554 708 5611 credere
738 5558 907 5615 nefas
934 5576 1063 5617 esse
1088 5546 1267 5623 debet
1316 5567 1493 5626 etiam
1534 5567 1607 5625 iis
1639 5546 1753 5642 qui
1776 5570 1891 5627 hoc
1916 5570 2123 5630 intelli-
2230 5546 2465 5642 Εῗιλθῗῦῑ

469 5599 517 5611 ν.
535 5599 708 5611 νι-νιν
738 5599 907 5615 nun-na
934 5599 1063 5617 νοῦν
1088 5599 1267 5623 αυυσι
1316 5599 1493 5626 uuam
1534 5599 1607 5625 ua
1639 5599 1745 5642 ιιυι
1776 5599 1891 5627 “UB
1916 5599 2123 5630 ιυιυιιι·

467 5658 608 5721 gere
638 5644 913 5700 nondum
943 5647 1161 5705 valent.

2281 5610 2361 5671 1b)
2391 5610 2533 5659 Alias
2560 5611 2619 5659 99
2652 5626 2662 5659 :
2709 5626 2827 5677 quae
2863 5614 3045 5663 autem
3096 5611 3185 5661 164
3217 5612 3349 5670 erat,
3382 5620 3523 5660 nunc
3552 5604 3625 5655 87.
3656 5599 3833 5663 Scripta

2275 5671 2418 5725 idem
2439 5676 2697 5740 tempore.

2299 5111 2313 5141 ¹
2344 5108 2509 5172 Yatic.
2538 5110 2660 5159 Mss.
2688 5112 2869 5160 carent
2900 5109 2981 5159 his
3009 5107 3202 5172 verbis,
3237 5109 3325 5172 qui
3339 5108 3497 5172 servit
3531 5105 3729 5172 ancillis
3748 5100 3847 5172 Dei.

2298 5171 2642 5236 'ﬁecognita
2687 5171 2753 5223 ad
2784 5188 2871 5236 gg.
2908 5186 2948 5221 r.
2984 5172 3063 5221 sb.
3099 5166 3308 5221 duos't.
3348 5171 3481 5220 duos
3512 5185 3559 5218 ν.
3593 5172 3641 5219 et
3665 5166 3724 5216 ad
3746 5168 3843 5213 Am.

2236 5232 2367 5407 ἷξε,ιέ
2403 5232 2639 5407 ἓῖἶθῖέοθέ
2672 5314 2683 5345 :
2714 5312 2833 5370 qua:
2862 5300 3042 5348 autem
3073 5298 3161 5346 163
3197 5300 3327 5354 erat,
3356 5309 3501 5347 nunc
3548 5296 3623 5343 44.
3666 5290 3843 5350 Scripta

2307 5375 2339 5407 u
2365 5374 2395 5407 Ο
2421 5374 2517 5407 D08
2565 5374 2913 5407 superiorem.

3990 4832 3991 4913 ι

3980 5076 3987 5371 ᾖ

3980 5432 3983 5523 ι

3978 5534 3981 5677 Ι
