4136 6172
225 163 341 234 709

304 290 498 355 Petri,
542 289 716 347 tertio
769 288 979 360 capite,
1039 290 1235 345 altera
1287 288 1359 346 de
1418 289 1623 346 anima
1658 288 1896 346 Christi.

233 406 490 464 Domino
526 403 895 468 beatissimo,
948 403 1110 459 fratri
1150 408 1206 460 et
1263 404 1620 475 coepiscopo
1661 407 1895 471 Evomo,

539 494 910 561 AUGUSTINUS,
938 492 998 548 in
1030 491 1280 548 Domino
1317 493 1597 549 salutem.

305 611 459 666 CAP.
496 611 781 665 PRIMUM.
808 641 876 650 —
913 615 958 664 t.
994 609 1254 674 Quaestio
1287 624 1472 680 quam
1503 609 1644 664 mihi
1675 625 1899 680 propo-

229 698 406 756 suisti
435 715 507 756 ex
528 697 790 770 Epistola
821 697 1076 769 apostoli
1110 696 1282 762 Petri,
1313 696 1458 754 solet
1484 713 1616 763 nos,
1650 703 1711 752 ut
1736 703 1790 754 te
1817 697 1898 754 la-

229 795 355 846 tere
381 804 501 846 non
518 788 792 852 arbitror,
807 786 1333 842 vehementissime
1351 803 1754 856 commovere,
1775 803 1896 860 quo

234 879 418 936 modo
446 877 544 934 illa
574 876 761 932 verba
791 876 1146 947 accipienda
1181 875 1296 931 sint
1329 880 1619 948 tanquam
1647 875 1720 931 de
1752 875 1893 934 infe-

226 968 309 1024 ris
339 967 524 1022 dicta.
555 964 799 1036 Replico
830 980 974 1035 ergo
1018 964 1123 1021 tibi
1155 964 1435 1022 eamdam
1468 964 1891 1036 quaestionem,

229 1062 293 1114 ut
323 1056 446 1112 sive
482 1056 608 1127 ipse
638 1055 928 1127 potueris,
958 1053 1080 1110 sive
1108 1054 1368 1126 aliquem
1393 1054 1498 1126 qui
1529 1055 1715 1126 possit
1739 1054 1894 1110 inve-

224 1147 408 1214 neris,
453 1143 689 1200 auferas
735 1143 809 1200 de
853 1142 952 1199 illa
1001 1148 1180 1215 atque
1235 1143 1410 1198 ﬁnias
1458 1142 1891 1200 dubitationem

225 1250 449 1291 meam.
485 1233 654 1299 Quod
705 1233 753 1287 si
795 1233 956 1304 prior
996 1237 1269 1304 potuero,
1306 1248 1441 1287 cum
1473 1232 1533 1286 id
1577 1232 1893 1288 donaverit

227 1324 540 1388 Dominus,
572 1321 798 1395 tibique
820 1322 1112 1394 impartiri
1147 1321 1408 1387 valuero,
1443 1337 1562 1377 non
1596 1321 1890 1378 fraudabo

226 1413 611 1470 Dilectionem
654 1415 822 1468 tuam
857 1427 868 1466 :
903 1426 1064 1468 nunc
1093 1416 1294 1467 autem
1341 1427 1475 1483 quae
1508 1427 1603 1466 me
1650 1410 1729 1467 ibi
1768 1428 1891 1468 mo-

227 1508 405 1559 veant
445 1501 755 1565 intimabo,
790 1507 854 1556 ut
901 1500 1235 1556 secundum
1268 1500 1395 1555 haec
1431 1500 1504 1556 de
1550 1499 1665 1554 illis
1694 1501 1890 1556 verbis

225 1590 592 1665 apostolicis,
626 1589 721 1646 vel
743 1590 870 1661 ipse
900 1589 1145 1660 cogites,
1170 1589 1262 1645 vel
1288 1604 1468 1661 quem
1499 1588 1781 1645 idoneum
1805 1605 1890 1646 re-

225 1681 451 1755 pereris
487 1680 788 1737 consulas.

292 1774 346 1825 2.
368 1771 514 1826 Cum
536 1769 785 1825 dixisset
810 1768 1111 1824 Christum
1133 1767 1555 1824 mortiﬁcatum
1579 1783 1777 1837 carne,
1805 1768 1890 1823 vi-

224 1858 529 1915 viﬁcatum
559 1857 770 1930 spiritu
801 1877 813 1927 ;
850 1857 1134 1914 continuo
1170 1857 1444 1928 subjecit,
1487 1859 1556 1912 In
1581 1873 1695 1928 quo
1722 1863 1775 1914 et
1814 1859 1887 1913 iis

221 1949 328 2021 qui
363 1949 426 2003 in
467 1963 706 2004 carcere
752 1954 925 2004 erant
973 1948 1256 2012 conclusi,
1289 1947 1599 2016 spiritibus
1653 1949 1888 2003 veniens

220 2037 704 2109 pradicavit,qui
719 2037 965 2093 incredu
974 2037 1023 2091 li
1029 2037 1278 2106 fuerunt
1295 2037 1887 2109 aliquando,quando

223 2127 604 2206 exspectabat
642 2125 752 2182 Dei
789 2125 1079 2196 patientia
1115 2127 1178 2181 in
1208 2125 1412 2181 diebus
1451 2127 1596 2194 Noe,
1629 2142 1762 2181 cum
1788 2127 1887 2194 fa-

223 2216 558 2273 bricaretur
592 2229 757 2280 arca,
793 2215 856 2270 in
896 2229 1015 2286 qua
1044 2214 1241 2282 pauci,
1273 2214 1338 2269 id
1382 2221 1464 2271 est
1514 2220 1642 2270 octo
1672 2214 1888 2271 anima

219 2306 406 2362 salve
430 2306 613 2374 facta:
641 2310 783 2360 sunt
806 2319 918 2374 per
946 2318 1164 2374 aquam
1191 2324 1211 2359 :
1241 2303 1458 2359 deinde
1491 2303 1803 2374 subjunxit
1831 2307 1887 2359 et

222 2396 326 2460 ait,
353 2394 520 2462 Quod
546 2401 598 2450 et
623 2408 722 2450 vos
739 2409 901 2448 nunc
919 2393 1102 2448 simili
1123 2394 1326 2460 forma
1353 2392 1665 2462 Baptisma
1687 2394 1885 2450 salvos

216 2484 365 2555 fecit
391 2483 435 2554 (Ι
464 2484 627 2541 Petr.
660 2498 742 2547 lli,
773 2482 985 2554 48-21).
1012 2484 1200 2538 Movet
1225 2483 1444 2554 itaque,
1471 2482 1520 2537 si
1549 2482 1714 2554 apud
1739 2481 1884 2540 infe-

221 2588 325 2629 ros
358 2572 662 2640 Dominus,
689 2571 930 2642 quando
962 2575 1232 2625 mortuus
1262 2575 1370 2636 est,
1395 2570 1453 2625 in
1485 2585 1719 2626 carcere
1745 2586 1883 2627 con-

227 2660 412 2718 clusis
444 2660 748 2732 spiritibus
771 2658 1144 2731 praadicavit,
1169 2658 1312 2730 quid
1343 2658 1488 2714 boni
1521 2658 1628 2714 soli
1661 2674 1885 2716 merue-

220 2751 367 2818 rint,
387 2755 450 2805 ut
477 2749 764 2804 Dominus
787 2748 862 2805 ad
896 2747 1130 2804 inferna
1146 2747 1591 2815 descenderet‘,
1615 2751 1716 2820 qui
1745 2754 1883 2804 tunc

220 2837 498 2896 inﬁdeles
551 2837 790 2894 fuerunt
846 2853 982 2892 cum
1035 2836 1423 2893 fabricaretur
1453 2853 1610 2894 arca.
1653 2839 1882 2894 Etenim

221 2932 361 3002 post
389 2933 660 2999 tempora
689 2929 828 2996 Noe,
851 2926 1040 2982 multa
1066 2925 1251 2983 millia
1281 2931 1364 2982 tot
1393 2927 1659 2995 gentium
1693 2943 1882 3000 usque

224 3017 305 3073 ad
327 3016 677 3089 passionem
699 3016 906 3072 Christi
925 3020 1163 3071 mortua
1183 3023 1482 3088 sunt,quae
1499 3017 1694 3088 potuit
1718 3016 1880 3088 apud

223 3106 451 3163 inferos
496 3106 762 3161 invenire
795 3124 807 3161 :
843 3120 964 3161 non
997 3105 1201 3176 utique
1227 3120 1434 3161 eorum
1467 3105 1569 3177 qui
1609 3107 1666 3160 in
1696 3108 1882 3161 Deum

218 3195 616 3261 crediderant,
641 3195 792 3250 sicut
816 3194 1126 3267 Prophetas
1158 3199 1214 3249 et
1237 3194 1583 3249 Patriarchae
1604 3194 1677 3250 de
1703 3195 1882 3266 stirpe

217 3283 500 3350 Abrahae,
536 3284 685 3340 sicut
727 3283 857 3356 ipse
889 3289 1046 3338 retro
1077 3283 1199 3339 Noe
1239 3289 1296 3338 et
1326 3287 1446 3339 tota
1477 3283 1693 3339 domus
1730 3283 1878 3354 ejus,

216 3389 356 3447 quae
389 3373 560 3431 salva
593 3373 752 3430 facta
791 3377 883 3429 est
913 3388 1017 3445 per
1055 3388 1301 3445 aquam,
1335 3378 1582 3444 excepto
1612 3373 1882 3429 fortassis

219 3479 342 3520 uno
379 3462 523 3530 ﬁlio,
556 3463 660 3536 qui
711 3466 921 3535 postea
951 3461 1309 3534 reprobatus
1342 3467 1429 3518 est
1461 3481 1473 3530 ;
1507 3465 1657 3517 sicut
1704 3462 1880 3519 etiam

217 3557 438 3625 preter
468 3553 816 3625 progeniem
848 3551 1051 3618 Jacob,
1085 3551 1186 3610 alii
1217 3551 1456 3608 fuerunt
1486 3552 1792 3608 credentes
1821 3554 1880 3608 in

216 3644 429 3707 Deum,
458 3641 606 3698 sicut
629 3642 760 3708 Job,
794 3641 945 3697 sicut
976 3641 1187 3696 civitas
1223 3641 1450 3710 Ninive,
1480 3646 1536 3697 et
1562 3641 1609 3696 si
1649 3642 1752 3714 qui
1784 3641 1878 3698 alii

217 3735 378 3795 sunt,
406 3731 508 3803 qui
536 3730 625 3786 vel
655 3733 950 3803 apparent
980 3731 1040 3785 in
1067 3729 1413 3801 Scripturis,
1446 3729 1540 3786 vel
1575 3731 1635 3785 in
1667 3747 1882 3803 genere

216 3818 490 3876 humano
521 3818 705 3877 latent
735 3834 746 3873 :
778 3818 884 3874 sed
916 3834 1125 3874 eorum
1156 3819 1291 3876 dico
1324 3819 1514 3876 multa
1559 3819 1744 3876 millia
1779 3819 1883 3876 ho—

217 3907 474 3975 minum,
505 3909 608 3980 qui
650 3911 836 3964 Deum
883 3908 1248 3978 ignorantes,
1299 3913 1355 3964 et
1402 3908 1752 3965 daemonum
1793 3909 1882 3965 vel

217 3995 676 4053 simulacrorum
709 3997 891 4053 cultui
924 3996 1130 4062 dediti,
1168 4012 1204 4053 a
1233 3997 1608 4069 temporibus
1639 4001 1756 4054 Noe
1789 4015 1882 4054 us-

217 4100 340 4158 que
360 4086 438 4142 ad
468 4086 812 4159 passionem
842 4085 1072 4152 Christi,
1099 4102 1171 4143 ex
1201 4086 1314 4143 hac
1345 4088 1462 4143 vita
1489 4087 1880 4156 emigrarunt,

215 4189 377 4248 quos
424 4175 588 4248 apud
619 4175 840 4231 inferos
895 4175 1156 4232 Christus
1211 4176 1543 4242 inveniens,
1577 4177 1882 4249 quomodo

215 4264 336 4320 illis
357 4280 480 4323 non
499 4264 866 4337 praedicavit,
892 4264 997 4321 sed
1027 4264 1140 4320 illis
1164 4270 1417 4331 tantum,
1444 4267 1545 4338 qui
1578 4267 1637 4321 in
1669 4267 1882 4323 diebus

217 4355 340 4410 Noe
363 4354 653 4410 increduli
687 4353 947 4418 fuerunt,
975 4369 1112 4410 cum
1136 4354 1523 4411 fabricaretur
1551 4371 1690 4412 arca
1715 4356 1742 4410 ?
1769 4359 1884 4415 Aut

219 4443 268 4498 si
290 4445 577 4500 omnibus
609 4443 978 4515 praedicavit,
1012 4460 1118 4500 cur
1144 4444 1272 4500 illos
1300 4444 1458 4500 solos
1489 4445 1692 4501 Petrus
1719 4462 1882 4502 com-

219 4532 601 4598 memoravit,
627 4527 1028 4604 praetermissa
1056 4532 1433 4589 multitudine
1459 4540 1582 4591 tam
1609 4535 1881 4592 innume-

217 4620 396 4677 rabili
429 4625 777 4677 caeterorum
801 4617 828 4674 ?

293 4710 525 4766 CAPUT
544 4710 608 4765 ll.
633 4738 701 4750 --
721 4709 774 4765 3.
799 4712 861 4764 Et
881 4709 1201 4766 Dominum
1221 4710 1466 4783 quidem
1483 4727 1662 4769 carne
1682 4713 1880 4769 morti-

220 4797 469 4854 ﬁcetum
499 4799 728 4854 venisse
759 4798 816 4853 in
856 4798 1178 4864 infernum,
1218 4799 1360 4855 satis
1392 4806 1642 4857 constat.
1676 4803 1880 4874 Neque

225 4885 387 4941 enim
439 4887 761 4944 contradici
792 4892 980 4959 potest
1030 4887 1119 4944 vel
1161 4888 1488 4961 prophetiae
1529 4906 1664 4962 quin
1709 4891 1875 4947 dixit.

225 4974 515 5044 Quoniam
529 4994 648 5034 non
662 4977 1034 5049 derelinques
1045 4980 1309 5034 animam
1327 4993 1514 5035 meam
1528 4981 1590 5035 in
1603 4980 1706 5050 inf
1703 4997 1844 5039 erno
1857 4993 1884 5054 ,°

219 5065 388 5138 quod
415 5081 489 5122 ne
512 5067 678 5123 aliter
693 5066 1020 5139 quisquam
1041 5083 1247 5139 sapere
1261 5068 1524 5133 auderet,
1553 5069 1612 5125 in
1635 5070 1878 5127 Actibus

218 5156 663 5228 Apostolorum,
695 5157 853 5212 idem
904 5157 1104 5212 Petrus
1144 5159 1388 5230 exponit
1420 5175 1432 5214 :
1469 5160 1560 5215 vel
1604 5161 1874 5232 ejusdem

219 5246 370 5302 Petri
393 5245 505 5301 illis
529 5244 750 5310 verbis,
774 5245 994 5318 quibus
1016 5262 1153 5302 eum
1173 5247 1636 5307 asseritsolvisse
1651 5250 1880 5320 inferni

281 5408 294 5433 ι
328 5403 541 5472 Veteres
569 5403 701 5472 ΕΜ.
748 5404 831 5472 hic
861 5404 1332 5472 intexunt_locum
1383 5422 1543 5472 quem
1575 5408 1712 5459 infra
1758 5424 1811 5458 n.
1848 5413 1876 5461 7

217 5466 396 5522 legere
423 5471 520 5522 est,
553 5465 622 5514 Et
654 5467 712 5515 de
743 5469 852 5516 istis
879 5473 1078 5517 tantum
1109 5470 1360 5518 duobus...
1382 5465 1729 5520 testimonium
1765 5488 1878 5522 ner-

217 5489 282 5516 IC'
310 5489 396 5516 UI'U
423 5489 520 5522 εει,
553 5489 621 5514 οι
654 5489 712 5515 ue
743 5489 852 5516 ῑειῑδ
879 5489 1078 5517 ιαπιῑιπι
1109 5489 1360 5518 auoous...
1382 5489 1729 5520 teutmonmm
1801 5489 1875 5521 er-

216 5489 460 5600 higet_ur._
487 5529 810 5600 Benedictini
868 5531 1065 5600 Patres,
1111 5489 1875 5600 Lovanie_nsium_exempfum

218 5592 410 5660 secuti,
446 5592 780 5660 t_otum_illud
811 5593 1172 5660 exploserunt,
1201 5597 1353 5660 quasi
1384 5592 1755 5660 repetitionem
1789 5613 1878 5650 ne-

218 5608 410 5648 secuu,
446 5608 620 5641 ῐοιυω
652 5608 780 5641 ιιιαο
811 5608 873 5642 ex
916 5608 941 5641 lt

215 5655 439 5723 glectim
462 5654 844 5706 introductam.

1461 169 1972 229 EPISTOLARUM
2015 165 2307 228 CLASSIS
2350 174 2442 229 ΙΙΙ.

3549 182 3654 242 710

2007 289 2260 356 dolores,
2279 290 2340 345 in
2361 290 2573 362 quibus
2587 291 2938 360 impossibile
2949 301 3076 350 erat
3104 311 3232 354 eum
3253 300 3440 355 teneri
3461 300 3650 370 (Psal.

2005 395 2102 445 xv,
2140 383 2222 442 lO,
2264 385 2317 435 et
2347 380 2481 435 Act.
2525 397 2579 444 ιι,
2618 381 2704 449 24,
2737 380 2849 452 27).
2885 382 3027 446 Quis
3066 400 3206 455 ergo
3252 388 3367 442 nisi
3399 388 3654 446 inﬁdelis

2004 485 2159 539 nega
2185 470 2329 525 verit
2360 469 2542 525 fuisse
2569 472 2730 543 apud
2760 472 2817 526 in
2845 473 3000 528 feros
3029 475 3318 532 Christum
3355 478 3382 533 Ὺ
3414 481 3581 545 Quod
3607 483 3656 538 si

2005 564 2204 615 movet
2243 560 2762 630 quemadmodum
2786 562 3207 633 accipiendum
3233 567 3308 622 sit
3333 569 3546 625 inferni
3575 572 3653 627 ab

2003 647 2102 704 illo
2122 648 2348 704 solutos
2379 648 2613 705 dolores
2637 651 2855 721 (neque
2882 651 3039 707 enim
3062 663 3324 725 coeperat
3346 657 3403 712 in
3423 658 3506 714 eis
3523 675 3654 715 esse

2003 742 2292 810 tanquam
2329 737 2387 794 in
2422 738 2701 803 vinculis,
2735 744 2789 795 et
2820 741 2902 794 sic
2934 757 3036 797 eos
3088 743 3262 800 solvit
3288 750 3576 818 tanquam
3606 749 3652 804 si

2002 833 2246 883 catenas
2289 826 2560 883 solvisset
2605 828 2826 900 quibus
2870 830 3061 887 fuerat
3103 833 3403 905 alligatus)
3432 855 3449 906 ,-
3485 837 3653 894 facile

2001 921 2087 972 est
2116 916 2440 985 intelligere
2474 917 2557 973 sic
2583 933 2686 973 eos
2713 918 2940 976 solutos
2971 937 3102 977 esse
3129 926 3652 994 quemadmodum

2000 1005 2146 1060 solvi
2193 1013 2444 1076 possunt
2474 1005 2672 1078 laquei
2708 1010 3075 1076 venantium,
3118 1028 3192 1066 ne
3221 1018 3496 1081 teneant;
3530 1032 3651 1071 non

1999 1094 2143 1166 quia
2177 1100 2511 1150 tenuerunt.
2546 1099 2741 1152 Potest
2772 1104 2827 1153 et
2853 1100 2959 1164 sic,
2997 1105 3058 1155 ut
3098 1116 3200 1156 eos
3249 1101 3483 1159 dolores
3515 1121 3652 1161 eum

2000 1182 2241 1239 solvisse
2269 1184 2609 1250 credamus,
2644 1186 2866 1257 quibus
2888 1190 3071 1244 teneri
3099 1189 3224 1262 ipse
3251 1207 3370 1247 non
3394 1198 3649 1265 poterat,

1999 1271 2102 1327 sed
2142 1272 2362 1344 quibus
2390 1273 2490 1329 alii
2523 1276 2894 1344 tenebantur,
2918 1294 3072 1349 quos
3107 1279 3200 1335 ille
3232 1288 3480 1339 noverat
3511 1284 3653 1339 libe-

1998 1361 2241 1418 randos.

2067 1455 2119 1506 4.
2157 1454 2366 1508 Verum
2399 1453 2652 1525 quinam
2685 1456 2776 1510 isti
2805 1457 2940 1522 sint,
2979 1460 3356 1516 temerarium
3386 1467 3475 1518 est
3505 1463 3651 1519 deﬁ-

1998 1541 2142 1596 nire.
2162 1541 2218 1598 Si
2244 1541 2399 1597 enim
2425 1558 2636 1598 omnes
2659 1546 2907 1601 omnino
2924 1547 3245 1604 dixerimus
3265 1554 3405 1606 tunc
3434 1568 3566 1609 esse
3587 1554 3652 1609 li-

1995 1630 2254 1697 beratos,
2278 1633 2378 1702 qui
2413 1631 2528 1686 illic
2554 1632 2772 1689 inventi
2805 1641 2962 1700 sunt,
2983 1636 3118 1708 quis
3145 1654 3266 1693 non
3298 1641 3644 1712 gratuletur,

1999 1719 2048 1773 si
2062 1719 2174 1775 hoc
2192 1720 2498 1791 possimus
2511 1723 2860 1779 ostendere?
2872 1726 3198 1796 praisertim
3220 1733 3460 1800 propter
3471 1747 3649 1802 quos-

1995 1807 2137 1863 dam
2165 1809 2267 1880 qui
2295 1809 2469 1864 nobis
2494 1810 2776 1867 litterario
2805 1813 3010 1869 labore
3043 1832 3150 1871 suo
3178 1816 3545 1874 familiariter
3567 1821 3651 1876 in-

1995 1902 2334 1963 notuerunt,
2369 1915 2628 1970 quorum
2665 1901 2970 1973 eloquium
3006 1904 3432 1978 ingeniumque
3475 1910 3652 1965 mira-

1994 2002 2168 2052 mur;
2211 2002 2330 2042 non
2373 1987 2566 2043 solum
2613 1995 2816 2060 poetas
2847 1996 2900 2046 et
2934 2000 3220 2059 oratores,
3259 1997 3362 2067 qui
3403 1997 3648 2054 eosdem

1995 2076 2156 2147 ipsos
2170 2075 2353 2132 falsos
2371 2078 2517 2132 deos
2545 2079 2808 2146 gentium
2837 2080 3039 2136 multis
3063 2084 3491 2154 opusculorum
3513 2103 3648 2144 suo-

1995 2180 2130 2219 rum
2159 2163 2304 2219 locis
2318 2167 2792 2222 contemnendos
2804 2167 3201 2242 ridendosque
3219 2180 3644 2242 monstrarunt,

1995 2258 2051 2309 et
2081 2252 2406 2325 aliquando
2429 2254 2605 2310 etiam
2629 2271 2816 2311 unum
2843 2257 3028 2312 Deum
3045 2273 3375 2333 verumque
3393 2263 3648 2320 confessi

1996 2348 2154 2407 sunt,
2177 2344 2456 2414 quamvis
2485 2342 2582 2399 illa
2609 2347 3024 2415 superstitiosa
3058 2364 3196 2404 cum
3229 2352 3453 2407 caeteris
3495 2353 3644 2409 cole-

1992 2437 2150 2497 rent;
2179 2448 2385 2487 verum
2417 2433 2594 2488 etiam
2627 2433 2758 2488 illos
2785 2436 2887 2508 qui
2920 2436 3046 2492 haec
3073 2453 3194 2494 non
3220 2441 3523 2498 cantando
3552 2444 3647 2500 vel

1991 2520 2414 2591 declamando,
2443 2522 2547 2577 sed
2570 2523 3053 2596 philosOphando
3079 2526 3355 2585 dixerunt
3381 2543 3392 2583 :
3427 2532 3648 2588 multos

1992 2610 2169 2666 etiam
2209 2625 2468 2682 quorum
2510 2610 2734 2667 litteras
2770 2629 2888 2668 non
2921 2614 3238 2685 habemus,
3273 2619 3378 2674 sed
3411 2621 3470 2676 in
3517 2621 3648 2676 illo—

1990 2714 2126 2755 rum
2148 2700 2353 2755 litteris
2364 2699 2684 2756 didicimus
2701 2703 3034 2759 secundum
3050 2707 3380 2777 quemdam
3393 2712 3644 2767 modum

1990 2788 2326 2846 laudabiles
2356 2790 2521 2855 vitas,
2545 2795 2606 2845 ut
2631 2798 2877 2862 excepto
2907 2794 3003 2848 Dei
3033 2797 3215 2862 cultu,
3249 2800 3307 2852 in
3340 2814 3461 2870 quo
3492 2816 3648 2856 erra-

1991 2883 2200 2933 verunt
2229 2879 2488 2933 colentes
2517 2894 2670 2934 vana
2695 2895 2826 2951 quae
2861 2881 3094 2951 publice
3120 2884 3375 2943 colenda
3413 2888 3648 2946 fuerant

1990 2967 2648 3033 instituta,etcreaturaa
2667 2968 2864 3039 potius
2894 2985 3077 3041 quam
3105 2974 3359 3029 Creatori
3389 2978 3648 3033 servien-

1993 3061 2097 3122 tes,
2132 3055 2190 3110 in
2222 3058 2448 3112 caeteris
2487 3055 2758 3111 moribus
2791 3059 3200 3128 parcimonim,
3245 3064 3643 3135 continentiae,

1992 3145 2299 3210 castitatis,
2328 3146 2905 3210 sobrietatis,mortis
2932 3164 3041 3219 pro
3061 3151 3267 3221 patrita
3291 3153 3477 3210 salute
3509 3170 3644 3211 con-

1992 3239 2272 3306 temptus,
2292 3240 2660 3307 servataque
2673 3235 2809 3291 ﬁdei
2823 3252 2944 3292 non
2959 3237 3150 3294 solum
3167 3241 3419 3311 civibus,
3434 3259 3646 3300 verum

1990 3327 2047 3379 et
2066 3324 2646 3390 hostibus,imitandi
2669 3326 2871 3381 merito
2892 3334 3327 3399 proponantur.
3355 3333 3495 3397 Quae
3518 3334 3648 3406 qui-

1991 3413 2129 3469 dem
2151 3413 2359 3470 omnia
2385 3414 2628 3486 quando
2655 3430 2775 3470 non
2804 3415 3137 3473 referuntur
3162 3419 3232 3474 ad
3264 3419 3447 3476 ﬁuem
3473 3428 3645 3479 rectae

1990 3517 2265 3575 veraeque
2297 3504 2550 3576 pietatis,
2585 3503 2687 3560 sed
2721 3506 2796 3560 ad
2830 3505 3049 3562 fastum
3087 3507 3328 3565 inanem
3361 3511 3645 3568 humanae

1991 3592 2188 3648 laudis
2227 3598 2283 3649 et
2323 3593 2544 3663 gloriae,
2579 3595 2751 3648 etiam
2793 3595 2924 3665 ipsa
2954 3595 3310 3653 inanescunt
3340 3601 3649 3672 quodam-

1991 3682 2194 3748 modo,
2229 3681 2565 3753 steriliaque
2606 3682 2938 3738 redduntur
2977 3703 2988 3743 :
3037 3693 3450 3744 verumtamen
3501 3706 3648 3761 qua-

1991 3770 2132 3826 dam
2152 3770 2348 3826 indole
2363 3770 2548 3825 animi
2565 3771 2644 3826 ita
2670 3771 2984 3838 delectant,
3002 3778 3064 3828 ut
3089 3790 3188 3829 eos
3202 3775 3258 3830 in
3274 3777 3498 3847 quibus
3518 3778 3646 3834 haec

1991 3859 2249 3928 fuerunt,
2281 3859 2565 3915 vellemus
2614 3859 2704 3915 vel
2739 3862 3060 3932 praecipue,
3093 3863 3182 3918 vel
3231 3881 3370 3920 cum
3416 3867 3643 3922 caeteris

1991 3950 2071 4006 ab
2101 3949 2311 4004 inferni
2341 3948 2699 4004 cruciatibus
2730 3948 2986 4018 liberari,
3027 3951 3138 4007 nisi
3169 3951 3338 4008 aliter
3372 3969 3434 4010 se
3460 3954 3644 4012 habe-

1991 4044 2079 4095 ret
2107 4054 2320 4094 sensus
2343 4038 2670 4103 humanus,
2700 4039 2869 4095 aliter
2888 4040 3115 4110 justitia
3141 4041 3460 4101 Creatoris.

2030 4133 2113 4194 _5.
2144 4131 2283 4195 Quae
2315 4144 2451 4183 cum
2477 4128 2559 4184 ita
2591 4128 2726 4194 sint,
2763 4127 2809 4183 si
2838 4144 3049 4185 omnes
3070 4130 3208 4186 inde
3240 4132 3413 4188 solvit
3445 4133 3646 4190 Salva-

1990 4222 2099 4290 tor,
2132 4224 2210 4285 et,
2240 4218 2390 4274 sicut
2419 4219 2726 4289 requirens
2759 4218 3056 4290 scripsisti,
3096 4221 3429 4278 exinanivit
3462 4225 3646 4294 infer-

1990 4324 2091 4375 na,
2121 4314 2185 4363 ut
2212 4307 2484 4378 deinceps
2501 4307 2795 4377 judicium
2815 4311 2950 4378 jam
2981 4317 3430 4380 exspectaretur
3453 4321 3644 4370 extre-

1989 4414 2148 4454 mum
2185 4415 2196 4454 :
2225 4398 2354 4454 hinc
2384 4403 2525 4452 sunt
2548 4413 2683 4469 quae
2714 4399 2773 4452 in
2805 4398 2918 4454 hac
2949 4415 3011 4454 re
3040 4415 3156 4455 non
3189 4400 3483 4457 immerito
3517 4418 3642 4459 mo-

1988 4492 2148 4553 vent,
2175 4503 2310 4558 quae
2342 4486 2485 4541 mihi
2516 4485 2750 4541 interim
2777 4486 3062 4557 cogitanti
3088 4487 3280 4544 solent
3308 4505 3637 4546 occurrere.

1987 4576 2274 4642 Primum,
2307 4591 2431 4647 qua
2475 4575 2819 4631 auctoritate
2855 4575 3123 4632 ﬁrmetur
3167 4577 3278 4633 ista
3325 4581 3636 4637 sententia.

1989 4665 2155 4730 Quod
2177 4665 2333 4719 enim
2359 4665 2644 4735 scriptum
2666 4667 2757 4718 est
2781 4664 2840 4718 in
2866 4669 3057 4720 morte
3081 4665 3288 4722 Christi
3309 4666 3531 4724 factum
3555 4685 3640 4726 so-

1990 4755 2130 4810 lutis
2159 4752 2461 4809 doloribus
2485 4752 2714 4821 inferni
2744 4769 2760 4806 :
2795 4753 2882 4808 vel
2917 4753 2989 4810 ad
3023 4754 3221 4826 ipsum
3249 4761 3442 4828 potest
3475 4758 3639 4815 intel-

1985 4844 2084 4913 ligi
2121 4843 2432 4914 pertinere,
2467 4842 2632 4914 quod
2663 4858 2764 4898 eos
2795 4843 3083 4899 hactenus
3115 4844 3374 4914 solverit,
3403 4846 3517 4903 hoc
3550 4851 3640 4903 est

1986 4933 2181 4989 irritos
2210 4933 2428 4996 fecerit,
2463 4947 2536 4987 ne
2566 4932 2644 4987 ab
2677 4932 2758 4987 eis
2792 4933 2917 5004 ipse
2957 4939 3277 5003 teneretur,
3309 4938 3637 5007 prmsertim

1985 5023 2128 5097 quia
2153 5021 2437 5095 sequitur,
2453 5024 2512 5077 in
2527 5021 2739 5094 quibus
2753 5020 3110 5093 impossibile
3131 5031 3257 5081 erat
3281 5025 3469 5081 teneri
3487 5040 3634 5080 eum.

1986 5113 2088 5168 Vel
2119 5113 2165 5167 si
2193 5127 2374 5167 causa
2403 5112 2682 5184 queritur
2712 5127 2816 5167 cur
2855 5112 3103 5168 voluerit
3134 5113 3328 5167 venire
3359 5114 3417 5168 in
3465 5113 3637 5168 infer-

1985 5218 2152 5274 num,
2183 5202 2282 5257 ubi
2311 5200 2547 5256 dolores
2577 5200 2658 5256 illi
2684 5205 2905 5265 essent,
2930 5201 3149 5272 quibus
3176 5201 3358 5256 teneri
3389 5203 3636 5259 omnino

1984 5308 2106 5348 non
2144 5290 2552 5364 poterat,quia
2581 5295 2803 5357 erat,ut
2834 5289 3120 5361 scriptum
3152 5294 3260 5359 est,
3293 5289 3356 5344 in
3388 5291 3636 5347 mortuis

1987 5381 2137 5438 liber
2167 5381 2350 5451 (Psal.
2385 5395 2635 5448 Lxxxvu,
2665 5380 2739 5450 6),
2775 5379 2834 5433 in
2865 5394 2987 5450 quo
3019 5379 3295 5450 princeps
3321 5385 3375 5436 et
3405 5397 3637 5454 praepo-

1985 5472 2133 5526 situs
2163 5471 2370 5525 mortis
2413 5485 2534 5525 non
2575 5468 2798 5524 invenit
2836 5467 3084 5540 aliquid,
3127 5468 3292 5539 quod
3337 5470 3636 5542 supplicio

1984 5559 2300 5616 deberetur
2334 5577 2346 5615 :
2379 5560 2493 5616 hoc
2519 5557 2740 5612 scilicet
2769 5558 2932 5628 quod
2963 5558 3253 5630 scriptum
3283 5565 3394 5626 est,
3425 5561 3637 5618 solutis

1984 5649 2288 5707 doloribus
2317 5649 2564 5720 inferni,
2593 5662 2716 5705 non
2745 5646 2806 5703 in
2832 5647 3138 5716 omnibus,
3172 5648 3277 5706 sed
3302 5650 3363 5708 in
3388 5650 3638 5725 quibus-
