  <div class='ocr_page' id='page_1' title='image "/cluster/home/n/w/nwhite01/storage/ocr_20150623/33/hvd.32044096580568/353.png"; bbox 0 0 4098 6166; ppageno 0'>
   <div class='ocr_carea' id='block_1_1' title="bbox 529 102 632 158">
    <p class='ocr_par' dir='ltr' id='par_1_1' title="bbox 529 102 632 158">
     <span class='ocr_line' id='line_1_1' title="bbox 529 102 632 158; baseline 0 0"><span class='ocrx_word' id='word_1_1' title='bbox 529 102 632 158; x_wconf 78' lang='grc'>711</span> 
     </span>
    </p>
   </div>
   <div class='ocr_carea' id='block_1_2' title="bbox 518 225 2182 300">
    <p class='ocr_par' dir='ltr' id='par_1_2' title="bbox 518 225 2182 300">
     <span class='ocr_line' id='line_1_2' title="bbox 518 225 2182 300; baseline -0.001 -17"><span class='ocrx_word' id='word_1_2' title='bbox 518 229 658 284; x_wconf 87' lang='lat' dir='ltr'>dam</span> <span class='ocrx_word' id='word_1_3' title='bbox 692 228 876 300; x_wconf 87' lang='lat' dir='ltr'>accipi</span> <span class='ocrx_word' id='word_1_4' title='bbox 905 231 1291 300; x_wconf 89' lang='lat' dir='ltr'>potest,quos</span> <span class='ocrx_word' id='word_1_5' title='bbox 1325 225 1420 282; x_wconf 91' lang='lat' dir='ltr'>ille</span> <span class='ocrx_word' id='word_1_6' title='bbox 1447 227 1663 298; x_wconf 87' lang='lat' dir='ltr'>dignos</span> <span class='ocrx_word' id='word_1_7' title='bbox 1696 228 1810 285; x_wconf 89' lang='lat' dir='ltr'>ista</span> <span class='ocrx_word' id='word_1_8' title='bbox 1833 227 2182 285; x_wconf 83' lang='lat' dir='ltr'>liberatione</span> 
     </span>
    </p>
   </div>
   <div class='ocr_carea' id='block_1_3' title="bbox 512 315 2184 390">
    <p class='ocr_par' dir='ltr' id='par_1_3' title="bbox 512 315 2184 390">
     <span class='ocr_line' id='line_1_3' title="bbox 512 315 2184 390; baseline -0.002 -18"><span class='ocrx_word' id='word_1_9' title='bbox 512 318 828 390; x_wconf 86' lang='lat' dir='ltr'>judicabat</span> <span class='ocrx_word' id='word_1_10' title='bbox 853 334 865 382; x_wconf 91' lang='lat'>;</span> <span class='ocrx_word' id='word_1_11' title='bbox 890 323 950 372; x_wconf 92' lang='lat' dir='ltr'>ut</span> <span class='ocrx_word' id='word_1_12' title='bbox 978 333 1171 388; x_wconf 87' lang='lat' dir='ltr'>neque</span> <span class='ocrx_word' id='word_1_13' title='bbox 1205 316 1420 372; x_wconf 82' lang='lat' dir='ltr'>frustra</span> <span class='ocrx_word' id='word_1_14' title='bbox 1448 317 1584 372; x_wconf 90' lang='lat' dir='ltr'>illuc</span> <span class='ocrx_word' id='word_1_15' title='bbox 1615 318 1994 374; x_wconf 82' lang='lat' dir='ltr'>descendisse</span> <span class='ocrx_word' id='word_1_16' title='bbox 2026 315 2184 371; x_wconf 83' lang='lat' dir='ltr'>exis-</span> 
     </span>
    </p>
   </div>
   <div class='ocr_carea' id='block_1_4' title="bbox 516 405 2182 480">
    <p class='ocr_par' dir='ltr' id='par_1_4' title="bbox 516 405 2182 480">
     <span class='ocr_line' id='line_1_4' title="bbox 516 405 2182 480; baseline -0.001 -18"><span class='ocrx_word' id='word_1_17' title='bbox 516 407 771 471; x_wconf 78' lang='lat' dir='ltr'>timetur,</span> <span class='ocrx_word' id='word_1_18' title='bbox 809 405 952 459; x_wconf 90' lang='lat' dir='ltr'>nulli</span> <span class='ocrx_word' id='word_1_19' title='bbox 1007 420 1215 460; x_wconf 93' lang='lat' dir='ltr'>eorum</span> <span class='ocrx_word' id='word_1_20' title='bbox 1243 406 1590 476; x_wconf 88' lang='lat' dir='ltr'>profuturus</span> <span class='ocrx_word' id='word_1_21' title='bbox 1636 409 1739 480; x_wconf 87' lang='lat' dir='ltr'>qui</span> <span class='ocrx_word' id='word_1_22' title='bbox 1784 408 1862 463; x_wconf 87' lang='lat' dir='ltr'>ibi</span> <span class='ocrx_word' id='word_1_23' title='bbox 1895 407 2182 463; x_wconf 88' lang='lat' dir='ltr'>teneban-</span> 
     </span>
    </p>
   </div>
   <div class='ocr_carea' id='block_1_5' title="bbox 514 494 2154 568">
    <p class='ocr_par' dir='ltr' id='par_1_5' title="bbox 514 494 2154 568">
     <span class='ocr_line' id='line_1_5' title="bbox 514 494 2154 568; baseline 0.001 -19"><span class='ocrx_word' id='word_1_24' title='bbox 514 499 610 550; x_wconf 88' lang='lat' dir='ltr'>tur</span> <span class='ocrx_word' id='word_1_25' title='bbox 642 495 874 558; x_wconf 88' lang='lat' dir='ltr'>inclusi,</span> <span class='ocrx_word' id='word_1_26' title='bbox 910 509 1019 548; x_wconf 91' lang='lat' dir='ltr'>nec</span> <span class='ocrx_word' id='word_1_27' title='bbox 1052 499 1250 550; x_wconf 90' lang='lat' dir='ltr'>tamen</span> <span class='ocrx_word' id='word_1_28' title='bbox 1285 494 1355 549; x_wconf 89' lang='lat' dir='ltr'>sit</span> <span class='ocrx_word' id='word_1_29' title='bbox 1387 511 1762 568; x_wconf 91' lang='lat' dir='ltr'>consequens</span> <span class='ocrx_word' id='word_1_30' title='bbox 1794 503 1856 552; x_wconf 91' lang='lat' dir='ltr'>ut</span> <span class='ocrx_word' id='word_1_31' title='bbox 1888 496 2050 568; x_wconf 92' lang='lat' dir='ltr'>quod</span> <span class='ocrx_word' id='word_1_32' title='bbox 2093 495 2154 550; x_wconf 90' lang='lat' dir='ltr'>di</span> 
     </span>
    </p>
   </div>
   <div class='ocr_carea' id='block_1_6' title="bbox 511 582 2180 658">
    <p class='ocr_par' dir='ltr' id='par_1_6' title="bbox 511 582 2180 658">
     <span class='ocr_line' id='line_1_6' title="bbox 511 582 2180 658; baseline 0.001 -22"><span class='ocrx_word' id='word_1_33' title='bbox 511 584 651 636; x_wconf 89' lang='lat' dir='ltr'>vina</span> <span class='ocrx_word' id='word_1_34' title='bbox 678 582 1048 653; x_wconf 86' lang='lat' dir='ltr'>quibusdam</span> <span class='ocrx_word' id='word_1_35' title='bbox 1082 584 1845 658; x_wconf 84' lang='lat' dir='ltr'>misericordiajustitiaque</span> <span class='ocrx_word' id='word_1_36' title='bbox 1868 586 2180 653; x_wconf 89' lang='lat' dir='ltr'>concessit,</span> 
     </span>
    </p>
   </div>
   <div class='ocr_carea' id='block_1_7' title="bbox 511 671 1841 744">
    <p class='ocr_par' dir='ltr' id='par_1_7' title="bbox 511 671 1841 744">
     <span class='ocr_line' id='line_1_7' title="bbox 511 671 1841 744; baseline 0.004 -19"><span class='ocrx_word' id='word_1_37' title='bbox 511 671 796 726; x_wconf 89' lang='lat' dir='ltr'>omnibus</span> <span class='ocrx_word' id='word_1_38' title='bbox 829 687 1183 727; x_wconf 90' lang='lat' dir='ltr'>concessum</span> <span class='ocrx_word' id='word_1_39' title='bbox 1216 688 1348 727; x_wconf 92' lang='lat' dir='ltr'>esse</span> <span class='ocrx_word' id='word_1_40' title='bbox 1381 675 1716 744; x_wconf 82' lang='lat' dir='ltr'>putandum</span> <span class='ocrx_word' id='word_1_41' title='bbox 1747 675 1841 730; x_wconf 89' lang='lat' dir='ltr'>sit.</span> 
     </span>
    </p>
   </div>
   <div class='ocr_carea' id='block_1_8' title="bbox 583 759 2180 836">
    <p class='ocr_par' dir='ltr' id='par_1_8' title="bbox 583 759 2180 836">
     <span class='ocr_line' id='line_1_8' title="bbox 583 759 2180 836; baseline 0.003 -23"><span class='ocrx_word' id='word_1_42' title='bbox 583 759 806 816; x_wconf 83' lang='lat' dir='ltr'><strong>CAPUT</strong></span> <span class='ocrx_word' id='word_1_43' title='bbox 846 761 937 814; x_wconf 91' lang='lat' dir='ltr'>Ill.</span> <span class='ocrx_word' id='word_1_44' title='bbox 963 793 1033 802; x_wconf 98' lang='lat'><em>—</em></span> <span class='ocrx_word' id='word_1_45' title='bbox 1060 767 1110 817; x_wconf 83' lang='lat'>6.</span> <span class='ocrx_word' id='word_1_46' title='bbox 1145 764 1206 816; x_wconf 91' lang='lat' dir='ltr'>Et</span> <span class='ocrx_word' id='word_1_47' title='bbox 1227 762 1300 817; x_wconf 91' lang='lat' dir='ltr'>de</span> <span class='ocrx_word' id='word_1_48' title='bbox 1325 762 1425 818; x_wconf 92' lang='lat' dir='ltr'>illo</span> <span class='ocrx_word' id='word_1_49' title='bbox 1446 764 1690 835; x_wconf 91' lang='lat' dir='ltr'>quidem</span> <span class='ocrx_word' id='word_1_50' title='bbox 1717 765 1911 836; x_wconf 90' lang='lat' dir='ltr'>primo</span> <span class='ocrx_word' id='word_1_51' title='bbox 1936 763 2180 819; x_wconf 86' lang='lat' dir='ltr'>homine</span> 
     </span>
    </p>
   </div>
   <div class='ocr_carea' id='block_1_9' title="bbox 510 851 2181 922">
    <p class='ocr_par' dir='ltr' id='par_1_9' title="bbox 510 851 2181 922">
     <span class='ocr_line' id='line_1_9' title="bbox 510 851 2181 922; baseline 0.003 -18"><span class='ocrx_word' id='word_1_52' title='bbox 510 856 676 920; x_wconf 85' lang='lat' dir='ltr'>patre</span> <span class='ocrx_word' id='word_1_53' title='bbox 696 851 930 919; x_wconf 84' lang='lat' dir='ltr'>generis</span> <span class='ocrx_word' id='word_1_54' title='bbox 947 851 1219 915; x_wconf 90' lang='lat' dir='ltr'>humani,</span> <span class='ocrx_word' id='word_1_55' title='bbox 1237 852 1397 922; x_wconf 91' lang='lat' dir='ltr'>quod</span> <span class='ocrx_word' id='word_1_56' title='bbox 1414 868 1548 907; x_wconf 90' lang='lat' dir='ltr'>eum</span> <span class='ocrx_word' id='word_1_57' title='bbox 1567 853 1703 908; x_wconf 91' lang='lat' dir='ltr'>inde</span> <span class='ocrx_word' id='word_1_58' title='bbox 1721 853 2181 918; x_wconf 80' lang='lat' dir='ltr'>solverit,Eccle-</span> 
     </span>
    </p>
   </div>
   <div class='ocr_carea' id='block_1_10' title="bbox 511 939 2179 1011">
    <p class='ocr_par' dir='ltr' id='par_1_10' title="bbox 511 939 2179 1011">
     <span class='ocr_line' id='line_1_10' title="bbox 511 939 2179 1011; baseline 0.002 -18"><span class='ocrx_word' id='word_1_59' title='bbox 511 939 602 994; x_wconf 87' lang='lat' dir='ltr'>sia</span> <span class='ocrx_word' id='word_1_60' title='bbox 621 939 738 994; x_wconf 92' lang='lat' dir='ltr'>fere</span> <span class='ocrx_word' id='word_1_61' title='bbox 763 945 880 994; x_wconf 90' lang='lat' dir='ltr'>tota</span> <span class='ocrx_word' id='word_1_62' title='bbox 899 944 1190 995; x_wconf 85' lang='lat' dir='ltr'>consentit</span> <span class='ocrx_word' id='word_1_63' title='bbox 1216 956 1228 1005; x_wconf 88' lang='lat'><strong>;</strong></span> <span class='ocrx_word' id='word_1_64' title='bbox 1255 941 1416 1011; x_wconf 90' lang='lat' dir='ltr'>quod</span> <span class='ocrx_word' id='word_1_65' title='bbox 1438 958 1569 996; x_wconf 87' lang='lat' dir='ltr'>eam</span> <span class='ocrx_word' id='word_1_66' title='bbox 1590 958 1708 997; x_wconf 92' lang='lat' dir='ltr'>non</span> <span class='ocrx_word' id='word_1_67' title='bbox 1729 942 1980 997; x_wconf 90' lang='lat' dir='ltr'>inanitcr</span> <span class='ocrx_word' id='word_1_68' title='bbox 1995 943 2179 998; x_wconf 90' lang='lat' dir='ltr'>credi-</span> 
     </span>
    </p>
   </div>
   <div class='ocr_carea' id='block_1_11' title="bbox 509 1028 2175 1102">
    <p class='ocr_par' dir='ltr' id='par_1_11' title="bbox 509 1028 2175 1102">
     <span class='ocr_line' id='line_1_11' title="bbox 509 1028 2175 1102; baseline 0.002 -20"><span class='ocrx_word' id='word_1_69' title='bbox 509 1028 667 1083; x_wconf 89' lang='lat' dir='ltr'>disse</span> <span class='ocrx_word' id='word_1_70' title='bbox 688 1029 1053 1084; x_wconf 89' lang='lat' dir='ltr'>credendum</span> <span class='ocrx_word' id='word_1_71' title='bbox 1079 1035 1185 1094; x_wconf 90' lang='lat' dir='ltr'>est,</span> <span class='ocrx_word' id='word_1_72' title='bbox 1209 1030 1630 1102; x_wconf 88' lang='lat' dir='ltr'>undecumque</span> <span class='ocrx_word' id='word_1_73' title='bbox 1650 1031 1762 1086; x_wconf 92' lang='lat' dir='ltr'>hoc</span> <span class='ocrx_word' id='word_1_74' title='bbox 1781 1032 2061 1088; x_wconf 89' lang='lat' dir='ltr'>traditum</span> <span class='ocrx_word' id='word_1_75' title='bbox 2084 1033 2175 1096; x_wconf 87' lang='lat' dir='ltr'>sit,</span> 
     </span>
    </p>
   </div>
   <div class='ocr_carea' id='block_1_12' title="bbox 507 1117 2178 1191">
    <p class='ocr_par' dir='ltr' id='par_1_12' title="bbox 507 1117 2178 1191">
     <span class='ocr_line' id='line_1_12' title="bbox 507 1117 2178 1191; baseline 0.003 -20"><span class='ocrx_word' id='word_1_76' title='bbox 507 1117 741 1172; x_wconf 89' lang='lat' dir='ltr'>etiamsi</span> <span class='ocrx_word' id='word_1_77' title='bbox 776 1119 1203 1173; x_wconf 88' lang='lat' dir='ltr'>canonicarum</span> <span class='ocrx_word' id='word_1_78' title='bbox 1233 1119 1671 1190; x_wconf 88' lang='lat' dir='ltr'>Scripturarum</span> <span class='ocrx_word' id='word_1_79' title='bbox 1714 1120 1852 1176; x_wconf 90' lang='lat' dir='ltr'>hinc</span> <span class='ocrx_word' id='word_1_80' title='bbox 1892 1136 2178 1191; x_wconf 86' lang='lat' dir='ltr'>expressa</span> 
     </span>
    </p>
   </div>
   <div class='ocr_carea' id='block_1_13' title="bbox 508 1207 2175 1281">
    <p class='ocr_par' dir='ltr' id='par_1_13' title="bbox 508 1207 2175 1281">
     <span class='ocr_line' id='line_1_13' title="bbox 508 1207 2175 1281; baseline 0.002 -20"><span class='ocrx_word' id='word_1_81' title='bbox 508 1221 628 1261; x_wconf 92' lang='lat' dir='ltr'>non</span> <span class='ocrx_word' id='word_1_82' title='bbox 655 1207 988 1277; x_wconf 81' lang='lat' dir='ltr'>proferatur</span> <span class='ocrx_word' id='word_1_83' title='bbox 1032 1208 1393 1263; x_wconf 88' lang='lat' dir='ltr'>auctoritas:</span> <span class='ocrx_word' id='word_1_84' title='bbox 1428 1225 1780 1280; x_wconf 86' lang='lat' dir='ltr'>quanquam</span> <span class='ocrx_word' id='word_1_85' title='bbox 1818 1209 1964 1264; x_wconf 91' lang='lat' dir='ltr'>illud</span> <span class='ocrx_word' id='word_1_86' title='bbox 2011 1210 2175 1281; x_wconf 91' lang='lat' dir='ltr'>quod</span> 
     </span>
    </p>
   </div>
   <div class='ocr_carea' id='block_1_14' title="bbox 505 1295 2177 1370">
    <p class='ocr_par' dir='ltr' id='par_1_14' title="bbox 505 1295 2177 1370">
     <span class='ocr_line' id='line_1_14' title="bbox 505 1295 2177 1370; baseline 0.002 -21"><span class='ocrx_word' id='word_1_87' title='bbox 505 1295 564 1349; x_wconf 91' lang='lat' dir='ltr'>in</span> <span class='ocrx_word' id='word_1_88' title='bbox 587 1295 738 1350; x_wconf 89' lang='lat' dir='ltr'>libro</span> <span class='ocrx_word' id='word_1_89' title='bbox 759 1295 1074 1366; x_wconf 82' lang='lat' dir='ltr'>Sapientiae</span> <span class='ocrx_word' id='word_1_90' title='bbox 1097 1298 1381 1367; x_wconf 91' lang='lat' dir='ltr'>scriptum</span> <span class='ocrx_word' id='word_1_91' title='bbox 1416 1303 1520 1364; x_wconf 90' lang='lat' dir='ltr'>est,</span> <span class='ocrx_word' id='word_1_92' title='bbox 1550 1299 1688 1353; x_wconf 76' lang='lat' dir='ltr'>Haec</span> <span class='ocrx_word' id='word_1_93' title='bbox 1708 1299 1903 1368; x_wconf 80' lang='lat' dir='ltr'>illum,</span> <span class='ocrx_word' id='word_1_94' title='bbox 1939 1299 2041 1370; x_wconf 87' lang='lat' dir='ltr'>qui</span> <span class='ocrx_word' id='word_1_95' title='bbox 2055 1300 2177 1367; x_wconf 86' lang='lat' dir='ltr'>pri-</span> 
     </span>
    </p>
   </div>
   <div class='ocr_carea' id='block_1_15' title="bbox 505 1386 2175 1454">
    <p class='ocr_par' dir='ltr' id='par_1_15' title="bbox 505 1386 2175 1454">
     <span class='ocr_line' id='line_1_15' title="bbox 505 1386 2175 1454; baseline 0.002 -14"><span class='ocrx_word' id='word_1_96' title='bbox 505 1400 634 1440; x_wconf 86' lang='lat' dir='ltr'>mus</span> <span class='ocrx_word' id='word_1_97' title='bbox 660 1386 863 1454; x_wconf 80' lang='lat' dir='ltr'>factus</span> <span class='ocrx_word' id='word_1_98' title='bbox 894 1393 996 1449; x_wconf 88' lang='lat' dir='ltr'>est,</span> <span class='ocrx_word' id='word_1_99' title='bbox 1028 1393 1257 1452; x_wconf 83' lang='lat' dir='ltr'>patrem</span> <span class='ocrx_word' id='word_1_100' title='bbox 1293 1387 1450 1441; x_wconf 85' lang='lat' dir='ltr'>orbis</span> <span class='ocrx_word' id='word_1_101' title='bbox 1485 1394 1801 1452; x_wconf 82' lang='lat' dir='ltr'>terrarum,</span> <span class='ocrx_word' id='word_1_102' title='bbox 1836 1403 1967 1443; x_wconf 90' lang='lat' dir='ltr'>cum</span> <span class='ocrx_word' id='word_1_103' title='bbox 2015 1391 2175 1443; x_wconf 87' lang='lat' dir='ltr'>solus</span> 
     </span>
    </p>
   </div>
   <div class='ocr_carea' id='block_1_16' title="bbox 507 1475 2169 1544">
    <p class='ocr_par' dir='ltr' id='par_1_16' title="bbox 507 1475 2169 1544">
     <span class='ocr_line' id='line_1_16' title="bbox 507 1475 2169 1544; baseline 0.003 -15"><span class='ocrx_word' id='word_1_104' title='bbox 507 1479 646 1529; x_wconf 84' lang='lat' dir='ltr'>esset</span> <span class='ocrx_word' id='word_1_105' title='bbox 671 1483 925 1539; x_wconf 80' lang='lat' dir='ltr'>creatus,</span> <span class='ocrx_word' id='word_1_106' title='bbox 943 1475 1272 1540; x_wconf 76' lang='lat' dir='ltr'>custodiuit,</span> <span class='ocrx_word' id='word_1_107' title='bbox 1289 1483 1340 1531; x_wconf 84' lang='lat' dir='ltr'>et</span> <span class='ocrx_word' id='word_1_108' title='bbox 1357 1476 1562 1531; x_wconf 76' lang='lat' dir='ltr'>eduxit</span> <span class='ocrx_word' id='word_1_109' title='bbox 1580 1476 1750 1532; x_wconf 79' lang='lat' dir='ltr'>illum</span> <span class='ocrx_word' id='word_1_110' title='bbox 1767 1493 1803 1532; x_wconf 91' lang='lat' dir='ltr'>a</span> <span class='ocrx_word' id='word_1_111' title='bbox 1818 1477 2029 1533; x_wconf 82' lang='lat' dir='ltr'>delicto</span> <span class='ocrx_word' id='word_1_112' title='bbox 2045 1494 2169 1544; x_wconf 88' lang='lat' dir='ltr'>suo,</span> 
     </span>
    </p>
   </div>
   <div class='ocr_carea' id='block_1_17' title="bbox 505 1562 2169 1637">
    <p class='ocr_par' dir='ltr' id='par_1_17' title="bbox 505 1562 2169 1637">
     <span class='ocr_line' id='line_1_17' title="bbox 505 1562 2169 1637; baseline 0.001 -20"><span class='ocrx_word' id='word_1_113' title='bbox 505 1565 556 1617; x_wconf 86' lang='lat' dir='ltr'>et</span> <span class='ocrx_word' id='word_1_114' title='bbox 586 1562 745 1617; x_wconf 82' lang='lat' dir='ltr'>dedit</span> <span class='ocrx_word' id='word_1_115' title='bbox 775 1564 827 1617; x_wconf 88' lang='lat' dir='ltr'>ei</span> <span class='ocrx_word' id='word_1_116' title='bbox 856 1563 1129 1618; x_wconf 83' lang='lat' dir='ltr'>virtutem</span> <span class='ocrx_word' id='word_1_117' title='bbox 1156 1564 1499 1619; x_wconf 74' lang='lat' dir='ltr'>continendi</span> <span class='ocrx_word' id='word_1_118' title='bbox 1527 1567 1725 1620; x_wconf 84' lang='lat' dir='ltr'>omnia</span> <span class='ocrx_word' id='word_1_119' title='bbox 1753 1565 1915 1636; x_wconf 86' lang='lat' dir='ltr'>(Sap.</span> <span class='ocrx_word' id='word_1_120' title='bbox 1941 1583 1998 1631; x_wconf 88' lang='lat' dir='ltr'>x,</span> <span class='ocrx_word' id='word_1_121' title='bbox 2020 1571 2068 1630; x_wconf 78' lang='grc'>1,</span> <span class='ocrx_word' id='word_1_122' title='bbox 2093 1567 2169 1637; x_wconf 73' lang='grc'>2),</span> 
     </span>
    </p>
   </div>
   <div class='ocr_carea' id='block_1_18' title="bbox 504 1651 2169 1725">
    <p class='ocr_par' dir='ltr' id='par_1_18' title="bbox 504 1651 2169 1725">
     <span class='ocr_line' id='line_1_18' title="bbox 504 1651 2169 1725; baseline 0.003 -20"><span class='ocrx_word' id='word_1_123' title='bbox 504 1652 699 1718; x_wconf 87' lang='lat' dir='ltr'>magis</span> <span class='ocrx_word' id='word_1_124' title='bbox 729 1666 835 1720; x_wconf 93' lang='lat' dir='ltr'>pro</span> <span class='ocrx_word' id='word_1_125' title='bbox 867 1651 977 1705; x_wconf 91' lang='lat' dir='ltr'>hac</span> <span class='ocrx_word' id='word_1_126' title='bbox 1018 1652 1308 1706; x_wconf 88' lang='lat' dir='ltr'>sententia</span> <span class='ocrx_word' id='word_1_127' title='bbox 1337 1669 1523 1723; x_wconf 89' lang='lat' dir='ltr'>quam</span> <span class='ocrx_word' id='word_1_128' title='bbox 1557 1669 1663 1725; x_wconf 89' lang='lat' dir='ltr'>pro</span> <span class='ocrx_word' id='word_1_129' title='bbox 1697 1653 1815 1708; x_wconf 93' lang='lat' dir='ltr'>ullo</span> <span class='ocrx_word' id='word_1_130' title='bbox 1857 1655 1972 1709; x_wconf 89' lang='lat' dir='ltr'>alio</span> <span class='ocrx_word' id='word_1_131' title='bbox 2004 1655 2169 1710; x_wconf 90' lang='lat' dir='ltr'>intel-</span> 
     </span>
    </p>
   </div>
   <div class='ocr_carea' id='block_1_19' title="bbox 502 1738 2171 1813">
    <p class='ocr_par' dir='ltr' id='par_1_19' title="bbox 502 1738 2171 1813">
     <span class='ocr_line' id='line_1_19' title="bbox 502 1738 2171 1813; baseline 0.003 -19"><span class='ocrx_word' id='word_1_132' title='bbox 502 1738 656 1794; x_wconf 90' lang='lat' dir='ltr'>lectu</span> <span class='ocrx_word' id='word_1_133' title='bbox 693 1740 884 1794; x_wconf 85' lang='lat' dir='ltr'>facere</span> <span class='ocrx_word' id='word_1_134' title='bbox 917 1740 1204 1796; x_wconf 87' lang='lat' dir='ltr'>videatur.</span> <span class='ocrx_word' id='word_1_135' title='bbox 1241 1741 1478 1796; x_wconf 85' lang='lat' dir='ltr'>Addunt</span> <span class='ocrx_word' id='word_1_136' title='bbox 1509 1742 1758 1813; x_wconf 90' lang='lat' dir='ltr'>quidam</span> <span class='ocrx_word' id='word_1_137' title='bbox 1791 1743 1904 1798; x_wconf 94' lang='lat' dir='ltr'>hoc</span> <span class='ocrx_word' id='word_1_138' title='bbox 1953 1743 2171 1799; x_wconf 84' lang='lat' dir='ltr'>beneﬁ-</span> 
     </span>
    </p>
   </div>
   <div class='ocr_carea' id='block_1_20' title="bbox 504 1828 2165 1899">
    <p class='ocr_par' dir='ltr' id='par_1_20' title="bbox 504 1828 2165 1899">
     <span class='ocr_line' id='line_1_20' title="bbox 504 1828 2165 1899; baseline 0.003 -17"><span class='ocrx_word' id='word_1_139' title='bbox 504 1828 661 1883; x_wconf 89' lang='lat' dir='ltr'>cium</span> <span class='ocrx_word' id='word_1_140' title='bbox 684 1829 944 1899; x_wconf 87' lang='lat' dir='ltr'>antiquis</span> <span class='ocrx_word' id='word_1_141' title='bbox 967 1829 1142 1883; x_wconf 89' lang='lat' dir='ltr'>etiam</span> <span class='ocrx_word' id='word_1_142' title='bbox 1167 1829 1587 1886; x_wconf 83' lang='lat' dir='ltr'>sanctisfuisse</span> <span class='ocrx_word' id='word_1_143' title='bbox 1609 1846 1984 1896; x_wconf 90' lang='lat' dir='ltr'>concessum,</span> <span class='ocrx_word' id='word_1_144' title='bbox 2001 1833 2165 1898; x_wconf 80' lang='lat' dir='ltr'>Abel,</span> 
     </span>
    </p>
   </div>
   <div class='ocr_carea' id='block_1_21' title="bbox 502 1917 2166 1990">
    <p class='ocr_par' dir='ltr' id='par_1_21' title="bbox 502 1917 2166 1990">
     <span class='ocr_line' id='line_1_21' title="bbox 502 1917 2166 1990; baseline 0.004 -20"><span class='ocrx_word' id='word_1_145' title='bbox 502 1917 662 1982; x_wconf 92' lang='lat' dir='ltr'>Seth,</span> <span class='ocrx_word' id='word_1_146' title='bbox 700 1920 898 1986; x_wconf 83' lang='lat' dir='ltr'>Noc,et</span> <span class='ocrx_word' id='word_1_147' title='bbox 928 1917 1133 1972; x_wconf 90' lang='lat' dir='ltr'>domui</span> <span class='ocrx_word' id='word_1_148' title='bbox 1167 1920 1320 1990; x_wconf 86' lang='lat' dir='ltr'>ejus,</span> <span class='ocrx_word' id='word_1_149' title='bbox 1347 1920 1672 1985; x_wconf 89' lang='lat' dir='ltr'>Abraham,</span> <span class='ocrx_word' id='word_1_150' title='bbox 1693 1921 1856 1977; x_wconf 89' lang='lat' dir='ltr'>Isaac</span> <span class='ocrx_word' id='word_1_151' title='bbox 1883 1922 2166 1988; x_wconf 86' lang='lat' dir='ltr'>etJacob,</span> 
     </span>
    </p>
   </div>
   <div class='ocr_carea' id='block_1_22' title="bbox 500 2005 2166 2078">
    <p class='ocr_par' dir='ltr' id='par_1_22' title="bbox 500 2005 2166 2078">
     <span class='ocr_line' id='line_1_22' title="bbox 500 2005 2166 2078; baseline 0.002 -17"><span class='ocrx_word' id='word_1_152' title='bbox 500 2005 754 2077; x_wconf 88' lang='lat' dir='ltr'>aliisque</span> <span class='ocrx_word' id='word_1_153' title='bbox 788 2007 1102 2061; x_wconf 87' lang='lat' dir='ltr'>Patriarchi</span> <span class='ocrx_word' id='word_1_154' title='bbox 1126 2012 1212 2062; x_wconf 90' lang='lat' dir='ltr'>est</span> <span class='ocrx_word' id='word_1_155' title='bbox 1242 2008 1572 2078; x_wconf 88' lang='lat' dir='ltr'>Prophetis,</span> <span class='ocrx_word' id='word_1_156' title='bbox 1609 2015 1668 2065; x_wconf 91' lang='lat' dir='ltr'>ut</span> <span class='ocrx_word' id='word_1_157' title='bbox 1698 2025 1834 2064; x_wconf 92' lang='lat' dir='ltr'>cum</span> <span class='ocrx_word' id='word_1_158' title='bbox 1882 2011 2166 2066; x_wconf 90' lang='lat' dir='ltr'>Dominus</span> 
     </span>
    </p>
   </div>
   <div class='ocr_carea' id='block_1_23' title="bbox 501 2094 2088 2159">
    <p class='ocr_par' dir='ltr' id='par_1_23' title="bbox 501 2094 2088 2159">
     <span class='ocr_line' id='line_1_23' title="bbox 501 2094 2088 2159; baseline 0.003 -11"><span class='ocrx_word' id='word_1_159' title='bbox 501 2094 563 2149; x_wconf 89' lang='lat' dir='ltr'>in</span> <span class='ocrx_word' id='word_1_160' title='bbox 597 2095 895 2150; x_wconf 90' lang='lat' dir='ltr'>infernum</span> <span class='ocrx_word' id='word_1_161' title='bbox 924 2096 1203 2159; x_wconf 88' lang='lat' dir='ltr'>venisset,</span> <span class='ocrx_word' id='word_1_162' title='bbox 1238 2096 1346 2151; x_wconf 89' lang='lat' dir='ltr'>illis</span> <span class='ocrx_word' id='word_1_163' title='bbox 1369 2097 1678 2153; x_wconf 89' lang='lat' dir='ltr'>doloribus</span> <span class='ocrx_word' id='word_1_164' title='bbox 1699 2099 2088 2156; x_wconf 90' lang='lat' dir='ltr'>solverentur.</span> 
     </span>
    </p>
   </div>
   <div class='ocr_carea' id='block_1_24' title="bbox 571 2184 2160 2256">
    <p class='ocr_par' dir='ltr' id='par_1_24' title="bbox 571 2184 2160 2256">
     <span class='ocr_line' id='line_1_24' title="bbox 571 2184 2160 2256; baseline 0.006 -21"><span class='ocrx_word' id='word_1_165' title='bbox 571 2184 622 2237; x_wconf 93' lang='lat'>7.</span> <span class='ocrx_word' id='word_1_166' title='bbox 655 2184 767 2240; x_wconf 92' lang='lat' dir='ltr'>Sed</span> <span class='ocrx_word' id='word_1_167' title='bbox 785 2200 1055 2254; x_wconf 90' lang='lat' dir='ltr'>quonam</span> <span class='ocrx_word' id='word_1_168' title='bbox 1076 2185 1258 2240; x_wconf 93' lang='lat' dir='ltr'>modo</span> <span class='ocrx_word' id='word_1_169' title='bbox 1278 2185 1638 2256; x_wconf 91' lang='lat' dir='ltr'>intelligatur</span> <span class='ocrx_word' id='word_1_170' title='bbox 1650 2187 1973 2253; x_wconf 87' lang='lat' dir='ltr'>Abraham,</span> <span class='ocrx_word' id='word_1_171' title='bbox 1993 2189 2048 2244; x_wconf 91' lang='lat' dir='ltr'>in</span> <span class='ocrx_word' id='word_1_172' title='bbox 2065 2205 2160 2244; x_wconf 83' lang='lat' dir='ltr'>cu-</span> 
     </span>
    </p>
   </div>
   <div class='ocr_carea' id='block_1_25' title="bbox 492 2273 2161 2349">
    <p class='ocr_par' dir='ltr' id='par_1_25' title="bbox 492 2273 2161 2349">
     <span class='ocr_line' id='line_1_25' title="bbox 492 2273 2161 2349; baseline 0.004 -23"><span class='ocrx_word' id='word_1_173' title='bbox 492 2273 592 2343; x_wconf 90' lang='lat' dir='ltr'>jus</span> <span class='ocrx_word' id='word_1_174' title='bbox 622 2274 819 2329; x_wconf 89' lang='lat' dir='ltr'>sinum</span> <span class='ocrx_word' id='word_1_175' title='bbox 852 2275 984 2344; x_wconf 91' lang='lat' dir='ltr'>pius</span> <span class='ocrx_word' id='word_1_176' title='bbox 1017 2275 1196 2329; x_wconf 89' lang='lat' dir='ltr'>etiam</span> <span class='ocrx_word' id='word_1_177' title='bbox 1229 2291 1461 2346; x_wconf 88' lang='lat' dir='ltr'>pauper</span> <span class='ocrx_word' id='word_1_178' title='bbox 1489 2275 1582 2330; x_wconf 87' lang='lat' dir='ltr'>ille</span> <span class='ocrx_word' id='word_1_179' title='bbox 1615 2282 1928 2349; x_wconf 91' lang='lat' dir='ltr'>susceptus</span> <span class='ocrx_word' id='word_1_180' title='bbox 1961 2283 2066 2338; x_wconf 87' lang='lat' dir='ltr'>est,</span> <span class='ocrx_word' id='word_1_181' title='bbox 2101 2279 2161 2333; x_wconf 92' lang='lat' dir='ltr'>in</span> 
     </span>
    </p>
   </div>
   <div class='ocr_carea' id='block_1_26' title="bbox 497 2361 2164 2438">
    <p class='ocr_par' dir='ltr' id='par_1_26' title="bbox 497 2361 2164 2438">
     <span class='ocr_line' id='line_1_26' title="bbox 497 2361 2164 2438; baseline 0.005 -23"><span class='ocrx_word' id='word_1_182' title='bbox 497 2361 608 2416; x_wconf 90' lang='lat' dir='ltr'>illis</span> <span class='ocrx_word' id='word_1_183' title='bbox 621 2362 802 2417; x_wconf 89' lang='lat' dir='ltr'>fuisse</span> <span class='ocrx_word' id='word_1_184' title='bbox 816 2363 1124 2418; x_wconf 85' lang='lat' dir='ltr'>doloribus</span> <span class='ocrx_word' id='word_1_185' title='bbox 1141 2379 1250 2432; x_wconf 87' lang='lat' dir='ltr'>ego</span> <span class='ocrx_word' id='word_1_186' title='bbox 1265 2365 1509 2434; x_wconf 88' lang='lat' dir='ltr'>quidem</span> <span class='ocrx_word' id='word_1_187' title='bbox 1526 2381 1644 2421; x_wconf 92' lang='lat' dir='ltr'>non</span> <span class='ocrx_word' id='word_1_188' title='bbox 1659 2365 2164 2438; x_wconf 79' lang='lat' dir='ltr'>videozexplicant</span> 
     </span>
    </p>
   </div>
   <div class='ocr_carea' id='block_1_27' title="bbox 496 2450 2157 2523">
    <p class='ocr_par' dir='ltr' id='par_1_27' title="bbox 496 2450 2157 2523">
     <span class='ocr_line' id='line_1_27' title="bbox 496 2450 2157 2523; baseline 0.004 -17"><span class='ocrx_word' id='word_1_189' title='bbox 496 2450 748 2506; x_wconf 84' lang='lat' dir='ltr'>fortasse</span> <span class='ocrx_word' id='word_1_190' title='bbox 774 2452 876 2523; x_wconf 90' lang='lat' dir='ltr'>qui</span> <span class='ocrx_word' id='word_1_191' title='bbox 901 2457 1174 2522; x_wconf 90' lang='lat' dir='ltr'>possunt.</span> <span class='ocrx_word' id='word_1_192' title='bbox 1199 2452 1366 2507; x_wconf 89' lang='lat' dir='ltr'>Solos</span> <span class='ocrx_word' id='word_1_193' title='bbox 1389 2459 1589 2508; x_wconf 91' lang='lat' dir='ltr'>autem</span> <span class='ocrx_word' id='word_1_194' title='bbox 1612 2455 1787 2523; x_wconf 90' lang='lat' dir='ltr'>duos,</span> <span class='ocrx_word' id='word_1_195' title='bbox 1803 2456 1862 2510; x_wconf 91' lang='lat' dir='ltr'>id</span> <span class='ocrx_word' id='word_1_196' title='bbox 1878 2458 2157 2514; x_wconf 87' lang='lat' dir='ltr'>estAbra-</span> 
     </span>
    </p>
   </div>
   <div class='ocr_carea' id='block_1_28' title="bbox 497 2538 2152 2614">
    <p class='ocr_par' dir='ltr' id='par_1_28' title="bbox 497 2538 2152 2614">
     <span class='ocr_line' id='line_1_28' title="bbox 497 2538 2152 2614; baseline 0.004 -21"><span class='ocrx_word' id='word_1_197' title='bbox 497 2538 639 2593; x_wconf 89' lang='lat' dir='ltr'>ham</span> <span class='ocrx_word' id='word_1_198' title='bbox 670 2544 726 2593; x_wconf 92' lang='lat' dir='ltr'>et</span> <span class='ocrx_word' id='word_1_199' title='bbox 756 2541 1064 2604; x_wconf 90' lang='lat' dir='ltr'>Lazarum,</span> <span class='ocrx_word' id='word_1_200' title='bbox 1098 2539 1158 2592; x_wconf 91' lang='lat' dir='ltr'>in</span> <span class='ocrx_word' id='word_1_201' title='bbox 1192 2539 1290 2594; x_wconf 91' lang='lat' dir='ltr'>illo</span> <span class='ocrx_word' id='word_1_202' title='bbox 1325 2542 1731 2597; x_wconf 89' lang='lat' dir='ltr'>memorabilis</span> <span class='ocrx_word' id='word_1_203' title='bbox 1772 2544 1986 2614; x_wconf 85' lang='lat' dir='ltr'>quietis</span> <span class='ocrx_word' id='word_1_204' title='bbox 2021 2546 2152 2600; x_wconf 89' lang='lat' dir='ltr'>sinu</span> 
     </span>
    </p>
   </div>
   <div class='ocr_carea' id='block_1_29' title="bbox 500 2625 2156 2699">
    <p class='ocr_par' dir='ltr' id='par_1_29' title="bbox 500 2625 2156 2699">
     <span class='ocr_line' id='line_1_29' title="bbox 500 2625 2156 2699; baseline 0.005 -19"><span class='ocrx_word' id='word_1_205' title='bbox 500 2625 682 2682; x_wconf 86' lang='lat' dir='ltr'>fuisse</span> <span class='ocrx_word' id='word_1_206' title='bbox 701 2633 1024 2699; x_wconf 89' lang='lat' dir='ltr'>antequam</span> <span class='ocrx_word' id='word_1_207' title='bbox 1045 2628 1336 2683; x_wconf 89' lang='lat' dir='ltr'>Dominus</span> <span class='ocrx_word' id='word_1_208' title='bbox 1354 2629 1412 2682; x_wconf 92' lang='lat' dir='ltr'>in</span> <span class='ocrx_word' id='word_1_209' title='bbox 1438 2629 2084 2698; x_wconf 90' lang='lat' dir='ltr'>infernadescenderet,</span> <span class='ocrx_word' id='word_1_210' title='bbox 2100 2640 2156 2689; x_wconf 87' lang='lat' dir='ltr'>et</span> 
     </span>
    </p>
   </div>
   <div class='ocr_carea' id='block_1_30' title="bbox 497 2715 2149 2790">
    <p class='ocr_par' dir='ltr' id='par_1_30' title="bbox 497 2715 2149 2790">
     <span class='ocr_line' id='line_1_30' title="bbox 497 2715 2149 2790; baseline 0.006 -22"><span class='ocrx_word' id='word_1_211' title='bbox 497 2715 570 2770; x_wconf 91' lang='lat' dir='ltr'>de</span> <span class='ocrx_word' id='word_1_212' title='bbox 623 2717 747 2770; x_wconf 87' lang='lat' dir='ltr'>istis</span> <span class='ocrx_word' id='word_1_213' title='bbox 795 2723 1026 2772; x_wconf 89' lang='lat' dir='ltr'>tantum</span> <span class='ocrx_word' id='word_1_214' title='bbox 1069 2717 1308 2772; x_wconf 91' lang='lat' dir='ltr'>duobus</span> <span class='ocrx_word' id='word_1_215' title='bbox 1349 2718 1574 2774; x_wconf 92' lang='lat' dir='ltr'>dictum</span> <span class='ocrx_word' id='word_1_216' title='bbox 1629 2720 1806 2776; x_wconf 91' lang='lat' dir='ltr'>fuisse</span> <span class='ocrx_word' id='word_1_217' title='bbox 1849 2722 1926 2778; x_wconf 90' lang='lat' dir='ltr'>illi</span> <span class='ocrx_word' id='word_1_218' title='bbox 1963 2723 2149 2790; x_wconf 86' lang='lat' dir='ltr'>diviti,</span> 
     </span>
    </p>
   </div>
   <div class='ocr_carea' id='block_1_31' title="bbox 500 2805 2156 2878">
    <p class='ocr_par' dir='ltr' id='par_1_31' title="bbox 500 2805 2156 2878">
     <span class='ocr_line' id='line_1_31' title="bbox 500 2805 2156 2878; baseline 0.005 -19"><span class='ocrx_word' id='word_1_219' title='bbox 500 2805 664 2859; x_wconf 80' lang='lat' dir='ltr'>Inter</span> <span class='ocrx_word' id='word_1_220' title='bbox 687 2821 785 2862; x_wconf 85' lang='lat' dir='ltr'>vos</span> <span class='ocrx_word' id='word_1_221' title='bbox 807 2813 858 2862; x_wconf 89' lang='lat' dir='ltr'>et</span> <span class='ocrx_word' id='word_1_222' title='bbox 889 2822 994 2862; x_wconf 88' lang='lat' dir='ltr'>nos</span> <span class='ocrx_word' id='word_1_223' title='bbox 1024 2806 1202 2862; x_wconf 84' lang='lat' dir='ltr'>chaos</span> <span class='ocrx_word' id='word_1_224' title='bbox 1232 2823 1515 2877; x_wconf 87' lang='lat' dir='ltr'>magnum</span> <span class='ocrx_word' id='word_1_225' title='bbox 1545 2809 1854 2876; x_wconf 83' lang='lat' dir='ltr'>ﬁrmatum</span> <span class='ocrx_word' id='word_1_226' title='bbox 1882 2816 1984 2878; x_wconf 84' lang='lat' dir='ltr'>est,</span> <span class='ocrx_word' id='word_1_227' title='bbox 2018 2821 2080 2867; x_wconf 84' lang='lat' dir='ltr'>ut</span> <span class='ocrx_word' id='word_1_228' title='bbox 2109 2813 2156 2868; x_wconf 89' lang='lat' dir='ltr'>ii</span> 
     </span>
    </p>
   </div>
   <div class='ocr_carea' id='block_1_32' title="bbox 492 2895 2153 2974">
    <p class='ocr_par' dir='ltr' id='par_1_32' title="bbox 492 2895 2153 2974">
     <span class='ocr_line' id='line_1_32' title="bbox 492 2895 2153 2974; baseline 0.007 -27"><span class='ocrx_word' id='word_1_229' title='bbox 492 2895 600 2964; x_wconf 86' lang='lat' dir='ltr'>qui</span> <span class='ocrx_word' id='word_1_230' title='bbox 627 2897 833 2950; x_wconf 81' lang='lat' dir='ltr'>volunt</span> <span class='ocrx_word' id='word_1_231' title='bbox 860 2896 1000 2952; x_wconf 88' lang='lat' dir='ltr'>hinc</span> <span class='ocrx_word' id='word_1_232' title='bbox 1030 2897 1287 2953; x_wconf 87' lang='lat' dir='ltr'>transire</span> <span class='ocrx_word' id='word_1_233' title='bbox 1304 2898 1384 2952; x_wconf 89' lang='lat' dir='ltr'>ad</span> <span class='ocrx_word' id='word_1_234' title='bbox 1413 2913 1510 2953; x_wconf 86' lang='lat' dir='ltr'>vos</span> <span class='ocrx_word' id='word_1_235' title='bbox 1538 2915 1655 2955; x_wconf 88' lang='lat' dir='ltr'>non</span> <span class='ocrx_word' id='word_1_236' title='bbox 1686 2902 1932 2970; x_wconf 82' lang='lat' dir='ltr'>possint,</span> <span class='ocrx_word' id='word_1_237' title='bbox 1966 2917 2153 2974; x_wconf 87' lang='lat' dir='ltr'>neque</span> 
     </span>
    </p>
   </div>
   <div class='ocr_carea' id='block_1_33' title="bbox 493 2985 2148 3057">
    <p class='ocr_par' dir='ltr' id='par_1_33' title="bbox 493 2985 2148 3057">
     <span class='ocr_line' id='line_1_33' title="bbox 493 2985 2148 3057; baseline 0.006 -19"><span class='ocrx_word' id='word_1_238' title='bbox 493 2985 633 3039; x_wconf 87' lang='lat' dir='ltr'>inde</span> <span class='ocrx_word' id='word_1_239' title='bbox 659 2985 774 3040; x_wconf 87' lang='lat' dir='ltr'>huc</span> <span class='ocrx_word' id='word_1_240' title='bbox 806 2991 1175 3042; x_wconf 81' lang='lat' dir='ltr'>transmeare</span> <span class='ocrx_word' id='word_1_241' title='bbox 1207 2987 1371 3057; x_wconf 86' lang='lat' dir='ltr'>(Luc.</span> <span class='ocrx_word' id='word_1_242' title='bbox 1405 3004 1518 3053; x_wconf 73' lang='lat' dir='ltr'>xvr,</span> <span class='ocrx_word' id='word_1_243' title='bbox 1550 2992 1664 3057; x_wconf 84' lang='lat'>26),</span> <span class='ocrx_word' id='word_1_244' title='bbox 1715 2993 1914 3047; x_wconf 92' lang='lat' dir='ltr'>nescio</span> <span class='ocrx_word' id='word_1_245' title='bbox 1950 2999 2148 3048; x_wconf 90' lang='lat' dir='ltr'>utrum</span> 
     </span>
    </p>
   </div>
   <div class='ocr_carea' id='block_1_34' title="bbox 489 3074 2148 3146">
    <p class='ocr_par' dir='ltr' id='par_1_34' title="bbox 489 3074 2148 3146">
     <span class='ocr_line' id='line_1_34' title="bbox 489 3074 2148 3146; baseline 0.006 -18"><span class='ocrx_word' id='word_1_246' title='bbox 489 3074 815 3146; x_wconf 90' lang='lat' dir='ltr'>quisquam</span> <span class='ocrx_word' id='word_1_247' title='bbox 859 3075 934 3131; x_wconf 90' lang='lat' dir='ltr'>sit</span> <span class='ocrx_word' id='word_1_248' title='bbox 963 3075 1056 3130; x_wconf 92' lang='lat' dir='ltr'>cui</span> <span class='ocrx_word' id='word_1_249' title='bbox 1089 3091 1207 3131; x_wconf 92' lang='lat' dir='ltr'>non</span> <span class='ocrx_word' id='word_1_250' title='bbox 1251 3076 1524 3134; x_wconf 84' lang='lat' dir='ltr'>videatur</span> <span class='ocrx_word' id='word_1_251' title='bbox 1567 3079 1918 3136; x_wconf 90' lang='lat' dir='ltr'>absurdum.</span> <span class='ocrx_word' id='word_1_252' title='bbox 1966 3082 2148 3138; x_wconf 87' lang='lat' dir='ltr'>Porro</span> 
     </span>
    </p>
   </div>
   <div class='ocr_carea' id='block_1_35' title="bbox 493 3164 2148 3239">
    <p class='ocr_par' dir='ltr' id='par_1_35' title="bbox 493 3164 2148 3239">
     <span class='ocr_line' id='line_1_35' title="bbox 493 3164 2148 3239; baseline 0.005 -21"><span class='ocrx_word' id='word_1_253' title='bbox 493 3165 540 3218; x_wconf 88' lang='lat' dir='ltr'>si</span> <span class='ocrx_word' id='word_1_254' title='bbox 574 3164 772 3233; x_wconf 83' lang='lat' dir='ltr'>plures</span> <span class='ocrx_word' id='word_1_255' title='bbox 801 3181 985 3236; x_wconf 90' lang='lat' dir='ltr'>quam</span> <span class='ocrx_word' id='word_1_256' title='bbox 1033 3165 1150 3220; x_wconf 91' lang='lat' dir='ltr'>duo</span> <span class='ocrx_word' id='word_1_257' title='bbox 1195 3165 1277 3219; x_wconf 89' lang='lat' dir='ltr'>ibi</span> <span class='ocrx_word' id='word_1_258' title='bbox 1321 3172 1508 3235; x_wconf 87' lang='lat' dir='ltr'>erant,</span> <span class='ocrx_word' id='word_1_259' title='bbox 1544 3169 1677 3239; x_wconf 90' lang='lat' dir='ltr'>quis</span> <span class='ocrx_word' id='word_1_260' title='bbox 1705 3170 1925 3226; x_wconf 90' lang='lat' dir='ltr'>audeat</span> <span class='ocrx_word' id='word_1_261' title='bbox 1953 3171 2148 3228; x_wconf 88' lang='lat' dir='ltr'>dicere</span> 
     </span>
    </p>
   </div>
   <div class='ocr_carea' id='block_1_36' title="bbox 491 3253 2145 3330">
    <p class='ocr_par' dir='ltr' id='par_1_36' title="bbox 491 3253 2145 3330">
     <span class='ocr_line' id='line_1_36' title="bbox 491 3253 2145 3330; baseline 0.005 -23"><span class='ocrx_word' id='word_1_262' title='bbox 491 3267 614 3308; x_wconf 90' lang='lat' dir='ltr'>non</span> <span class='ocrx_word' id='word_1_263' title='bbox 637 3253 717 3308; x_wconf 88' lang='lat' dir='ltr'>ibi</span> <span class='ocrx_word' id='word_1_264' title='bbox 753 3254 935 3308; x_wconf 89' lang='lat' dir='ltr'>fuisse</span> <span class='ocrx_word' id='word_1_265' title='bbox 967 3253 1340 3309; x_wconf 86' lang='lat' dir='ltr'>Patriarchas</span> <span class='ocrx_word' id='word_1_266' title='bbox 1363 3262 1417 3309; x_wconf 90' lang='lat' dir='ltr'>et</span> <span class='ocrx_word' id='word_1_267' title='bbox 1452 3256 1799 3327; x_wconf 88' lang='lat' dir='ltr'>Prophetas,</span> <span class='ocrx_word' id='word_1_268' title='bbox 1834 3259 2060 3330; x_wconf 90' lang='lat' dir='ltr'>quibus</span> <span class='ocrx_word' id='word_1_269' title='bbox 2089 3262 2145 3316; x_wconf 92' lang='lat' dir='ltr'>in</span> 
     </span>
    </p>
   </div>
   <div class='ocr_carea' id='block_1_37' title="bbox 493 3342 2148 3418">
    <p class='ocr_par' dir='ltr' id='par_1_37' title="bbox 493 3342 2148 3418">
     <span class='ocr_line' id='line_1_37' title="bbox 493 3342 2148 3418; baseline 0.005 -20"><span class='ocrx_word' id='word_1_270' title='bbox 493 3343 797 3414; x_wconf 88' lang='lat' dir='ltr'>Scriptura</span> <span class='ocrx_word' id='word_1_271' title='bbox 832 3342 929 3397; x_wconf 89' lang='lat' dir='ltr'>Dei</span> <span class='ocrx_word' id='word_1_272' title='bbox 953 3342 1194 3411; x_wconf 66' lang='lat' dir='ltr'>jnstitire</span> <span class='ocrx_word' id='word_1_273' title='bbox 1221 3344 1574 3416; x_wconf 88' lang='lat' dir='ltr'>pietatisque</span> <span class='ocrx_word' id='word_1_274' title='bbox 1617 3352 1736 3402; x_wconf 90' lang='lat' dir='ltr'>tam</span> <span class='ocrx_word' id='word_1_275' title='bbox 1770 3347 2001 3418; x_wconf 81' lang='lat' dir='ltr'>insigne</span> <span class='ocrx_word' id='word_1_276' title='bbox 2034 3355 2148 3405; x_wconf 89' lang='lat' dir='ltr'>tes-</span> 
     </span>
    </p>
   </div>
   <div class='ocr_carea' id='block_1_38' title="bbox 487 3431 2146 3508">
    <p class='ocr_par' dir='ltr' id='par_1_38' title="bbox 487 3431 2146 3508">
     <span class='ocr_line' id='line_1_38' title="bbox 487 3431 2146 3508; baseline 0.005 -21"><span class='ocrx_word' id='word_1_277' title='bbox 487 3431 807 3488; x_wconf 88' lang='lat' dir='ltr'>timonium</span> <span class='ocrx_word' id='word_1_278' title='bbox 857 3431 1203 3502; x_wconf 88' lang='lat' dir='ltr'>perhibetur</span> <span class='ocrx_word' id='word_1_279' title='bbox 1232 3432 1260 3486; x_wconf 74' lang='lat' dir='ltr'>‘i</span> <span class='ocrx_word' id='word_1_280' title='bbox 1301 3433 1452 3498; x_wconf 89' lang='lat' dir='ltr'>Quid</span> <span class='ocrx_word' id='word_1_281' title='bbox 1496 3434 1586 3489; x_wconf 90' lang='lat' dir='ltr'>his</span> <span class='ocrx_word' id='word_1_282' title='bbox 1620 3451 1761 3506; x_wconf 90' lang='lat' dir='ltr'>ergo</span> <span class='ocrx_word' id='word_1_283' title='bbox 1809 3439 2146 3508; x_wconf 52' lang='lat' dir='ltr'>praestiterit</span> 
     </span>
    </p>
   </div>
   <div class='ocr_carea' id='block_1_39' title="bbox 487 3520 2140 3596">
    <p class='ocr_par' dir='ltr' id='par_1_39' title="bbox 487 3520 2140 3596">
     <span class='ocr_line' id='line_1_39' title="bbox 487 3520 2140 3596; baseline 0.007 -23"><span class='ocrx_word' id='word_1_284' title='bbox 487 3521 587 3592; x_wconf 92' lang='lat' dir='ltr'>qui</span> <span class='ocrx_word' id='word_1_285' title='bbox 609 3520 844 3576; x_wconf 92' lang='lat' dir='ltr'>dolores</span> <span class='ocrx_word' id='word_1_286' title='bbox 866 3520 1033 3575; x_wconf 89' lang='lat' dir='ltr'>solvit</span> <span class='ocrx_word' id='word_1_287' title='bbox 1055 3521 1289 3588; x_wconf 83' lang='lat' dir='ltr'>inferni,</span> <span class='ocrx_word' id='word_1_288' title='bbox 1316 3523 1372 3576; x_wconf 95' lang='lat' dir='ltr'>in</span> <span class='ocrx_word' id='word_1_289' title='bbox 1395 3523 1618 3594; x_wconf 89' lang='lat' dir='ltr'>quibus</span> <span class='ocrx_word' id='word_1_290' title='bbox 1644 3524 1721 3580; x_wconf 89' lang='lat' dir='ltr'>illi</span> <span class='ocrx_word' id='word_1_291' title='bbox 1746 3541 1863 3582; x_wconf 92' lang='lat' dir='ltr'>non</span> <span class='ocrx_word' id='word_1_292' title='bbox 1888 3525 2140 3596; x_wconf 87' lang='lat' dir='ltr'>fuerunt,</span> 
     </span>
    </p>
   </div>
   <div class='ocr_carea' id='block_1_40' title="bbox 487 3610 2140 3688">
    <p class='ocr_par' dir='ltr' id='par_1_40' title="bbox 487 3610 2140 3688">
     <span class='ocr_line' id='line_1_40' title="bbox 487 3610 2140 3688; baseline 0.007 -24"><span class='ocrx_word' id='word_1_293' title='bbox 487 3610 759 3665; x_wconf 90' lang='lat' dir='ltr'>nondum</span> <span class='ocrx_word' id='word_1_294' title='bbox 784 3610 1045 3680; x_wconf 87' lang='lat' dir='ltr'>intelligo</span> <span class='ocrx_word' id='word_1_295' title='bbox 1073 3627 1085 3677; x_wconf 93' lang='lat'><strong>;</strong></span> <span class='ocrx_word' id='word_1_296' title='bbox 1112 3613 1444 3681; x_wconf 65' lang='lat' dir='ltr'>praesertim</span> <span class='ocrx_word' id='word_1_297' title='bbox 1466 3614 1609 3684; x_wconf 89' lang='lat' dir='ltr'>quia</span> <span class='ocrx_word' id='word_1_298' title='bbox 1626 3630 1700 3670; x_wconf 90' lang='lat' dir='ltr'>ne</span> <span class='ocrx_word' id='word_1_299' title='bbox 1718 3615 1881 3686; x_wconf 91' lang='lat' dir='ltr'>ipsos</span> <span class='ocrx_word' id='word_1_300' title='bbox 1899 3619 2140 3688; x_wconf 90' lang='lat' dir='ltr'>quidem</span> 
     </span>
    </p>
   </div>
   <div class='ocr_carea' id='block_1_41' title="bbox 487 3698 2142 3777">
    <p class='ocr_par' dir='ltr' id='par_1_41' title="bbox 487 3698 2142 3777">
     <span class='ocr_line' id='line_1_41' title="bbox 487 3698 2142 3777; baseline 0.005 -23"><span class='ocrx_word' id='word_1_301' title='bbox 487 3698 706 3754; x_wconf 89' lang='lat' dir='ltr'>inferos</span> <span class='ocrx_word' id='word_1_302' title='bbox 740 3700 974 3771; x_wconf 90' lang='lat' dir='ltr'>uspiam</span> <span class='ocrx_word' id='word_1_303' title='bbox 1022 3700 1458 3772; x_wconf 90' lang='lat' dir='ltr'>Scripturarum</span> <span class='ocrx_word' id='word_1_304' title='bbox 1519 3703 1576 3757; x_wconf 92' lang='lat' dir='ltr'>in</span> <span class='ocrx_word' id='word_1_305' title='bbox 1618 3703 1779 3760; x_wconf 92' lang='lat' dir='ltr'>bono</span> <span class='ocrx_word' id='word_1_306' title='bbox 1811 3707 2142 3777; x_wconf 89' lang='lat' dir='ltr'>appellatos</span> 
     </span>
    </p>
   </div>
   <div class='ocr_carea' id='block_1_42' title="bbox 484 3789 2144 3863">
    <p class='ocr_par' dir='ltr' id='par_1_42' title="bbox 484 3789 2144 3863">
     <span class='ocr_line' id='line_1_42' title="bbox 484 3789 2144 3863; baseline 0.005 -19"><span class='ocrx_word' id='word_1_307' title='bbox 484 3789 652 3861; x_wconf 89' lang='lat' dir='ltr'>potui</span> <span class='ocrx_word' id='word_1_308' title='bbox 683 3790 958 3861; x_wconf 86' lang='lat' dir='ltr'>reperire.</span> <span class='ocrx_word' id='word_1_309' title='bbox 995 3789 1165 3854; x_wconf 87' lang='lat' dir='ltr'>Quod</span> <span class='ocrx_word' id='word_1_310' title='bbox 1194 3791 1241 3844; x_wconf 89' lang='lat' dir='ltr'>si</span> <span class='ocrx_word' id='word_1_311' title='bbox 1270 3806 1570 3863; x_wconf 89' lang='lat' dir='ltr'>nusquam</span> <span class='ocrx_word' id='word_1_312' title='bbox 1603 3793 1661 3847; x_wconf 91' lang='lat' dir='ltr'>in</span> <span class='ocrx_word' id='word_1_313' title='bbox 1693 3794 1906 3850; x_wconf 87' lang='lat' dir='ltr'>divinis</span> <span class='ocrx_word' id='word_1_314' title='bbox 1934 3803 2144 3853; x_wconf 89' lang='lat' dir='ltr'>aucto-</span> 
     </span>
    </p>
   </div>
   <div class='ocr_carea' id='block_1_43' title="bbox 483 3878 2139 3952">
    <p class='ocr_par' dir='ltr' id='par_1_43' title="bbox 483 3878 2139 3952">
     <span class='ocr_line' id='line_1_43' title="bbox 483 3878 2139 3952; baseline 0.005 -18"><span class='ocrx_word' id='word_1_315' title='bbox 483 3878 756 3934; x_wconf 87' lang='lat' dir='ltr'>ritatibus</span> <span class='ocrx_word' id='word_1_316' title='bbox 788 3878 1020 3948; x_wconf 84' lang='lat' dir='ltr'>legitur,</span> <span class='ocrx_word' id='word_1_317' title='bbox 1056 3894 1170 3934; x_wconf 93' lang='lat' dir='ltr'>non</span> <span class='ocrx_word' id='word_1_318' title='bbox 1207 3879 1408 3952; x_wconf 88' lang='lat' dir='ltr'>utique</span> <span class='ocrx_word' id='word_1_319' title='bbox 1442 3881 1609 3936; x_wconf 92' lang='lat' dir='ltr'>sinus</span> <span class='ocrx_word' id='word_1_320' title='bbox 1641 3882 1732 3938; x_wconf 91' lang='lat' dir='ltr'>ille</span> <span class='ocrx_word' id='word_1_321' title='bbox 1772 3884 2045 3951; x_wconf 74' lang='lat' dir='ltr'>Abrahae,</span> <span class='ocrx_word' id='word_1_322' title='bbox 2081 3887 2139 3942; x_wconf 93' lang='lat' dir='ltr'>id</span> 
     </span>
    </p>
   </div>
   <div class='ocr_carea' id='block_1_44' title="bbox 486 3968 2139 4048">
    <p class='ocr_par' dir='ltr' id='par_1_44' title="bbox 486 3968 2139 4048">
     <span class='ocr_line' id='line_1_44' title="bbox 486 3968 2139 4048; baseline 0.005 -25"><span class='ocrx_word' id='word_1_323' title='bbox 486 3973 575 4024; x_wconf 88' lang='lat' dir='ltr'>est</span> <span class='ocrx_word' id='word_1_324' title='bbox 602 3974 837 4023; x_wconf 74' lang='lat' dir='ltr'>secretae</span> <span class='ocrx_word' id='word_1_325' title='bbox 865 3968 1180 4037; x_wconf 83' lang='lat' dir='ltr'>cujtisdam</span> <span class='ocrx_word' id='word_1_326' title='bbox 1206 3969 1419 4040; x_wconf 91' lang='lat' dir='ltr'>quietis</span> <span class='ocrx_word' id='word_1_327' title='bbox 1442 3971 1748 4038; x_wconf 89' lang='lat' dir='ltr'>habitatio,</span> <span class='ocrx_word' id='word_1_328' title='bbox 1779 3973 1979 4047; x_wconf 89' lang='lat' dir='ltr'>aliqua</span> <span class='ocrx_word' id='word_1_329' title='bbox 2000 3992 2139 4048; x_wconf 89' lang='lat' dir='ltr'>pars</span> 
     </span>
    </p>
   </div>
   <div class='ocr_carea' id='block_1_45' title="bbox 485 4057 2140 4136">
    <p class='ocr_par' dir='ltr' id='par_1_45' title="bbox 485 4057 2140 4136">
     <span class='ocr_line' id='line_1_45' title="bbox 485 4057 2140 4136; baseline 0.004 -24"><span class='ocrx_word' id='word_1_330' title='bbox 485 4057 812 4112; x_wconf 83' lang='lat' dir='ltr'>inferorum</span> <span class='ocrx_word' id='word_1_331' title='bbox 838 4073 966 4112; x_wconf 90' lang='lat' dir='ltr'>esse</span> <span class='ocrx_word' id='word_1_332' title='bbox 997 4057 1295 4114; x_wconf 91' lang='lat' dir='ltr'>credenda</span> <span class='ocrx_word' id='word_1_333' title='bbox 1325 4063 1429 4114; x_wconf 92' lang='lat' dir='ltr'>est.</span> <span class='ocrx_word' id='word_1_334' title='bbox 1456 4061 1813 4132; x_wconf 84' lang='lat' dir='ltr'>Quanquam</span> <span class='ocrx_word' id='word_1_335' title='bbox 1846 4064 1903 4118; x_wconf 94' lang='lat' dir='ltr'>in</span> <span class='ocrx_word' id='word_1_336' title='bbox 1933 4064 2021 4119; x_wconf 90' lang='lat' dir='ltr'>bis</span> <span class='ocrx_word' id='word_1_337' title='bbox 2054 4066 2140 4136; x_wconf 93' lang='lat' dir='ltr'>ip-</span> 
     </span>
    </p>
   </div>
   <div class='ocr_carea' id='block_1_46' title="bbox 484 4145 2133 4221">
    <p class='ocr_par' dir='ltr' id='par_1_46' title="bbox 484 4145 2133 4221">
     <span class='ocr_line' id='line_1_46' title="bbox 484 4145 2133 4221; baseline 0.008 -23"><span class='ocrx_word' id='word_1_338' title='bbox 484 4146 563 4199; x_wconf 87' lang='lat' dir='ltr'>sis</span> <span class='ocrx_word' id='word_1_339' title='bbox 599 4145 746 4201; x_wconf 88' lang='lat' dir='ltr'>tanti</span> <span class='ocrx_word' id='word_1_340' title='bbox 779 4146 1040 4215; x_wconf 82' lang='lat' dir='ltr'>magistri</span> <span class='ocrx_word' id='word_1_341' title='bbox 1071 4146 1286 4213; x_wconf 86' lang='lat' dir='ltr'>verbis,</span> <span class='ocrx_word' id='word_1_342' title='bbox 1320 4147 1419 4202; x_wconf 90' lang='lat' dir='ltr'>ubi</span> <span class='ocrx_word' id='word_1_343' title='bbox 1447 4149 1529 4204; x_wconf 88' lang='lat' dir='ltr'>ait</span> <span class='ocrx_word' id='word_1_344' title='bbox 1559 4150 1776 4206; x_wconf 85' lang='lat' dir='ltr'>dixisse</span> <span class='ocrx_word' id='word_1_345' title='bbox 1808 4152 2133 4221; x_wconf 84' lang='lat' dir='ltr'>Abraham,</span> 
     </span>
    </p>
   </div>
   <div class='ocr_carea' id='block_1_47' title="bbox 483 4235 2131 4310">
    <p class='ocr_par' dir='ltr' id='par_1_47' title="bbox 483 4235 2131 4310">
     <span class='ocr_line' id='line_1_47' title="bbox 483 4235 2131 4310; baseline 0.005 -20"><span class='ocrx_word' id='word_1_346' title='bbox 483 4235 652 4291; x_wconf 79' lang='lat' dir='ltr'>Inter</span> <span class='ocrx_word' id='word_1_347' title='bbox 675 4250 773 4291; x_wconf 88' lang='lat' dir='ltr'>vos</span> <span class='ocrx_word' id='word_1_348' title='bbox 795 4242 846 4291; x_wconf 89' lang='lat' dir='ltr'>et</span> <span class='ocrx_word' id='word_1_349' title='bbox 870 4252 971 4291; x_wconf 90' lang='lat' dir='ltr'>nos</span> <span class='ocrx_word' id='word_1_350' title='bbox 1002 4236 1179 4292; x_wconf 82' lang='lat' dir='ltr'>chaos</span> <span class='ocrx_word' id='word_1_351' title='bbox 1206 4251 1488 4307; x_wconf 84' lang='lat' dir='ltr'>magnum</span> <span class='ocrx_word' id='word_1_352' title='bbox 1511 4240 1818 4306; x_wconf 87' lang='lat' dir='ltr'>ﬁrmatum</span> <span class='ocrx_word' id='word_1_353' title='bbox 1837 4249 1939 4306; x_wconf 88' lang='lat' dir='ltr'>est,</span> <span class='ocrx_word' id='word_1_354' title='bbox 1971 4245 2131 4310; x_wconf 89' lang='lat' dir='ltr'>satis,</span> 
     </span>
    </p>
   </div>
   <div class='ocr_carea' id='block_1_48' title="bbox 482 4325 2130 4402">
    <p class='ocr_par' dir='ltr' id='par_1_48' title="bbox 482 4325 2130 4402">
     <span class='ocr_line' id='line_1_48' title="bbox 482 4325 2130 4402; baseline 0.006 -23"><span class='ocrx_word' id='word_1_355' title='bbox 482 4328 548 4379; x_wconf 90' lang='lat' dir='ltr'>ut</span> <span class='ocrx_word' id='word_1_356' title='bbox 577 4325 811 4397; x_wconf 87' lang='lat' dir='ltr'>Opinor,</span> <span class='ocrx_word' id='word_1_357' title='bbox 843 4328 1132 4396; x_wconf 88' lang='lat' dir='ltr'>appareat</span> <span class='ocrx_word' id='word_1_358' title='bbox 1177 4341 1297 4380; x_wconf 92' lang='lat' dir='ltr'>non</span> <span class='ocrx_word' id='word_1_359' title='bbox 1341 4342 1468 4381; x_wconf 91' lang='lat' dir='ltr'>esse</span> <span class='ocrx_word' id='word_1_360' title='bbox 1499 4329 1830 4400; x_wconf 90' lang='lat' dir='ltr'>quamdam</span> <span class='ocrx_word' id='word_1_361' title='bbox 1878 4337 2130 4402; x_wconf 87' lang='lat' dir='ltr'>partem,</span> 
     </span>
    </p>
   </div>
   <div class='ocr_carea' id='block_1_49' title="bbox 480 4414 2135 4487">
    <p class='ocr_par' dir='ltr' id='par_1_49' title="bbox 480 4414 2135 4487">
     <span class='ocr_line' id='line_1_49' title="bbox 480 4414 2135 4487; baseline 0.005 -17"><span class='ocrx_word' id='word_1_362' title='bbox 480 4417 538 4470; x_wconf 89' lang='lat' dir='ltr'>et</span> <span class='ocrx_word' id='word_1_363' title='bbox 566 4415 742 4487; x_wconf 87' lang='lat' dir='ltr'>quasi</span> <span class='ocrx_word' id='word_1_364' title='bbox 773 4415 1114 4470; x_wconf 91' lang='lat' dir='ltr'>membrum</span> <span class='ocrx_word' id='word_1_365' title='bbox 1142 4414 1486 4482; x_wconf 83' lang='lat' dir='ltr'>inferorum,</span> <span class='ocrx_word' id='word_1_366' title='bbox 1511 4421 1688 4473; x_wconf 67' lang='lat' dir='ltr'>tanta:</span> <span class='ocrx_word' id='word_1_367' title='bbox 1712 4418 1866 4475; x_wconf 91' lang='lat' dir='ltr'>illius</span> <span class='ocrx_word' id='word_1_368' title='bbox 1896 4421 2135 4480; x_wconf 85' lang='lat' dir='ltr'>felicita-</span> 
     </span>
    </p>
   </div>
   <div class='ocr_carea' id='block_1_50' title="bbox 479 4503 2133 4585">
    <p class='ocr_par' dir='ltr' id='par_1_50' title="bbox 479 4503 2133 4585">
     <span class='ocr_line' id='line_1_50' title="bbox 479 4503 2133 4585; baseline 0.007 -27"><span class='ocrx_word' id='word_1_369' title='bbox 479 4503 554 4559; x_wconf 86' lang='lat' dir='ltr'>tis</span> <span class='ocrx_word' id='word_1_370' title='bbox 583 4505 804 4560; x_wconf 91' lang='lat' dir='ltr'>sinum.</span> <span class='ocrx_word' id='word_1_371' title='bbox 835 4505 1028 4561; x_wconf 87' lang='lat' dir='ltr'>Chaos</span> <span class='ocrx_word' id='word_1_372' title='bbox 1051 4505 1208 4560; x_wconf 91' lang='lat' dir='ltr'>enim</span> <span class='ocrx_word' id='word_1_373' title='bbox 1243 4522 1531 4575; x_wconf 83' lang='lat' dir='ltr'>magnum</span> <span class='ocrx_word' id='word_1_374' title='bbox 1560 4508 1706 4579; x_wconf 91' lang='lat' dir='ltr'>quid</span> <span class='ocrx_word' id='word_1_375' title='bbox 1738 4515 1844 4575; x_wconf 88' lang='lat' dir='ltr'>est,</span> <span class='ocrx_word' id='word_1_376' title='bbox 1873 4511 1984 4566; x_wconf 90' lang='lat' dir='ltr'>nisi</span> <span class='ocrx_word' id='word_1_377' title='bbox 2006 4515 2133 4585; x_wconf 88' lang='lat' dir='ltr'>qui-</span> 
     </span>
    </p>
   </div>
   <div class='ocr_carea' id='block_1_51' title="bbox 478 4592 2130 4671">
    <p class='ocr_par' dir='ltr' id='par_1_51' title="bbox 478 4592 2130 4671">
     <span class='ocr_line' id='line_1_51' title="bbox 478 4592 2130 4671; baseline 0.006 -24"><span class='ocrx_word' id='word_1_378' title='bbox 478 4592 621 4647; x_wconf 88' lang='lat' dir='ltr'>dam</span> <span class='ocrx_word' id='word_1_379' title='bbox 669 4594 888 4658; x_wconf 89' lang='lat' dir='ltr'>hiatus,</span> <span class='ocrx_word' id='word_1_380' title='bbox 923 4593 1176 4649; x_wconf 91' lang='lat' dir='ltr'>multum</span> <span class='ocrx_word' id='word_1_381' title='bbox 1217 4610 1286 4649; x_wconf 82' lang='lat' dir='ltr'>ea</span> <span class='ocrx_word' id='word_1_382' title='bbox 1339 4611 1622 4666; x_wconf 89' lang='lat' dir='ltr'>separans</span> <span class='ocrx_word' id='word_1_383' title='bbox 1654 4595 1804 4653; x_wconf 91' lang='lat' dir='ltr'>inter</span> <span class='ocrx_word' id='word_1_384' title='bbox 1832 4615 1962 4671; x_wconf 70' lang='lat' dir='ltr'>quae</span> <span class='ocrx_word' id='word_1_385' title='bbox 2010 4617 2130 4657; x_wconf 91' lang='lat' dir='ltr'>non</span> 
     </span>
    </p>
   </div>
   <div class='ocr_carea' id='block_1_52' title="bbox 478 4679 2131 4762">
    <p class='ocr_par' dir='ltr' id='par_1_52' title="bbox 478 4679 2131 4762">
     <span class='ocr_line' id='line_1_52' title="bbox 478 4679 2131 4762; baseline 0.006 -26"><span class='ocrx_word' id='word_1_386' title='bbox 478 4679 674 4736; x_wconf 85' lang='lat' dir='ltr'>solum</span> <span class='ocrx_word' id='word_1_387' title='bbox 707 4689 810 4745; x_wconf 90' lang='lat' dir='ltr'>est,</span> <span class='ocrx_word' id='word_1_388' title='bbox 833 4697 1035 4738; x_wconf 91' lang='lat' dir='ltr'>verum</span> <span class='ocrx_word' id='word_1_389' title='bbox 1068 4683 1247 4738; x_wconf 86' lang='lat' dir='ltr'>etiam</span> <span class='ocrx_word' id='word_1_390' title='bbox 1279 4683 1550 4739; x_wconf 85' lang='lat' dir='ltr'>ﬁrmatus</span> <span class='ocrx_word' id='word_1_391' title='bbox 1583 4690 1671 4740; x_wconf 84' lang='lat' dir='ltr'>est</span> <span class='ocrx_word' id='word_1_392' title='bbox 1700 4685 1726 4741; x_wconf 79' lang='lat'><strong>?</strong></span> <span class='ocrx_word' id='word_1_393' title='bbox 1759 4688 2131 4762; x_wconf 86' lang='lat' dir='ltr'>Quapropter</span> 
     </span>
    </p>
   </div>
   <div class='ocr_carea' id='block_1_53' title="bbox 477 4770 2130 4836">
    <p class='ocr_par' dir='ltr' id='par_1_53' title="bbox 477 4770 2130 4836">
     <span class='ocr_line' id='line_1_53' title="bbox 477 4770 2130 4836; baseline 0.007 -11"><span class='ocrx_word' id='word_1_394' title='bbox 477 4770 523 4825; x_wconf 88' lang='lat' dir='ltr'>si</span> <span class='ocrx_word' id='word_1_395' title='bbox 558 4772 613 4825; x_wconf 92' lang='lat' dir='ltr'>in</span> <span class='ocrx_word' id='word_1_396' title='bbox 643 4770 810 4825; x_wconf 89' lang='lat' dir='ltr'>illum</span> <span class='ocrx_word' id='word_1_397' title='bbox 842 4772 1096 4827; x_wconf 63' lang='lat' dir='ltr'>Abrahae</span> <span class='ocrx_word' id='word_1_398' title='bbox 1127 4773 1324 4828; x_wconf 90' lang='lat' dir='ltr'>sinum</span> <span class='ocrx_word' id='word_1_399' title='bbox 1358 4773 1656 4831; x_wconf 90' lang='lat' dir='ltr'>Christum</span> <span class='ocrx_word' id='word_1_400' title='bbox 1690 4784 1995 4834; x_wconf 90' lang='lat' dir='ltr'>mortuum</span> <span class='ocrx_word' id='word_1_401' title='bbox 2025 4795 2130 4836; x_wconf 90' lang='lat' dir='ltr'>ve-</span> 
     </span>
    </p>
   </div>
   <div class='ocr_carea' id='block_1_54' title="bbox 473 4861 2128 4932">
    <p class='ocr_par' dir='ltr' id='par_1_54' title="bbox 473 4861 2128 4932">
     <span class='ocr_line' id='line_1_54' title="bbox 473 4861 2128 4932; baseline 0.006 -17"><span class='ocrx_word' id='word_1_402' title='bbox 473 4861 630 4916; x_wconf 90' lang='lat' dir='ltr'>nisse</span> <span class='ocrx_word' id='word_1_403' title='bbox 658 4865 862 4916; x_wconf 90' lang='lat' dir='ltr'>sancta</span> <span class='ocrx_word' id='word_1_404' title='bbox 902 4861 1205 4932; x_wconf 86' lang='lat' dir='ltr'>Scriptura</span> <span class='ocrx_word' id='word_1_405' title='bbox 1235 4863 1505 4932; x_wconf 86' lang='lat' dir='ltr'>dixisset,</span> <span class='ocrx_word' id='word_1_406' title='bbox 1549 4880 1668 4920; x_wconf 91' lang='lat' dir='ltr'>non</span> <span class='ocrx_word' id='word_1_407' title='bbox 1702 4868 2011 4924; x_wconf 89' lang='lat' dir='ltr'>nominato</span> <span class='ocrx_word' id='word_1_408' title='bbox 2044 4870 2128 4924; x_wconf 91' lang='lat' dir='ltr'>in-</span> 
     </span>
    </p>
   </div>
   <div class='ocr_carea' id='block_1_55' title="bbox 470 4949 2125 5030">
    <p class='ocr_par' dir='ltr' id='par_1_55' title="bbox 470 4949 2125 5030">
     <span class='ocr_line' id='line_1_55' title="bbox 470 4949 2125 5030; baseline 0.007 -26"><span class='ocrx_word' id='word_1_409' title='bbox 470 4949 636 5005; x_wconf 90' lang='lat' dir='ltr'>ferno</span> <span class='ocrx_word' id='word_1_410' title='bbox 668 4949 920 5023; x_wconf 88' lang='lat' dir='ltr'>ejusque</span> <span class='ocrx_word' id='word_1_411' title='bbox 960 4949 1292 5018; x_wconf 89' lang='lat' dir='ltr'>doloribus,</span> <span class='ocrx_word' id='word_1_412' title='bbox 1339 4953 1532 5008; x_wconf 91' lang='lat' dir='ltr'>minor</span> <span class='ocrx_word' id='word_1_413' title='bbox 1580 4954 1627 5009; x_wconf 89' lang='lat' dir='ltr'>si</span> <span class='ocrx_word' id='word_1_414' title='bbox 1679 4957 2001 5030; x_wconf 87' lang='lat' dir='ltr'>quisquam</span> <span class='ocrx_word' id='word_1_415' title='bbox 2049 4960 2125 5015; x_wconf 91' lang='lat' dir='ltr'>ad</span> 
     </span>
    </p>
   </div>
   <div class='ocr_carea' id='block_1_56' title="bbox 469 5039 1860 5101">
    <p class='ocr_par' dir='ltr' id='par_1_56' title="bbox 469 5039 1860 5101">
     <span class='ocr_line' id='line_1_56' title="bbox 469 5039 1860 5101; baseline 0.004 -6"><span class='ocrx_word' id='word_1_416' title='bbox 469 5039 692 5096; x_wconf 89' lang='lat' dir='ltr'>inferos</span> <span class='ocrx_word' id='word_1_417' title='bbox 722 5057 859 5096; x_wconf 89' lang='lat' dir='ltr'>cum</span> <span class='ocrx_word' id='word_1_418' title='bbox 891 5040 1270 5096; x_wconf 88' lang='lat' dir='ltr'>descendisse</span> <span class='ocrx_word' id='word_1_419' title='bbox 1299 5057 1564 5098; x_wconf 88' lang='lat' dir='ltr'>asserere</span> <span class='ocrx_word' id='word_1_420' title='bbox 1597 5044 1860 5101; x_wconf 90' lang='lat' dir='ltr'>auderet.</span> 
     </span>
    </p>
   </div>
   <div class='ocr_carea' id='block_1_57' title="bbox 543 5129 2122 5201">
    <p class='ocr_par' dir='ltr' id='par_1_57' title="bbox 543 5129 2122 5201">
     <span class='ocr_line' id='line_1_57' title="bbox 543 5129 2122 5201; baseline 0.006 -18"><span class='ocrx_word' id='word_1_421' title='bbox 543 5132 590 5183; x_wconf 88' lang='lat'>8.</span> <span class='ocrx_word' id='word_1_422' title='bbox 613 5130 725 5184; x_wconf 91' lang='lat' dir='ltr'>Sed</span> <span class='ocrx_word' id='word_1_423' title='bbox 744 5131 887 5201; x_wconf 90' lang='lat' dir='ltr'>quia</span> <span class='ocrx_word' id='word_1_424' title='bbox 909 5129 1204 5186; x_wconf 87' lang='lat' dir='ltr'>evidentia</span> <span class='ocrx_word' id='word_1_425' title='bbox 1221 5131 1550 5187; x_wconf 85' lang='lat' dir='ltr'>testimonia</span> <span class='ocrx_word' id='word_1_426' title='bbox 1569 5137 1622 5188; x_wconf 90' lang='lat' dir='ltr'>et</span> <span class='ocrx_word' id='word_1_427' title='bbox 1639 5133 1936 5190; x_wconf 90' lang='lat' dir='ltr'>infernum</span> <span class='ocrx_word' id='word_1_428' title='bbox 1961 5152 2122 5194; x_wconf 77' lang='lat' dir='ltr'>com~</span> 
     </span>
    </p>
   </div>
   <div class='ocr_carea' id='block_1_58' title="bbox 467 5219 2121 5286">
    <p class='ocr_par' dir='ltr' id='par_1_58' title="bbox 467 5219 2121 5286">
     <span class='ocr_line' id='line_1_58' title="bbox 467 5219 2121 5286; baseline 0.007 -14"><span class='ocrx_word' id='word_1_429' title='bbox 467 5227 808 5275; x_wconf 90' lang='lat' dir='ltr'>memorant</span> <span class='ocrx_word' id='word_1_430' title='bbox 839 5225 894 5274; x_wconf 90' lang='lat' dir='ltr'>et</span> <span class='ocrx_word' id='word_1_431' title='bbox 923 5219 1180 5286; x_wconf 89' lang='lat' dir='ltr'>dolores,</span> <span class='ocrx_word' id='word_1_432' title='bbox 1207 5219 1369 5275; x_wconf 92' lang='lat' dir='ltr'>nulla</span> <span class='ocrx_word' id='word_1_433' title='bbox 1395 5236 1581 5277; x_wconf 90' lang='lat' dir='ltr'>causa</span> <span class='ocrx_word' id='word_1_434' title='bbox 1607 5224 1862 5280; x_wconf 90' lang='lat' dir='ltr'>occurrit</span> <span class='ocrx_word' id='word_1_435' title='bbox 1897 5240 2000 5280; x_wconf 88' lang='lat' dir='ltr'>cur</span> <span class='ocrx_word' id='word_1_436' title='bbox 2026 5227 2121 5285; x_wconf 91' lang='lat' dir='ltr'>ille</span> 
     </span>
    </p>
   </div>
   <div class='ocr_carea' id='block_1_59' title="bbox 469 5307 2117 5382">
    <p class='ocr_par' dir='ltr' id='par_1_59' title="bbox 469 5307 2117 5382">
     <span class='ocr_line' id='line_1_59' title="bbox 469 5307 2117 5382; baseline 0.009 -25"><span class='ocrx_word' id='word_1_437' title='bbox 469 5307 745 5362; x_wconf 84' lang='lat' dir='ltr'>credatur</span> <span class='ocrx_word' id='word_1_438' title='bbox 762 5308 993 5363; x_wconf 89' lang='lat' dir='ltr'>venisse</span> <span class='ocrx_word' id='word_1_439' title='bbox 1021 5309 1306 5376; x_wconf 85' lang='lat' dir='ltr'>Salvator,</span> <span class='ocrx_word' id='word_1_440' title='bbox 1343 5308 1456 5364; x_wconf 88' lang='lat' dir='ltr'>nisi</span> <span class='ocrx_word' id='word_1_441' title='bbox 1479 5315 1539 5366; x_wconf 89' lang='lat' dir='ltr'>ut</span> <span class='ocrx_word' id='word_1_442' title='bbox 1559 5311 1636 5366; x_wconf 85' lang='lat' dir='ltr'>ab</span> <span class='ocrx_word' id='word_1_443' title='bbox 1657 5312 1786 5382; x_wconf 91' lang='lat' dir='ltr'>ejus</span> <span class='ocrx_word' id='word_1_444' title='bbox 1807 5314 2117 5372; x_wconf 90' lang='lat' dir='ltr'>doloribus</span> 
     </span>
    </p>
   </div>
   <div class='ocr_carea' id='block_1_60' title="bbox 467 5394 2119 5474">
    <p class='ocr_par' dir='ltr' id='par_1_60' title="bbox 467 5394 2119 5474">
     <span class='ocr_line' id='line_1_60' title="bbox 467 5394 2119 5474; baseline 0.01 -27"><span class='ocrx_word' id='word_1_445' title='bbox 467 5394 667 5450; x_wconf 88' lang='lat' dir='ltr'>salvos</span> <span class='ocrx_word' id='word_1_446' title='bbox 698 5397 946 5464; x_wconf 89' lang='lat' dir='ltr'>faceret;</span> <span class='ocrx_word' id='word_1_447' title='bbox 975 5399 1076 5454; x_wconf 88' lang='lat' dir='ltr'>sed</span> <span class='ocrx_word' id='word_1_448' title='bbox 1103 5403 1299 5455; x_wconf 92' lang='lat' dir='ltr'>utrum</span> <span class='ocrx_word' id='word_1_449' title='bbox 1331 5415 1540 5456; x_wconf 91' lang='lat' dir='ltr'>omnes</span> <span class='ocrx_word' id='word_1_450' title='bbox 1572 5417 1724 5474; x_wconf 91' lang='lat' dir='ltr'>quos</span> <span class='ocrx_word' id='word_1_451' title='bbox 1748 5404 1810 5458; x_wconf 92' lang='lat' dir='ltr'>in</span> <span class='ocrx_word' id='word_1_452' title='bbox 1842 5405 1925 5460; x_wconf 89' lang='lat' dir='ltr'>eis</span> <span class='ocrx_word' id='word_1_453' title='bbox 1959 5406 2119 5464; x_wconf 90' lang='lat' dir='ltr'>inve-</span> 
     </span>
    </p>
   </div>
   <div class='ocr_carea' id='block_1_61' title="bbox 463 5482 2117 5566">
    <p class='ocr_par' dir='ltr' id='par_1_61' title="bbox 463 5482 2117 5566">
     <span class='ocr_line' id='line_1_61' title="bbox 463 5482 2117 5566; baseline 0.009 -26"><span class='ocrx_word' id='word_1_454' title='bbox 463 5482 571 5547; x_wconf 88' lang='lat' dir='ltr'>nit,</span> <span class='ocrx_word' id='word_1_455' title='bbox 597 5497 673 5537; x_wconf 91' lang='lat' dir='ltr'>an</span> <span class='ocrx_word' id='word_1_456' title='bbox 703 5485 1001 5554; x_wconf 89' lang='lat' dir='ltr'>quosdam</span> <span class='ocrx_word' id='word_1_457' title='bbox 1032 5503 1184 5559; x_wconf 91' lang='lat' dir='ltr'>quos</span> <span class='ocrx_word' id='word_1_458' title='bbox 1210 5488 1308 5546; x_wconf 90' lang='lat' dir='ltr'>illo</span> <span class='ocrx_word' id='word_1_459' title='bbox 1334 5489 1626 5548; x_wconf 88' lang='lat' dir='ltr'>beneﬁcio</span> <span class='ocrx_word' id='word_1_460' title='bbox 1647 5492 1860 5564; x_wconf 88' lang='lat' dir='ltr'>dignos</span> <span class='ocrx_word' id='word_1_461' title='bbox 1884 5495 2117 5566; x_wconf 91' lang='lat' dir='ltr'>judica-</span> 
     </span>
    </p>
   </div>
   <div class='ocr_carea' id='block_1_62' title="bbox 464 5569 2110 5658">
    <p class='ocr_par' dir='ltr' id='par_1_62' title="bbox 464 5569 2110 5658">
     <span class='ocr_line' id='line_1_62' title="bbox 464 5569 2110 5658; baseline 0.012 -33"><span class='ocrx_word' id='word_1_462' title='bbox 464 5571 564 5638; x_wconf 87' lang='lat' dir='ltr'>vit,</span> <span class='ocrx_word' id='word_1_463' title='bbox 597 5569 795 5624; x_wconf 87' lang='lat' dir='ltr'>adhuc</span> <span class='ocrx_word' id='word_1_464' title='bbox 823 5573 1055 5642; x_wconf 86' lang='lat' dir='ltr'>requiro</span> <span class='ocrx_word' id='word_1_465' title='bbox 1084 5593 1096 5634; x_wconf 89' lang='lat'><strong>:</strong></span> <span class='ocrx_word' id='word_1_466' title='bbox 1132 5575 1314 5636; x_wconf 85' lang='lat' dir='ltr'>fuisse</span> <span class='ocrx_word' id='word_1_467' title='bbox 1353 5583 1554 5639; x_wconf 88' lang='lat' dir='ltr'>tamen</span> <span class='ocrx_word' id='word_1_468' title='bbox 1585 5596 1723 5640; x_wconf 89' lang='lat' dir='ltr'>eum</span> <span class='ocrx_word' id='word_1_469' title='bbox 1765 5585 1930 5658; x_wconf 82' lang='lat' dir='ltr'>apud</span> <span class='ocrx_word' id='word_1_470' title='bbox 1959 5586 2110 5645; x_wconf 89' lang='lat' dir='ltr'>infe-</span> 
     </span>
    </p>
   </div>
   <div class='ocr_carea' id='block_1_63' title="bbox 1814 97 2646 159">
    <p class='ocr_par' dir='ltr' id='par_1_63' title="bbox 1814 97 2646 159">
     <span class='ocr_line' id='line_1_63' title="bbox 1814 97 2646 159; baseline -0.004 -2"><span class='ocrx_word' id='word_1_471' title='bbox 1814 103 1875 159; x_wconf 88' lang='lat' dir='ltr'>S.</span> <span class='ocrx_word' id='word_1_472' title='bbox 1909 97 2301 158; x_wconf 84' lang='lat' dir='ltr'>AUGUSTINI</span> <span class='ocrx_word' id='word_1_473' title='bbox 2329 97 2646 156; x_wconf 86' lang='lat' dir='ltr'>EPISCOP]</span> 
     </span>
    </p>
   </div>
   <div class='ocr_carea' id='block_1_64' title="bbox 3785 113 3905 194">
    <p class='ocr_par' dir='ltr' id='par_1_64' title="bbox 3785 113 3905 194">
     <span class='ocr_line' id='line_1_64' title="bbox 3785 113 3905 194; baseline 0.017 -26"><span class='ocrx_word' id='word_1_474' title='bbox 3785 113 3905 194; x_wconf 37' lang='lat'>7127</span> 
     </span>
    </p>
   </div>
   <div class='ocr_carea' id='block_1_65' title="bbox 2295 224 3889 292">
    <p class='ocr_par' dir='ltr' id='par_1_65' title="bbox 2295 224 3889 292">
     <span class='ocr_line' id='line_1_65' title="bbox 2295 224 3889 292; baseline 0.008 -13"><span class='ocrx_word' id='word_1_475' title='bbox 2295 240 2413 292; x_wconf 90' lang='lat' dir='ltr'>ros,</span> <span class='ocrx_word' id='word_1_476' title='bbox 2445 230 2501 282; x_wconf 92' lang='lat' dir='ltr'>et</span> <span class='ocrx_word' id='word_1_477' title='bbox 2533 224 2589 280; x_wconf 92' lang='lat' dir='ltr'>in</span> <span class='ocrx_word' id='word_1_478' title='bbox 2621 241 2829 286; x_wconf 90' lang='lat' dir='ltr'>eorum</span> <span class='ocrx_word' id='word_1_479' title='bbox 2869 225 3177 283; x_wconf 89' lang='lat' dir='ltr'>doloribus</span> <span class='ocrx_word' id='word_1_480' title='bbox 3208 226 3531 285; x_wconf 89' lang='lat' dir='ltr'>constitutis</span> <span class='ocrx_word' id='word_1_481' title='bbox 3568 228 3673 287; x_wconf 90' lang='lat' dir='ltr'>hoc</span> <span class='ocrx_word' id='word_1_482' title='bbox 3703 231 3889 292; x_wconf 85' lang='lat' dir='ltr'>beneﬁ-</span> 
     </span>
    </p>
   </div>
   <div class='ocr_carea' id='block_1_66' title="bbox 2295 314 3892 396">
    <p class='ocr_par' dir='ltr' id='par_1_66' title="bbox 2295 314 3892 396">
     <span class='ocr_line' id='line_1_66' title="bbox 2295 314 3892 396; baseline 0.008 -28"><span class='ocrx_word' id='word_1_483' title='bbox 2295 314 2454 369; x_wconf 92' lang='lat' dir='ltr'>cium</span> <span class='ocrx_word' id='word_1_484' title='bbox 2501 315 2847 386; x_wconf 78' lang='lat' dir='ltr'>praestitisse</span> <span class='ocrx_word' id='word_1_485' title='bbox 2876 332 2995 372; x_wconf 91' lang='lat' dir='ltr'>non</span> <span class='ocrx_word' id='word_1_486' title='bbox 3028 316 3256 373; x_wconf 92' lang='lat' dir='ltr'>dubito.</span> <span class='ocrx_word' id='word_1_487' title='bbox 3289 317 3450 373; x_wconf 93' lang='lat' dir='ltr'>Unde</span> <span class='ocrx_word' id='word_1_488' title='bbox 3484 317 3592 374; x_wconf 89' lang='lat' dir='ltr'>illis</span> <span class='ocrx_word' id='word_1_489' title='bbox 3627 321 3786 390; x_wconf 88' lang='lat' dir='ltr'>justis</span> <span class='ocrx_word' id='word_1_490' title='bbox 3809 327 3892 396; x_wconf 86' lang='lat' dir='ltr'>qui</span> 
     </span>
    </p>
   </div>
   <div class='ocr_carea' id='block_1_67' title="bbox 2295 402 3889 470">
    <p class='ocr_par' dir='ltr' id='par_1_67' title="bbox 2295 402 3889 470">
     <span class='ocr_line' id='line_1_67' title="bbox 2295 402 3889 470; baseline 0.007 -14"><span class='ocrx_word' id='word_1_491' title='bbox 2295 403 2353 456; x_wconf 89' lang='lat' dir='ltr'>in</span> <span class='ocrx_word' id='word_1_492' title='bbox 2377 402 2506 458; x_wconf 87' lang='lat' dir='ltr'>sinu</span> <span class='ocrx_word' id='word_1_493' title='bbox 2539 403 2791 460; x_wconf 74' lang='lat' dir='ltr'>Abrahae</span> <span class='ocrx_word' id='word_1_494' title='bbox 2822 409 3008 470; x_wconf 90' lang='lat' dir='ltr'>erant,</span> <span class='ocrx_word' id='word_1_495' title='bbox 3045 421 3180 460; x_wconf 89' lang='lat' dir='ltr'>cum</span> <span class='ocrx_word' id='word_1_496' title='bbox 3212 405 3303 461; x_wconf 91' lang='lat' dir='ltr'>ille</span> <span class='ocrx_word' id='word_1_497' title='bbox 3344 406 3402 460; x_wconf 91' lang='lat' dir='ltr'>in</span> <span class='ocrx_word' id='word_1_498' title='bbox 3434 407 3654 464; x_wconf 88' lang='lat' dir='ltr'>inferna</span> <span class='ocrx_word' id='word_1_499' title='bbox 3682 409 3889 468; x_wconf 87' lang='lat' dir='ltr'>descen-</span> 
     </span>
    </p>
   </div>
   <div class='ocr_carea' id='block_1_68' title="bbox 2293 490 3895 569">
    <p class='ocr_par' dir='ltr' id='par_1_68' title="bbox 2293 490 3895 569">
     <span class='ocr_line' id='line_1_68' title="bbox 2293 490 3895 569; baseline 0.006 -23"><span class='ocrx_word' id='word_1_500' title='bbox 2293 490 2475 557; x_wconf 89' lang='lat' dir='ltr'>deret,</span> <span class='ocrx_word' id='word_1_501' title='bbox 2518 494 2790 549; x_wconf 92' lang='lat' dir='ltr'>nondum</span> <span class='ocrx_word' id='word_1_502' title='bbox 2821 493 2969 564; x_wconf 91' lang='lat' dir='ltr'>quid</span> <span class='ocrx_word' id='word_1_503' title='bbox 3019 493 3368 549; x_wconf 89' lang='lat' dir='ltr'>contulisset</span> <span class='ocrx_word' id='word_1_504' title='bbox 3399 495 3611 564; x_wconf 86' lang='lat' dir='ltr'>inveni,</span> <span class='ocrx_word' id='word_1_505' title='bbox 3650 514 3682 552; x_wconf 89' lang='lat' dir='ltr'>a</span> <span class='ocrx_word' id='word_1_506' title='bbox 3708 501 3895 569; x_wconf 88' lang='lat' dir='ltr'>quibus</span> 
     </span>
    </p>
   </div>
   <div class='ocr_carea' id='block_1_69' title="bbox 2292 581 3896 655">
    <p class='ocr_par' dir='ltr' id='par_1_69' title="bbox 2292 581 3896 655">
     <span class='ocr_line' id='line_1_69' title="bbox 2292 581 3896 655; baseline 0.006 -21"><span class='ocrx_word' id='word_1_507' title='bbox 2292 595 2428 635; x_wconf 91' lang='lat' dir='ltr'>eum</span> <span class='ocrx_word' id='word_1_508' title='bbox 2462 581 2797 636; x_wconf 91' lang='lat' dir='ltr'>secundum</span> <span class='ocrx_word' id='word_1_509' title='bbox 2825 581 3164 638; x_wconf 87' lang='lat' dir='ltr'>beatiﬁcam</span> <span class='ocrx_word' id='word_1_510' title='bbox 3191 585 3567 655; x_wconf 64' lang='lat' dir='ltr'>praesentiam</span> <span class='ocrx_word' id='word_1_511' title='bbox 3587 601 3702 640; x_wconf 68' lang='lat' dir='ltr'>sua:</span> <span class='ocrx_word' id='word_1_512' title='bbox 3723 587 3896 644; x_wconf 86' lang='lat' dir='ltr'>divini-</span> 
     </span>
    </p>
   </div>
   <div class='ocr_carea' id='block_1_70' title="bbox 2292 670 3896 742">
    <p class='ocr_par' dir='ltr' id='par_1_70' title="bbox 2292 670 3896 742">
     <span class='ocr_line' id='line_1_70' title="bbox 2292 670 3896 742; baseline 0.004 -17"><span class='ocrx_word' id='word_1_513' title='bbox 2292 671 2426 725; x_wconf 91' lang='lat' dir='ltr'>tatis</span> <span class='ocrx_word' id='word_1_514' title='bbox 2453 686 2763 742; x_wconf 89' lang='lat' dir='ltr'>nunquam</span> <span class='ocrx_word' id='word_1_515' title='bbox 2784 670 2958 726; x_wconf 91' lang='lat' dir='ltr'>video</span> <span class='ocrx_word' id='word_1_516' title='bbox 2978 673 3289 728; x_wconf 90' lang='lat' dir='ltr'>recessisse</span> <span class='ocrx_word' id='word_1_517' title='bbox 3316 689 3327 728; x_wconf 93' lang='lat'><strong>:</strong></span> <span class='ocrx_word' id='word_1_518' title='bbox 3356 673 3506 728; x_wconf 91' lang='lat' dir='ltr'>sicut</span> <span class='ocrx_word' id='word_1_519' title='bbox 3528 675 3698 730; x_wconf 91' lang='lat' dir='ltr'>etiam</span> <span class='ocrx_word' id='word_1_520' title='bbox 3722 676 3896 732; x_wconf 75' lang='lat' dir='ltr'>eodem</span> 
     </span>
    </p>
   </div>
   <div class='ocr_carea' id='block_1_71' title="bbox 2290 758 3897 837">
    <p class='ocr_par' dir='ltr' id='par_1_71' title="bbox 2290 758 3897 837">
     <span class='ocr_line' id='line_1_71' title="bbox 2290 758 3897 837; baseline 0.006 -24"><span class='ocrx_word' id='word_1_521' title='bbox 2290 758 2420 830; x_wconf 91' lang='lat' dir='ltr'>ipso</span> <span class='ocrx_word' id='word_1_522' title='bbox 2453 759 2548 815; x_wconf 92' lang='lat' dir='ltr'>die</span> <span class='ocrx_word' id='word_1_523' title='bbox 2579 775 2700 831; x_wconf 89' lang='lat' dir='ltr'>quo</span> <span class='ocrx_word' id='word_1_524' title='bbox 2747 765 3019 816; x_wconf 91' lang='lat' dir='ltr'>mortuus</span> <span class='ocrx_word' id='word_1_525' title='bbox 3064 766 3170 827; x_wconf 90' lang='lat' dir='ltr'>est,</span> <span class='ocrx_word' id='word_1_526' title='bbox 3204 763 3478 832; x_wconf 91' lang='lat' dir='ltr'>promisit</span> <span class='ocrx_word' id='word_1_527' title='bbox 3518 762 3720 819; x_wconf 86' lang='lat' dir='ltr'>latroni</span> <span class='ocrx_word' id='word_1_528' title='bbox 3764 767 3897 837; x_wconf 90' lang='lat' dir='ltr'>quod</span> 
     </span>
    </p>
   </div>
   <div class='ocr_carea' id='block_1_72' title="bbox 2290 849 3896 921">
    <p class='ocr_par' dir='ltr' id='par_1_72' title="bbox 2290 849 3896 921">
     <span class='ocr_line' id='line_1_72' title="bbox 2290 849 3896 921; baseline 0.004 -18"><span class='ocrx_word' id='word_1_529' title='bbox 2290 864 2427 903; x_wconf 91' lang='lat' dir='ltr'>cum</span> <span class='ocrx_word' id='word_1_530' title='bbox 2459 849 2559 904; x_wconf 92' lang='lat' dir='ltr'>illo</span> <span class='ocrx_word' id='word_1_531' title='bbox 2603 849 2662 904; x_wconf 91' lang='lat' dir='ltr'>in</span> <span class='ocrx_word' id='word_1_532' title='bbox 2695 849 2979 920; x_wconf 88' lang='lat' dir='ltr'>paradiso</span> <span class='ocrx_word' id='word_1_533' title='bbox 3034 849 3237 906; x_wconf 87' lang='lat' dir='ltr'>fuisset</span> <span class='ocrx_word' id='word_1_534' title='bbox 3291 851 3524 906; x_wconf 89' lang='lat' dir='ltr'>futurus</span> <span class='ocrx_word' id='word_1_535' title='bbox 3566 853 3718 921; x_wconf 91' lang='lat' dir='ltr'>(Luc.</span> <span class='ocrx_word' id='word_1_536' title='bbox 3763 870 3896 920; x_wconf 78' lang='lat' dir='ltr'>xxiii,</span> 
     </span>
    </p>
   </div>
   <div class='ocr_carea' id='block_1_73' title="bbox 2290 938 3900 1010">
    <p class='ocr_par' dir='ltr' id='par_1_73' title="bbox 2290 938 3900 1010">
     <span class='ocr_line' id='line_1_73' title="bbox 2290 938 3900 1010; baseline 0.004 -18"><span class='ocrx_word' id='word_1_537' title='bbox 2290 941 2397 1006; x_wconf 78' lang='grc'>43),</span> <span class='ocrx_word' id='word_1_538' title='bbox 2432 938 2678 1010; x_wconf 90' lang='lat' dir='ltr'>quando</span> <span class='ocrx_word' id='word_1_539' title='bbox 2721 938 2797 992; x_wconf 92' lang='lat' dir='ltr'>ad</span> <span class='ocrx_word' id='word_1_540' title='bbox 2853 939 3172 995; x_wconf 89' lang='lat' dir='ltr'>solvendos</span> <span class='ocrx_word' id='word_1_541' title='bbox 3225 939 3438 996; x_wconf 88' lang='lat' dir='ltr'>inferni</span> <span class='ocrx_word' id='word_1_542' title='bbox 3488 941 3714 997; x_wconf 90' lang='lat' dir='ltr'>dolores</span> <span class='ocrx_word' id='word_1_543' title='bbox 3743 942 3900 999; x_wconf 84' lang='lat' dir='ltr'>fuerat</span> 
     </span>
    </p>
   </div>
   <div class='ocr_carea' id='block_1_74' title="bbox 2289 1027 3896 1102">
    <p class='ocr_par' dir='ltr' id='par_1_74' title="bbox 2289 1027 3896 1102">
     <span class='ocr_line' id='line_1_74' title="bbox 2289 1027 3896 1102; baseline 0.003 -20"><span class='ocrx_word' id='word_1_544' title='bbox 2289 1027 2706 1083; x_wconf 88' lang='lat' dir='ltr'>descensurus.</span> <span class='ocrx_word' id='word_1_545' title='bbox 2733 1027 2997 1084; x_wconf 89' lang='lat' dir='ltr'>Profecto</span> <span class='ocrx_word' id='word_1_546' title='bbox 3016 1029 3196 1098; x_wconf 82' lang='lat' dir='ltr'>igitur</span> <span class='ocrx_word' id='word_1_547' title='bbox 3221 1030 3278 1084; x_wconf 92' lang='lat' dir='ltr'>in</span> <span class='ocrx_word' id='word_1_548' title='bbox 3298 1028 3583 1100; x_wconf 87' lang='lat' dir='ltr'>paradiso</span> <span class='ocrx_word' id='word_1_549' title='bbox 3610 1035 3772 1102; x_wconf 85' lang='lat' dir='ltr'>atque</span> <span class='ocrx_word' id='word_1_550' title='bbox 3794 1033 3896 1087; x_wconf 88' lang='lat' dir='ltr'>sinu</span> 
     </span>
    </p>
   </div>
   <div class='ocr_carea' id='block_1_75' title="bbox 2285 1117 3898 1190">
    <p class='ocr_par' dir='ltr' id='par_1_75' title="bbox 2285 1117 3898 1190">
     <span class='ocr_line' id='line_1_75' title="bbox 2285 1117 3898 1190; baseline 0.002 -19"><span class='ocrx_word' id='word_1_551' title='bbox 2285 1117 2562 1180; x_wconf 67' lang='lat' dir='ltr'>Abrahae,</span> <span class='ocrx_word' id='word_1_552' title='bbox 2585 1117 2761 1172; x_wconf 89' lang='lat' dir='ltr'>etiam</span> <span class='ocrx_word' id='word_1_553' title='bbox 2779 1122 2912 1172; x_wconf 86' lang='lat' dir='ltr'>ante</span> <span class='ocrx_word' id='word_1_554' title='bbox 2937 1118 3059 1188; x_wconf 90' lang='lat' dir='ltr'>jam</span> <span class='ocrx_word' id='word_1_555' title='bbox 3090 1124 3213 1174; x_wconf 91' lang='lat' dir='ltr'>erat</span> <span class='ocrx_word' id='word_1_556' title='bbox 3237 1117 3612 1174; x_wconf 86' lang='lat' dir='ltr'>beatiﬁcante</span> <span class='ocrx_word' id='word_1_557' title='bbox 3630 1120 3898 1190; x_wconf 86' lang='lat' dir='ltr'>sapientia,</span> 
     </span>
    </p>
   </div>
   <div class='ocr_carea' id='block_1_76' title="bbox 2287 1206 3899 1279">
    <p class='ocr_par' dir='ltr' id='par_1_76' title="bbox 2287 1206 3899 1279">
     <span class='ocr_line' id='line_1_76' title="bbox 2287 1206 3899 1279; baseline 0.003 -18"><span class='ocrx_word' id='word_1_558' title='bbox 2287 1210 2343 1261; x_wconf 90' lang='lat' dir='ltr'>et</span> <span class='ocrx_word' id='word_1_559' title='bbox 2371 1207 2530 1277; x_wconf 91' lang='lat' dir='ltr'>apud</span> <span class='ocrx_word' id='word_1_560' title='bbox 2563 1207 2783 1262; x_wconf 89' lang='lat' dir='ltr'>inferos</span> <span class='ocrx_word' id='word_1_561' title='bbox 2810 1206 3121 1277; x_wconf 88' lang='lat' dir='ltr'>judicante</span> <span class='ocrx_word' id='word_1_562' title='bbox 3153 1209 3420 1279; x_wconf 91' lang='lat' dir='ltr'>potentia</span> <span class='ocrx_word' id='word_1_563' title='bbox 3449 1225 3461 1262; x_wconf 91' lang='lat'>:</span> <span class='ocrx_word' id='word_1_564' title='bbox 3505 1208 3600 1264; x_wconf 89' lang='lat' dir='ltr'>ubi</span> <span class='ocrx_word' id='word_1_565' title='bbox 3631 1210 3774 1265; x_wconf 89' lang='lat' dir='ltr'>enim</span> <span class='ocrx_word' id='word_1_566' title='bbox 3802 1227 3899 1266; x_wconf 86' lang='lat' dir='ltr'>non</span> 
     </span>
    </p>
   </div>
   <div class='ocr_carea' id='block_1_77' title="bbox 2286 1295 3900 1354">
    <p class='ocr_par' dir='ltr' id='par_1_77' title="bbox 2286 1295 3900 1354">
     <span class='ocr_line' id='line_1_77' title="bbox 2286 1295 3900 1354; baseline 0.002 -5"><span class='ocrx_word' id='word_1_567' title='bbox 2286 1301 2371 1350; x_wconf 89' lang='lat' dir='ltr'>est</span> <span class='ocrx_word' id='word_1_568' title='bbox 2399 1295 2562 1350; x_wconf 91' lang='lat' dir='ltr'>nullo</span> <span class='ocrx_word' id='word_1_569' title='bbox 2589 1295 2722 1351; x_wconf 92' lang='lat' dir='ltr'>loco</span> <span class='ocrx_word' id='word_1_570' title='bbox 2749 1295 3004 1351; x_wconf 89' lang='lat' dir='ltr'>obsessa</span> <span class='ocrx_word' id='word_1_571' title='bbox 3032 1297 3314 1352; x_wconf 90' lang='lat' dir='ltr'>divinitas</span> <span class='ocrx_word' id='word_1_572' title='bbox 3342 1297 3370 1350; x_wconf 91' lang='lat'><strong>?</strong></span> <span class='ocrx_word' id='word_1_573' title='bbox 3402 1298 3803 1353; x_wconf 89' lang='lat' dir='ltr'>Verumtamen</span> <span class='ocrx_word' id='word_1_574' title='bbox 3831 1316 3900 1354; x_wconf 89' lang='lat' dir='ltr'>se-</span> 
     </span>
    </p>
   </div>
   <div class='ocr_carea' id='block_1_78' title="bbox 2286 1385 3898 1459">
    <p class='ocr_par' dir='ltr' id='par_1_78' title="bbox 2286 1385 3898 1459">
     <span class='ocr_line' id='line_1_78' title="bbox 2286 1385 3898 1459; baseline 0.003 -21"><span class='ocrx_word' id='word_1_575' title='bbox 2286 1385 2551 1440; x_wconf 90' lang='lat' dir='ltr'>cundum</span> <span class='ocrx_word' id='word_1_576' title='bbox 2605 1393 2964 1450; x_wconf 87' lang='lat' dir='ltr'>creaturam,</span> <span class='ocrx_word' id='word_1_577' title='bbox 3001 1402 3185 1457; x_wconf 84' lang='lat' dir='ltr'>quam</span> <span class='ocrx_word' id='word_1_578' title='bbox 3241 1402 3310 1441; x_wconf 84' lang='lat' dir='ltr'>ex</span> <span class='ocrx_word' id='word_1_579' title='bbox 3353 1385 3622 1458; x_wconf 87' lang='lat' dir='ltr'>quodam</span> <span class='ocrx_word' id='word_1_580' title='bbox 3670 1389 3898 1459; x_wconf 88' lang='lat' dir='ltr'>tempore</span> 
     </span>
    </p>
   </div>
   <div class='ocr_carea' id='block_1_79' title="bbox 2285 1474 3898 1545">
    <p class='ocr_par' dir='ltr' id='par_1_79' title="bbox 2285 1474 3898 1545">
     <span class='ocr_line' id='line_1_79' title="bbox 2285 1474 3898 1545; baseline 0.003 -19"><span class='ocrx_word' id='word_1_581' title='bbox 2285 1474 2687 1545; x_wconf 91' lang='lat' dir='ltr'>suscipiendo,</span> <span class='ocrx_word' id='word_1_582' title='bbox 2721 1489 2971 1529; x_wconf 87' lang='lat' dir='ltr'>manens</span> <span class='ocrx_word' id='word_1_583' title='bbox 3000 1476 3152 1529; x_wconf 91' lang='lat' dir='ltr'>Deus</span> <span class='ocrx_word' id='word_1_584' title='bbox 3173 1474 3356 1530; x_wconf 90' lang='lat' dir='ltr'>homo</span> <span class='ocrx_word' id='word_1_585' title='bbox 3385 1475 3577 1530; x_wconf 89' lang='lat' dir='ltr'>factus</span> <span class='ocrx_word' id='word_1_586' title='bbox 3599 1475 3812 1541; x_wconf 85' lang='lat' dir='ltr'>est,hoc</span> <span class='ocrx_word' id='word_1_587' title='bbox 3831 1484 3898 1532; x_wconf 90' lang='lat' dir='ltr'>est</span> 
     </span>
    </p>
   </div>
   <div class='ocr_carea' id='block_1_80' title="bbox 2283 1563 3897 1636">
    <p class='ocr_par' dir='ltr' id='par_1_80' title="bbox 2283 1563 3897 1636">
     <span class='ocr_line' id='line_1_80' title="bbox 2283 1563 3897 1636; baseline 0.002 -18"><span class='ocrx_word' id='word_1_588' title='bbox 2283 1564 2614 1618; x_wconf 90' lang='lat' dir='ltr'>secundum</span> <span class='ocrx_word' id='word_1_589' title='bbox 2642 1564 2908 1618; x_wconf 89' lang='lat' dir='ltr'>animam</span> <span class='ocrx_word' id='word_1_590' title='bbox 2933 1579 3070 1618; x_wconf 90' lang='lat' dir='ltr'>eum</span> <span class='ocrx_word' id='word_1_591' title='bbox 3097 1564 3280 1618; x_wconf 89' lang='lat' dir='ltr'>fuisse</span> <span class='ocrx_word' id='word_1_592' title='bbox 3304 1563 3469 1634; x_wconf 90' lang='lat' dir='ltr'>apud</span> <span class='ocrx_word' id='word_1_593' title='bbox 3494 1563 3709 1618; x_wconf 89' lang='lat' dir='ltr'>inferos</span> <span class='ocrx_word' id='word_1_594' title='bbox 3730 1571 3897 1636; x_wconf 87' lang='lat' dir='ltr'>aperte</span> 
     </span>
    </p>
   </div>
   <div class='ocr_carea' id='block_1_81' title="bbox 2283 1652 3895 1724">
    <p class='ocr_par' dir='ltr' id='par_1_81' title="bbox 2283 1652 3895 1724">
     <span class='ocr_line' id='line_1_81' title="bbox 2283 1652 3895 1724; baseline 0.001 -16"><span class='ocrx_word' id='word_1_595' title='bbox 2283 1653 2584 1724; x_wconf 89' lang='lat' dir='ltr'>Scriptura</span> <span class='ocrx_word' id='word_1_596' title='bbox 2605 1652 2891 1717; x_wconf 87' lang='lat' dir='ltr'>declarat,</span> <span class='ocrx_word' id='word_1_597' title='bbox 2920 1657 2975 1708; x_wconf 91' lang='lat' dir='ltr'>et</span> <span class='ocrx_word' id='word_1_598' title='bbox 2994 1668 3099 1723; x_wconf 91' lang='lat' dir='ltr'>per</span> <span class='ocrx_word' id='word_1_599' title='bbox 3124 1653 3508 1724; x_wconf 85' lang='lat' dir='ltr'>prephetiam</span> <span class='ocrx_word' id='word_1_600' title='bbox 3533 1654 3834 1724; x_wconf 69' lang='lat' dir='ltr'>praemissa,</span> <span class='ocrx_word' id='word_1_601' title='bbox 3854 1662 3895 1709; x_wconf 91' lang='lat' dir='ltr'>et</span> 
     </span>
    </p>
   </div>
   <div class='ocr_carea' id='block_1_82' title="bbox 2279 1740 3894 1814">
    <p class='ocr_par' dir='ltr' id='par_1_82' title="bbox 2279 1740 3894 1814">
     <span class='ocr_line' id='line_1_82' title="bbox 2279 1740 3894 1814; baseline 0.001 -18"><span class='ocrx_word' id='word_1_602' title='bbox 2279 1757 2385 1812; x_wconf 91' lang='lat' dir='ltr'>per</span> <span class='ocrx_word' id='word_1_603' title='bbox 2437 1740 2834 1812; x_wconf 89' lang='lat' dir='ltr'>apostolicum</span> <span class='ocrx_word' id='word_1_604' title='bbox 2889 1740 3254 1796; x_wconf 88' lang='lat' dir='ltr'>intellectum</span> <span class='ocrx_word' id='word_1_605' title='bbox 3301 1742 3449 1796; x_wconf 91' lang='lat' dir='ltr'>satis</span> <span class='ocrx_word' id='word_1_606' title='bbox 3497 1742 3772 1812; x_wconf 81' lang='lat' dir='ltr'>exposita,</span> <span class='ocrx_word' id='word_1_607' title='bbox 3800 1758 3894 1814; x_wconf 85' lang='lat' dir='ltr'>qua</span> 
     </span>
    </p>
   </div>
   <div class='ocr_carea' id='block_1_83' title="bbox 2277 1829 3892 1901">
    <p class='ocr_par' dir='ltr' id='par_1_83' title="bbox 2277 1829 3892 1901">
     <span class='ocr_line' id='line_1_83' title="bbox 2277 1829 3892 1901; baseline 0 -15"><span class='ocrx_word' id='word_1_608' title='bbox 2277 1831 2504 1886; x_wconf 91' lang='lat' dir='ltr'>dictum</span> <span class='ocrx_word' id='word_1_609' title='bbox 2538 1836 2626 1886; x_wconf 90' lang='lat' dir='ltr'>est</span> <span class='ocrx_word' id='word_1_610' title='bbox 2657 1848 2669 1885; x_wconf 92' lang='lat'>:</span> <span class='ocrx_word' id='word_1_611' title='bbox 2704 1831 2832 1886; x_wconf 85' lang='lat' dir='ltr'>Non</span> <span class='ocrx_word' id='word_1_612' title='bbox 2864 1829 3238 1901; x_wconf 85' lang='lat' dir='ltr'>derelinques</span> <span class='ocrx_word' id='word_1_613' title='bbox 3270 1831 3538 1886; x_wconf 86' lang='lat' dir='ltr'>animam</span> <span class='ocrx_word' id='word_1_614' title='bbox 3565 1846 3741 1887; x_wconf 89' lang='lat' dir='ltr'>meam</span> <span class='ocrx_word' id='word_1_615' title='bbox 3757 1831 3807 1886; x_wconf 87' lang='lat' dir='ltr'>in</span> <span class='ocrx_word' id='word_1_616' title='bbox 3829 1833 3892 1886; x_wconf 79' lang='lat' dir='ltr'>in-</span> 
     </span>
    </p>
   </div>
   <div class='ocr_carea' id='block_1_84' title="bbox 2272 1920 2947 1989">
    <p class='ocr_par' dir='ltr' id='par_1_84' title="bbox 2272 1920 2947 1989">
     <span class='ocr_line' id='line_1_84' title="bbox 2272 1920 2947 1989; baseline -0.009 -14"><span class='ocrx_word' id='word_1_617' title='bbox 2272 1921 2449 1989; x_wconf 81' lang='lat' dir='ltr'>ferno</span> <span class='ocrx_word' id='word_1_618' title='bbox 2483 1920 2671 1988; x_wconf 87' lang='lat' dir='ltr'>(Psat.</span> <span class='ocrx_word' id='word_1_619' title='bbox 2706 1935 2804 1987; x_wconf 83' lang='lat' dir='ltr'>xv,</span> <span class='ocrx_word' id='word_1_620' title='bbox 2842 1920 2947 1987; x_wconf 76' lang='grc'>10).</span> 
     </span>
    </p>
   </div>
   <div class='ocr_carea' id='block_1_85' title="bbox 2346 2007 3890 2080">
    <p class='ocr_par' dir='ltr' id='par_1_85' title="bbox 2346 2007 3890 2080">
     <span class='ocr_line' id='line_1_85' title="bbox 2346 2007 3890 2080; baseline -0.001 -16"><span class='ocrx_word' id='word_1_621' title='bbox 2346 2012 2400 2065; x_wconf 82' lang='grc'>9.</span> <span class='ocrx_word' id='word_1_622' title='bbox 2427 2011 2557 2065; x_wconf 91' lang='lat' dir='ltr'>Scio</span> <span class='ocrx_word' id='word_1_623' title='bbox 2584 2007 2951 2080; x_wconf 90' lang='lat' dir='ltr'>quibusdam</span> <span class='ocrx_word' id='word_1_624' title='bbox 2987 2008 3190 2073; x_wconf 90' lang='lat' dir='ltr'>videri,</span> <span class='ocrx_word' id='word_1_625' title='bbox 3228 2013 3419 2064; x_wconf 91' lang='lat' dir='ltr'>morte</span> <span class='ocrx_word' id='word_1_626' title='bbox 3450 2008 3683 2063; x_wconf 92' lang='lat' dir='ltr'>Domini</span> <span class='ocrx_word' id='word_1_627' title='bbox 3717 2008 3890 2063; x_wconf 89' lang='lat' dir='ltr'>Christi</span> 
     </span>
    </p>
   </div>
   <div class='ocr_carea' id='block_1_86' title="bbox 2269 2095 3889 2171">
    <p class='ocr_par' dir='ltr' id='par_1_86' title="bbox 2269 2095 3889 2171">
     <span class='ocr_line' id='line_1_86' title="bbox 2269 2095 3889 2171; baseline -0.004 -17"><span class='ocrx_word' id='word_1_628' title='bbox 2269 2100 2398 2171; x_wconf 91' lang='lat' dir='ltr'>jam</span> <span class='ocrx_word' id='word_1_629' title='bbox 2427 2098 2606 2153; x_wconf 90' lang='lat' dir='ltr'>talem</span> <span class='ocrx_word' id='word_1_630' title='bbox 2640 2096 3131 2151; x_wconf 88' lang='lat' dir='ltr'>resurrectionem</span> <span class='ocrx_word' id='word_1_631' title='bbox 3160 2097 3490 2167; x_wconf 81' lang='lat' dir='ltr'>praestitam</span> <span class='ocrx_word' id='word_1_632' title='bbox 3517 2097 3705 2167; x_wconf 85' lang='lat' dir='ltr'>justis,</span> <span class='ocrx_word' id='word_1_633' title='bbox 3733 2095 3889 2168; x_wconf 78' lang='lat' dir='ltr'>qualis</span> 
     </span>
    </p>
   </div>
   <div class='ocr_carea' id='block_1_87' title="bbox 2275 2185 3886 2257">
    <p class='ocr_par' dir='ltr' id='par_1_87' title="bbox 2275 2185 3886 2257">
     <span class='ocr_line' id='line_1_87' title="bbox 2275 2185 3886 2257; baseline -0.002 -14"><span class='ocrx_word' id='word_1_634' title='bbox 2275 2188 2442 2244; x_wconf 90' lang='lat' dir='ltr'>nobis</span> <span class='ocrx_word' id='word_1_635' title='bbox 2465 2188 2522 2241; x_wconf 91' lang='lat' dir='ltr'>in</span> <span class='ocrx_word' id='word_1_636' title='bbox 2539 2187 2657 2240; x_wconf 79' lang='lat' dir='ltr'>fine</span> <span class='ocrx_word' id='word_1_637' title='bbox 2680 2186 3067 2257; x_wconf 79' lang='lat' dir='ltr'>promittitur;</span> <span class='ocrx_word' id='word_1_638' title='bbox 3095 2186 3385 2256; x_wconf 91' lang='lat' dir='ltr'>quoniam</span> <span class='ocrx_word' id='word_1_639' title='bbox 3402 2185 3681 2256; x_wconf 90' lang='lat' dir='ltr'>scriptum</span> <span class='ocrx_word' id='word_1_640' title='bbox 3704 2185 3886 2250; x_wconf 89' lang='lat' dir='ltr'>est,illo</span> 
     </span>
    </p>
   </div>
   <div class='ocr_carea' id='block_1_88' title="bbox 2272 2274 3887 2348">
    <p class='ocr_par' dir='ltr' id='par_1_88' title="bbox 2272 2274 3887 2348">
     <span class='ocr_line' id='line_1_88' title="bbox 2272 2274 3887 2348; baseline -0.005 -13"><span class='ocrx_word' id='word_1_641' title='bbox 2272 2283 2608 2335; x_wconf 68' lang='lat' dir='ltr'>terrazmotu</span> <span class='ocrx_word' id='word_1_642' title='bbox 2635 2276 2827 2348; x_wconf 89' lang='lat' dir='ltr'>quoin</span> <span class='ocrx_word' id='word_1_643' title='bbox 2847 2275 2976 2346; x_wconf 91' lang='lat' dir='ltr'>ejus</span> <span class='ocrx_word' id='word_1_644' title='bbox 3001 2275 3284 2346; x_wconf 89' lang='lat' dir='ltr'>passione</span> <span class='ocrx_word' id='word_1_645' title='bbox 3309 2279 3493 2346; x_wconf 65' lang='lat' dir='ltr'>petras</span> <span class='ocrx_word' id='word_1_646' title='bbox 3517 2274 3708 2330; x_wconf 63' lang='lat' dir='ltr'>scissa;</span> <span class='ocrx_word' id='word_1_647' title='bbox 3726 2280 3774 2329; x_wconf 91' lang='lat' dir='ltr'>et</span> <span class='ocrx_word' id='word_1_648' title='bbox 3793 2289 3887 2328; x_wconf 87' lang='lat' dir='ltr'>mo-</span> 
     </span>
    </p>
   </div>
   <div class='ocr_carea' id='block_1_89' title="bbox 2270 2362 3885 2437">
    <p class='ocr_par' dir='ltr' id='par_1_89' title="bbox 2270 2362 3885 2437">
     <span class='ocr_line' id='line_1_89' title="bbox 2270 2362 3885 2437; baseline -0.006 -12"><span class='ocrx_word' id='word_1_649' title='bbox 2270 2371 2559 2425; x_wconf 90' lang='lat' dir='ltr'>numenta</span> <span class='ocrx_word' id='word_1_650' title='bbox 2591 2371 2796 2437; x_wconf 88' lang='lat' dir='ltr'>aperta</span> <span class='ocrx_word' id='word_1_651' title='bbox 2831 2369 2986 2429; x_wconf 89' lang='lat' dir='ltr'>sunt,</span> <span class='ocrx_word' id='word_1_652' title='bbox 3023 2364 3209 2419; x_wconf 90' lang='lat' dir='ltr'>multa</span> <span class='ocrx_word' id='word_1_653' title='bbox 3248 2379 3508 2436; x_wconf 89' lang='lat' dir='ltr'>corpora</span> <span class='ocrx_word' id='word_1_654' title='bbox 3540 2362 3885 2420; x_wconf 79' lang='lat' dir='ltr'>resurrexisse</span> 
     </span>
    </p>
   </div>
   <div class='ocr_carea' id='block_1_90' title="bbox 2255 2451 3882 2530">
    <p class='ocr_par' dir='ltr' id='par_1_90' title="bbox 2255 2451 3882 2530">
     <span class='ocr_line' id='line_1_90' title="bbox 2255 2451 3882 2530; baseline -0.005 -18"><span class='ocrx_word' id='word_1_655' title='bbox 2255 2458 2581 2530; x_wconf 89' lang='lat' dir='ltr'>justorum,</span> <span class='ocrx_word' id='word_1_656' title='bbox 2633 2459 2688 2509; x_wconf 92' lang='lat' dir='ltr'>et</span> <span class='ocrx_word' id='word_1_657' title='bbox 2723 2455 2848 2509; x_wconf 89' lang='lat' dir='ltr'>visa</span> <span class='ocrx_word' id='word_1_658' title='bbox 2893 2469 3028 2508; x_wconf 91' lang='lat' dir='ltr'>cum</span> <span class='ocrx_word' id='word_1_659' title='bbox 3083 2452 3180 2508; x_wconf 90' lang='lat' dir='ltr'>illo</span> <span class='ocrx_word' id='word_1_660' title='bbox 3212 2451 3464 2525; x_wconf 91' lang='lat' dir='ltr'>quando</span> <span class='ocrx_word' id='word_1_661' title='bbox 3516 2453 3809 2508; x_wconf 83' lang='lat' dir='ltr'>resurrexit</span> <span class='ocrx_word' id='word_1_662' title='bbox 3840 2451 3882 2505; x_wconf 89' lang='lat' dir='ltr'>in</span> 
     </span>
    </p>
   </div>
   <div class='ocr_carea' id='block_1_91' title="bbox 2266 2539 3882 2613">
    <p class='ocr_par' dir='ltr' id='par_1_91' title="bbox 2266 2539 3882 2613">
     <span class='ocr_line' id='line_1_91' title="bbox 2266 2539 3882 2613; baseline -0.004 -12"><span class='ocrx_word' id='word_1_663' title='bbox 2266 2551 2475 2604; x_wconf 90' lang='lat' dir='ltr'>sancta</span> <span class='ocrx_word' id='word_1_664' title='bbox 2509 2544 2744 2599; x_wconf 88' lang='lat' dir='ltr'>civitate</span> <span class='ocrx_word' id='word_1_665' title='bbox 2775 2543 3011 2612; x_wconf 79' lang='lat' dir='ltr'>(Matth.</span> <span class='ocrx_word' id='word_1_666' title='bbox 3047 2558 3217 2607; x_wconf 84' lang='lat' dir='ltr'>xxvu,</span> <span class='ocrx_word' id='word_1_667' title='bbox 3255 2541 3470 2613; x_wconf 86' lang='lat' dir='ltr'>5l-53).</span> <span class='ocrx_word' id='word_1_668' title='bbox 3505 2542 3613 2608; x_wconf 89' lang='lat' dir='ltr'>Qui</span> <span class='ocrx_word' id='word_1_669' title='bbox 3647 2541 3823 2613; x_wconf 89' lang='lat' dir='ltr'>utique</span> <span class='ocrx_word' id='word_1_670' title='bbox 3849 2539 3882 2594; x_wconf 88' lang='lat' dir='ltr'>si</span> 
     </span>
    </p>
   </div>
   <div class='ocr_carea' id='block_1_92' title="bbox 2265 2630 3882 2703">
    <p class='ocr_par' dir='ltr' id='par_1_92' title="bbox 2265 2630 3882 2703">
     <span class='ocr_line' id='line_1_92' title="bbox 2265 2630 3882 2703; baseline -0.006 -11"><span class='ocrx_word' id='word_1_671' title='bbox 2265 2653 2385 2692; x_wconf 90' lang='lat' dir='ltr'>non</span> <span class='ocrx_word' id='word_1_672' title='bbox 2420 2635 2634 2691; x_wconf 91' lang='lat' dir='ltr'>iterum</span> <span class='ocrx_word' id='word_1_673' title='bbox 2686 2631 2960 2703; x_wconf 88' lang='lat' dir='ltr'>repositis</span> <span class='ocrx_word' id='word_1_674' title='bbox 3005 2631 3366 2701; x_wconf 90' lang='lat' dir='ltr'>corporibus</span> <span class='ocrx_word' id='word_1_675' title='bbox 3416 2631 3786 2694; x_wconf 89' lang='lat' dir='ltr'>dormierunt,</span> <span class='ocrx_word' id='word_1_676' title='bbox 3823 2630 3882 2683; x_wconf 84' lang='lat' dir='ltr'>vi-</span> 
     </span>
    </p>
   </div>
   <div class='ocr_carea' id='block_1_93' title="bbox 2263 2720 3880 2793">
    <p class='ocr_par' dir='ltr' id='par_1_93' title="bbox 2263 2720 3880 2793">
     <span class='ocr_line' id='line_1_93' title="bbox 2263 2720 3880 2793; baseline -0.006 -11"><span class='ocrx_word' id='word_1_677' title='bbox 2263 2725 2528 2781; x_wconf 91' lang='lat' dir='ltr'>dendum</span> <span class='ocrx_word' id='word_1_678' title='bbox 2573 2728 2664 2778; x_wconf 91' lang='lat' dir='ltr'>est</span> <span class='ocrx_word' id='word_1_679' title='bbox 2697 2721 3214 2793; x_wconf 89' lang='lat' dir='ltr'>quemadmodum</span> <span class='ocrx_word' id='word_1_680' title='bbox 3259 2720 3624 2789; x_wconf 89' lang='lat' dir='ltr'>intelligatur</span> <span class='ocrx_word' id='word_1_681' title='bbox 3661 2720 3880 2774; x_wconf 89' lang='lat' dir='ltr'>Christus</span> 
     </span>
    </p>
   </div>
   <div class='ocr_carea' id='block_1_94' title="bbox 2259 2808 3881 2886">
    <p class='ocr_par' dir='ltr' id='par_1_94' title="bbox 2259 2808 3881 2886">
     <span class='ocr_line' id='line_1_94' title="bbox 2259 2808 3881 2886; baseline -0.006 -15"><span class='ocrx_word' id='word_1_682' title='bbox 2259 2814 2687 2886; x_wconf 78' lang='lat' dir='ltr'>primogenitus</span> <span class='ocrx_word' id='word_1_683' title='bbox 2719 2829 2753 2867; x_wconf 93' lang='lat' dir='ltr'>a</span> <span class='ocrx_word' id='word_1_684' title='bbox 2781 2812 3031 2867; x_wconf 86' lang='lat' dir='ltr'>mortuis</span> <span class='ocrx_word' id='word_1_685' title='bbox 3058 2812 3266 2882; x_wconf 84' lang='lat' dir='ltr'>(Apoc.</span> <span class='ocrx_word' id='word_1_686' title='bbox 3303 2829 3341 2878; x_wconf 82' lang='grc' dir='ltr'>ι,</span> <span class='ocrx_word' id='word_1_687' title='bbox 3377 2812 3454 2883; x_wconf 85' lang='grc'>5),</span> <span class='ocrx_word' id='word_1_688' title='bbox 3495 2811 3542 2864; x_wconf 91' lang='lat' dir='ltr'>si</span> <span class='ocrx_word' id='word_1_689' title='bbox 3570 2827 3697 2865; x_wconf 90' lang='lat' dir='ltr'>eum</span> <span class='ocrx_word' id='word_1_690' title='bbox 3727 2810 3778 2864; x_wconf 92' lang='lat' dir='ltr'>in</span> <span class='ocrx_word' id='word_1_691' title='bbox 3804 2808 3881 2863; x_wconf 83' lang='lat' dir='ltr'>illa</span> 
     </span>
    </p>
   </div>
   <div class='ocr_carea' id='block_1_95' title="bbox 2262 2897 3880 2972">
    <p class='ocr_par' dir='ltr' id='par_1_95' title="bbox 2262 2897 3880 2972">
     <span class='ocr_line' id='line_1_95' title="bbox 2262 2897 3880 2972; baseline -0.006 -12"><span class='ocrx_word' id='word_1_692' title='bbox 2262 2904 2693 2960; x_wconf 88' lang='lat' dir='ltr'>resurrectione</span> <span class='ocrx_word' id='word_1_693' title='bbox 2717 2906 2799 2956; x_wconf 92' lang='lat' dir='ltr'>tot</span> <span class='ocrx_word' id='word_1_694' title='bbox 2829 2906 3280 2972; x_wconf 64' lang='lat' dir='ltr'>praecesserunt.</span> <span class='ocrx_word' id='word_1_695' title='bbox 3317 2899 3497 2965; x_wconf 91' lang='lat' dir='ltr'>Quod</span> <span class='ocrx_word' id='word_1_696' title='bbox 3523 2900 3571 2953; x_wconf 90' lang='lat' dir='ltr'>si</span> <span class='ocrx_word' id='word_1_697' title='bbox 3602 2897 3880 2970; x_wconf 85' lang='lat' dir='ltr'>responde-</span> 
     </span>
    </p>
   </div>
   <div class='ocr_carea' id='block_1_96' title="bbox 2261 2988 3882 3060">
    <p class='ocr_par' dir='ltr' id='par_1_96' title="bbox 2261 2988 3882 3060">
     <span class='ocr_line' id='line_1_96' title="bbox 2261 2988 3882 3060; baseline -0.005 -12"><span class='ocrx_word' id='word_1_698' title='bbox 2261 2998 2353 3049; x_wconf 92' lang='lat' dir='ltr'>tur</span> <span class='ocrx_word' id='word_1_699' title='bbox 2379 2993 2492 3047; x_wconf 89' lang='lat' dir='ltr'>hoc</span> <span class='ocrx_word' id='word_1_700' title='bbox 2525 2991 2752 3047; x_wconf 88' lang='lat' dir='ltr'>dictum</span> <span class='ocrx_word' id='word_1_701' title='bbox 2774 3004 2900 3044; x_wconf 90' lang='lat' dir='ltr'>esse</span> <span class='ocrx_word' id='word_1_702' title='bbox 2934 3004 3037 3060; x_wconf 89' lang='lat' dir='ltr'>per</span> <span class='ocrx_word' id='word_1_703' title='bbox 3064 2988 3579 3059; x_wconf 88' lang='lat' dir='ltr'>anticipationem,</span> <span class='ocrx_word' id='word_1_704' title='bbox 3615 2992 3673 3042; x_wconf 91' lang='lat' dir='ltr'>ut</span> <span class='ocrx_word' id='word_1_705' title='bbox 3707 2999 3882 3041; x_wconf 86' lang='lat' dir='ltr'>monu-</span> 
     </span>
    </p>
   </div>
   <div class='ocr_carea' id='block_1_97' title="bbox 2260 3075 3876 3153">
    <p class='ocr_par' dir='ltr' id='par_1_97' title="bbox 2260 3075 3876 3153">
     <span class='ocr_line' id='line_1_97' title="bbox 2260 3075 3876 3153; baseline -0.007 -14"><span class='ocrx_word' id='word_1_706' title='bbox 2260 3090 2462 3138; x_wconf 89' lang='lat' dir='ltr'>menta</span> <span class='ocrx_word' id='word_1_707' title='bbox 2492 3080 2737 3153; x_wconf 89' lang='lat' dir='ltr'>quidem</span> <span class='ocrx_word' id='word_1_708' title='bbox 2772 3077 2870 3133; x_wconf 91' lang='lat' dir='ltr'>illo</span> <span class='ocrx_word' id='word_1_709' title='bbox 2906 3083 3243 3133; x_wconf 71' lang='lat' dir='ltr'>terrasmotu</span> <span class='ocrx_word' id='word_1_710' title='bbox 3276 3075 3876 3148; x_wconf 86' lang='lat' dir='ltr'>apertaiutelligantur,</span> 
     </span>
    </p>
   </div>
   <div class='ocr_carea' id='block_1_98' title="bbox 2259 3165 3877 3237">
    <p class='ocr_par' dir='ltr' id='par_1_98' title="bbox 2259 3165 3877 3237">
     <span class='ocr_line' id='line_1_98' title="bbox 2259 3165 3877 3237; baseline -0.006 -10"><span class='ocrx_word' id='word_1_711' title='bbox 2259 3189 2396 3227; x_wconf 83' lang='lat' dir='ltr'>cuin</span> <span class='ocrx_word' id='word_1_712' title='bbox 2415 3170 2676 3226; x_wconf 87' lang='lat' dir='ltr'>Christus</span> <span class='ocrx_word' id='word_1_713' title='bbox 2701 3167 2760 3222; x_wconf 91' lang='lat' dir='ltr'>in</span> <span class='ocrx_word' id='word_1_714' title='bbox 2783 3183 2955 3223; x_wconf 90' lang='lat' dir='ltr'>cruce</span> <span class='ocrx_word' id='word_1_715' title='bbox 2988 3166 3287 3237; x_wconf 86' lang='lat' dir='ltr'>penderet,</span> <span class='ocrx_word' id='word_1_716' title='bbox 3310 3165 3698 3222; x_wconf 82' lang='lat' dir='ltr'>resurrexisse</span> <span class='ocrx_word' id='word_1_717' title='bbox 3715 3169 3877 3219; x_wconf 86' lang='lat' dir='ltr'>autem</span> 
     </span>
    </p>
   </div>
   <div class='ocr_carea' id='block_1_99' title="bbox 2251 3254 3878 3332">
    <p class='ocr_par' dir='ltr' id='par_1_99' title="bbox 2251 3254 3878 3332">
     <span class='ocr_line' id='line_1_99' title="bbox 2251 3254 3878 3332; baseline -0.006 -17"><span class='ocrx_word' id='word_1_718' title='bbox 2251 3261 2552 3332; x_wconf 91' lang='lat' dir='ltr'>justorum</span> <span class='ocrx_word' id='word_1_719' title='bbox 2584 3273 2836 3329; x_wconf 87' lang='lat' dir='ltr'>corpora</span> <span class='ocrx_word' id='word_1_720' title='bbox 2869 3271 2987 3310; x_wconf 92' lang='lat' dir='ltr'>non</span> <span class='ocrx_word' id='word_1_721' title='bbox 3015 3261 3172 3320; x_wconf 91' lang='lat' dir='ltr'>tunc,</span> <span class='ocrx_word' id='word_1_722' title='bbox 3208 3255 3313 3311; x_wconf 90' lang='lat' dir='ltr'>sed</span> <span class='ocrx_word' id='word_1_723' title='bbox 3345 3272 3486 3311; x_wconf 90' lang='lat' dir='ltr'>cum</span> <span class='ocrx_word' id='word_1_724' title='bbox 3520 3254 3619 3310; x_wconf 89' lang='lat' dir='ltr'>illo</span> <span class='ocrx_word' id='word_1_725' title='bbox 3650 3254 3791 3325; x_wconf 84' lang='lat' dir='ltr'>prior</span> <span class='ocrx_word' id='word_1_726' title='bbox 3808 3267 3878 3306; x_wconf 88' lang='lat' dir='ltr'>re-</span> 
     </span>
    </p>
   </div>
   <div class='ocr_carea' id='block_1_100' title="bbox 2258 3339 3878 3418">
    <p class='ocr_par' dir='ltr' id='par_1_100' title="bbox 2258 3339 3878 3418">
     <span class='ocr_line' id='line_1_100' title="bbox 2258 3339 3878 3418; baseline -0.006 -13"><span class='ocrx_word' id='word_1_727' title='bbox 2258 3349 2654 3405; x_wconf 83' lang='lat' dir='ltr'>surrexisset:</span> <span class='ocrx_word' id='word_1_728' title='bbox 2709 3343 2987 3418; x_wconf 87' lang='lat' dir='ltr'>quamvis</span> <span class='ocrx_word' id='word_1_729' title='bbox 3031 3348 3193 3408; x_wconf 91' lang='lat' dir='ltr'>tunc,</span> <span class='ocrx_word' id='word_1_730' title='bbox 3249 3350 3307 3398; x_wconf 91' lang='lat' dir='ltr'>ut</span> <span class='ocrx_word' id='word_1_731' title='bbox 3355 3344 3505 3408; x_wconf 82' lang='lat' dir='ltr'>dixi,</span> <span class='ocrx_word' id='word_1_732' title='bbox 3538 3339 3878 3414; x_wconf 85' lang='lat' dir='ltr'>anticipando</span> 
     </span>
    </p>
   </div>
   <div class='ocr_carea' id='block_1_101' title="bbox 2256 3431 3878 3507">
    <p class='ocr_par' dir='ltr' id='par_1_101' title="bbox 2256 3431 3878 3507">
     <span class='ocr_line' id='line_1_101' title="bbox 2256 3431 3878 3507; baseline -0.006 -14"><span class='ocrx_word' id='word_1_733' title='bbox 2256 3437 2469 3493; x_wconf 91' lang='lat' dir='ltr'>fuisset</span> <span class='ocrx_word' id='word_1_734' title='bbox 2495 3436 2872 3507; x_wconf 90' lang='lat' dir='ltr'>adjunctum,</span> <span class='ocrx_word' id='word_1_735' title='bbox 2910 3437 2972 3489; x_wconf 89' lang='lat' dir='ltr'>ut</span> <span class='ocrx_word' id='word_1_736' title='bbox 3011 3438 3062 3489; x_wconf 92' lang='lat' dir='ltr'>et</span> <span class='ocrx_word' id='word_1_737' title='bbox 3105 3433 3368 3489; x_wconf 89' lang='lat' dir='ltr'>Christus</span> <span class='ocrx_word' id='word_1_738' title='bbox 3413 3431 3817 3505; x_wconf 86' lang='lat' dir='ltr'>primogenitus</span> <span class='ocrx_word' id='word_1_739' title='bbox 3851 3443 3878 3484; x_wconf 89' lang='lat' dir='ltr'>a</span> 
     </span>
    </p>
   </div>
   <div class='ocr_carea' id='block_1_102' title="bbox 2256 3517 3874 3592">
    <p class='ocr_par' dir='ltr' id='par_1_102' title="bbox 2256 3517 3874 3592">
     <span class='ocr_line' id='line_1_102' title="bbox 2256 3517 3874 3592; baseline -0.007 -10"><span class='ocrx_word' id='word_1_740' title='bbox 2256 3526 2508 3582; x_wconf 89' lang='lat' dir='ltr'>mortuis</span> <span class='ocrx_word' id='word_1_741' title='bbox 2540 3527 2666 3580; x_wconf 91' lang='lat' dir='ltr'>sine</span> <span class='ocrx_word' id='word_1_742' title='bbox 2716 3523 3108 3592; x_wconf 85' lang='lat' dir='ltr'>ambiguitate</span> <span class='ocrx_word' id='word_1_743' title='bbox 3154 3521 3455 3586; x_wconf 89' lang='lat' dir='ltr'>credatur,</span> <span class='ocrx_word' id='word_1_744' title='bbox 3489 3527 3545 3577; x_wconf 92' lang='lat' dir='ltr'>et</span> <span class='ocrx_word' id='word_1_745' title='bbox 3586 3521 3697 3576; x_wconf 91' lang='lat' dir='ltr'>illis</span> <span class='ocrx_word' id='word_1_746' title='bbox 3731 3517 3874 3590; x_wconf 86' lang='lat' dir='ltr'>justis</span> 
     </span>
    </p>
   </div>
   <div class='ocr_carea' id='block_1_103' title="bbox 2258 3611 3874 3682">
    <p class='ocr_par' dir='ltr' id='par_1_103' title="bbox 2258 3611 3874 3682">
     <span class='ocr_line' id='line_1_103' title="bbox 2258 3611 3874 3682; baseline -0.006 -11"><span class='ocrx_word' id='word_1_747' title='bbox 2258 3616 2541 3672; x_wconf 91' lang='lat' dir='ltr'>continuo</span> <span class='ocrx_word' id='word_1_748' title='bbox 2567 3629 2921 3669; x_wconf 90' lang='lat' dir='ltr'>concessum</span> <span class='ocrx_word' id='word_1_749' title='bbox 2956 3617 3017 3667; x_wconf 92' lang='lat' dir='ltr'>ut</span> <span class='ocrx_word' id='word_1_750' title='bbox 3048 3611 3183 3682; x_wconf 91' lang='lat' dir='ltr'>ipso</span> <span class='ocrx_word' id='word_1_751' title='bbox 3211 3617 3519 3682; x_wconf 79' lang='lat' dir='ltr'>praeeunte</span> <span class='ocrx_word' id='word_1_752' title='bbox 3552 3611 3609 3664; x_wconf 94' lang='lat' dir='ltr'>in</span> <span class='ocrx_word' id='word_1_753' title='bbox 3631 3615 3874 3664; x_wconf 60' lang='lat' dir='ltr'>aeternam</span> 
     </span>
    </p>
   </div>
   <div class='ocr_carea' id='block_1_104' title="bbox 2253 3699 3871 3775">
    <p class='ocr_par' dir='ltr' id='par_1_104' title="bbox 2253 3699 3871 3775">
     <span class='ocr_line' id='line_1_104' title="bbox 2253 3699 3871 3775; baseline -0.006 -15"><span class='ocrx_word' id='word_1_754' title='bbox 2253 3703 2764 3775; x_wconf 90' lang='lat' dir='ltr'>incorruptionem</span> <span class='ocrx_word' id='word_1_755' title='bbox 2781 3706 2960 3772; x_wconf 90' lang='lat' dir='ltr'>atque</span> <span class='ocrx_word' id='word_1_756' title='bbox 2974 3699 3492 3755; x_wconf 87' lang='lat' dir='ltr'>immortalitatem</span> <span class='ocrx_word' id='word_1_757' title='bbox 3515 3700 3871 3767; x_wconf 81' lang='lat' dir='ltr'>resurgerem;</span> 
     </span>
    </p>
   </div>
   <div class='ocr_carea' id='block_1_105' title="bbox 2254 3786 3872 3861">
    <p class='ocr_par' dir='ltr' id='par_1_105' title="bbox 2254 3786 3872 3861">
     <span class='ocr_line' id='line_1_105' title="bbox 2254 3786 3872 3861; baseline -0.007 -14"><span class='ocrx_word' id='word_1_758' title='bbox 2254 3793 2396 3850; x_wconf 90' lang='lat' dir='ltr'>illud</span> <span class='ocrx_word' id='word_1_759' title='bbox 2425 3792 2622 3848; x_wconf 88' lang='lat' dir='ltr'>adhuc</span> <span class='ocrx_word' id='word_1_760' title='bbox 2651 3794 2833 3846; x_wconf 89' lang='lat' dir='ltr'>restat</span> <span class='ocrx_word' id='word_1_761' title='bbox 2863 3789 3026 3861; x_wconf 90' lang='lat' dir='ltr'>quod</span> <span class='ocrx_word' id='word_1_762' title='bbox 3051 3795 3308 3856; x_wconf 90' lang='lat' dir='ltr'>moveat,</span> <span class='ocrx_word' id='word_1_763' title='bbox 3341 3788 3652 3860; x_wconf 89' lang='lat' dir='ltr'>quomodo</span> <span class='ocrx_word' id='word_1_764' title='bbox 3676 3802 3708 3842; x_wconf 88' lang='lat' dir='ltr'>a</span> <span class='ocrx_word' id='word_1_765' title='bbox 3736 3786 3872 3839; x_wconf 85' lang='lat' dir='ltr'>Petro</span> 
     </span>
    </p>
   </div>
   <div class='ocr_carea' id='block_1_106' title="bbox 2251 3876 3869 3953">
    <p class='ocr_par' dir='ltr' id='par_1_106' title="bbox 2251 3876 3869 3953">
     <span class='ocr_line' id='line_1_106' title="bbox 2251 3876 3869 3953; baseline -0.007 -15"><span class='ocrx_word' id='word_1_766' title='bbox 2251 3883 2369 3938; x_wconf 92' lang='lat' dir='ltr'>dici</span> <span class='ocrx_word' id='word_1_767' title='bbox 2414 3881 2689 3953; x_wconf 89' lang='lat' dir='ltr'>potuerit,</span> <span class='ocrx_word' id='word_1_768' title='bbox 2723 3878 2885 3951; x_wconf 92' lang='lat' dir='ltr'>quod</span> <span class='ocrx_word' id='word_1_769' title='bbox 2925 3878 3131 3950; x_wconf 88' lang='lat' dir='ltr'>utique</span> <span class='ocrx_word' id='word_1_770' title='bbox 3174 3877 3493 3933; x_wconf 88' lang='lat' dir='ltr'>verissime</span> <span class='ocrx_word' id='word_1_771' title='bbox 3538 3877 3747 3932; x_wconf 90' lang='lat' dir='ltr'>dictum</span> <span class='ocrx_word' id='word_1_772' title='bbox 3787 3876 3869 3939; x_wconf 79' lang='lat' dir='ltr'>est,</span> 
     </span>
    </p>
   </div>
   <div class='ocr_carea' id='block_1_107' title="bbox 2249 3959 3869 4045">
    <p class='ocr_par' dir='ltr' id='par_1_107' title="bbox 2249 3959 3869 4045">
     <span class='ocr_line' id='line_1_107' title="bbox 2249 3959 3869 4045; baseline -0.008 -18"><span class='ocrx_word' id='word_1_773' title='bbox 2249 3971 2498 4045; x_wconf 89' lang='lat' dir='ltr'>quando</span> <span class='ocrx_word' id='word_1_774' title='bbox 2541 3986 2644 4042; x_wconf 92' lang='lat' dir='ltr'>per</span> <span class='ocrx_word' id='word_1_775' title='bbox 2675 3969 2834 4024; x_wconf 89' lang='lat' dir='ltr'>illam</span> <span class='ocrx_word' id='word_1_776' title='bbox 2886 3965 3263 4038; x_wconf 80' lang='lat' dir='ltr'>prophetiam</span> <span class='ocrx_word' id='word_1_777' title='bbox 3295 3982 3419 4022; x_wconf 92' lang='lat' dir='ltr'>non</span> <span class='ocrx_word' id='word_1_778' title='bbox 3453 3967 3526 4022; x_wconf 90' lang='lat' dir='ltr'>de</span> <span class='ocrx_word' id='word_1_779' title='bbox 3560 3964 3749 4030; x_wconf 85' lang='lat' dir='ltr'>David,</span> <span class='ocrx_word' id='word_1_780' title='bbox 3788 3959 3869 4015; x_wconf 89' lang='lat' dir='ltr'>sed</span> 
     </span>
    </p>
   </div>
   <div class='ocr_carea' id='block_1_108' title="bbox 2249 4049 3869 4127">
    <p class='ocr_par' dir='ltr' id='par_1_108' title="bbox 2249 4049 3869 4127">
     <span class='ocr_line' id='line_1_108' title="bbox 2249 4049 3869 4127; baseline -0.01 -10"><span class='ocrx_word' id='word_1_781' title='bbox 2249 4062 2323 4117; x_wconf 89' lang='lat' dir='ltr'>de</span> <span class='ocrx_word' id='word_1_782' title='bbox 2353 4061 2579 4117; x_wconf 86' lang='lat' dir='ltr'>Christo</span> <span class='ocrx_word' id='word_1_783' title='bbox 2612 4057 2870 4114; x_wconf 89' lang='lat' dir='ltr'>asseruit</span> <span class='ocrx_word' id='word_1_784' title='bbox 2899 4056 3080 4112; x_wconf 90' lang='lat' dir='ltr'>fuisse</span> <span class='ocrx_word' id='word_1_785' title='bbox 3109 4055 3490 4127; x_wconf 70' lang='lat' dir='ltr'>praedictum,</span> <span class='ocrx_word' id='word_1_786' title='bbox 3522 4069 3748 4110; x_wconf 88' lang='lat' dir='ltr'>carnem</span> <span class='ocrx_word' id='word_1_787' title='bbox 3769 4049 3869 4120; x_wconf 91' lang='lat' dir='ltr'>ejus</span> 
     </span>
    </p>
   </div>
   <div class='ocr_carea' id='block_1_109' title="bbox 2248 4138 3868 4216">
    <p class='ocr_par' dir='ltr' id='par_1_109' title="bbox 2248 4138 3868 4216">
     <span class='ocr_line' id='line_1_109' title="bbox 2248 4138 3868 4216; baseline -0.009 -10"><span class='ocrx_word' id='word_1_788' title='bbox 2248 4167 2368 4206; x_wconf 94' lang='lat' dir='ltr'>non</span> <span class='ocrx_word' id='word_1_789' title='bbox 2389 4149 2610 4205; x_wconf 88' lang='lat' dir='ltr'>vidisse</span> <span class='ocrx_word' id='word_1_790' title='bbox 2629 4146 3074 4216; x_wconf 90' lang='lat' dir='ltr'>corruptionem</span> <span class='ocrx_word' id='word_1_791' title='bbox 3105 4163 3117 4212; x_wconf 85' lang='lat'><strong>;</strong></span> <span class='ocrx_word' id='word_1_792' title='bbox 3147 4149 3203 4200; x_wconf 90' lang='lat' dir='ltr'>et</span> <span class='ocrx_word' id='word_1_793' title='bbox 3227 4144 3392 4216; x_wconf 90' lang='lat' dir='ltr'>quod</span> <span class='ocrx_word' id='word_1_794' title='bbox 3414 4143 3681 4214; x_wconf 84' lang='lat' dir='ltr'>adjunin</span> <span class='ocrx_word' id='word_1_795' title='bbox 3703 4143 3768 4195; x_wconf 90' lang='lat' dir='ltr'>de</span> <span class='ocrx_word' id='word_1_796' title='bbox 3783 4138 3868 4192; x_wconf 86' lang='lat' dir='ltr'>Da-</span> 
     </span>
    </p>
   </div>
   <div class='ocr_carea' id='block_1_110' title="bbox 2247 4231 3865 4310">
    <p class='ocr_par' dir='ltr' id='par_1_110' title="bbox 2247 4231 3865 4310">
     <span class='ocr_line' id='line_1_110' title="bbox 2247 4231 3865 4310; baseline -0.01 -16"><span class='ocrx_word' id='word_1_797' title='bbox 2247 4239 2365 4303; x_wconf 87' lang='lat' dir='ltr'>vid,</span> <span class='ocrx_word' id='word_1_798' title='bbox 2402 4237 2566 4310; x_wconf 92' lang='lat' dir='ltr'>apud</span> <span class='ocrx_word' id='word_1_799' title='bbox 2595 4253 2693 4292; x_wconf 91' lang='lat' dir='ltr'>eos</span> <span class='ocrx_word' id='word_1_800' title='bbox 2722 4251 2853 4290; x_wconf 88' lang='lat' dir='ltr'>esse</span> <span class='ocrx_word' id='word_1_801' title='bbox 2884 4237 3343 4289; x_wconf 91' lang='lat' dir='ltr'>monumentum</span> <span class='ocrx_word' id='word_1_802' title='bbox 3375 4236 3508 4306; x_wconf 89' lang='lat' dir='ltr'>ejus</span> <span class='ocrx_word' id='word_1_803' title='bbox 3543 4234 3691 4302; x_wconf 83' lang='lat' dir='ltr'>(Act.</span> <span class='ocrx_word' id='word_1_804' title='bbox 3719 4245 3769 4292; x_wconf 80' lang='grc' dir='ltr'>ιι,</span> <span class='ocrx_word' id='word_1_805' title='bbox 3797 4231 3865 4288; x_wconf 80' lang='lat'>27,</span> 
     </span>
    </p>
   </div>
   <div class='ocr_carea' id='block_1_111' title="bbox 2246 4320 3866 4400">
    <p class='ocr_par' dir='ltr' id='par_1_111' title="bbox 2246 4320 3866 4400">
     <span class='ocr_line' id='line_1_111' title="bbox 2246 4320 3866 4400; baseline -0.01 -15"><span class='ocrx_word' id='word_1_806' title='bbox 2246 4330 2337 4400; x_wconf 88' lang='lat'>29)</span> <span class='ocrx_word' id='word_1_807' title='bbox 2365 4345 2376 4384; x_wconf 90' lang='lat'><strong>:</strong></span> <span class='ocrx_word' id='word_1_808' title='bbox 2418 4327 2574 4382; x_wconf 90' lang='lat' dir='ltr'>unde</span> <span class='ocrx_word' id='word_1_809' title='bbox 2607 4327 2737 4381; x_wconf 92' lang='lat' dir='ltr'>illos</span> <span class='ocrx_word' id='word_1_810' title='bbox 2766 4325 2967 4396; x_wconf 91' lang='lat' dir='ltr'>utique</span> <span class='ocrx_word' id='word_1_811' title='bbox 2999 4339 3118 4379; x_wconf 91' lang='lat' dir='ltr'>non</span> <span class='ocrx_word' id='word_1_812' title='bbox 3161 4322 3575 4386; x_wconf 90' lang='lat' dir='ltr'>convincebat,</span> <span class='ocrx_word' id='word_1_813' title='bbox 3604 4320 3649 4376; x_wconf 92' lang='lat' dir='ltr'>si</span> <span class='ocrx_word' id='word_1_814' title='bbox 3685 4331 3866 4388; x_wconf 89' lang='lat' dir='ltr'>corpus</span> 
     </span>
    </p>
   </div>
   <div class='ocr_carea' id='block_1_112' title="bbox 2244 4407 3866 4489">
    <p class='ocr_par' dir='ltr' id='par_1_112' title="bbox 2244 4407 3866 4489">
     <span class='ocr_line' id='line_1_112' title="bbox 2244 4407 3866 4489; baseline -0.008 -16"><span class='ocrx_word' id='word_1_815' title='bbox 2244 4418 2374 4489; x_wconf 92' lang='lat' dir='ltr'>ejus</span> <span class='ocrx_word' id='word_1_816' title='bbox 2403 4417 2483 4472; x_wconf 93' lang='lat' dir='ltr'>ibi</span> <span class='ocrx_word' id='word_1_817' title='bbox 2505 4418 2633 4487; x_wconf 88' lang='lat' dir='ltr'>jam</span> <span class='ocrx_word' id='word_1_818' title='bbox 2661 4430 2782 4470; x_wconf 89' lang='lat' dir='ltr'>non</span> <span class='ocrx_word' id='word_1_819' title='bbox 2811 4418 2934 4469; x_wconf 87' lang='lat' dir='ltr'>erat</span> <span class='ocrx_word' id='word_1_820' title='bbox 2955 4429 2968 4480; x_wconf 90' lang='lat'>;</span> <span class='ocrx_word' id='word_1_821' title='bbox 2993 4412 3139 4484; x_wconf 88' lang='lat' dir='ltr'>quia</span> <span class='ocrx_word' id='word_1_822' title='bbox 3166 4412 3210 4466; x_wconf 93' lang='lat' dir='ltr'>si</span> <span class='ocrx_word' id='word_1_823' title='bbox 3234 4416 3443 4467; x_wconf 87' lang='lat' dir='ltr'>etante</span> <span class='ocrx_word' id='word_1_824' title='bbox 3471 4413 3529 4466; x_wconf 91' lang='lat' dir='ltr'>in</span> <span class='ocrx_word' id='word_1_825' title='bbox 3558 4407 3761 4466; x_wconf 88' lang='lat' dir='ltr'>recenti</span> <span class='ocrx_word' id='word_1_826' title='bbox 3778 4419 3866 4460; x_wconf 82' lang='lat' dir='ltr'>sua</span> 
     </span>
    </p>
   </div>
   <div class='ocr_carea' id='block_1_113' title="bbox 2246 4500 3861 4572">
    <p class='ocr_par' dir='ltr' id='par_1_113' title="bbox 2246 4500 3861 4572">
     <span class='ocr_line' id='line_1_113' title="bbox 2246 4500 3861 4572; baseline -0.009 -9"><span class='ocrx_word' id='word_1_827' title='bbox 2246 4511 2434 4563; x_wconf 91' lang='lat' dir='ltr'>morte</span> <span class='ocrx_word' id='word_1_828' title='bbox 2463 4503 2901 4569; x_wconf 82' lang='lat' dir='ltr'>resurrexisset,</span> <span class='ocrx_word' id='word_1_829' title='bbox 2927 4517 3035 4556; x_wconf 92' lang='lat' dir='ltr'>nec</span> <span class='ocrx_word' id='word_1_830' title='bbox 3067 4517 3206 4557; x_wconf 90' lang='lat' dir='ltr'>caro</span> <span class='ocrx_word' id='word_1_831' title='bbox 3228 4501 3358 4572; x_wconf 89' lang='lat' dir='ltr'>ejus</span> <span class='ocrx_word' id='word_1_832' title='bbox 3390 4500 3632 4556; x_wconf 86' lang='lat' dir='ltr'>vidisset</span> <span class='ocrx_word' id='word_1_833' title='bbox 3657 4507 3861 4564; x_wconf 84' lang='lat' dir='ltr'>corrup-</span> 
     </span>
    </p>
   </div>
   <div class='ocr_carea' id='block_1_114' title="bbox 2243 4590 3863 4667">
    <p class='ocr_par' dir='ltr' id='par_1_114' title="bbox 2243 4590 3863 4667">
     <span class='ocr_line' id='line_1_114' title="bbox 2243 4590 3863 4667; baseline -0.011 -14"><span class='ocrx_word' id='word_1_834' title='bbox 2243 4601 2488 4664; x_wconf 90' lang='lat' dir='ltr'>tionem,</span> <span class='ocrx_word' id='word_1_835' title='bbox 2511 4602 2705 4667; x_wconf 89' lang='lat' dir='ltr'>posset</span> <span class='ocrx_word' id='word_1_836' title='bbox 2729 4590 3274 4648; x_wconf 89' lang='lat' dir='ltr'>nihilominusillud</span> <span class='ocrx_word' id='word_1_837' title='bbox 3299 4595 3744 4646; x_wconf 91' lang='lat' dir='ltr'>monumentum</span> <span class='ocrx_word' id='word_1_838' title='bbox 3762 4597 3863 4638; x_wconf 85' lang='lat' dir='ltr'>ma-</span> 
     </span>
    </p>
   </div>
   <div class='ocr_carea' id='block_1_115' title="bbox 2242 4670 3859 4741">
    <p class='ocr_par' dir='ltr' id='par_1_115' title="bbox 2242 4670 3859 4741">
     <span class='ocr_line' id='line_1_115' title="bbox 2242 4670 3859 4741; baseline -0.011 0"><span class='ocrx_word' id='word_1_839' title='bbox 2242 4702 2405 4741; x_wconf 88' lang='lat' dir='ltr'>nere.</span> <span class='ocrx_word' id='word_1_840' title='bbox 2437 4685 2661 4739; x_wconf 90' lang='lat' dir='ltr'>Durum</span> <span class='ocrx_word' id='word_1_841' title='bbox 2693 4687 2892 4738; x_wconf 88' lang='lat' dir='ltr'>autem</span> <span class='ocrx_word' id='word_1_842' title='bbox 2927 4679 3160 4735; x_wconf 91' lang='lat' dir='ltr'>videtur</span> <span class='ocrx_word' id='word_1_843' title='bbox 3191 4683 3252 4734; x_wconf 87' lang='lat' dir='ltr'>ut</span> <span class='ocrx_word' id='word_1_844' title='bbox 3276 4679 3461 4734; x_wconf 90' lang='lat' dir='ltr'>David</span> <span class='ocrx_word' id='word_1_845' title='bbox 3489 4694 3606 4734; x_wconf 92' lang='lat' dir='ltr'>non</span> <span class='ocrx_word' id='word_1_846' title='bbox 3637 4673 3792 4730; x_wconf 90' lang='lat' dir='ltr'>fuerit</span> <span class='ocrx_word' id='word_1_847' title='bbox 3813 4670 3859 4724; x_wconf 91' lang='lat' dir='ltr'>in</span> 
     </span>
    </p>
   </div>
   <div class='ocr_carea' id='block_1_116' title="bbox 2241 4761 3857 4840">
    <p class='ocr_par' dir='ltr' id='par_1_116' title="bbox 2241 4761 3857 4840">
     <span class='ocr_line' id='line_1_116' title="bbox 2241 4761 3857 4840; baseline -0.011 -9"><span class='ocrx_word' id='word_1_848' title='bbox 2241 4775 2343 4832; x_wconf 91' lang='lat' dir='ltr'>illa</span> <span class='ocrx_word' id='word_1_849' title='bbox 2372 4773 2805 4829; x_wconf 89' lang='lat' dir='ltr'>resurrectione</span> <span class='ocrx_word' id='word_1_850' title='bbox 2829 4770 3149 4840; x_wconf 89' lang='lat' dir='ltr'>justorum,</span> <span class='ocrx_word' id='word_1_851' title='bbox 3175 4767 3220 4822; x_wconf 94' lang='lat' dir='ltr'>si</span> <span class='ocrx_word' id='word_1_852' title='bbox 3245 4768 3326 4821; x_wconf 91' lang='lat' dir='ltr'>eis</span> <span class='ocrx_word' id='word_1_853' title='bbox 3354 4767 3478 4838; x_wconf 86' lang='lat' dir='ltr'>jam</span> <span class='ocrx_word' id='word_1_854' title='bbox 3502 4771 3706 4821; x_wconf 68' lang='lat' dir='ltr'>aeterna</span> <span class='ocrx_word' id='word_1_855' title='bbox 3734 4765 3747 4797; x_wconf 84' lang='grc'>¹</span> <span class='ocrx_word' id='word_1_856' title='bbox 3774 4761 3857 4814; x_wconf 90' lang='lat' dir='ltr'>do-</span> 
     </span>
    </p>
   </div>
   <div class='ocr_carea' id='block_1_117' title="bbox 2240 4850 3857 4931">
    <p class='ocr_par' dir='ltr' id='par_1_117' title="bbox 2240 4850 3857 4931">
     <span class='ocr_line' id='line_1_117' title="bbox 2240 4850 3857 4931; baseline -0.013 -11"><span class='ocrx_word' id='word_1_857' title='bbox 2240 4868 2382 4920; x_wconf 90' lang='lat' dir='ltr'>nata</span> <span class='ocrx_word' id='word_1_858' title='bbox 2408 4871 2514 4925; x_wconf 88' lang='lat' dir='ltr'>est,</span> <span class='ocrx_word' id='word_1_859' title='bbox 2549 4861 2719 4931; x_wconf 89' lang='lat' dir='ltr'>cujus</span> <span class='ocrx_word' id='word_1_860' title='bbox 2760 4858 3027 4914; x_wconf 87' lang='lat' dir='ltr'>Christus</span> <span class='ocrx_word' id='word_1_861' title='bbox 3057 4873 3127 4913; x_wconf 88' lang='lat' dir='ltr'>ex</span> <span class='ocrx_word' id='word_1_862' title='bbox 3159 4855 3384 4912; x_wconf 91' lang='lat' dir='ltr'>semine</span> <span class='ocrx_word' id='word_1_863' title='bbox 3428 4860 3547 4910; x_wconf 86' lang='lat' dir='ltr'>tam</span> <span class='ocrx_word' id='word_1_864' title='bbox 3579 4852 3789 4912; x_wconf 88' lang='lat' dir='ltr'>crebro,</span> <span class='ocrx_word' id='word_1_865' title='bbox 3815 4850 3857 4900; x_wconf 90' lang='lat' dir='ltr'>et</span> 
     </span>
    </p>
   </div>
   <div class='ocr_carea' id='block_1_118' title="bbox 2239 4935 3854 5018">
    <p class='ocr_par' dir='ltr' id='par_1_118' title="bbox 2239 4935 3854 5018">
     <span class='ocr_line' id='line_1_118' title="bbox 2239 4935 3854 5018; baseline -0.011 -8"><span class='ocrx_word' id='word_1_866' title='bbox 2239 4935 2403 5010; x_wconf 85' lang='lat' dir='ltr'>tanta</span> <span class='ocrx_word' id='word_1_867' title='bbox 2433 4950 2751 5016; x_wconf 90' lang='lat' dir='ltr'>evidentia,</span> <span class='ocrx_word' id='word_1_868' title='bbox 2785 4953 3070 5018; x_wconf 88' lang='lat' dir='ltr'>tantaque</span> <span class='ocrx_word' id='word_1_869' title='bbox 3101 4945 3552 5002; x_wconf 84' lang='lat' dir='ltr'>honoriﬁcentia</span> <span class='ocrx_word' id='word_1_870' title='bbox 3583 4951 3854 4998; x_wconf 89' lang='lat' dir='ltr'>commen-</span> 
     </span>
    </p>
   </div>
   <div class='ocr_carea' id='block_1_119' title="bbox 2238 5029 3850 5106">
    <p class='ocr_par' dir='ltr' id='par_1_119' title="bbox 2238 5029 3850 5106">
     <span class='ocr_line' id='line_1_119' title="bbox 2238 5029 3850 5106; baseline -0.014 -7"><span class='ocrx_word' id='word_1_871' title='bbox 2238 5042 2432 5099; x_wconf 88' lang='lat' dir='ltr'>datur.</span> <span class='ocrx_word' id='word_1_872' title='bbox 2466 5038 2892 5096; x_wconf 88' lang='lat' dir='ltr'>Periclitabitur</span> <span class='ocrx_word' id='word_1_873' title='bbox 2925 5035 3103 5091; x_wconf 88' lang='lat' dir='ltr'>etiam</span> <span class='ocrx_word' id='word_1_874' title='bbox 3131 5035 3275 5089; x_wconf 92' lang='lat' dir='ltr'>illud</span> <span class='ocrx_word' id='word_1_875' title='bbox 3307 5033 3468 5106; x_wconf 90' lang='lat' dir='ltr'>quod</span> <span class='ocrx_word' id='word_1_876' title='bbox 3501 5035 3574 5088; x_wconf 86' lang='lat' dir='ltr'>ad</span> <span class='ocrx_word' id='word_1_877' title='bbox 3607 5029 3850 5085; x_wconf 72' lang='lat' dir='ltr'>Hebrieos</span> 
     </span>
    </p>
   </div>
   <div class='ocr_carea' id='block_1_120' title="bbox 2237 5117 3848 5200">
    <p class='ocr_par' dir='ltr' id='par_1_120' title="bbox 2237 5117 3848 5200">
     <span class='ocr_line' id='line_1_120' title="bbox 2237 5117 3848 5200; baseline -0.012 -14"><span class='ocrx_word' id='word_1_878' title='bbox 2237 5132 2309 5186; x_wconf 93' lang='lat' dir='ltr'>de</span> <span class='ocrx_word' id='word_1_879' title='bbox 2338 5133 2514 5200; x_wconf 90' lang='lat' dir='ltr'>justis</span> <span class='ocrx_word' id='word_1_880' title='bbox 2547 5129 2808 5200; x_wconf 87' lang='lat' dir='ltr'>antiquis</span> <span class='ocrx_word' id='word_1_881' title='bbox 2841 5126 3074 5189; x_wconf 90' lang='lat' dir='ltr'>dicitur,</span> <span class='ocrx_word' id='word_1_882' title='bbox 3107 5123 3254 5191; x_wconf 84' lang='lat' dir='ltr'>Quia</span> <span class='ocrx_word' id='word_1_883' title='bbox 3294 5138 3403 5192; x_wconf 84' lang='lat' dir='ltr'>pro</span> <span class='ocrx_word' id='word_1_884' title='bbox 3435 5121 3598 5177; x_wconf 86' lang='lat' dir='ltr'>nobis</span> <span class='ocrx_word' id='word_1_885' title='bbox 3634 5117 3848 5173; x_wconf 79' lang='lat' dir='ltr'>meliora</span> 
     </span>
    </p>
   </div>
   <div class='ocr_carea' id='block_1_121' title="bbox 2231 5209 3846 5289">
    <p class='ocr_par' dir='ltr' id='par_1_121' title="bbox 2231 5209 3846 5289">
     <span class='ocr_line' id='line_1_121' title="bbox 2231 5209 3846 5289; baseline -0.014 -13"><span class='ocrx_word' id='word_1_886' title='bbox 2231 5220 2648 5289; x_wconf 83' lang='lat' dir='ltr'>providerunt,</span> <span class='ocrx_word' id='word_1_887' title='bbox 2699 5232 2772 5272; x_wconf 84' lang='lat' dir='ltr'>ne</span> <span class='ocrx_word' id='word_1_888' title='bbox 2810 5215 2937 5270; x_wconf 86' lang='lat' dir='ltr'>sine</span> <span class='ocrx_word' id='word_1_889' title='bbox 2973 5212 3138 5268; x_wconf 88' lang='lat' dir='ltr'>nobis</span> <span class='ocrx_word' id='word_1_890' title='bbox 3183 5211 3432 5282; x_wconf 74' lang='lat' dir='ltr'>perfecti</span> <span class='ocrx_word' id='word_1_891' title='bbox 3457 5209 3846 5280; x_wconf 77' lang='lat' dir='ltr'>perﬁcerentur</span> 
     </span>
    </p>
   </div>
   <div class='ocr_carea' id='block_1_122' title="bbox 2236 5295 3840 5381">
    <p class='ocr_par' dir='ltr' id='par_1_122' title="bbox 2236 5295 3840 5381">
     <span class='ocr_line' id='line_1_122' title="bbox 2236 5295 3840 5381; baseline -0.012 -16"><span class='ocrx_word' id='word_1_892' title='bbox 2236 5310 2406 5381; x_wconf 85' lang='lat' dir='ltr'>(Heb.</span> <span class='ocrx_word' id='word_1_893' title='bbox 2438 5325 2517 5373; x_wconf 73' lang='grc' dir='ltr'>χι,</span> <span class='ocrx_word' id='word_1_894' title='bbox 2552 5309 2642 5378; x_wconf 77' lang='grc'>40)</span> <span class='ocrx_word' id='word_1_895' title='bbox 2676 5323 2688 5372; x_wconf 88' lang='lat'>;</span> <span class='ocrx_word' id='word_1_896' title='bbox 2727 5306 2772 5361; x_wconf 89' lang='lat' dir='ltr'>si</span> <span class='ocrx_word' id='word_1_897' title='bbox 2813 5305 2948 5378; x_wconf 90' lang='lat' dir='ltr'>jam</span> <span class='ocrx_word' id='word_1_898' title='bbox 2980 5303 3040 5358; x_wconf 91' lang='lat' dir='ltr'>in</span> <span class='ocrx_word' id='word_1_899' title='bbox 3071 5302 3170 5381; x_wconf 84' lang='lat' dir='ltr'>illa</span> <span class='ocrx_word' id='word_1_900' title='bbox 3201 5297 3637 5357; x_wconf 89' lang='lat' dir='ltr'>resurrectionis</span> <span class='ocrx_word' id='word_1_901' title='bbox 3681 5295 3840 5381; x_wconf 78' lang='lat' dir='ltr'>incor-</span> 
     </span>
    </p>
   </div>
   <div class='ocr_carea' id='block_1_123' title="bbox 2231 5378 3833 5470">
    <p class='ocr_par' dir='ltr' id='par_1_123' title="bbox 2231 5378 3833 5470">
     <span class='ocr_line' id='line_1_123' title="bbox 2231 5378 3833 5470; baseline -0.014 -14"><span class='ocrx_word' id='word_1_902' title='bbox 2231 5378 2505 5470; x_wconf 84' lang='lat' dir='ltr'>ruptione</span> <span class='ocrx_word' id='word_1_903' title='bbox 2543 5395 2839 5453; x_wconf 85' lang='lat' dir='ltr'>constituti</span> <span class='ocrx_word' id='word_1_904' title='bbox 2868 5397 3023 5459; x_wconf 88' lang='lat' dir='ltr'>sunt,</span> <span class='ocrx_word' id='word_1_905' title='bbox 3049 5378 3185 5464; x_wconf 77' lang='lat' dir='ltr'>quas</span> <span class='ocrx_word' id='word_1_906' title='bbox 3213 5391 3388 5446; x_wconf 87' lang='lat' dir='ltr'>nobis</span> <span class='ocrx_word' id='word_1_907' title='bbox 3415 5383 3765 5462; x_wconf 82' lang='lat' dir='ltr'>perﬁciendis</span> <span class='ocrx_word' id='word_1_908' title='bbox 3788 5379 3833 5432; x_wconf 89' lang='lat' dir='ltr'>in</span> 
     </span>
    </p>
   </div>
   <div class='ocr_carea' id='block_1_124' title="bbox 2227 5486 2754 5560">
    <p class='ocr_par' dir='ltr' id='par_1_124' title="bbox 2227 5486 2754 5560">
     <span class='ocr_line' id='line_1_124' title="bbox 2227 5486 2754 5560; baseline -0.009 -15"><span class='ocrx_word' id='word_1_909' title='bbox 2227 5489 2348 5544; x_wconf 83' lang='lat' dir='ltr'>ﬁne</span> <span class='ocrx_word' id='word_1_910' title='bbox 2378 5486 2754 5560; x_wconf 90' lang='lat' dir='ltr'>promittitur.</span> 
     </span>
    </p>
   </div>
   <div class='ocr_carea' id='block_1_125' title="bbox 2288 5587 3487 5660">
    <p class='ocr_par' dir='ltr' id='par_1_125' title="bbox 2288 5587 3487 5660">
     <span class='ocr_line' id='line_1_125' title="bbox 2288 5587 3487 5660; baseline -0.008 -16"><span class='ocrx_word' id='word_1_911' title='bbox 2288 5599 2302 5629; x_wconf 70' lang='grc' dir='ltr'>ί</span> <span class='ocrx_word' id='word_1_912' title='bbox 2330 5596 2452 5644; x_wconf 87' lang='lat' dir='ltr'>Mss.</span> <span class='ocrx_word' id='word_1_913' title='bbox 2487 5597 2716 5660; x_wconf 85' lang='lat' dir='ltr'>quatuor</span> <span class='ocrx_word' id='word_1_914' title='bbox 2745 5607 2755 5643; x_wconf 91' lang='lat'><strong>:</strong></span> <span class='ocrx_word' id='word_1_915' title='bbox 2789 5590 3004 5643; x_wconf 65' lang='lat' dir='ltr'>zEterna</span> <span class='ocrx_word' id='word_1_916' title='bbox 3035 5590 3142 5641; x_wconf 80' lang='lat' dir='ltr'>vita</span> <span class='ocrx_word' id='word_1_917' title='bbox 3175 5587 3369 5640; x_wconf 80' lang='lat' dir='ltr'>donata</span> <span class='ocrx_word' id='word_1_918' title='bbox 3391 5589 3487 5643; x_wconf 75' lang='lat' dir='ltr'>ut.</span> 
     </span>
    </p>
   </div>
  </div>
