4098 6166
103 170 228 230 713

181 300 445 359 CAPUT.
464 303 551 363 IV.
569 336 635 346 —
650 307 739 363 to.
758 308 873 365 Cur
884 324 1023 382 ergo
1038 310 1245 370 Petrus
1263 329 1367 371 eos
1383 319 1614 372 tantum
1629 328 1788 370 com-

94 403 207 443 me
217 405 469 448 morare
482 393 750 461 voluerit,
766 398 990 469 quibus
1015 400 1076 456 in
1089 417 1326 459 carcere
1340 403 1583 459 inclusis
1599 404 1787 458 Evan-

93 476 352 545 gelium
384 482 775 553 praedicatum
797 490 903 553 est,
947 489 1045 560 qui
1076 489 1137 545 in
1166 490 1378 548 diebus
1400 495 1521 549 Noe
1547 508 1682 547 cum
1702 490 1784 547 fa-

89 564 458 625 bricaretur
515 588 655 629 arca
700 573 989 633 increduli
1038 578 1301 648 fuerunt,
1370 581 1532 638 vides
1595 597 1780 653 quam

86 652 488 715 latebrosum
504 661 594 726 sit,
616 670 817 735 etquae
830 682 927 722 me
942 676 1220 725 moveant
1237 686 1310 726 ne
1327 671 1628 727 affirmare
1641 672 1780 726 hinc

88 743 347 818 aliquid
382 749 661 807 audeam.
723 754 846 809 Huc
879 756 1130 823 accedit,
1174 760 1316 831 quia
1364 777 1502 816 cum
1529 759 1779 816 dixisset

90 835 449 905 apostolus,
485 837 633 903 Quod
647 848 699 897 et
719 859 807 897 vos
828 860 970 900 nunc
989 846 1162 902 simili
1184 849 1364 918 forma
1379 850 1653 921 Baptism
1670 851 1777 906 sal-

86 938 183 977 vos
208 925 407 996 facit;
434 944 539 983 non
554 931 739 985 carnis
754 932 1014 1004 depositio
1031 937 1293 1005 sordium,
1317 939 1407 993 sed
1432 940 1772 996 conscientia

85 1010 253 1069 bonae
288 1015 653 1089 interrogatio
696 1022 755 1075 in
798 1024 969 1079 Deum
1014 1042 1117 1097 per
1144 1030 1595 1085 resurrectionem
1645 1030 1773 1085 Jesu

85 1100 346 1170 Christi,
374 1107 473 1177 qui
498 1116 573 1163 est
600 1109 659 1163 in
687 1110 913 1167 dextera
953 1113 1070 1181 Dei,
1113 1116 1414 1189 deglutiens
1436 1127 1681 1186 mortem,
1708 1128 1769 1176 ut

80 1190 225 1245 vitae
268 1200 496 1251 aeternas
532 1198 766 1254 haeredes
790 1202 1151 1273 efﬁceremur,
1182 1209 1451 1280 profectus
1497 1210 1556 1264 in
1594 1209 1764 1277 vietos,

80 1279 355 1351 subjectis
368 1283 480 1339 sibi
492 1286 716 1357 Angelis
732 1295 783 1343 et
800 1290 1157 1351 Potestatibus
1167 1304 1217 1351 et
1246 1279 1556 1354 Virtutibus
1578 1323 1598 1369 ,-
1626 1316 1765 1355 con-

83 1368 268 1425 tinuo
303 1372 584 1443 subjecit,
618 1375 840 1434 Christo
899 1382 1077 1453 igitur
1120 1384 1180 1439 in
1207 1403 1371 1443 carne
1393 1368 1646 1459 passo,ret
1678 1407 1766 1446 vos

79 1457 277 1513 eadem
302 1461 536 1517 scientia
560 1468 865 1523 armamini
889 1486 908 1535 ;
928 1473 1166 1545 quiaqui
1192 1492 1379 1546 passus
1406 1485 1480 1533 est
1502 1481 1561 1533 in
1577 1495 1757 1546 carne,

78 1547 256 1602 desiit
289 1567 327 1603 a
344 1555 596 1621 peccatis,
619 1555 680 1610 in
702 1556 794 1613 hoc
814 1566 872 1614 ut
887 1561 1004 1631 jam
1018 1580 1125 1618 non
1144 1564 1419 1622 hominum
1447 1567 1757 1635 desideriis,

79 1636 173 1689 sed
190 1638 495 1701 voluntate
522 1640 627 1697 Dei
644 1646 782 1715 quod
805 1648 1076 1721 reliquum
1105 1661 1179 1707 est
1210 1656 1266 1708 in
1283 1671 1447 1711 carne
1466 1657 1611 1712 vivat
1633 1664 1761 1712 tem-

76 1741 185 1793 pus
218 1746 244 1782 :
272 1727 498 1785 deinde
529 1732 630 1803 ait,
663 1733 881 1807 Sufﬁcit
924 1741 1066 1796 enim
1087 1745 1430 1812 praeteritum
1461 1754 1662 1819 tempus
1690 1747 1761 1802 ad

77 1814 425 1874 voluntatem
470 1820 746 1879 hominum
798 1839 1216 1888 consummatum
1255 1814 1659 1892 ambulantibus
1698 1838 1758 1893 in

78 1902 445 1973 libidinibus,
474 1914 989 1985 etconcupiscentiis,
1010 1926 1059 1975 et
1079 1920 1349 1990 ebrietate,
1364 1928 1757 1982 comessationi-

76 1990 196 2057 bus,
238 1996 643 2071 potationibus,
674 2010 723 2056 et
755 2003 969 2061 illicitis
1001 2008 1265 2067 idolorum
1297 2016 1673 2083 servitutibus,
1697 2018 1757 2073 in

75 2098 181 2152 quo
208 2090 531 2155 stupescunt
562 2106 665 2144 non
692 2107 1012 2152 concurrere
1036 2114 1123 2152 vos
1151 2100 1210 2155 in
1242 2103 1482 2159 eamdem
1514 2104 1755 2162 luxuria

72 2172 462 2241 confusionem
517 2175 955 2250 blasphemantes.
1015 2185 1121 2251 Qui
1157 2190 1381 2246 reddent
1407 2195 1673 2251 rationem
1706 2197 1759 2251 ei

73 2262 171 2330 qui
201 2270 447 2332 paratus
462 2271 535 2319 est
537 2267 794 2337 judicare
808 2273 953 2327 vivos
964 2282 1012 2330 et
1027 2286 1261 2334 mortuos
1286 2281 1409 2335 :bis
1424 2283 1595 2340 dictis
1618 2286 1756 2341 sub-

74 2352 289 2414 nectit,
324 2352 556 2424 Propter
571 2357 665 2411 hoc
694 2360 837 2415 enim
865 2370 913 2417 et
944 2367 1174 2421 mortuis
1196 2371 1621 2441 eoaugelizatum
1653 2383 1750 2443 est,

75 2445 133 2493 ut
164 2440 505 2510 judicentur
529 2445 740 2515 quidem
768 2452 1055 2508 secundum
1103 2456 1339 2514 homines
1366 2461 1425 2515 in
1453 2478 1637 2531 carne,
1667 2470 1753 2519 vi-

70 2537 205 2584 vant
238 2536 427 2586 autem
459 2535 757 2592 secundum
790 2538 959 2596 Deum
984 2543 1210 2614 spiritu.

152 2622 246 2676 li.
283 2621 476 2685 Quem
509 2638 631 2679 non
665 2635 899 2685 moveat
921 2631 1033 2689 ista
1058 2636 1483 2704 profunditas?
1511 2644 1748 2700 Mortuis

73 2706 226 2762 dicit
238 2709 742 2780 evangelizatum:
758 2732 909 2789 quos
924 2721 1183 2790 profecto
1196 2726 1743 2800 siintellexerimus,

74 2797 180 2867 qui
203 2796 286 2852 de
305 2814 560 2870 corpore
581 2803 871 2870 exierunt,
896 2807 976 2864 illi
1002 2812 1216 2883 opinor
1231 2822 1405 2873 erunt
1428 2819 1501 2874 de
1523 2796 1745 2892 quibus

74 2902 269 2956 supra
285 2886 457 2953 dixit,
484 2888 596 2955 Qui
612 2891 884 2950 increduli
910 2898 1136 2968 fuerunt
1158 2903 1218 2957 in
1247 2904 1429 2962 diebus
1449 2886 1567 2965 Noe
1593 2929 1617 2975 ;
1642 2917 1746 2968 aut

70 3148 188 3206 hom
199 3152 325 3207 ines
344 3152 403 3207 in
416 3171 597 3222 carne,
612 3158 801 3214 vivant
812 3170 992 3219 autem
1004 3168 1294 3225 secundum
1313 3172 1477 3229 Deum
1488 3177 1697 3247 spiritu
1711 3179 1739 3235 ?

72 3242 397 3309 quomodo
409 3242 826 3313 judicanturin
850 3267 1049 3324 carne,
1073 3272 1257 3328 quam
1279 3276 1397 3316 non
1418 3242 1663 3335 habent,
1688 3270 1737 3323 si

74 3336 244 3399 apud
270 3330 499 3388 inferos
527 3338 789 3402 sunt;vel
804 3356 990 3413 quam
1012 3347 1280 3405 nondum
1294 3363 1669 3425 receperunt,
1690 3359 1737 3414 si

71 3418 256 3475 etiam
296 3435 333 3476 a
362 3420 668 3481 doloribus
696 3427 909 3485 inferni
941 3433 1115 3491 soluti
1143 3438 1329 3494 sunt?
1357 3418 1555 3515 Neque
1577 3418 1737 3503 enim

71 3508 136 3571 si,
164 3514 235 3564 ut
267 3513 596 3581 quaerendo
621 3514 791 3584 dicis,
832 3522 1104 3579 exinaniti
1130 3534 1258 3585 sunt
1287 3529 1483 3600 inferi,
1525 3549 1737 3594 omnes

72 3597 258 3653 etiam
292 3600 396 3671 qui
427 3606 569 3657 tunc
608 3603 683 3659 ibi
714 3604 976 3677 fuerunt,
1026 3612 1087 3669 in
1133 3631 1311 3673 carne
1342 3626 1734 3685 resurrexisse

71 3687 363 3742 credendi
395 3695 531 3746 sunt
565 3709 577 3759 ;
612 3698 718 3750 aut
746 3698 847 3768 qui
887 3713 1267 3773 resurgentes
1317 3720 1733 3781 apparuerunt

68 3790 210 3831 cum
246 3777 527 3845 Domino,
560 3782 639 3837 ad
668 3784 782 3840 hoc
808 3801 1051 3846 carnem
1082 3804 1454 3866 receperunt,
1479 3805 1538 3855 ut
1563 3802 1621 3858 in
1662 3821 1731 3862 ea

64 3863 488 3932 judicarentur
500 3873 832 3931 secundum
850 3876 1160 3936 hominem
1188 3900 1200 3938 :
1220 3863 1392 3957 quod
1406 3863 1514 3945 nec
1527 3890 1601 3947 de
1616 3892 1729 3948 illis

70 3953 251 4010 video
281 3970 405 4027 quo
432 3959 614 4017 modo
628 3963 815 4035 accipi
832 3968 1040 4036 possit,
1068 3953 1477 4042 quiincreduli
1490 3977 1729 4038 fuerunt

72 4040 127 4096 in
162 4042 381 4099 diebus
404 4048 520 4103 Noe
550 4064 701 4113 ;uon
719 4052 881 4111 enim
912 4040 1285 4118 eosincarne
1302 4064 1527 4123 vixisse
1543 4070 1728 4143 scrip-

74 4132 200 4187 tum
231 4138 342 4201 est,
373 4140 476 4191 aut
506 4138 665 4193 credi
698 4148 893 4212 potest
921 4145 1056 4204 ideo
1090 4148 1319 4207 solutos
1351 4155 1587 4214 dolores
1632 4132 1727 4217 in-

74 4217 242 4285 ferni,
266 4227 329 4277 ut
348 4225 451 4295 qui
469 4225 609 4282 inde
630 4227 1043 4303 liberarentur,
1069 4254 1312 4297 carnem
1340 4243 1417 4299 ad
1438 4246 1724 4307 luendam

75 4322 318 4377 pcenam
351 4312 696 4385 reciperent.
727 4320 881 4385 Quid
911 4330 996 4382 est
1028 4343 1191 4399 ergo,
1216 4338 1275 4385 ut
1305 4332 1626 4403 iudicentur
1649 4355 1726 4395 se-

74 4398 303 4454 cundum
355 4400 590 4459 homines
630 4406 687 4461 in
738 4424 923 4477 carne,
974 4398 1159 4473 vivant
1205 4428 1383 4477 autem
1437 4427 1723 4485 secundum

76 4484 238 4542 Deum
267 4488 482 4559 spiritu
503 4492 531 4546 ?
567 4509 645 4551 an
676 4496 824 4555 forte
840 4498 955 4557 hoc
986 4508 1319 4574 praestitum
1342 4518 1429 4568 est
1454 4515 1535 4570 eis
1567 4532 1721 4588 quos

76 4577 233 4645 apud
263 4576 484 4635 inferos
525 4582 787 4642 Christus
820 4589 1067 4660 invenit,
1102 4600 1161 4651 ut
1193 4614 1297 4669 per
1335 4576 1721 4673 Evangelium

74 4664 512 4725 viviﬁcarentur
536 4673 763 4744 spiritu,
788 4682 1067 4750 quamvis
1097 4684 1157 4739 in
1188 4686 1388 4745 futura
1426 4706 1721 4750 resurrec-

71 4751 225 4810 tione
252 4754 313 4809 in
353 4772 531 4815 carne
550 4762 863 4831 judicandi
895 4770 1030 4836 sint,
1075 4777 1133 4828 ut
1163 4791 1262 4845 per
1294 4776 1563 4851 aliquam
1592 4798 1717 4839 car-

69 4842 157 4896 nis
180 4858 427 4914 posnam
456 4853 760 4909 transeant
789 4854 848 4911 in
880 4872 1132 4928 regnum
1163 4842 1267 4919 Dei
1294 4866 1321 4919 γ
1347 4867 1516 4931 Quod
1556 4871 1604 4925 si
1638 4871 1720 4928 ita

68 4936 169 4996 est,
192 4947 303 4987 cur
324 4932 435 4991 hoc
467 4944 698 4997 tantum
730 4942 804 4999 de
833 4944 947 5001 illis
980 4949 1084 5020 qui
1110 4953 1422 5023 quondam
1447 4972 1570 5014 non
1597 4976 1718 5019 cre-

67 5016 346 5079 diderunt
397 5024 455 5081 in
488 5026 702 5085 diebus
738 5034 878 5103 Noe,
912 5016 1149 5095 acinon-
1176 5041 1355 5099 etiam
1387 5045 1461 5101 de
1492 5050 1718 5106 caeteris

68 5122 216 5180 quos
254 5111 369 5167 illic
396 5115 602 5173 Christi
638 5120 897 5179 visitatio
929 5130 1242 5201 comperit,
1278 5147 1384 5203 per
1416 5137 1715 5209 Evangelii

70 5200 547 5267 praedicationem
603 5209 812 5280 spiritu
854 5200 1215 5285 revixerunt,
1264 5200 1475 5292 postea
1503 5229 1716 5285 transi-

69 5290 215 5346 toria
243 5306 425 5361 poena
454 5293 513 5350 in
540 5312 721 5353 carne
743 5299 1055 5370 judicandi
1085 5306 1113 5363 '1
1144 5290 1314 5373 Quod
1346 5312 1393 5366 si
1421 5312 1494 5368 de
1526 5317 1716 5372 omni-

70 5374 176 5433 bus
229 5383 661 5453 acceperimus,
716 5402 919 5447 manet
947 5396 1224 5464 quazstio,
1258 5414 1445 5470 quare
1508 5405 1710 5461 Petrus

68 5481 162 5523 eos
207 5472 439 5527 tantum
500 5481 1016 5550 commemoravit,
1063 5484 1169 5554 qui
1226 5491 1365 5544 tunc
1422 5490 1711 5549 increduli

70 5552 298 5614 fuerunt
319 5574 458 5616 cum
490 5559 885 5623 fabricaretur
904 5584 1066 5627 arca.

134 5650 218 5703 12.
241 5648 431 5707 Movet
470 5650 651 5709 etiam
687 5652 856 5722 illud,
880 5659 1045 5731 quod
1070 5661 1112 5719 ii
1136 5663 1242 5737 qui
1281 5663 1356 5722 de
1375 5664 1491 5724 hac
1520 5682 1583 5725 re
1612 5685 1709 5728 co-

344 5789 591 5851 Paraoa.
618 5794 866 5853 XXXIII.

1366 178 1873 247 EPISTOLARUM
1910 182 2338 250 CLASSIS-III.

3447 210 3554 270 7M

1896 317 2117 369 nantur
2140 315 2387 373 reddere
2410 319 2719 391 rationem,
2744 324 2879 383 ideo
2892 326 3096 386 dicunt
3115 333 3345 394 Christo
3362 338 3441 394 ad
3462 338 3547 396 in—

1896 398 2052 457 feros
2080 402 2499 475 descendente,
2522 409 2592 465 iis
2612 413 2716 484 qui
2742 413 2824 470 ibi
2845 415 3066 474 inventi
3097 428 3256 491 sunt,
3285 424 3385 483 illa
3406 427 3538 486 loca

1893 490 2155 560 poenalia
2173 498 2462 567 tanquam
2482 514 2748 557 carceres
2770 504 3129 575 exinanitos,
3155 512 3259 583 qui
3287 529 3405 571 non
3434 534 3539 574 au-

1890 577 2122 637 dierant
2143 583 2548 657 Evangelium,
2572 592 2737 661 quod
2763 592 2875 649 illis
2909 577 3237 656 viventibus
3265 606 3537 664 nondum

1890 671 2013 724 toto
2041 670 2185 727 orbe
2207 675 2664 746 praedicabatur,
2692 685 2747 736 et
2770 681 2965 752 justas
2985 686 3289 747 habebant
3319 709 3535 753 causas

1888 772 1994 812 cur
2009 774 2129 815 non
2152 762 2564 833 credidissent,
2583 771 2744 839 quod
2768 772 2851 826 eis
2866 789 2985 829 non
3007 775 3203 834 fuerat
3219 786 3535 842 annuntia-

1886 850 2012 904 tum
2029 864 2041 902 :
2058 850 2343 923 deinceps
2366 859 2568 913 autem
2591 874 2710 915 non
2733 860 3041 920 habituros
3060 872 3529 943 excusationem,

1884 937 1983 1008 qui
2001 940 2489 1010 prmdicationem
2510 949 2808 1019 Evangelii
2823 968 3151 1023 peromnes
3164 965 3368 1029 gentes
3384 965 3530 1020 cele-

1880 1024 2116 1084 bratam
2140 1030 2548 1107 diﬁusamque
2574 1045 2967 1098 contemnunt
2992 1062 3004 1113 ;
3025 1049 3079 1100 et
3100 1024 3234 1104 ideo
3258 1050 3371 1106 illis
3389 1058 3528 1110 tunc

1880 1119 2179 1173 evacuatis
2202 1123 2541 1179 carceribus
2563 1126 2691 1197 jam
2708 1129 2939 1199 justum
2970 1138 3525 1213 restarejudicium,

1877 1219 2000 1276 quo
2022 1214 2405 1267 contumaces
2430 1215 2558 1269 etin
2582 1215 2784 1273 fideles
2801 1223 2979 1278 etiam
3005 1228 3226 1283 interno
3255 1229 3388 1299 igne
3420 1249 3526 1303 pu-

1875 1294 2136 1351 niantur.
2152 1300 2267 1354 Nec
2280 1303 2479 1357 attend
2490 1306 2707 1377 untqui
2732 1306 2847 1364 hoc
2861 1312 3141 1379 sentiunt,
3166 1294 3323 1373 han'c
3349 1294 3524 1377 excu-

1875 1383 2165 1441 sationem
2181 1388 2401 1445 habere
2426 1407 2601 1463 posse
2628 1400 2951 1471 omnesqui
2968 1402 3145 1459 etiam
3160 1412 3295 1475 post
3325 1424 3521 1465 resur-

1873 1474 2196 1531 rectionem
2246 1477 2455 1535 Christi
2509 1488 2835 1554 antequam
2881 1488 2958 1544 ad
2999 1506 3100 1546 eos
3132 1474 3519 1566 Evangelium

1871 1564 2224 1630 perveniret,
2240 1581 2309 1621 ex
2324 1567 2438 1623 hac
2452 1570 2970 1643 vitaemigrarunt.
2988 1581 3187 1652 Neque
3203 1584 3361 1641 enim
3375 1603 3519 1659 pos-

1872 1652 2152 1721 teaquam
2182 1652 2469 1713 Dominus
2490 1663 2775 1717 remeavit
2815 1666 2891 1721 ab
2924 1667 3147 1735 inferis,
3185 1688 3364 1730 nemo
3390 1692 3520 1747 per-

1870 1737 2091 1794 missus
2113 1743 2525 1802 estiterumire
2549 1749 2625 1804 ad
2648 1750 2887 1816 inferos,
2906 1755 3235 1817 nisiaudito
3253 1765 3513 1835 Evange-

1865 1824 1965 1898 lio,
1999 1845 2136 1885 cum
2168 1836 2285 1889 tam
2308 1835 2477 1892 multi
2506 1848 2876 1898 morerentur
2906 1848 3025 1901 toto
3039 1848 3183 1905 orbe
3202 1856 3509 1927 terrarum,

1867 1922 2186 1989 antequam
2210 1923 2287 1978 ad
2316 1940 2417 1980 eos
2445 1925 2573 1983 haec
2607 1932 2982 1991 annuntiatio
3014 1942 3345 2007 perveniret
3370 1961 3383 2010 ;
3410 1948 3512 2017 qui

1867 2020 2078 2062 omnes
2093 2008 2883 2087 habebuntexcusationem,
2907 2040 3044 2095 quae
3072 2028 3271 2086 ablata
3302 2008 3514 2092 dicilur

1866 2093 1952 2148 eis
1990 2096 2208 2167 quibus
2232 2100 2519 2159 Dominus
2546 2121 2685 2162 cum
2730 2093 3006 2179 venisset,
3036 2116 3177 2185 quia
3225 2126 3361 2177 ante
3388 2139 3510 2180 non

1867 2183 2199 2253 audierant,
2227 2190 2287 2244 in
2317 2190 2549 2249 inferno
2570 2194 2785 2252 dicitur
2814 2183 3198 2269 praedicasse.

1941 2277 2024 2329 l3.
2054 2276 2170 2331 Nisi
2195 2277 2337 2334 forte
2362 2280 2595 2337 dicatur
2624 2284 2799 2339 etiam
2830 2287 2972 2344 istos
3003 2293 3105 2363 qui
3124 2300 3257 2365 post
3276 2301 3509 2359 Domini

1863 2365 2376 2434 resurrectionem,
2392 2373 2663 2428 nondum
2677 2374 2790 2435 sibi
2814 2382 3170 2439 annuntiato
3195 2388 3510 2460 Evangelio

1862 2453 2085 2508 mortui
2100 2461 2253 2522 sunt,
2274 2458 2395 2513 sive
2412 2460 2764 2529 moriuntur,
2782 2464 2898 2522 illic
2920 2471 3082 2540 apud
3102 2472 3324 2532 inferos
3342 2482 3507 2537 audi-

1859 2553 1922 2595 re
1944 2543 2206 2612 potuisse
2230 2547 2321 2601 vel
2338 2563 2537 2618 posse,
2557 2551 2743 2607 utillic
2764 2556 3186 2631 credantquod
3208 2564 3281 2621 de
3296 2568 3505 2628 Christi

1857 2630 2100 2687 veritate
2113 2633 2479 2692 credendum
2492 2643 2599 2704 est,
2618 2646 2674 2696 et
2695 2630 3146 2705 habeantetiam
3169 2651 3284 2723 ipsi
3302 2659 3506 2714 remis-

1857 2720 2087 2776 sionem
2111 2739 2179 2779 ac
2203 2723 2476 2790 salutem,
2502 2742 2687 2799 quam
2706 2730 2783 2786 illi
2811 2746 3157 2795 meruerunt
3181 2743 3507 2813 quibusibi

1857 2808 2115 2865 Chrisius
2129 2813 2732 2890 annuntiavit.Neque
2746 2821 2905 2877 enim
2920 2825 3065 2895 quia
3076 2843 3283 2885 rursus
3299 2849 3504 2893 ascen-

1853 2897 2217 2955 ditChristus
2243 2902 2320 2957 ab
2350 2901 2572 2970 inferis,
2599 2906 2734 2963 ideo
2760 2908 2837 2964 ibi
2862 2910 3025 2971 fama
3054 2931 3185 2985 ejus
3213 2924 3503 2985 eXStincta

1851 2992 1942 3043 est
1972 3004 1986 3055 ;
2010 3004 2151 3045 nam
2186 2995 2241 3045 et
2264 2991 2403 3046 hinc
2424 2995 2700 3050 ascendit
2720 2997 2779 3051 in
2798 3000 3035 3068 oculum,
3057 3009 3112 3060 et
3144 3010 3344 3065 tamen
3369 3014 3500 3084 ejus

1850 3079 2433 3151 annuntiatione,qui
2461 3082 2522 3137 in
2549 3098 2686 3139 eum
2712 3086 3092 3157 crediderint,
3126 3094 3273 3152 salvi
3305 3108 3499 3160 erunt.

1849 3164 1989 3222 Ideo
2015 3170 2239 3239 quippe
2253 3170 2546 3227 exaltatus
2567 3180 2673 3239 est,
2707 3176 3071 3236 etdonatum
3095 3188 3180 3239 est
3206 3187 3257 3241 ei
3273 3203 3496 3247 nomen

1847 3257 2012 3327 quod
2043 3264 2134 3314 est
2164 3275 2345 3330 super
2382 3276 2562 3317 omne
2612 3279 2852 3330 nomen,
2888 3272 2951 3323 ut
2981 3269 3041 3324 in
3088 3275 3330 3331 nomine
3360 3281 3491 3350 ejus

1846 3360 2026 3402 omne
2048 3362 2204 3418 genu
2225 3348 2514 3415 ﬂectatur,
2533 3366 2650 3407 non
2666 3354 2861 3411 solum
2874 3358 3202 3416 cmlestium
3218 3371 3272 3419 et
3289 3348 3499 3424 terres-

1848 3436 2046 3501 trium,
2061 3453 2264 3493 verum
2279 3440 2457 3495 etiam
2472 3440 2838 3499 infernorum
2855 3445 3241 3519 (Philipp.n,9,
3254 3455 3362 3527 κιο).
3381 3460 3495 3517 Sed

1844 3525 2004 3587 hanc
2022 3528 2374 3598 opinionem
2395 3530 2442 3583 si
2468 3530 2858 3599 admittimus,
2889 3551 3011 3605 qua
3054 3544 3250 3610 putari
3280 3525 3489 3616 potest,

1842 3612 2142 3683 homines,
2171 3617 2272 3688 qui
2303 3633 2441 3673 cum
2488 3619 2769 3685 viverent,
2804 3624 3048 3681 minime
3088 3631 3487 3704 crediderunt,

1842 3718 2021 3775 posse
2047 3706 2105 3759 in
2128 3706 2423 3762 Christum
2457 3710 2620 3778 apud
2650 3708 2871 3765 inferos
2899 3715 3152 3782 credere,
3180 3722 3317 3791 quis
3344 3724 3491 3783 ferat

1840 3805 1975 3864 quae
1989 3800 2442 3865 consequuntur
2456 3795 2740 3860 absurda,
2755 3796 3013 3872 ﬁdeique
3027 3810 3363 3867 contraria?
3376 3814 3488 3867 Pri-

1839 3896 2029 3945 mum,
2055 3897 2128 3937 ne
2152 3881 2365 3937 frustra
2387 3883 2587 3939 dolere
2616 3884 2928 3943 videamur
2957 3906 3058 3946 eos
3087 3897 3191 3964 qui
3221 3897 3348 3953 sine
3372 3900 3485 3958 ista

1838 3971 2029 4039 gratia
2044 3971 2117 4026 de
2131 3986 2375 4042 corpore
2389 3973 2676 4039 exierunt,
2694 3974 3024 4049 frustraque
3038 3996 3243 4041 curam
3259 4001 3480 4057 gerere,

1836 4064 2014 4131 atque
2043 4062 2332 4116 instanter
2347 4060 2567 4117 hortari
2592 4068 2653 4119 ut
2675 4079 2808 4120 eam
2830 4067 3103 4125 homines
3130 4074 3483 4148 priusquam

1838 4149 2171 4203 moriantur
2184 4150 2529 4221 percipiant,
2546 4167 2618 4206 ne
2640 4156 3002 4224 sempiterna
3020 4167 3210 4218 morte
3225 4167 3484 4235 punian-

1836 4242 1949 4293 tur.
1974 4243 2087 4293 Aut
2128 4238 2174 4293 si
2192 4238 2271 4294 illi
2298 4242 2529 4296 tantum
2552 4241 2715 4310 apud
2745 4242 2965 4300 inferos
2992 4247 3273 4308 inutiliter
3302 4261 3480 4328 atque

1833 4324 2196 4383 infructuose
2219 4328 2486 4393 credunt,
2510 4330 2612 4400 qui
2636 4332 2957 4400 Evangelio
2989 4336 3103 4393 sibi
3126 4324 3479 4400 annuntiato

1832 4414 1930 4470 hic
1954 4416 2193 4471 credere
2212 4417 2553 4488 noluerunt;
2575 4417 2691 4475 illis
2712 4428 2910 4476 autem
2936 4426 3196 4493 proderit
3215 4431 3473 4497 credere,

1832 4504 1932 4575 qui
1948 4520 2068 4560 non
2084 4505 2177 4559 hic
2191 4509 2855 4577 contempseruntquod
2878 4511 3083 4567 audire
3110 4516 3352 4573 minime
3374 4538 3478 4592 po-

1833 4598 2091 4659 tuerunt,
2130 4592 2293 4648 aliud
2333 4593 2601 4664 sequitur
2626 4594 2973 4665 absurdius,
3010 4606 3070 4656 ut
3101 4602 3198 4659 hic
3242 4622 3364 4662 non
3403 4611 3477 4667 sit

1830 4680 2215 4751 Evangelium
2257 4681 2729 4751 praedicandum,
2781 4688 3068 4756 quoniam
3113 4707 3325 4750 omnes
3369 4700 3476 4755 uti-

1830 4786 1947 4843 que
1978 4770 2245 4826 morituri
2285 4776 2442 4835 sunt,
2490 4776 2545 4826 et
2594 4773 2720 4829 sine
2770 4774 2892 4830 ullo
2936 4786 3100 4834 reatu
3152 4790 3475 4858 contempti

1830 4859 2134 4929 Evangelii
2185 4861 2383 4914 venire
2436 4859 2514 4914 ad
2554 4860 2775 4919 inferos
2826 4863 3065 4938 debent,
3114 4876 3174 4924 ut
3206 4872 3288 4928 eis
3335 4892 3471 4946 pro-

1828 4950 1999 5006 desse
2030 4949 2242 5020 possit,
2276 4965 2414 5004 cum
2453 4949 2535 5004 ibi
2587 4951 2943 5010 crediderint
2978 4975 2990 5008 :
3035 4960 3201 5029 quod
3234 4965 3469 5029 sentire,

1828 5038 2029 5109 impiae
2061 5036 2338 5093 vanitatis
2369 5041 2475 5092 est.

1899 5127 2123 5184 CAPUT
2152 5128 2213 5182 V.
2239 5157 2306 5168 —
2340 5128 2420 5181 14.
2440 5126 2843 5191 Quamobrem
2874 5134 3470 5194 teneamusﬁrmissi-

1826 5234 1944 5283 me,
1969 5217 2133 5289 quod
2160 5216 2309 5270 ﬁdes
2340 5215 2520 5271 habet
2545 5214 2968 5275 fundatissima
2999 5224 3349 5281 auctoritate
3373 5228 3472 5285 lir-

1825 5313 2008 5371 mata,
2027 5307 2164 5372 Quia
2179 5304 2682 5361 Christusmortuus
2711 5311 2785 5359 est
2805 5307 3095 5364 secundum
3132 5310 3467 5386 Scriptus-as,

1822 5405 1871 5452 et
1883 5396 2010 5468 quia
2020 5396 2257 5465 sepultus
2274 5402 2366 5459 est,
2380 5400 2428 5447 et
2440 5393 2568 5464 quia
2582 5394 2889 5449 resurrexit
2902 5398 3068 5451 tertia
3078 5398 3165 5454 die
3176 5406 3464 5464 secundum

1821 5483 2326 5556 δστίρωνηεμοον,
2347 5498 2433 5547 xv,
2451 5486 2503 5546 3,
2523 5482 2598 5553 4),
2615 5489 2669 5536 et
2686 5490 2897 5538 caetera
2923 5500 3057 5555 quae
3082 5488 3155 5544 de
3178 5489 3467 5554 illotesta-

1820 5578 2051 5633 tissima
2064 5574 2305 5629 veritate
2316 5570 2543 5627 conscri
2555 5576 2655 5641 pta
2667 5577 2832 5625 sunt:
2852 5572 2909 5627 in
2923 5574 3144 5645 quibus
3158 5580 3338 5639 etiam
3355 5586 3467 5645 hoc

1816 5671 1923 5731 est,
1956 5662 2122 5737 quod
2145 5660 2310 5733 apud
2330 5658 2547 5715 inferos
2563 5659 2691 5729 fuit,
2712 5659 3043 5735 solutisque
3070 5680 3280 5726 eorum
3304 5674 3469 5735 dolo.

2731 5802 2751 5875 (
2770 5802 3187 5888 Vingt-Trois.)
