4136 6172
588 156 694 220 715

592 288 763 345 ribus
784 284 1004 358 quibus
1030 298 1169 338 eum
1197 278 1704 351 eratimpossibile
1731 279 1935 344 teneri,
1969 295 2004 335 a
2021 279 2242 351 quibus

596 379 774 434 etiam
828 377 982 429 recte
1023 370 1368 439 intelligitur
1397 368 1650 424 solvisse
1683 373 1736 424 et
1773 367 2059 424 liberasse
2088 382 2243 438 quos

597 464 800 524 voluit,
834 474 1052 530 corpus
1076 458 1240 528 quod
1261 457 1320 512 in
1346 473 1521 512 cruce
1543 457 1858 528 reliquerat
1890 456 1947 511 in
1971 454 2244 526 sepulcro

593 552 852 624 positum
877 547 1190 618 recepisse.
1221 549 1282 600 111
1311 546 1410 601 illa
1430 561 1563 600 vero
1589 562 1774 616 quam
1796 544 2154 616 proposuisti
2171 542 2244 597 de

591 639 788 696 verbis
825 637 974 692 Petri
999 635 1249 707 apostoli
1291 634 1640 707 quaestione,
1671 635 1956 704 quoniam
1982 648 2118 704 quae
2151 647 2247 687 me

592 733 874 784 moveant
905 725 1216 796 perspicis,
1259 729 1314 779 et
1346 723 1460 778 alia
1514 722 1784 787 fortasse,
1828 724 1873 776 si
1903 721 2247 791 diligentius

592 816 1044 879 discuetiantur,
1074 818 1328 884 possunt
1379 827 1619 867 movere
1655 828 1667 876 ;
1702 812 1792 866 vel
1822 810 1982 882 apud
2035 826 2146 866 nos
2177 824 2250 865 ea

594 905 937 976 cogitando,
974 906 1066 957 vel
1093 917 1249 973 quos
1282 900 1533 970 dignum
1559 906 1650 955 est
1671 905 1727 955 et
1756 915 2080 970 possumus
2112 913 2251 954 con-

596 995 869 1057 sulendo,
895 1007 1261 1064 quaeramus.

674 1089 757 1139 15.
780 1080 1102 1137 Considera
1130 1084 1329 1134 tamen
1354 1093 1427 1132 ne
1451 1077 1595 1133 forte
1623 1081 1810 1132 totum
1833 1076 1972 1131 illud
1991 1075 2154 1148 quod
2177 1076 2251 1130 de

601 1171 896 1229 conclusis
911 1170 968 1224 in
984 1182 1217 1224 carcere
1238 1166 1566 1238 spiritibus,
1581 1167 1687 1238 qui
1701 1167 1758 1221 in
1773 1166 1985 1221 diebus
2000 1169 2116 1221 Noe
2130 1180 2251 1220 non

599 1261 997 1322 crediderant,
1023 1260 1220 1312 Petrus
1234 1254 1549 1325 apostolus
1564 1255 1725 1318 dicit,
1743 1257 1990 1311 omnino
2010 1254 2085 1308 ad
2112 1253 2254 1308 infe-

602 1367 701 1406 ros
717 1364 835 1405 non
854 1347 1165 1420 pertineat;
1182 1345 1288 1400 sed
1302 1345 1376 1400 ad
1393 1343 1491 1398 illa
1505 1344 1700 1416 potius
1715 1350 1984 1415 tempora
1995 1359 2252 1414 quorum

602 1439 860 1495 formam
893 1437 968 1491 ad
1001 1436 1127 1489 haec
1152 1440 1424 1504 tempora
1457 1433 1772 1487 transtulit.
1795 1432 1896 1487 illa
1917 1432 2140 1504 quippe
2163 1447 2255 1487 res

604 1535 772 1598 gesta
803 1526 996 1580 forma
1028 1524 1217 1578 fuerat
1239 1523 1596 1585 futurorum,
1632 1528 1694 1576 ut
1723 1522 1758 1576 ii
1790 1521 1893 1592 qui
1925 1521 2108 1576 modo
2134 1536 2255 1575 non

602 1616 855 1672 credunt
884 1612 1228 1680 Evangelio,
1251 1611 1396 1665 dum
1413 1611 1470 1664 in
1488 1609 1771 1665 omnibus
1785 1610 2062 1676 gentibus
2075 1609 2258 1664 aediﬁ-

599 1711 767 1761 catur
797 1701 1080 1766 Ecclesia,
1115 1699 1226 1754 illis
1275 1699 1684 1767 intelligantur
1711 1715 1839 1754 esse
1871 1698 2111 1763 similes,
2152 1698 2256 1770 qui

601 1800 742 1848 tunc
788 1807 908 1846 non
941 1789 1321 1845 crediderunt
1373 1804 1510 1843 cum
1544 1787 1933 1843 fabricaretur
1964 1803 2100 1843 arca
2136 1807 2146 1845 :
2177 1787 2258 1842 illi

599 1888 802 1938 autem
851 1879 954 1951 qui
996 1877 1393 1944 crediderunt,
1427 1883 1481 1931 et
1523 1892 1628 1948 per
1673 1876 2044 1948 Baptismum
2107 1875 2256 1931 salvi

601 1972 773 2035 ﬁunt,
791 1970 905 2023 illis
925 1971 1375 2038 comparentur,
1392 1967 1492 2037 qui
1511 1971 1649 2020 tunc
1663 1966 1720 2020 in
1733 1965 1942 2020 eadem
1959 1981 2098 2020 arca
2111 1964 2254 2020 salvi

601 2061 1006 2128 factisuntper
1019 2071 1275 2125 aquam;
1305 2054 1462 2109 unde
1477 2054 1574 2119 ait,
1590 2053 1680 2108 Sic
1703 2061 1750 2110 et
1772 2071 1858 2109 vos
1881 2054 2057 2109 simili
2081 2054 2260 2124 [arma

603 2149 888 2220 Baptisma
928 2146 1097 2199 salvos
1123 2143 1283 2216 facit.
1323 2144 1410 2198 Ad
1442 2144 1600 2198 hanc
1653 2144 1834 2213 igitur
1862 2143 2071 2199 formai
2104 2144 2259 2199 simi-

605 2238 938 2301 litudinem,
968 2239 1182 2290 caetera
1208 2233 1387 2288 etiam
1427 2232 1501 2287 de
1534 2233 1855 2288 incredulis
1886 2239 2257 2305 coaptemus,

607 2333 662 2384 et
691 2342 809 2382 non
842 2324 1214 2395 suspicemur
1237 2322 1396 2392 quod
1419 2322 1578 2392 apud
1600 2321 1821 2376 inferos
1850 2321 1923 2377 ad
1957 2321 2261 2376 faciendos

607 2416 814 2473 ﬁdeles
861 2422 1039 2485 atque
1068 2410 1416 2466 liberandos
1443 2410 1835 2480 Evangelium
1869 2411 2261 2482 praedicatum

608 2509 700 2570 sit,
763 2504 851 2558 vel
884 2503 1082 2557 adhuc
1137 2501 1317 2555 etiam
1351 2499 1728 2571 praedicetur,
1757 2499 1930 2570 quasi
1964 2504 2021 2554 et
2073 2499 2152 2554 ibi
2190 2499 2264 2554 sit

614 2593 874 2649 Ecclesia
905 2590 1251 2646 constituta.

688 2685 768 2737 t6.
799 2680 887 2736 Ad
919 2680 1083 2734 illum
1116 2693 1257 2747 ergo
1290 2693 1531 2733 sensum
1559 2677 1660 2749 qui
1690 2682 1741 2732 te
1773 2682 1996 2743 movet,
2020 2677 2156 2734 ideo
2186 2678 2263 2733 vi-

612 2772 828 2827 dentur
846 2768 1074 2824 attracti
1093 2769 1195 2840 qui
1209 2767 1322 2822 hoc
1338 2769 1568 2821 Petrum
1589 2766 1846 2822 sensisse
1858 2766 2257 2830 crediderunt,

613 2861 752 2934 quia
773 2859 938 2921 dixit,
970 2856 1267 2912 conclusis
1296 2856 1355 2910 in
1383 2870 1619 2911 carcere
1648 2855 1954 2926 spiritibus
1986 2855 2266 2926 praedica-

612 2955 759 3013 tum,
777 2947 953 3020 quasi
972 2945 1190 3001 animm
1210 2959 1326 3000 non
1344 2945 1574 3016 possint
1588 2943 1831 3013 intelligi
1847 2943 2111 3016 spiritus,
2128 2960 2264 3015 quae

611 3045 754 3094 tunc
777 3041 944 3091 erant
959 3034 1016 3088 in
1032 3049 1234 3102 carne,
1259 3039 1438 3104 atque
1457 3032 1809 3101 ignorantiae
1836 3032 2094 3088 tenebris
2109 3032 2266 3088 velut

612 3142 846 3184 carcere
877 3123 1339 3189 claudebantur;
1364 3121 1863 3192 dequalicarcere
1890 3138 1952 3177 se
1969 3122 2268 3179 desiderat

611 3215 853 3273 liberari
884 3214 978 3269 ille
1010 3213 1113 3284 qui
1141 3212 1296 3274 dicit,
1324 3211 1479 3265 Educ
1502 3210 1564 3263 de
1589 3213 2058 3267 carcereanimam
2073 3229 2263 3279 meam,

614 3314 672 3375 ut
703 3305 1023 3374 conﬁteatur
1053 3300 1266 3355 nomini
1323 3307 1413 3353 tuo
1444 3298 1610 3356 (Psat.
1641 3315 1788 3364 cxu,
1825 3304 1879 3367 8)
1911 3319 1926 3371 ς
1961 3317 2095 3372 quae
2126 3301 2266 3358 alibi

617 3394 834 3449 umbra
851 3391 1054 3444 mortis
1087 3387 1454 3460 appellatur:
1481 3387 1554 3442 de
1580 3403 1702 3459 qua
1729 3404 1848 3444 non
1883 3390 2084 3460 utique
2103 3390 2266 3461 apud

617 3482 855 3546 inferos,
889 3481 992 3533 sed
1022 3479 1118 3532 hic
1148 3477 1380 3531 liberati
1407 3483 1565 3546 sunt,
1599 3476 1672 3531 de
1712 3477 1936 3550 quibus
1977 3479 2266 3549 scriptum

620 3577 728 3639 est,
764 3569 871 3633 Qui
894 3566 1139 3622 sedebant
1171 3567 1232 3619 in
1261 3564 1452 3619 umbra
1505 3565 1716 3635 mortis,
1775 3567 1950 3621 lumen
1979 3574 2158 3623 ortum
2191 3575 2266 3623 est

619 3660 695 3716 eis
721 3657 874 3718 (Isai.
901 3673 981 3721 ix,
1024 3657 1100 3727 2).
1136 3655 1250 3710 Illis
1289 3660 1488 3710 autem
1531 3656 1589 3710 in
1643 3654 1858 3710 diebus
1902 3659 2019 3712 Noe
2051 3656 2268 3713 frustra

619 3747 1010 3820 praedicatum
1033 3751 1136 3811 est,
1153 3744 1296 3816 quia
1325 3759 1443 3798 non
1458 3743 1858 3809 crediderunt,
1875 3761 2010 3800 cum
2026 3761 2270 3817 exspec-

621 3844 767 3895 taret
793 3852 896 3892 eos
931 3834 1023 3890 Dei
1058 3834 1344 3905 patientia
1396 3849 1501 3904 per
1541 3839 1779 3904 tempus
1810 3839 1892 3889 tot
1921 3836 1937 3869 ¹
1970 3850 2266 3891 annorum

618 3927 843 3999 quibus
868 3940 1010 3979 arca
1039 3923 1252 3977 eadem
1284 3921 1574 3978 fabricata
1623 3928 1708 3978 est
1733 3923 1896 3993 (nam
1929 3924 2060 3995 ejus
2091 3924 2269 3980 etiam

620 4012 929 4070 fabricatio
978 4011 1438 4084 quodammodo
1491 4011 1834 4082 praedicatio
1887 4011 2018 4083 fuit)
2058 4029 2073 4078 ;
2120 4015 2271 4068 sicut

622 4102 804 4157 modo
837 4100 1057 4154 similes
1084 4114 1292 4153 eorum
1323 4114 1443 4152 non
1476 4100 1747 4164 credunt,
1779 4101 1881 4171 qui
1914 4101 2026 4155 sub
2058 4102 2269 4157 eadem

622 4192 837 4258 forma,
887 4187 1237 4257 ignorantiae
1285 4186 1544 4242 tenebris
1573 4187 1734 4242 velut
1761 4204 1995 4244 carcere
2027 4190 2273 4246 conclu-

621 4280 864 4341 duntur,
898 4277 1118 4332 frustra
1173 4276 1469 4330 intuentes
1513 4275 1836 4331 Ecclesiam
1870 4281 1990 4333 toto
2041 4280 2271 4336 mundo

620 4367 902 4432 construi,
935 4363 1549 4433 imminentejudicio,
1585 4369 1874 4436 tanquam
1893 4365 2122 4423 diluvio
2151 4383 2273 4440 quo

623 4465 762 4513 tunc
787 4471 996 4512 omnes
1025 4453 1314 4509 increduli
1346 4454 1679 4526 perierunt:
1712 4456 1793 4510 ait
1822 4457 2047 4528 quippe
2078 4458 2272 4513 Domi-

623 4563 760 4612 nus,
792 4545 1014 4599 Sicutin
1027 4542 1211 4597 diebus
1239 4542 1370 4607 Noe,
1395 4543 1476 4596 ita
1498 4543 1606 4596 erit
1621 4550 1667 4597 et
1688 4543 2098 4599 indiebusFilii
2111 4545 2276 4600 homi-

625 4638 729 4688 nis.
747 4633 1176 4696 Manducabant,
1195 4631 1464 4695 bibebant,
1484 4632 1767 4698 nubebant,
1783 4649 1976 4688 uxores
1992 4634 2274 4704 ducebant,

624 4723 785 4778 donec
816 4722 1047 4776 intravit
1071 4721 1185 4777 Noe
1208 4722 1265 4775 in
1295 4738 1507 4790 arcam,-
1537 4722 1681 4775 venit
1702 4722 1992 4791 diluvium,
2020 4730 2071 4778 et
2093 4725 2277 4794 perdi-

626 4812 706 4867 dit
738 4811 1082 4880 omnes(Luc.
1104 4828 1232 4875 xvu,
1262 4811 1372 4868 26).
1393 4811 1505 4866 Sed
1527 4811 1671 4882 quia
1699 4828 1768 4866 ea
1792 4829 1883 4868 res
1906 4819 2074 4881 gesta
2095 4815 2274 4870 etiam

626 4901 890 4957 futuram
914 4916 1036 4954 rem
1062 4899 1458 4968 signiﬁcabat,
1476 4900 1702 4955 ideoibi
1720 4901 2034 4967 diluvium,
2058 4909 2114 4958 et
2134 4906 2279 4974 Bap-

627 4993 869 5047 tismum
887 4988 1244 5059 significavit
1259 4988 1560 5053 ﬁdelibus,
1578 4995 1633 5043 et
1646 4989 1986 5045 inﬁdelibus
2002 5007 2272 5063 poenam;

626 5081 779 5136 sicut
797 5081 853 5134 in
869 5079 1062 5150 ﬁgura
1079 5093 1194 5132 non
1212 5078 1289 5131 rei
1305 5084 1506 5146 gestas,
1525 5078 1625 5131 sed
1642 5081 2061 5136 tantummodo
2082 5081 2273 5148 dictae,

624 5170 787 5242 quod
819 5169 892 5224 de
915 5167 1112 5240 lapide
1142 5167 1428 5238 scriptum
1453 5173 1544 5220 est
1599 5167 1766 5236 (Psal.
1793 5182 1969 5234 cxvu,
1996 5174 2063 5224 22
2096 5187 2108 5236 ;
2143 5172 2275 5226 Isai.

624 5275 739 5325 vui,
775 5260 859 5328 14,
883 5264 929 5310 et
961 5272 1163 5322 xxvm,
1191 5260 1250 5310 l6
1275 5273 1290 5325 ;
1317 5255 1458 5310 Dan.
1482 5273 1537 5320 u,
1568 5259 1654 5318 34.
1683 5257 1776 5325 45;
1807 5257 2002 5314 Matth.
2031 5276 2143 5326 11111,
2169 5261 2274 5327 44;

627 5347 758 5403 Luc.
795 5364 890 5412 xx,
925 5348 980 5400 Π
1020 5363 1032 5410 ;
1088 5346 1212 5399 Act.
1246 5360 1324 5409 iv,
1368 5346 1426 5399 11
1469 5361 1481 5410 ;
1532 5345 1683 5400 Rom.
1727 5361 1805 5411 1x,
1847 5351 1932 5412 33,
1967 5349 2120 5421 etc.).
2155 5366 2276 5422 quo

627 5435 996 5503 signiﬁcatus
1020 5435 1401 5499 estChristus,
1431 5435 1553 5490 duo
1571 5435 1853 5506 quaedam
1880 5439 2278 5508 praenuntiata

693 5612 706 5642 ι
738 5609 864 5659 Bad.
901 5613 1017 5659 Arn.
1041 5615 1088 5660 et
1123 5611 1224 5667 Er..
1259 5625 1353 5672 per
1388 5616 1580 5675 tempus
1611 5617 1808 5662 centum
1840 5629 2117 5667 annorum.

1871 149 1934 209 S.
1959 149 2350 211 AUGUSTINI
2392 146 2720 211 EPISCOPI
3834 159 3923 224 ’116

2355 281 2518 348 sunt,
2548 282 2607 334 et.
2637 276 2980 334 inﬁdelibus
3009 276 3458 344 offendiculum,
3477 283 3532 335 et
3554 279 3800 341 ﬁdelibus
3817 291 3932 346 tedi-

2354 367 2578 423 ﬁcium.
2609 366 2947 438 Aliquando
2977 365 3247 422 autemin
3275 366 3484 423 eadem
3504 367 3679 439 ﬁgura
3706 375 3785 429 vel
3799 383 3934 445 gesta

2354 455 2447 511 vel
2471 456 2653 522 dicta,
2694 456 2873 512 etiam
2901 456 3037 510 dum
3060 471 3153 510 res
3166 454 3393 527 aliquid
3409 472 3584 513 unum
3605 459 3933 532 signiﬁcant;

2355 546 2508 600 sicut
2531 544 2732 600 ﬁdeles
2764 544 3246 614 signiﬁcaverunt
3262 545 3626 617 lignaqurein
3641 565 3774 604 arcte
3795 551 3936 609 {abri-

2356 649 2491 689 cam
2526 638 2803 705 coaptata
2831 637 2985 698 sunt,
3020 633 3392 705 eosdemque
3421 633 3589 690 etiam
3617 638 3807 694 animai
3832 647 3939 698 octo

2355 738 2491 794 qum
2523 723 2583 778 in
2605 723 2817 779 eadem
2846 721 3265 778 arcaliberatae
3287 726 3424 776 sunt
3449 739 3462 777 :
3486 726 3770 795 quomodo
3789 730 3839 782 in
3861 729 3938 786 illa

2357 810 2708 881 evangelica
2763 810 3149 866 similitudine
3181 810 3257 866 de
3287 810 3447 877 ovili,
3478 811 3629 868 idem
3680 815 3793 885 ipse
3817 817 3942 873 Chri-

2359 906 2484 955 stus
2513 904 2684 956 estet
2720 906 2928 972 pastor
2957 906 3012 954 et
3033 900 3225 970 janua
3255 902 3436 956 (Joan.
3467 916 3525 966 x,
3558 906 3610 970 t,
3635 903 3707 974 2).

2433 989 2657 1045 CAPUT
2687 991 2773 1044 Vl.
2815 1020 2882 1030 —
2919 993 3001 1044 l7.
3035 992 3150 1045 Nec
3183 992 3421 1045 moveat
3449 989 3524 1045 ad
3551 990 3944 1062 impediendum
4052 987 4053 994 “

2359 1077 2538 1133 istum
2580 1078 2964 1144 intellectum,
3019 1077 3180 1150 quod
3212 1077 3491 1133 eumdem
3541 1080 3811 1136 Christum
3833 1083 3947 1138 dixit

2361 1166 2672 1238 apostolus
2687 1167 2894 1222 Petrus
2919 1166 3280 1238 praedicasse
3301 1165 3420 1220 illis
3441 1167 3500 1222 in
3516 1182 3736 1224 carcere
3755 1169 3946 1225 (1111111111-
4052 1191 4053 1196 η

2362 1256 2443 1311 sis
2463 1256 2566 1327 qui
2588 1255 2899 1328 quondam
2933 1271 3053 1312 non
3076 1255 3451 1310 crediderant
3471 1256 3528 1310 in
3554 1256 3748 1311 diebus
3771 1260 3890 1323 Noe,
3904 1264 3948 1314 ut

2362 1344 2497 1400 ideo
2544 1360 2664 1400 non
2697 1345 3053 1401 arbitremur
3091 1344 3205 1400 hoc
3234 1343 3676 1414 intelligendum
3717 1346 3845 1418 quia
3875 1346 3947 1403 illo

2363 1439 2630 1505 tempore
2662 1433 2929 1490 nondum
2958 1439 3200 1488 venerat
3226 1433 3509 1489 Christus.
3542 1435 3800 1491 Nondum
3829 1437 3948 1491 enim

2364 1527 2610 1580 venerat
2641 1522 2863 1579 scilicet
2910 1524 2971 1578 in
3003 1538 3204 1587 carne,
3235 1523 3388 1579 sicut
3413 1523 3572 1580 venit
3601 1525 3826 1597 quando
3848 1532 3952 1597 post

2363 1611 2492 1668 haec
2518 1611 2579 1667 in
2603 1617 2757 1667 terra
2785 1612 2947 1667 visus
2971 1617 3076 1671 est.
3101 1618 3316 1667 etcum
3341 1611 3951 1670 hominibusconversa—

2366 1706 2459 1757 tus
2491 1704 2582 1756 est
2603 1700 2869 1771 (Baruch.
2905 1716 2987 1768 111,
3016 1702 3106 1772 38)
3137 1717 3149 1756 :
3183 1707 3598 1757 verumtamen
3627 1701 3700 1757 ab
3723 1702 3865 1758 initio
3885 1717 3954 1771 ge-

2365 1790 2526 1845 neris
2580 1790 2854 1854 humani,
2905 1790 2993 1845 vel
3024 1791 3102 1846 ad
3147 1790 3492 1860 arguendos
3525 1791 3730 1857 malos,
3755 1792 3883 1847 sicut
3900 1791 3954 1846 ad

2367 1881 2532 1943 Cain,
2559 1895 2630 1934 ac
2653 1880 2818 1951 prius
2840 1879 2914 1934 ad
2932 1880 3130 1950 ipsum
3153 1879 3344 1935 Adam
3369 1880 3873 1952 uxoremqueejus;
3889 1879 3953 1935 vel

2365 1968 2440 2024 ad
2475 1967 2879 2023 consolandos
2907 1967 3122 2033 bonos,
3153 1970 3246 2024 vel
3276 1968 3354 2024 ad
3379 1977 3659 2040 utrosque
3684 1969 3954 2025 admonen-

2367 2057 2502 2123 dos,
2536 2064 2600 2112 ut
2636 2055 2733 2111 alii
2783 2056 2859 2112 ad
2903 2056 3158 2112 salutem
3191 2074 3368 2113 suam
3403 2057 3729 2122 crederent,
3773 2057 3858 2112 alii
3900 2056 3954 2111 ad

2367 2161 2612 2219 poenam
2643 2161 2817 2201 suam
2851 2161 2971 2201 non
3023 2147 3352 2212 crederent,
3394 2147 3524 2217 ipse
3551 2148 3745 2218 utique
3774 2161 3876 2202 non
3913 2146 3955 2201 in

2367 2249 2565 2300 carne,
2600 2234 2705 2289 sed
2735 2236 2793 2289 in
2833 2235 3038 2305 spiritu
3064 2235 3360 2300 veniebat,
3392 2235 3532 2290 visis
3574 2235 3833 2305 congruis
3854 2234 3959 2290 alio.

2368 2339 2583 2396 quens,
2616 2339 2771 2395 quos
2802 2322 3060 2389 volebat,
3103 2323 3253 2379 sicut
3292 2324 3555 2382 volebat.
3615 2325 3775 2390 Quod
3803 2330 3956 2378 autem

2368 2413 2510 2476 dixi,
2544 2413 2606 2467 In
2632 2412 2839 2484 spiritu
2871 2412 3167 2478 veniebat,
3209 2417 3266 2468 et
3303 2413 3433 2485 ipse
3473 2412 3715 2486 quidem
3747 2413 3895 2468 Filius
3917 2411 3960 2465 in

2372 2501 2708 2557 substantia
2737 2501 2994 2566 Deitatis,
3029 2502 3318 2572 quoniam
3352 2518 3576 2574 corpus
3601 2518 3718 2558 non
3753 2506 3844 2566 est,
3872 2501 3958 2554 uti-

2369 2607 2486 2662 que
2528 2590 2767 2664 spiritus
2794 2596 2880 2645 est
2910 2607 2922 2644 :
2952 2589 3058 2645 sed
3086 2591 3230 2663 quid
3269 2589 3414 2646 facit
3447 2591 3624 2647 Filius
3654 2591 3772 2646 sine
3793 2589 3962 2661 Spiritu

2373 2685 2602 2745 sancto,
2661 2678 2755 2734 vel
2800 2679 2927 2733 sine
2985 2680 3173 2747 Patre,
3232 2695 3371 2734 cum
3426 2679 3836 2752 inseparabilis
3875 2678 3962 2730 sint

2371 2768 2578 2825 omnia
2606 2782 2790 2839 opera
2827 2765 3121 2822 Trinitatis
3151 2766 3179 2821 ‘i

2446 2859 2532 2912 18.
2551 2857 2946 2928 Ipsaquoque
2961 2856 3276 2928 Scriptura:
3288 2856 3566 2914 verbade
3577 2858 3785 2930 quibus
3796 2855 3963 2925 agitur,

2374 2947 2517 3002 satis
2541 2945 2677 3011 hoc,
2703 2950 2762 2999 ut
2796 2951 2960 3015 puto,
2986 2944 3254 3001 indicant
3273 2946 3357 3002 eis
3379 2948 3486 3019 qui
3505 2946 3804 3017 diligenter
3825 2948 3966 2998 atten-

2373 3037 2526 3091 dunt
2559 3051 2570 3090 :
2604 3034 2746 3100 Quia
2759 3034 3029 3098 Christus,
3047 3035 3257 3106 inquit,
3284 3035 3448 3090 semel
3466 3053 3571 3107 pro
3578 3035 3797 3107 peccatis
3812 3030 3966 3086 nostris

2372 3131 2615 3179 mortuus
2654 3129 2748 3188 est,
2763 3124 2946 3194 justus
2990 3140 3089 3195 pro
3135 3124 3380 3194 iniustis,
3410 3131 3472 3180 ut
3502 3142 3596 3180 nos
3622 3123 3835 3178 adducat
3868 3119 3963 3180 Deo,

2372 3221 2511 3269 mort
2520 3214 2731 3283 iﬁcatus
2750 3212 2961 3284 quidem
2974 3228 3156 3278 carne,
3171 3213 3480 3284 vivi/icatus
3498 3222 3677 3269 autem
3695 3213 3876 3284 spiritu
3894 3227 3910 3263 :
3926 3209 3965 3260 is

2372 3320 2476 3376 quo
2496 3310 2544 3357 et
2573 3304 2641 3356 iis
2661 3302 2755 3373 qui
2782 3303 2841 3355 in
2854 3303 3324 3357 carcereconctusi
3344 3311 3530 3370 erant,
3561 3302 3835 3375 spiritibus
3850 3298 3966 3353 adve-

2373 3393 2526 3446 niens
2563 3391 2910 3462 praedicavit,
2963 3391 3062 3461 qui
3097 3391 3372 3446 increduli
3421 3393 3656 3463 fuerant
3712 3386 3966 3460 aliquando:

2374 3480 2586 3552 quando
2612 3478 2945 3550 exspectabat
2971 3479 3072 3533 Dei
3094 3482 3373 3551 patientia
3418 3483 3482 3537 in
3529 3481 3708 3536 diebus
3736 3481 3853 3546 Noe,
3879 3491 3966 3532 Cum

2373 3570 2748 3642 fabricantur
2775 3584 2927 3624 arca.
2954 3570 2980 3621 J
2991 3584 3089 3624 am
3115 3570 3473 3637 utarbitror,
3495 3570 3808 3627 attenditur
3825 3566 3966 3622 ordo‘

2377 3659 2715 3722 verborum,
2774 3657 3027 3713 Christus
3067 3659 3431 3728 mortiﬁcatus
3483 3676 3670 3725 carne,
3727 3656 3970 3727 oioiﬁcam

2375 3755 2557 3802 autem
2581 3747 2809 3819 spiritu.
2841 3749 2902 3801 In
2931 3761 3053 3820 quo
3084 3747 3292 3818 spiritu
3319 3749 3658 3806 adveniens
3696 3742 3974 3820 pradicant

2378 3843 2433 3893 et
2463 3836 2578 3892 illis
2597 3836 2904 3905 spiritibus
2919 3837 3022 3908 qui
3047 3835 3333 3892 increduli
3358 3838 3602 3894 fuerant
3618 3833 3911 3909 aliquando
3931 3831 3973 3884 in

2377 3927 2592 3983 diebus
2624 3928 2766 3982 Noe:
2793 3925 3083 3997 quoniam
3116 3926 3280 3996 prius
3305 3942 3498 3998 quam
3527 3929 3747 3984 veniret
3769 3925 3822 3980 in
3843 3932 3974 3978 carne

2379 4032 2487 4090 pro
2514 4015 2688 4071 nobis
2720 4015 3065 4082 moriturus,
3089 4015 3252 4086 quod
3278 4018 3475 4073 semel
3502 4017 3659 4083 fecit,
3683 4030 3830 4087 saepe
3845 4016 3976 4068 antea

2380 4104 2654 4161 veniebat
2680 4104 2740 4159 in
2764 4103 2971 4176 spiritu
2993 4104 3069 4158 ad
3087 4120 3240 4176 quos
3257 4105 3517 4174 volebat,
3547 4106 3688 4162 visis
3708 4120 3802 4162 eos
3817 4101 3979 4159 admo-

2381 4209 2550 4259 nens,
2580 4194 2729 4248 sicut
2755 4193 3008 4256 volebat,
3026 4193 3229 4265 utique
3254 4195 3315 4249 in
3341 4195 3581 4267 spiritu,
3612 4210 3733 4268 quo
3757 4191 3978 4264 spirituet

2382 4282 2720 4338 viviﬁcatus
2749 4287 2860 4349 est,
2894 4297 3030 4336 cum
3061 4281 3122 4337 in
3153 4283 3439 4353 passione
3493 4290 3651 4341 esset
3673 4297 3838 4340 carne
3862 4291 3977 4336 mor.

2382 4372 2657 4427 tiﬁcatus.
2689 4370 2840 4435 Quid
2870 4377 2961 4427 est
2986 4370 3144 4426 enim
3158 4372 3324 4442 quod
3338 4373 3680 4429 viviﬁcatus
3709 4368 3979 4441 estspiritu.

2384 4460 2496 4516 nisi
2523 4459 2686 4532 quod
2716 4459 2928 4514 eadem
2975 4475 3134 4525 caro,
3160 4475 3284 4532 qua
3323 4462 3458 4517 sola
3503 4462 3695 4519 fuerat
3723 4455 3980 4517 mortiﬁca-

2383 4558 2502 4612 tus,
2533 4549 2870 4604 viviﬁcante
2911 4548 3121 4621 spiritu
3153 4553 3478 4607 resurrexit
3509 4550 3539 4606 7

2455 4639 2678 4694 CAPUT
2707 4638 2822 4693 VII.
2837 4668 2910 4680 —-
2929 4638 3017 4693 19.
3043 4641 3191 4693 Nam
3214 4639 3380 4710 quod
3399 4640 3582 4696 fuerit
3607 4640 3806 4697 anima
3826 4632 3982 4692 morti-

2384 4729 2595 4784 ﬁcatus
2623 4729 2814 4793 Jesus,
2831 4726 2944 4784 hoc
2969 4733 3141 4783 esteo
3157 4727 3367 4800 spiritu
3380 4729 3486 4802 qui
3505 4721 3984 4795 hominisest,quis

2385 4818 2609 4875 audeat
2638 4817 2834 4873 dicere
2855 4835 2872 4888 ;
2896 4833 3034 4872 cum
3051 4833 3212 4872 mors
3226 4819 3448 4874 animae
3461 4835 3589 4876 non
3613 4817 3812 4874 sitnisi
3826 4825 3982 4888 pecca-

2387 4911 2532 4972 tum,
2559 4905 3400 4979 aquoilleomninoimmunis
3419 4907 3553 4975 fuit,
3582 4925 3719 4966 cum
3737 4921 3839 4979 pro
3857 4901 3988 4959 nobis

2386 5012 2565 5052 carne
2593 4996 3052 5052 mortiﬁcaretur
3081 4994 3108 5050 ἲ
3139 4997 3193 5052 Si
3224 4996 3382 5052 enim
3411 4999 3692 5054 omnium
3723 4994 3987 5052 hominum

2387 5086 2604 5141 animae
2619 5102 2687 5141 ex
2702 5084 2802 5141 illa
2817 5101 2936 5141 una
2952 5090 3112 5150 sunt,
3136 5101 3272 5158 quae
3289 5086 3606 5144 insutﬂata
3617 5093 3702 5144 est
3725 5087 3898 5159 primo
3911 5083 3989 5135 ho-

2387 5175 2531 5230 mini
2548 5191 2650 5246 per
2663 5191 2840 5248 quem
2857 5180 3169 5247 peccatum
3187 5176 3435 5232 intravit
3455 5177 3517 5232 in
3541 5177 3900 5241 mundum,et
3914 5181 3991 5240 per

2386 5272 2697 5336 peccatum
2721 5280 2906 5331 mors,
2927 5268 2984 5320 et
2999 5266 3080 5320 ita
3097 5266 3158 5320 in
3179 5281 3388 5321 omnes
3410 5265 3694 5322 homines
3704 5259 3994 5338 pertransiit

2387 5355 2623 5424 (Rom.v,
2645 5354 2732 5424 12)
2751 5370 2764 5419 ;
2781 5358 3016 5409 autnon
3031 5353 3268 5410 estinde
3280 5355 3488 5411 anima
3503 5348 3992 5425 Christi,quoniam

2385 5443 2617 5500 nullum
2641 5442 3118 5499 habuitomnino
3144 5449 3484 5516 peccatum,
3511 5443 3603 5503 vel
3628 5431 3994 5516 originale,vel

2450 5626 2462 5653 ¹
2499 5623 2581 5674 Sic
2609 5623 2736 5673 Mss.
2773 5625 2841 5672 At
2874 5601 3037 5680 1111111..¹
3058 5623 3250 5687 forma.
