4098 6166
26 61 193 149 η

126 200 191 261 7i
202 202 256 262 7·

126 330 466 403 proprium,
485 333 729 402 propter
748 330 917 402 quod
943 330 994 386 ei
1029 346 1192 388 mors
1222 330 1426 388 debita
1446 331 1749 387 videretur
1777 347 1791 397 ;

122 434 238 491 pro
251 420 428 476 nobis
441 435 577 475 eam
590 419 816 491 quippe
828 435 1015 492 quam
1030 436 1150 476 non
1169 420 1431 477 debebat
1442 421 1710 485 exsolvit,
1730 420 1792 475 in

118 524 253 581 quo
271 509 545 580 princeps
565 508 796 573 mundi,
813 509 1141 581 mortisque
1156 510 1516 581 praepositus
1536 508 1681 565 nihil
1701 510 1790 565 in-

120 597 485 669 venit(Joan.
502 613 622 659 XIV.
636 598 723 666 30)
743 614 755 663 ;
776 613 971 669 neque
984 599 1145 653 enim
1158 597 1493 653 absurdum
1507 603 1595 654 est
1610 599 1792 670 utqui

121 686 333 758 primo
345 687 573 743 homini
587 688 855 743 animam
876 688 1119 753 creavit,
1136 692 1429 743 crearetet
1446 688 1588 743 sibi:
1616 694 1719 743 aut
1742 688 1790 742 si

122 782 184 831 et
213 776 355 847 ipsa
373 776 514 832 inde
531 782 641 846 est,
669 792 799 832 eam
820 776 1206 848 suscipiendo
1225 776 1560 843 mundavit,
1578 783 1639 831 ut
1664 777 1791 831 sine

124 863 256 920 ullo
285 880 531 936 prorsus
563 868 829 935 peccato,
860 864 949 919 vel
982 869 1341 936 perpetrato,
1378 864 1468 921 vel
1492 864 1788 931 traducto,

122 953 204 1009 ad
238 969 355 1010 nos
392 953 636 1010 veniens
681 954 757 1009 de
802 954 1026 1025 virgine
1088 958 1447 1010 nasceretur.
1493 954 1550 1009 Si
1587 960 1789 1010 autem

122 1043 357 1099 animm
372 1058 489 1099 non
506 1059 579 1098 ex
590 1042 690 1099 illa
704 1058 823 1099 una
839 1046 1272 1115 propagantur,
1287 1048 1343 1099 et
1364 1043 1490 1099 sola
1503 1059 1573 1099 ex
1597 1044 1788 1099 Adam

124 1147 278 1188 caro
302 1131 476 1188 trahit
496 1130 786 1201 originale
811 1136 1151 1204 peccatum,
1173 1131 1257 1188 ita
1278 1131 1391 1187 sibi
1414 1132 1637 1188 creavit
1663 1131 1789 1187 ani-

126 1236 303 1279 mam
339 1220 434 1276 Dei
465 1220 659 1286 Filius,
686 1224 748 1275 ut
772 1220 999 1276 cmteris
1021 1225 1200 1285 creat,
1220 1236 1404 1291 quam
1432 1236 1556 1277 non
1587 1225 1789 1276 tamen

124 1309 301 1365 carni
317 1309 546 1381 peccati
561 1309 814 1376 miscuit,
840 1309 946 1365 sed
959 1308 1328 1366 similitudini
1355 1310 1551 1366 carnis
1564 1309 1790 1382 peccati

124 1399 305 1469 (Rom.
341 1413 456 1467 vni,
476 1398 551 1468 3).
584 1398 849 1467 Sumpsit
872 1398 1035 1454 enim
1061 1414 1133 1454 ex
1162 1398 1399 1467 Virgine
1422 1414 1623 1455 veram
1655 1398 1790 1470 qui-

122 1486 271 1543 dem
315 1486 515 1543 carnis
549 1487 952 1543 substantiam
988 1503 1003 1553 ;
1035 1503 1156 1543 non
1180 1491 1383 1543 tamen
1410 1488 1638 1559 peccati
1664 1503 1790 1543 car-

123 1591 293 1642 nem,
356 1574 501 1648 quia
548 1590 671 1631 non
723 1591 795 1631 ex
844 1574 1068 1631 carnali
1101 1576 1609 1648 concupiscentia,
1665 1576 1788 1631 sive

123 1665 514 1729 seminatam,
569 1663 693 1719 sive
714 1669 1069 1735 conceptam
1105 1679 1118 1731 ;
1163 1663 1477 1720 mortalem
1515 1680 1679 1730 sane,
1718 1681 1789 1720 ac

122 1769 233 1825 per
264 1758 470 1809 aetates
501 1752 875 1818 mutabilem,
902 1757 1200 1824 tanquam
1227 1753 1393 1809 carni
1419 1754 1648 1825 peccati
1661 1753 1789 1809 sine

125 1848 381 1914 peccato
424 1841 812 1898 simillimam.

197 1932 292 1986 20.
311 1936 393 1987 Ac
404 1947 512 2003 per
536 1932 650 1986 hoc
674 1946 1075 2004 quaecumque
1097 1930 1172 1987 de
1201 1931 1406 1987 anima
1427 1930 1631 2004 opinio
1648 1946 1787 1987 vera,

123 2021 218 2084 sit,
235 2035 502 2092 quarum
526 2018 753 2075 nullam
788 2023 1007 2075 temere
1032 2017 1333 2075 afﬁrmare
1354 2021 1555 2076 adhuc
1572 2020 1788 2085 audeo,

126 2109 243 2165 nisi
279 2112 517 2164 tantum
541 2107 703 2164 illam
732 2108 1068 2179 repudiare,
1096 2125 1220 2181 qua
1236 2108 1791 2166 credunturanimm

126 2214 240 2271 pro
254 2198 486 2254 meritis
501 2198 706 2254 nescio
722 2212 981 2269 quorum
998 2197 1374 2269 superiorum
1392 2205 1635 2255 actuum
1654 2215 1794 2255 suo-

126 2286 553 2357 rum,singula3
569 2286 626 2342 in
644 2285 881 2357 singula
891 2301 1140 2359 corpora
1152 2292 1438 2358 tanquam
1455 2287 1512 2342 in
1527 2302 1792 2343 carceres

129 2376 334 2441 trudi;
368 2380 523 2432 certe
553 2375 758 2431 anima
805 2373 1016 2430 Christi
1046 2391 1169 2431 non
1196 2375 1390 2431 solum
1436 2376 1793 2431 immortalis

131 2465 477 2522 secundum
516 2470 864 2521 cmterarum
902 2470 1202 2532 naturam,
1256 2464 1361 2519 sed
1400 2466 1577 2520 etiam
1629 2465 1793 2522 nullo

133 2554 503 2611 mortiﬁcata
548 2559 793 2626 peccato
835 2552 929 2608 vel
979 2552 1368 2609 damnatione
1412 2555 1623 2625 punita
1679 2558 1791 2620 est,

132 2644 368 2717 quibus
395 2642 636 2700 duabus
650 2641 852 2699 causis
869 2657 1031 2697 mors
1057 2643 1274 2698 animae
1296 2642 1539 2713 intelligi
1565 2649 1791 2716 potest;

134 2738 185 2790 et
211 2733 358 2789 ideo
384 2746 506 2788 non
537 2730 873 2788 secundum
912 2731 1108 2803 ipsam
1160 2730 1275 2787 dici
1307 2732 1501 2803 potuit
1534 2732 1795 2789 Christus

138 2821 699 2893 viviﬁcatusspiritu.
734 2820 801 2875 ln
826 2834 973 2876 care
1003 2820 1230 2892 quippe
1258 2820 1591 2878 viviﬁcatus
1608 2823 1795 2889 est,in

139 2927 265 2983 qua
286 2910 484 2968 fuerat
502 2909 929 2967 mortiﬁcatus:
962 2924 1105 2979 ergo
1135 2909 1209 2965 de
1239 2925 1415 2967 carne
1440 2910 1669 2967 dictum
1688 2917 1794 2969 est.

140 3001 284 3073 ipsa.
312 3000 475 3055 enim
504 2998 715 3055 revixit
744 2998 950 3054 anima
987 2997 1292 3068 redeunte,
1325 2999 1466 3071 quia
1495 3001 1625 3071 ipsa
1673 3005 1800 3057 erat

143 3093 407 3156 mortua,
437 3088 645 3145 anima
673 3086 1005 3143 recedente.
1056 3087 1420 3157 Morti/iectus
1458 3104 1600 3159 ergo
1633 3107 1797 3146 carne

143 3179 345 3234 dictus
370 3182 479 3244 est,
509 3176 656 3249 quia
684 3176 1020 3231 secundum
1051 3175 1240 3232 solam
1264 3193 1504 3234 carnem
1528 3185 1799 3235 mortuus

144 3274 261 3324 est:
284 3266 620 3323 viviﬁcatus
648 3270 847 3321 autem
874 3264 1105 3337 spiritu,
1125 3266 1271 3337 quia
1296 3264 1395 3322 illo
1422 3266 1633 3338 spiritu
1661 3284 1802 3340 ope-

144 3362 340 3421 rante,
372 3356 432 3411 in
463 3370 585 3427 quo
612 3355 691 3410 ad
717 3369 875 3426 quos
907 3353 1470 3411 volebat‘veniebat
1498 3362 1554 3413 et
1586 3358 1804 3431 praedi-

145 3448 348 3510 cabat,
383 3444 562 3501 etiam
599 3444 735 3515 ipsa
788 3458 928 3500 caro
961 3444 1257 3500 viviﬁcata
1290 3446 1563 3513 surrexit,
1597 3449 1659 3505 in
1684 3465 1802 3521 qua

150 3536 338 3593 modo
374 3534 450 3590 ad
479 3534 756 3590 homines
785 3532 968 3589 venit.

218 3628 314 3681 2t.
348 3621 599 3679 Proinde
626 3622 808 3678 etiam
839 3621 984 3677 illud
1013 3622 1177 3694 quod
1209 3629 1422 3695 postea
1447 3626 1676 3684 dictum
1714 3632 1808 3685 est

151 3716 223 3771 de
250 3712 596 3781 incredulis,
620 3710 725 3776 Qui
753 3709 982 3767 reddent
1012 3712 1277 3767 rationm
1302 3716 1351 3768 ei
1373 3715 1466 3785 qui
1480 3724 1713 3787 paratus
1729 3725 1805 3773 est

150 3805 301 3859 vivos
329 3809 379 3857 et
406 3808 643 3857 mortuos
657 3800 933 3871 judicare,
968 3816 1089 3856 non
1103 3808 1193 3858 est
1213 3818 1594 3877 consequens
1619 3811 1684 3862 ut
1702 3823 1808 3863 eos

154 3893 251 3950 hic
284 3891 690 3961 intelligamus
721 3891 1103 3962 mortuosqui
1135 3890 1210 3947 de
1236 3907 1488 3964 corpore
1516 3895 1807 3952 exierunt.

159 3981 304 4039 Fieri
335 3980 494 4036 enim
516 3984 707 4051 potest
737 3984 801 4035 ut
832 3986 1098 4035 mortuos
1125 3980 1341 4037 dixerit
1364 3982 1635 4040 inﬁdeles
1657 4003 1674 4057 ;
1694 3986 1810 4043 hoc

157 4078 248 4127 est
280 4069 557 4125 inanima
574 4072 863 4134 mortuos,
896 4068 972 4123 de
1009 4069 1286 4140 qualibus
1315 4070 1551 4139 dicitur,
1580 4075 1811 4131 Dimitte

161 4166 400 4216 mortuos
423 4164 484 4213 ut
515 4156 777 4229 sepeliant
824 4164 1067 4212 mortuos
1090 4174 1212 4213 suos
1242 4159 1462 4230 (Matth.
1522 4179 1637 4231 Vlll,
1686 4166 1808 4237 2'2):

162 4251 333 4305 vivos
364 4252 565 4303 autem
595 4246 699 4318 qui
724 4245 973 4302 credunt
1001 4247 1062 4301 in
1096 4262 1257 4314 eum,
1291 4264 1414 4306 non
1448 4250 1669 4309 frustra
1712 4270 1816 4311 au-

163 4338 415 4400 dientes,
450 4336 618 4407 Surge
643 4337 738 4407 qui
766 4335 1006 4401 dormis,
1046 4344 1100 4392 et
1137 4353 1377 4410 exsurge
1424 4358 1461 4395 a
1485 4345 1733 4409 mortuis,
1765 4349 1817 4400 et

165 4424 506 4481 illuminabil
520 4432 568 4479 te
581 4424 839 4480 Christus
852 4424 1016 4495 (Eph.
1042 4441 1098 4491 v,
1119 4427 1203 4497 14)
1222 4427 1619 4501 ;dequalibus
1633 4433 1815 4489 etiam

168 4516 295 4587 ipse
324 4514 617 4571 Dominus
645 4514 805 4578 dicit,
847 4513 1002 4569 Venit
1028 4514 1181 4581 hora,
1216 4523 1270 4572 et
1302 4533 1443 4573 nunc
1471 4527 1567 4585 est,
1608 4521 1820 4592 quando

170 4604 379 4660 mortui
406 4602 630 4658 audient
654 4618 825 4657 vocem
850 4602 988 4657 Filii
1028 4602 1162 4669 Dei;
1190 4611 1242 4659 et
1271 4606 1366 4677 qui
1397 4608 1706 4677 audierint,
1736 4613 1819 4666 vi-

170 4701 291 4750 sent
330 4693 515 4764 (Joan.
547 4708 600 4757 v,
632 4696 744 4757 25).
779 4691 1027 4747 Proinde
1065 4693 1246 4749 etiam
1274 4696 1438 4766 quod
1471 4700 1738 4770 sequitur
1768 4705 1825 4756 et

173 4782 316 4839 dicit
346 4786 567 4844 Petrus,
588 4780 825 4851 Propter
862 4779 961 4836 hoc
981 4781 1123 4836 enim
1150 4789 1200 4837 et
1228 4786 1461 4841 mortuis
1490 4788 1825 4859 euangeliza-

177 4880 291 4927 tum
318 4878 417 4937 est,
454 4878 515 4926 ut
552 4869 872 4942 judicentur
928 4870 1137 4941 quidem
1167 4873 1453 4929 secundum
1505 4876 1739 4932 homines
1768 4881 1827 4934 in

176 4976 358 5026 carne,
399 4961 581 5014 vivant
598 4963 782 5015 autem
818 4959 1105 5015 secundum
1133 4962 1303 5017 Deum
1330 4964 1557 5034 spiritu,
1591 4982 1714 5022 non
1734 4983 1829 5024 co—

178 5050 264 5119 git
301 5048 466 5121 apud
492 5046 714 5104 inferos
744 5046 1007 5118 intelligi.
1047 5048 1279 5121 Propter
1306 5050 1400 5107 hoc
1449 5056 1591 5109 enim
1629 5055 1690 5112 in
1718 5057 1833 5113 hac

181 5139 301 5195 vita
328 5145 379 5193 et
406 5138 637 5192 mortuis
665 5137 1104 5207 evangelisatum
1133 5144 1235 5205 est,
1266 5141 1327 5195 id
1352 5147 1439 5198 est
1484 5144 1833 5202 inﬁdelibus

184 5235 239 5283 et
267 5226 519 5299 iniquis;
552 5231 649 5281 aut
678 5241 817 5281 cum
839 5227 1216 5296 crediderint,
1258 5230 1585 5300 judicentur
1612 5235 1832 5306 quidem

186 5315 486 5373 secundum
515 5314 759 5370 homines
791 5315 846 5369 in
877 5330 1060 5380 carne,
1092 5316 1207 5373 hoc
1234 5324 1325 5374 est
1370 5321 1430 5376 in
1465 5322 1715 5379 diversis
1738 5327 1839 5381 tri-

190 5404 618 5471 bulationibus,
634 5411 690 5459 et
711 5404 848 5476 ipsa
861 5410 1042 5462 morte
1065 5407 1293 5474 carnis;
1314 5412 1471 5466 unde
1493 5414 1649 5469 idem
1666 5430 1841 5488 apos-

193 5494 345 5553 tolus
372 5494 486 5551 alio
507 5494 642 5551 loco
661 5493 825 5558 dicit,
846 5494 1072 5566 Ternpus
1092 5512 1205 5553 esse
1232 5505 1291 5553 ut
1308 5499 1581 5569 judicium
1606 5505 1841 5576 incipiat

194 5602 225 5641 α
253 5584 410 5641 domo
440 5583 664 5640 Domini
693 5582 739 5653 (Ι
765 5584 913 5639 Petr.
942 5599 1019 5653 ιν,
1048 5588 1130 5657 t7)
1157 5602 1170 5641 :
1220 5587 1413 5642 Vivant
1441 5594 1627 5645 autem
1651 5609 1839 5649 secun-

255 5692 271 5724 ι
304 5690 430 5740 Mss.
452 5700 621 5753 prope
652 5699 867 5737 omnes:
896 5688 1108 5751 Adquos
1134 5690 1387 5749 veniebat,
1406 5694 1739 5754 praedicabat.

1382 198 1889 265 EPISTOLARUM
1928 206 2221 275 CLASSIS
2247 200 2342 265 ΙΙΙ.

3445 204 3551 287 ’με

1897 331 2027 387 dum
2054 334 2223 389 Deum
2242 336 2466 405 spiritu,
2490 334 2635 406 quia
2664 338 2720 390 et
2740 333 2800 390 in
2826 334 2957 407 ipso
2978 334 3548 393 fuerantmortiﬁca-

1898 420 2105 485 ti,cum
2137 423 2702 479 morteinﬁdelitatis
2715 429 2771 480 et
2786 423 3110 495 impietatis
3122 423 3545 481 detinerentur.

1968 510 2056 566 22.
2083 513 2213 567 Haec
2236 512 2531 583 expositio
2545 512 2863 568 verborum
2880 512 3025 568 Petri
3040 511 3133 567 cui
3152 512 3442 583 displicet,
3458 512 3549 569 vel

1899 600 1993 654 cui
2015 599 2247 656 etiamsi
2263 616 2384 656 non
2403 600 2693 672 displicet,
2709 616 2831 656 non
2845 605 3044 657 tamen
3067 598 3548 672 sufﬁcit,quasrat

1896 704 1969 744 ea
2000 689 2333 744 secundum
2362 688 2582 745 inferos
2612 688 2952 758 intelligere.
2980 688 3089 754 Qui
3110 690 3155 742 si
3179 687 3548 745 valueritilla

1894 778 2118 849 quibus
2134 794 2229 833 me
2245 778 2465 833 moveri
2494 793 2677 849 supra
2703 777 3193 841 commemoravi,
3209 776 3290 832 ita
3313 776 3543 831 solvere

1895 872 1960 922 ut
1990 882 2199 922 eorum
2225 865 2922 929 auferatdubitationem,
2948 863 3253 935 impartiat
3282 867 3339 918 et
3358 862 3540 921 mihi:

1895 955 2061 1027 quod
2085 955 2135 1010 si
2159 955 2381 1010 factum
2399 954 2595 1019 fuerit,
2628 958 2945 1025 potuerunt
2970 952 3070 1008 illa
3084 950 3267 1007 verba
3291 956 3543 1022 utroque

1894 1043 2077 1099 modo
2108 1043 2349 1115 intelligi
2373 1060 2387 1109 ;
2417 1043 2523 1098 sed
2550 1043 2663 1099 ista
2692 1041 2983 1097 sententia
3001 1041 3076 1096 de
3105 1039 3269 1095 nulla
3294 1039 3546 1095 falsitate

1895 1132 2283 1188 convincitur.
2318 1131 2404 1186 Ad
2426 1132 2555 1186 illas
2584 1138 2787 1185 autem
2812 1129 3179 1202 quaestiones
3211 1143 3364 1199 quas
3410 1131 3547 1184 ante

1896 1222 2125 1287 misisti,
2151 1221 2508 1292 exceptaDei
2538 1220 2764 1275 visione
2785 1233 3135 1290 percorpus,
3164 1217 3324 1272 unde
3348 1215 3545 1287 majus

1894 1326 2050 1382 opus
2081 1309 2453 1367 moliendum
2508 1314 2617 1375 est,
2651 1314 2713 1363 ut
2741 1308 2926 1380 potui,
2988 1305 3295 1377 respondi,
3352 1308 3409 1360 et
3443 1320 3548 1375 per

1894 1399 2154 1454 Asellum
2166 1398 2489 1455 diaconum
2505 1397 2656 1463 misi,
2674 1396 2838 1468 quod
2855 1400 2905 1450 te
2921 1394 3222 1465 accepisse
3232 1393 3251 1463 j
3263 1408 3364 1449 am
3378 1396 3546 1463 puto.

1894 1489 1959 1543 ln
2006 1488 2224 1543 recenti
2285 1492 2485 1543 autem
2537 1484 2996 1541 commonitorio
3049 1488 3172 1547 tuo,
3241 1481 3336 1536 cui
3388 1492 3549 1535 nunc

1893 1575 2199 1648 respondi,
2216 1575 2339 1630 duo
2351 1574 2691 1646 quaesieras,
2711 1588 2970 1645 quorum
2988 1575 3306 1641 utrumque
3333 1572 3549 1624 tracta-

1896 1671 2021 1722 tum
2042 1670 2149 1730 est,
2184 1679 2371 1720 unum
2391 1663 2591 1732 latius,
2612 1662 2869 1719 alterum
2890 1659 3150 1727 brevius,
3178 1656 3253 1713 de
3282 1655 3425 1712 Petri
3443 1656 3547 1711 sci-

1892 1754 2028 1811 licet
2052 1753 2311 1826 apostoli
2340 1752 2557 1819 verbis,
2614 1755 2670 1807 et
2698 1750 2772 1806 de
2804 1748 3009 1806 anima
3056 1745 3311 1803 Domini.
3346 1746 3548 1800 Exem-

1894 1844 2059 1916 plum
2132 1858 2277 1899 sane
2331 1840 2661 1897 litterarum
2721 1844 2983 1903 tuarum,
3052 1852 3189 1909 quae
3247 1833 3551 1890 continent

1896 1932 2421 2002 interrogationem
2452 1935 2652 1985 utrum
2672 1929 2773 1984 Dei
2802 1926 3139 1983 substantia
3162 1922 3549 1995 corporaliter

1896 2022 2124 2077 velutin
2139 2022 2273 2077 loco
2286 2020 2472 2076 videri
2490 2018 2693 2090 possit,
2711 2015 2943 2087 etapud
2956 2030 3066 2070 nos
3079 2013 3280 2069 nescio
3296 2024 3547 2082 quomo‘

1898 2110 1977 2166 do
2008 2109 2457 2173 aberraverunt,
2485 2122 2595 2162 nec
2627 2104 2880 2161 inveniri
2910 2118 3050 2158 cum
3082 2101 3188 2156 diu
3212 2112 3549 2172 quaereren-

1899 2203 1994 2255 tur
2012 2201 2353 2269 potuerunt,
2373 2197 2588 2253 iterum
2606 2194 2906 2251 admoneo
2930 2192 3157 2248 mittere
3172 2204 3245 2246 ne
3258 2186 3546 2260 graveris.

2364 2322 2693 2377 EPISTOLA
2732 2317 2911 2375 0va
2942 2318 2959 2337 ’
2987 2316 3088 2389 (a).

1900 2442 2254 2511 Hieronymus
2274 2437 2590 2492 Marcellino
2617 2444 2666 2491 et
2686 2433 3059 2506 Anapsgchiae,
3093 2446 3362 2503 exponens
3374 2428 3553 2484 diver-

1971 2545 2057 2584 sas
2085 2528 2388 2585 sententias
2413 2526 2478 2581 de
2501 2526 2719 2595 origine
2744 2524 2970 2587 animm,
2999 2522 3230 2577 hortans
3254 2523 3315 2573 ut
3338 2519 3553 2589 reliqua

1970 2620 2160 2691 petant
2185 2617 2251 2672 ab
2278 2616 2603 2687 Augustino,
2624 2617 2676 2669 et
2697 2613 2947 2668 indicans
2964 2611 3157 2683 quibus
3184 2610 3299 2680 ipse
3314 2608 3387 2663 sit
3403 2623 3554 2663 occu-

1972 2714 2133 2780 patus
2157 2706 2380 2762 studiis.

1904 2833 2172 2889 Dominis
2195 2846 2331 2889 vere
2352 2829 2577 2887 sanctis
2608 2833 2788 2899 atque
2814 2824 2980 2882 omni
3004 2823 3343 2881 ofﬁciorum
3363 2817 3555 2876 chari-

1974 2927 2092 2979 tate
2116 2920 2476 2977 venerandis
2503 2918 2641 2973 ﬁliis
2692 2918 3045 2971 MARCELLINO
3092 2912 3172 2981 (b)
3204 2916 3262 2967 et
3303 2915 3551 2965 ANAPSY-

1975 3027 2133 3076 unus,
2166 3012 2543 3073 HIERONYMUS,
2578 3004 2882 3061 inChristo
2914 3001 3191 3059 salutem.

1979 3135 2201 3190 CAPUT
2215 3133 2501 3188 PRIMUM.
2518 3159 2585 3171 —
2601 3134 2621 3184 1
2637 3171 2648 3183 .
2664 3126 2894 3183 Tandem
2906 3141 2975 3180 ea:
2989 3125 3033 3180 Α
3042 3124 3187 3195 frica.
3201 3126 3393 3177 vestrae
3408 3121 3554 3175 litte-

1906 3241 1995 3282 ras
2030 3223 2432 3280 Unanimitatis
2456 3220 2639 3291 accepi
2650 3240 2671 3289 ;
2690 3220 2741 3273 et
2769 3233 2876 3272 non
2909 3230 2995 3269 me
3021 3214 3244 3285 paenitet
3275 3210 3557 3281 impuden-

1910 3318 2024 3383 tiae,
2047 3330 2156 3386 qua
2185 3310 2489 3367 tacentibus
2518 3308 2665 3364 vobis
2694 3306 2946 3378 epistolas
2970 3318 3117 3358 meas
3136 3303 3455 3372 frequenter
3473 3298 3558 3352 in-

1909 3404 2077 3478 gessi,
2108 3408 2170 3457 ut
2192 3402 2520 3472 rescriptum
2543 3412 2802 3461 mererer,
2831 3398 2882 3451 et
2914 3409 3002 3449 vos
3046 3407 3158 3448 esse
3180 3392 3424 3462 sospites,
3449 3404 3561 3444 non

1912 3487 2557 3557 aliisnuntiantibus,sed
2568 3490 2740 3542 vestro
2751 3485 3089 3556 potissimum
3104 3495 3351 3536 sermone
3367 3492 3563 3548 cogno-

1912 3600 2134 3640 scerem.
2168 3580 2340 3651 Super
2363 3578 2563 3632 anim
2592 3579 2744 3631 statu
2770 3574 2999 3629 memini
3028 3574 3217 3627 vestrae
3262 3569 3566 3640 quaestiun-

1915 3674 2071 3737 culas,
2088 3672 2195 3726 imo
2212 3670 2469 3723 maximae
2483 3664 2856 3721 ecclesiastica
2870 3660 3184 3731 qumstionis
3198 3678 3216 3713 :
3235 3658 3430 3714 Utrum
3446 3657 3566 3725 lap-

1915 3779 1978 3818 sa
1996 3762 2061 3817 de
2085 3759 2219 3817 caelo
2251 3760 2343 3822 sit,
2373 3760 2434 3810 ut
2490 3754 2834 3827 Pythagoras
2864 3748 3231 3821 philosOphus,
3279 3759 3568 3814 omnesque

1918 3849 2215 3913 Platonici,
2240 3850 2291 3903 et
2324 3846 2575 3915 Origenes
2618 3844 2817 3911 putant
2833 3861 2855 3909 ,-
2883 3856 2957 3892 an
2987 3855 3019 3891 a
3040 3837 3266 3908 propria
3298 3836 3393 3889 Dei
3415 3833 3565 3888 subs-

1921 3939 2120 4004 tantia,
2145 3942 2208 3992 ut
2259 3934 2450 3999 Stoici,
2482 3930 2831 3994 Manichacus,
2863 3932 2911 3984 et
2959 3928 3199 3996 Hispana
3225 3922 3570 3978 Priscilliani

1922 4030 2144 4085 haeresis
2169 4027 2552 4097 suspicantur,-
2596 4038 2673 4075 an
2704 4022 2764 4073 in
2794 4019 3051 4073 thesauro
3102 4015 3411 4070 habeantur
3454 4010 3571 4075 Dei,

1922 4120 2058 4176 olim
2069 4116 2319 4181 conditae,
2338 4122 2399 4169 nt
2415 4111 2639 4185 quidam
2651 4108 3014 4165 Ecclesiastici
3028 4105 3199 4161 stulta
3220 4102 3538 4176 persuasion
3550 4115 3578 4156 e

1923 4206 2233 4279 confidunt;
2260 4222 2333 4259 an
2354 4201 2642 4275 quotidiea
2672 4200 2775 4255 Deo
2799 4199 2957 4269 ﬁant,
2986 4199 3038 4252 et
3059 4195 3357 4250 mittantur
3383 4191 3439 4245 in
3458 4206 3578 4245 cor-

1924 4315 2080 4370 pora,
2115 4294 2413 4352 secundum
2444 4290 2585 4347 illud
2614 4288 2752 4361 quod
2778 4290 2838 4343 in
2864 4286 3152 4356 Evangelia
3180 4283 3456 4370 scripturn
3477 4283 3577 4344 est,

1930 4368 1959 4440 ti
1987 4387 2319 4441 Patermeus
2344 4396 2511 4453 usque
2526 4378 2682 4434 modo
2706 4379 2985 4447 operatur,
3005 4378 3054 4427 et
3074 4388 3167 4443 ego
3186 4385 3375 4440 operor
3395 4368 3579 4436 (Joan.

1930 4492 1985 4541 v,
2024 4475 2136 4545 l7);
2170 4493 2198 4525 ››
2230 4489 2303 4525 an
2330 4474 2475 4525 certe
2498 4485 2569 4523 ea:
2599 4465 2839 4529 traduce,
2868 4466 2929 4516 ut
2956 4460 3353 4520 Tertullianus,
3382 4454 3582 4525 Apolli-

1932 4564 2105 4629 naris,
2158 4568 2210 4616 et
2258 4559 2507 4613 maxima
2548 4570 2676 4625 pars
2708 4549 3139 4608 Occidentalium
3170 4548 3492 4605 autumant;
3521 4546 3583 4596 ut

1934 4649 2194 4724 quomodo
2244 4661 2437 4717 corpus
2484 4660 2552 4698 ea:
2579 4655 2821 4712 corpore,
2874 4639 2953 4692 sic
3002 4636 3194 4691 anima
3222 4636 3487 4689 nascatur
3517 4645 3584 4685 ea:

1935 4723 2145 4807 anima,
2171 4740 2225 4792 et
2248 4735 2423 4790 simili
2448 4750 2574 4787 cum
2621 4730 2799 4785 brutis
2851 4725 3226 4782 animantibus
3276 4723 3586 4778 conditione

1936 4830 2214 4885 subsistat.
2243 4826 2416 4895 Super
2445 4838 2547 4892 quo
2577 4818 2707 4891 quid
2736 4816 2873 4871 mihi
2901 4815 3197 4878 videretur,
3230 4814 3291 4867 in
3311 4812 3587 4883 opusculis

1938 4921 2131 4975 contra
2157 4914 2436 4985 Rufﬁnum
2454 4912 2729 4981 scripsisse
2745 4923 2829 4962 me
2852 4907 2995 4970 novi,
3015 4904 3273 4959 adversus
3296 4917 3423 4957 eum
3438 4898 3588 4953 libel-

2003 5075 2023 5093 ‘
2058 5073 2140 5126 Ad
2166 5072 2234 5122 bl.
2274 5071 2362 5121 bn.
2394 5072 2455 5119 tt.
2490 5081 2568 5119 vc.
2614 5067 2868 5131 quinque.
2902 5077 2952 5110 ι’.
2986 5065 3039 5111 et
3066 5060 3132 5111 ad
3183 5061 3299 5115 Am,
3332 5056 3462 5107 Bad.
3504 5053 3587 5103 Er.

1944 5139 2077 5191 Lov.
2116 5135 2408 5197 recognita.
2668 5195 2674 5197 Α
2809 5190 2887 5197 ,ω
3020 5190 3028 5197 _
3277 5183 3331 5197 η
3389 5180 3417 5197 ο
3432 5179 3493 5197 __,

2009 5180 2078 5257 iiii
2116 5180 2407 5247 King—2‘1?
2431 5208 2558 5259 quas,
2582 5195 2769 5259 autem
2802 5190 2890 5237 165
2922 5190 3055 5244 erat,
3101 5197 3244 5233 nunc
3275 5183 3351 5230 53.
3389 5180 3595 5241 Scripta

1946 5256 2251 5314 nonmulto
2275 5263 2395 5323 post
2430 5256 2653 5323 sntit),

2008 5304 2456 5387 (Vinicium
2476 5320 2560 5367 hic
2697 5318 2778 5387 est
2809 5311 3074 5387 tribunus.
3092 5304 3594 5387 rc‘msusnabhmretiﬂ-

1951 5369 2157 5439 cis-sub
2170 5369 2373 5434 invidia
2394 5379 2692 5445 tyrannidis
2729 5372 3162 5445 Heraclianmguti
3184 5383 3250 5445 ex
3272 5369 3595 5445 Hieronymo

1952 5430 2559 5507 B'Bsér’iaiiiniﬁ’s‘sapm,
2592 5441 2658 5490 ad
2681 5440 2845 5507 epist.
2892 5437 3030 5507 ista
3055 5430 3489 5507 CuihMarce‘llino
3522 5433 3599 5507 ta:

1955 5493 2107 5561 incisi
2126 5493 2284 5559 dath
2306 5493 2525 5556 l'uenint
2549 5493 2662 5552 ista:
2680 5493 2866 5549 littera:
2892 5496 3033 5563 haud
3061 5493 3229 5543 multo
3248 5497 3367 5563 post
3392 5504 3597 5563 annum

1956 5553 2443 5631 Zibj'héﬁ'iaiﬁéd
2478 5580 2566 5616 eas
2584 5564 2680 5631 _edi
2712 5561 2950 5631 oportuit
2980 5571 3221 5631 seorsum
3251 5553 3318 5604 ab
3369 5553 3596 5631 epistola

1997 5616 2210 5685 iam};
2224 5616 2486 5695 sequenti,
2508 5616 2875 5695 quippgc'ujus
2893 5618 3221 5695 “lustranda:
3243 5630 3407 5695 causa
3422 5616 3600 5666 locum

1997 5682 2196 5750 abuere
2229 5682 2487 5744 hactenus
2508 5682 2656 5739 inter
2677 5682 2939 5750 Epistolas
2968 5682 3415 5747 Augustinianas.
