4098 6166
595 197 705 263 719

600 333 715 387 lum
726 346 882 401 quem
892 332 1101 382 sanctae
1120 323 1390 380 memoriae
1402 323 1715 388 Anastasio,
1733 325 1974 395 episcopo
1988 329 2242 382 Romanae

599 420 873 481 Ecclesix,
904 415 1090 477 dedit;
1114 415 1171 467 in
1203 428 1306 483 quo
1339 412 1557 468 lubrica
1581 420 1633 466 et
1661 413 1908 478 subdola,
1943 416 2051 470 imo
2075 415 2245 469 stulta

596 508 951 575 confessione,
973 503 1096 556 dum
1125 502 1445 556 auditorum
1476 501 1825 571 simplicitati
1852 502 2083 558 illudere
2111 503 2246 556 niti-

597 600 708 660 tur,
741 607 856 647 suae
897 590 1045 660 ﬁdei,
1080 592 1188 645 imo
1219 590 1461 660 perﬁdiae
1493 589 1711 644 illusit:
1760 607 1888 660 quos
1929 591 2092 647 libros
2122 607 2246 647 reor

593 686 841 737 sanctum
868 686 1154 751 parentem
1202 683 1440 733 vestrum
1488 678 1687 733 habere
1744 679 2052 748 Oceanum,-
2108 681 2244 735 olim

593 771 741 825 enim
766 770 899 825 editi
916 772 1066 832 sunt,
1097 768 1292 821 multis
1324 768 1531 837 Ruf/ini
1562 768 1719 822 libris
1749 767 2004 823 adversus
2035 769 2246 823 calum-

591 859 715 913 nias
745 856 1145 928 respondentes.
1202 855 1355 909 Certe
1379 855 1539 909 habes
1594 856 1671 910 ibi
1710 858 1889 911 virum
1917 861 2166 911 sanctum
2191 860 2243 912 et

592 947 872 1003 eruditum
898 944 1263 1014 Augustinum
1311 946 1641 1013 episcopum,
1673 946 1771 1014 qui
1799 948 1941 1010 viva,
1970 950 2031 999 ut
2060 948 2240 1011 aiunt,

592 1051 717 1091 voce
741 1034 928 1089 docere
957 1038 1009 1087 te
1032 1034 1251 1102 poterit,
1285 1038 1335 1086 et
1356 1048 1530 1098 suam,
1563 1035 1669 1087 imo
1683 1049 1782 1103 per
1801 1050 1852 1088 se
1874 1038 2119 1089 nostram
2146 1048 2246 1089 ex-

588 1125 797 1195 plicare
832 1122 1159 1176 sententiam
1171 1164 1184 1177 .

666 1214 813 1267 CAP.
837 1212 905 1264 Il.
930 1240 997 1251 —
1020 1214 1070 1264 2.
1087 1210 1391 1265 Ezechielis
1407 1210 1665 1265 volumen
1686 1212 1817 1266 olim
1838 1213 2062 1283 aggredi
2072 1212 2239 1279 volui,

592 1309 643 1357 et
669 1301 1013 1371 sponsionem
1042 1299 1432 1353 creberrimam
1461 1299 1718 1354 studiosis
1748 1300 2038 1356 lectoribus
2054 1302 2239 1357 redde-

590 1402 679 1454 re;
704 1388 796 1443 sed
821 1388 881 1441 in
910 1389 1024 1458 ipso
1045 1386 1287 1441 dictandi
1316 1388 1540 1443 exordio
1564 1391 1643 1442 ita
1672 1390 1896 1443 animus
1926 1406 2075 1445 meus
2100 1393 2243 1445 occi-

590 1477 891 1533 dentalium
911 1476 1348 1546 provinciarum,
1365 1479 1416 1529 et
1430 1477 1673 1532 maxime
1694 1477 1848 1532 urbis
1865 1478 2050 1533 Romae
2066 1483 2242 1533 vasta-

590 1569 739 1621 tione
785 1567 1040 1633 con/usus
1095 1567 1193 1626 est,
1253 1568 1314 1617 ut
1360 1564 1528 1633 juxta
1585 1566 1811 1635 vulgare
1863 1567 2235 1639 proverbium,

588 1656 873 1724 proprium
903 1667 1107 1722 quoque
1140 1652 1452 1721 ignorarem
1470 1653 1793 1708 vocabulum
1813 1672 1828 1709 :
1851 1655 2236 1725 diuqnetacut,

588 1744 762 1798 sciens
789 1746 994 1812 tempus
1025 1756 1137 1795 esse
1161 1741 1550 1811 lacrymarum.
1597 1743 1703 1798 Hoc
1731 1748 1915 1799 autem
1945 1761 2091 1801 anno
2115 1762 2239 1801 cum

590 1836 698 1887 tres
728 1830 1083 1901 explicassem
1116 1830 1306 1893 libros,
1337 1830 1553 1884 subitus
1586 1833 1825 1900 impetus
1853 1833 2236 1900 barbarorum,

587 1919 652 1973 de
678 1918 872 1989 quibus
904 1922 1030 1971 tuus
1048 1918 1185 1971 dicit
1210 1917 1491 1987 Virgilius,
1521 1937 1548 1968 «
1574 1919 1809 1990 Lateque
1835 1925 2092 1993 vagantes
2104 1924 2240 1977 Bar-

585 2009 686 2064 cxi
708 2029 734 2056 »
761 2006 939 2077 (Virg.
959 2006 1183 2060 zEneid.
1215 2007 1319 2075 1v),
1344 2012 1397 2061 et
1418 2011 1608 2062 sancta
1637 2008 1925 2079 Scriptura
1946 2011 2237 2077 delsmael,

588 2119 616 2145 α
636 2097 841 2152 Contra
868 2096 1067 2166 faciem
1098 2096 1344 2149 omnium
1386 2098 1629 2165 fratrum
1653 2113 1879 2153 suorum
1910 2100 2178 2155 habitabit
2209 2122 2236 2152 ››

586 2184 738 2255 (Gen.
770 2202 889 2251 xvr,
918 2183 1026 2255 19),
1059 2186 1141 2237 sic
1168 2184 1389 2255 zEggpli
1430 2185 1686 2251 limitem,
1720 2186 2053 2253 Palaestinae,
2088 2190 2242 2245 Phx-

583 2275 751 2338 nices,
770 2274 941 2344 Syria
967 2275 1260 2342 percurrit,
1282 2273 1351 2327 ad
1370 2274 1548 2327 instar
1574 2278 1836 2330 torrentis
1852 2282 2235 2333 cunctasecum

585 2362 829 2432 trahens,
862 2369 923 2416 ut
956 2363 1047 2415 vix
1072 2377 1265 2416 manus
1295 2378 1483 2417 eorum
1512 2364 1895 2419 misericordia
1920 2366 2130 2421 Christi
2147 2384 2240 2437 po-

583 2453 853 2506 tuerimus
882 2450 1126 2505 evadere.
1157 2450 1307 2518 Quod
1352 2452 1418 2519 si,
1454 2452 1625 2521 juxta
1656 2452 1919 2524 inclytum
1945 2463 2233 2521 oratorem,

585 2562 614 2589 ‹‹
638 2540 804 2594 silent
826 2541 969 2594 inter
1017 2556 1177 2593 arma
1205 2540 1339 2609 leges
1376 2559 1404 2591 »
1438 2539 1574 2610 (Cic.
1601 2558 1699 2611 pro
1728 2543 1986 2615 Milone);
2034 2550 2236 2615 quanto

583 2630 760 2696 magis
790 2629 973 2682 studia
1000 2630 1438 2698 Scripturarum,
1468 2646 1586 2699 quae
1613 2635 1665 2685 et
1693 2631 1959 2687 librorum
1985 2634 2238 2689 multitu-

583 2716 730 2779 dine,
761 2720 812 2769 et
860 2716 1103 2780 silentio,
1135 2732 1199 2770 ac
1231 2716 1593 2771 librariorum
1632 2719 1944 2785 sedulitate,
1993 2721 2237 2792 quodque

580 2805 871 2875 proprium
901 2809 999 2870 est,
1032 2808 1326 2860 securitate
1349 2810 1401 2861 et
1431 2808 1540 2862 otio
1592 2808 1923 2863 dictantium
1952 2812 2193 2881 indigent
2218 2810 2230 2865 ι

580 2894 719 2949 Duos
751 2896 937 2964 itaque
959 2895 1128 2949 libros
1145 2896 1489 2949 misisanctx
1513 2897 1647 2965 ﬁlix
1673 2913 1803 2952 meae
1825 2900 2090 2965 Fabiolae,
2108 2916 2233 2971 quo-

578 2999 705 3037 rum
732 2981 981 3053 exempla
995 2988 1043 3037 si
1072 2984 1327 3047 volueris,
1355 2984 1422 3038 ab
1450 2986 1568 3055 ipsa
1596 2987 1797 3055 poteris
1827 2988 2098 3042 mutuari.
2124 2991 2233 3044 Pro

580 3074 836 3142 angustia
866 3074 1063 3142 quippe
1093 3073 1349 3141 temporis
1380 3073 1518 3128 alios
1547 3074 1848 3131 describere
1878 3093 1984 3132 non
2026 3079 2183 3148 potui
2212 3095 2229 3134 :

580 3177 709 3230 quos
735 3177 859 3216 cum
890 3162 1081 3231 legeris
1108 3165 1159 3215 et
1173 3160 1442 3215 vestibula
1472 3162 1688 3228 videris,
1710 3164 1892 3234 facilis
1918 3167 2229 3236 conjectura

577 3252 701 3317 erit,
733 3250 911 3320 qualis
940 3251 1057 3318 ipsa
1097 3250 1170 3302 sit
1216 3250 1413 3318 futura
1460 3251 1667 3305 domus.
1700 3254 1811 3308 Sed
1858 3255 2013 3309 credo
2044 3256 2104 3309 in
2135 3257 2231 3311 Dei

574 3338 952 3394 misericordia
986 3339 1081 3407 qui
1104 3354 1199 3392 nos
1230 3338 1443 3408 adjuvit
1488 3339 1547 3393 in
1592 3340 1927 3411 difficillimo
1956 3346 2228 3416 principio

573 3427 886 3495 supradicti
912 3428 1110 3497 operis,
1165 3427 1305 3496 quod
1346 3427 1458 3498 ipse
1485 3428 1703 3499 adjuvet
1730 3434 1778 3484 et
1824 3432 1880 3485 in
1908 3434 2227 3497 penultimis

576 3516 863 3584 Prophetas
886 3515 1152 3585 partibus,
1180 3516 1241 3569 in
1261 3516 1457 3585 quibus
1507 3516 1611 3589 Gog
1642 3523 1690 3573 et
1722 3519 1903 3591 Magog
1931 3521 2069 3577 bella
2096 3540 2227 3579 nar-

578 3610 783 3658 rantur
808 3604 1020 3674 (Ezech.
1050 3620 1290 3665 xxxvnl,
1318 3608 1369 3659 et
1400 3609 1594 3677 xxxix)
1622 3624 1636 3673 ;
1668 3612 1720 3662 et
1765 3611 1819 3663 in
1847 3613 2132 3677 extremis,
2167 3614 2226 3667 in

576 3692 770 3762 quibus
806 3695 1170 3749 sacratissimi
1195 3697 1248 3749 et
1272 3695 1677 3767 inexplicabilis
1701 3700 1891 3769 tempii
1911 3699 2222 3772 aediﬁcatio,

574 3783 833 3849 varietas,
867 3800 1226 3855 mensuraque
1264 3783 1590 3840 describitur
1627 3786 1726 3855 (ld.
1759 3790 2043 3860 XL-XLllI).

648 3874 871 3928 CAPUT
899 3873 991 3927 Ill.
1015 3875 1149 3926 —3.
1183 3872 1412 3928 Sanctus
1430 3878 1609 3943 frater
1639 3880 1820 3931 noster
1846 3877 2105 3946 Oceanus,
2134 3882 2224 3935 cui

572 3977 661 4015 vos
686 3962 883 4032 cupitis
912 3964 1304 4027 commendari,
1342 3966 1529 4017 tantus
1558 3970 1611 4018 et
1642 3965 1772 4019 talis
1798 3970 1893 4031 est,
1924 3971 1974 4021 et
1999 3970 2077 4022 sic
2100 3985 2223 4023 eru-

571 4051 719 4104 ditus
750 4052 805 4103 in
835 4051 947 4120 lege
976 4052 1212 4119 Domini,
1231 4055 1293 4104 ut
1312 4052 1508 4121 absque
1524 4061 1707 4107 nostro
1729 4060 1924 4125 rogatu
1947 4057 2223 4115 instruere

572 4154 665 4193 vos
683 4140 871 4209 possit,
889 4142 940 4193 et
969 4143 1210 4193 nostram
1237 4155 1401 4209 super
1422 4144 1631 4195 cunctis
1657 4144 2054 4213 quaestionibus
2078 4146 2221 4202 Scri-

564 4230 865 4298 pturarum
907 4243 1008 4298 pro
1060 4226 1279 4282 modulo
1334 4231 1636 4285 communis
1694 4232 1903 4301 ingenii
1950 4234 2221 4305 explicare

569 4316 923 4371 sententiam.
955 4314 1254 4370 Incolumes
1284 4332 1374 4370 vos
1405 4320 1456 4371 et
1498 4318 1717 4388 prolixa
1767 4324 1929 4375 aetate
1957 4322 2218 4391 ﬂorentes

572 4404 825 4460 Christus
845 4405 984 4459 Deus
1014 4408 1191 4459 noster
1224 4409 1445 4460 tueatur
1467 4410 1825 4480 omnipotens,
1854 4408 2066 4466 domini
2097 4428 2219 4470 vere

566 4495 761 4549 sancti.

568 4635 659 4690 DE
690 4636 972 4693 DUABUS
1002 4636 1350 4692 EPISTOLIS
1376 4638 1687 4695 PROXIME
1718 4641 2214 4706 SEQUENTIBUS.

924 4724 1051 4795 (un.
1087 4743 1118 4778 ιι
1159 4742 1433 4783 Βετιιλοτ.
1483 4744 1658 4783 οΑιηιτ
1704 4731 1855 4801 xnv).

636 4851 841 4920 Scripsi
852 4850 1023 4905 etiam
1036 4851 1165 4906 duos
1179 4852 1343 4906 libros
1355 4852 1423 4906 ad
1437 4854 1827 4926 Hieronymum
1839 4858 2215 4929 presbyterum

561 4940 829 4995 sedentem
845 4942 903 4993 in
916 4939 1224 4995 Bethlehem
1240 4955 1258 4990 .·
1285 4943 1530 4998 unumde
1561 4943 1782 5015 Origine
1808 4947 2016 5002 Animae
2039 4948 2213 5005 homi-

561 5031 930 5099 nis;alterum
958 5028 1021 5083 de
1048 5028 1782 5102 Sententialacobiapostoli,
1804 5034 1899 5089 ubi
1909 5037 2010 5103 ait,
2033 5060 2059 5087 ‹‹
2086 5040 2211 5107 Qui-

556 5134 786 5189 cumque
814 5123 986 5173 totam
1013 5118 1505 5188 legemservaverit,
1531 5121 1768 5191 offendat
1786 5128 1973 5179 autem
1994 5128 2051 5179 in
2078 5145 2206 5195 uno,

555 5208 737 5278 factus
768 5213 847 5263 est
878 5210 1121 5263 omnium
1149 5224 1272 5262 reus
1321 5229 1348 5256 »
1379 5207 1590 5277 (Jacobi
1619 5226 1677 5275 ιι,
1710 5212 1798 5281 10)
1830 5234 1849 5281 ,-
1879 5214 1944 5268 de
1981 5219 2210 5288 utroque

557 5296 843 5351 consulens
856 5312 1001 5351 eum.
1018 5296 1117 5351 Sed
1132 5298 1187 5350 in
1212 5296 1305 5351 illo
1324 5298 1505 5366 priore
1526 5301 1876 5368 quaestionem
1902 5319 2066 5372 quam
2087 5322 2208 5375 pro-

557 5386 735 5451 posui,
769 5390 876 5455 ipse
897 5402 1001 5439 non
1030 5385 1167 5440 solvi
1184 5404 1202 5451 ,'
1230 5388 1283 5440 in
1299 5388 1606 5454 posteriore
1627 5394 1803 5444 autem
1827 5391 1955 5460 quid
1980 5395 2121 5449 mihi
2145 5397 2209 5452 de

558 5472 658 5525 illa
684 5474 935 5528 solvenda
968 5475 1243 5529 videretur
1269 5492 1383 5545 ipse
1410 5492 1515 5532 non
1546 5480 1692 5532 tacui
1724 5497 1739 5531 :
1771 5480 1861 5534 sed
1892 5486 2079 5538 utrum
2111 5485 2210 5541 hoc

558 5561 882 5628 approbaret
914 5563 1081 5616 etiam
1108 5565 1217 5628 ille,
1241 5566 1511 5620 consului.
1545 5567 2062 5638 Rescripsitautem,
2089 5574 2205 5631 lau-

554 5642 692 5700 dans
718 5646 959 5699 eamdem
982 5649 1439 5707 consultationem
1470 5658 1780 5721 meam,sibi
1799 5666 1979 5716 tamen
2006 5661 2076 5717 ad
2094 5679 2206 5720 res-

1884 192 1941 257 s.
1978 188 2361 258 AUGUSTINI
2400 187 2723 255 EPISCOPI

2352 323 2696 394 pondendum
2710 324 2886 378 otium
2906 337 3013 378 non
3026 337 3136 379 esse
3161 322 3457 392 respondit.
3474 324 3574 396 Ego
3588 342 3706 384 vero
3716 347 3947 405 quousque

2352 416 2485 469 esset
2534 413 2590 465 in
2642 427 2885 482 corpore,
2934 409 3028 465 hos
3086 411 3256 467 libros
3310 410 3467 468 edere
3509 414 3675 481 nolui,
3726 434 3787 473 ne
3833 423 3949 489 forte

2352 501 2696 571 responderet
2741 500 3059 571 aliquando,
3093 503 3148 556 et
3184 517 3309 555 cum
3358 502 3475 571 ipsa
3502 506 3819 574 responsione
3859 511 3951 581 ejus

2348 592 2529 662 potius
2570 590 2887 645 ederentur.
2946 589 3050 645 Illo
3094 593 3282 646 autem
3335 589 3585 660 defuncto
3626 598 3692 647 ad
3721 594 3808 651 hoc
3831 598 3954 654 edidi

2349 680 2611 751 priorem,
2645 682 2706 732 ut
2755 679 2853 749 qui
2904 678 3034 748 legit
3078 679 3441 735 admoneatur
3467 683 3563 734 aut
3614 697 3715 737 non
3744 699 3953 754 quaerere

2351 768 2575 823 omnino
2594 766 2855 838 quomodo
2879 765 3043 822 detur
3060 769 3252 822 anima
3274 768 3635 831 nascentibus.
3657 776 3750 825 aut
3763 778 3890 830 certe
3903 777 3957 831 de

2351 872 2411 912 re
2463 856 2851 912 obscurissima
2915 872 3039 911 eam
3086 857 3412 913 solutionem
3465 862 3769 928 quaestionis
3818 861 3953 934 hujus

2350 945 2664 1009 admittere,
2682 961 2804 1015 quae
2821 947 3099 1001 contraria
3110 962 3216 1001 non
3235 948 3307 1002 sit
3321 948 3679 1017 apertissimis
3691 951 3833 1005 rebus
3842 968 3953 1022 quas

2348 1034 2685 1104 deoriginali
2701 1041 2916 1105 peccato
2937 1034 3070 1105 fides
3079 1034 3351 1090 catholica
3365 1038 3518 1090 novit
3541 1038 3599 1090 in
3606 1038 3851 1108 parvulis,
3866 1042 3949 1096 nisi

2348 1128 2737 1194 regenerentur
2767 1125 2826 1177 in
2857 1123 3068 1179 Christo
3114 1126 3231 1180 sine
3258 1124 3600 1181 dubitatione
3620 1125 3914 1185 damnandis
3938 1148 3951 1194 ,'

2348 1213 2702 1283 posteriorem
2735 1228 2855 1267 vero
2867 1212 2937 1267 ad
2956 1212 3059 1269 hoc
3085 1217 3148 1268 ut
3164 1216 3481 1285 questionis
3496 1215 3560 1269 de
3571 1231 3676 1285 qua
3699 1215 3772 1270 ibi
3782 1218 3947 1289 agitur,

2346 1302 2517 1357 etiam
2567 1317 2691 1372 quae
2719 1302 2872 1356 nobis
2898 1303 3015 1356 nisa
3040 1306 3118 1357 est
3154 1301 3353 1358 solutio
3408 1302 3530 1373 ipsa
3580 1310 3835 1360 noscatur.
3864 1308 3946 1363 Hoc

2347 1406 2479 1461 Opus
2506 1391 2584 1445 sic
2608 1391 2835 1461 incipit:
2867 1408 2897 1440 α
2929 1392 3093 1447 Deum
3142 1395 3391 1447 nostrum
3441 1394 3540 1464 qui
3566 1407 3662 1447 nos
3688 1397 3875 1449 vocavit
3898 1416 3939 1452 ιι.

2654 1623 2742 1676 DE
2781 1621 3065 1677 ORIGINE
3104 1619 3358 1678 ΑΝΙΜᾹΞ
3396 1622 3681 1680 HOMINIS

3079 1743 3259 1793 LIBER,

3120 1849 3225 1890 SIU

2776 1948 3117 2010 EPISTOLA
3161 1950 3361 2007 CLXVI
3408 1951 3433 1972 θ
3484 1951 3583 2022 (a).

2344 2068 2688 2138 Augustinus
2745 2066 3090 2137 Hieronymo,
3138 2082 3425 2122 recensens
3454 2069 3638 2122 varias
3684 2068 3745 2124 de
3787 2070 3946 2125 anime

2415 2157 2625 2225 origine
2648 2156 2977 2223 sententias,
3007 2156 3162 2226 cupit
3190 2154 3375 2210 doceri
3403 2172 3524 2227 qux
3560 2158 3879 2228 potissimum
3898 2163 3950 2213 te

2416 2244 2594 2300 nenda
2608 2246 2680 2298 sit
2694 2266 2716 2313 ,-
2744 2253 2795 2299 et
2807 2243 3069 2315 quomodo
3086 2245 3345 2300 adversus
3355 2245 3777 2317 Pelagianorum
3799 2246 3949 2317 dogma

2415 2332 2633 2404 defendi
2641 2334 2811 2404 possit
2830 2349 2893 2388 ea
2920 2350 3085 2403 quam
3107 2334 3203 2388 ille
3219 2335 3278 2387 in
3304 2337 3589 2406 superiore
3608 2336 3813 2407 epistola
3826 2352 3943 2390 suam

2415 2439 2521 2477 esse
2545 2424 2658 2491 fere
2686 2422 3011 2487 insinuavit,
3041 2422 3301 2492 Singulas
3337 2426 3561 2479 animas
3579 2440 3737 2480 novas
3762 2441 3947 2480 nascen-

2417 2512 2561 2566 tibus
2588 2511 2731 2581 ﬁeri.

2416 2627 2643 2683 CAPUT
2674 2626 2965 2683 PRIMUM.
3012 2657 3074 2667 —
3119 2627 3173 2681 1.
3226 2627 3415 2684 Deum
3451 2635 3716 2685 nostrum
3743 2629 3941 2703 quinos

2343 2716 2575 2772 vocavit
2598 2718 2658 2770 in
2686 2731 2861 2770 suum
2894 2729 3147 2784 regnum
3171 2721 3229 2771 et
3257 2715 3516 2786 gloriam
3538 2718 3582 2789 (Ι
3607 2719 3771 2774 Thess.
3792 2733 3840 2782 ιι,
3863 2719 3941 2788 12),

2341 2810 2400 2861 et
2427 2805 2634 2874 rogavi
2666 2810 2723 2859 et
2751 2818 2898 2872 rogo
2932 2809 2995 2858 ut
3022 2803 3136 2860 hoc
3166 2804 3332 2876 quod
3362 2806 3446 2861 ad
3469 2812 3523 2862 te
3550 2807 3749 2873 scribo,
3780 2812 3939 2862 sancte

2342 2893 2518 2950 frater
2548 2892 2928 2963 Hieronyme,
2956 2892 3276 2948 consulens
3308 2899 3364 2949 te
3387 2893 3466 2949 de
3494 2895 3585 2951 his
3611 2911 3739 2968 quae
3766 2895 3935 2958 nescio,

2339 2980 2712 3037 fructuosum
2744 2996 2873 3036 esse
2902 2980 3077 3036 nobis
3109 2980 3248 3037 velit
3278 2984 3321 3037 ί.
3355 2982 3713 3056 Quanquam
3739 2984 3872 3039 enim
3894 2990 3932 3036 te

2340 3069 2528 3125 multo
2552 3085 2739 3142 quam
2760 3083 2873 3138 ego
2898 3086 3035 3125 sum
3052 3075 3223 3126 etate
3245 3070 3567 3142 majorem,
3594 3078 3780 3129 tamen
3792 3071 3930 3128 etiam

2336 3158 2464 3230 ipse
2488 3159 2615 3229 jam
2646 3173 2826 3213 senex
2853 3157 3105 3214 consulo
3133 3175 3150 3213 :
3183 3159 3287 3215 sed
3318 3160 3393 3215 ad
3425 3161 3766 3218 discendum
3809 3159 3931 3233 quod

2336 3264 2490 3320 opus
2521 3254 2624 3311 est,
2659 3246 2823 3302 nulla
2853 3246 2999 3303 mihi
3028 3251 3174 3304 retas
3203 3263 3335 3304 sera
3364 3249 3556 3306 videri
3589 3256 3802 3323 potest;
3824 3248 3932 3322 quia

2334 3336 2441 3392 etsi
2462 3351 2635 3391 senes
2666 3334 2857 3404 magis
2878 3334 3047 3391 decet
3068 3334 3284 3391 docere
3307 3352 3501 3409 quam
3522 3339 3757 3403 discere,
3780 3336 3927 3405 magis

2334 3430 2538 3482 tamen
2562 3424 2787 3479 discere
2824 3438 3006 3495 quam
3034 3424 3181 3496 quid
3212 3423 3475 3483 doceant
3504 3430 3782 3497 ignorare.
3810 3425 3921 3482 Nihil

2333 3512 2613 3586 equidem
2646 3511 2955 3567 molestius
2983 3512 3107 3569 fero
3129 3514 3187 3569 in
3210 3514 3499 3572 omnibus
3526 3517 3799 3587 angustiis
3817 3515 3926 3571 meis

2332 3616 2483 3674 quas
2515 3602 2710 3672 patior
2738 3599 2799 3656 in
2830 3599 3198 3657 difﬁcillimis
3223 3604 3676 3675 quaestionibus,
3702 3620 3858 3678 quam
3882 3602 3923 3657 in

2331 3696 2453 3748 tam
2485 3690 2817 3762 longinquo
2860 3694 2976 3745 tum
3010 3690 3322 3747 Charitatis
3379 3692 3733 3759 absentiam,
3782 3693 3923 3749 utvix

2332 3780 2558 3852 possim
2590 3795 2753 3835 meas
2782 3778 2947 3842 dare,
2982 3778 3076 3835 vix
3124 3781 3385 3853 recipere
3416 3782 3639 3840 litteras
3679 3789 3814 3843 tuas.
3848 3795 3923 3853 per

2330 3868 2660 3935 intervalla,
2690 3884 2812 3923 non
2842 3867 3096 3929 dierum,
3128 3885 3249 3926 non
3277 3872 3598 3938 mensium,
3629 3872 3725 3929 sed
3743 3871 3921 3942 aliquot

2331 3974 2627 4016 annorum
2646 3956 2895 4024 ;cum,si
2927 3957 3049 4013 ﬁeri
3078 3963 3298 4030 posset,
3324 3960 3594 4032 quotidie
3623 3965 3917 4034 pmsentem

2330 4050 2382 4104 te
2414 4048 2634 4104 habere
2660 4046 2894 4111 vellem,
2927 4062 3066 4102 cum
3094 4062 3219 4118 quo
3246 4046 3528 4121 loquerer
3540 4048 3814 4124 quidquid
3831 4044 3915 4101 vel-

2325 4135 2463 4193 lem.
2499 4139 2613 4193 Nec
2641 4135 2776 4191 ideo
2807 4140 3008 4190 tamen
3040 4150 3159 4191 non
3190 4135 3372 4192 debui
3399 4136 3596 4196 facere
3609 4132 3915 4212 quodpotui:

2327 4225 2375 4280 si
2405 4222 2531 4281 non
2560 4223 2724 4295 potui
2765 4228 2955 4279 totum
2983 4223 3149 4295 quod
3188 4223 3368 4281 volui.

2397 4274 2633 4371 ivi—Scin;
2646 4274 2817 4369 venit
2832 4274 3379 4384 ad—rxiewrewlig‘io-s—u's
3402 4316 3663 4387 juvenis,
3677 4312 3913 4372 catholica
4016 4274 4021 4387 44

2324 4368 2473 4476 pace
2487 4368 3048 4468 iratamretateﬁlius,
3066 4368 3913 4478 hon‘orecompres—thernoster
4012 4368 4019 4478 ᾖ

2325 4494 2586 4558 Orosius,
2612 4490 2751 4561 vigil
2781 4491 3041 4561 ingenio,
3074 4496 3390 4564 promptus
3422 4493 3677 4567 eloquio,
3697 4492 3910 4561 ﬂagrans

2324 4582 2538 4647 studio,
2558 4580 2697 4637 utile
2712 4582 2885 4636 vasin
2898 4579 3083 4636 domo
3100 4580 3333 4637 Domini
3351 4597 3480 4638 esse
3492 4582 3832 4645 desiderans,
3850 4574 3907 4631 ad

2318 4670 2677 4728 reiellendas
2706 4670 2891 4726 falsas
2925 4670 3411 4743 perniciosaeque
3451 4670 3760 4737 doctrinas,
3803 4678 3907 4739 qua

2321 4760 2556 4818 animas
2571 4760 2966 4831 Hispanorum
2982 4758 3166 4814 multo
3179 4757 3494 4827 infelicius,
3518 4776 3695 4833 quam
3708 4766 3907 4827 corpora

2319 4848 2671 4907 barbaricus
2710 4846 3375 4918 gladius,trucidarunt.
3410 4852 3554 4905 Nam
3582 4848 3711 4904 inde
3748 4844 3905 4901 adnos

2322 4956 2511 5012 usque
2525 4939 2603 4996 ab
2619 4938 2818 4994 oceani
2830 4936 3021 4993 littore
3035 4938 3549 5009 properavit,iama
3560 4938 3769 4994 excitus
3779 4926 3904 5006 quod

2318 5046 2355 5086 a
2372 5045 2466 5084 me
2490 5031 2689 5101 posset
2713 5026 2786 5082 de
2807 5025 2899 5081 his
2940 5041 3077 5098 qua:
3096 5026 3241 5081 scire
3263 5026 3455 5095 vellet,
3488 5023 3752 5101 quidquid
3772 5018 3905 5076 vellet

2318 5119 2544 5175 audire.
2578 5120 2777 5188 Neque
2808 5116 3040 5172 nullum
3054 5115 3210 5187 cepit
3237 5114 3529 5174 adventus
3555 5115 3641 5171 sui
3671 5114 3902 5170 fructum.

2316 5207 2531 5271 Primo,
2565 5222 2638 5262 ne
2668 5205 2743 5262 de
2774 5220 2869 5261 me
2921 5203 3178 5261 multum
3212 5203 3392 5261 fama:
3423 5205 3701 5263 crederet:
3733 5194 3901 5255 deinde

2375 5362 2389 5393 ί
2428 5358 2570 5415 Lov.,
2604 5358 2749 5407 velis.
2792 5358 2857 5405 At
2886 5356 3011 5405 Bad.
3045 5356 3133 5410 Er.
3175 5358 3227 5405 et
3246 5356 3395 5414 Mss.,
3427 5356 3617 5407 habent
3642 5352 3762 5404 velit.
3825 5407 3835 5417 .

2375 5423 2404 5454 ·
2430 5404 3027 5483 is'h'ujss‘rsesssane
3047 5404 3225 5468 collati
3248 5404 3395 5469 sesi
3419 5404 3563 5469 ΗῘΒῘ.
3593 5432 3633 5467 c.
3670 5419 3730 5465 ct.
3759 5407 3849 5520 ε.
3870 5404 3894 5452 l-

2376 5500 2400 5520 ι-
2446 5499 2471 5520 1·
2521 5486 2580 5520 et.
2636 5488 2655 5520 t,
2704 5485 2764 5520 tt-
2798 5496 2876 5520 νο,
2909 5481 3018 5520 dun
3066 5480 3290 5520 hn-dnn
3331 5482 3385 5520 th
3451 5483 3622 5520 dmum
3651 5492 3696 5520 ν.
3743 5477 3785 5520 et
3840 5481 3893 5517 m.

2314 5499 2416 5533 mr.
2444 5499 2485 5532 r.
2520 5477 2614 5532 sb.’
2636 5488 2673 5530 t.
2704 5485 2764 5531 tt.
2798 5496 2878 5532 vc.
2909 5481 3018 5531 duo
3063 5482 3155 5531 bn.
3180 5480 3290 5532 duo
3331 5482 3413 5533 th.
3451 5483 3623 5533 decem
3651 5492 3696 5526 ν.
3743 5477 3785 5523 et
3805 5477 3893 5520 Am.

2315 5547 2445 5597 Bad.
2483 5546 2567 5595 Er.
2604 5545 2731 5595 Lov.
3731 5598 3755 5605 _
3809 5595 3817 5605 .

2376 5594 2447 5671 (in)
2482 5594 2626 5657 illius
2644 5594 2734 5657 28:
2763 5622 2881 5672 quae
2907 5610 3087 5657 autem
3122 5608 3211 5656 168
3258 5608 3394 5666 erat,
3446 5619 3580 5659 nunc
3608 5603 3705 5653 105.
3729 5594 3891 5658 Scripta

2312 5685 2408 5728 an.
2447 5674 2558 5721 415.
2590 5684 2755 5722 verno
2789 5676 3056 5735 tempore.
