4136 6172
569 177 674 238 723

567 319 640 361 ex
666 305 880 371 Adam,
901 309 1280 374 regeneretur
1304 304 1362 358 in
1396 302 1624 359 Christo
1656 302 1735 357 ad
1761 302 1891 373 ejus
1919 303 2219 374 pertinens

570 395 935 458 societatem,
953 398 1006 448 et
1026 393 1290 463 requiem
1317 398 1456 464 post
1485 396 1738 446 mortem
1767 392 2030 463 corporis
2055 389 2225 445 habi-

567 486 786 548 turam,
813 487 866 536 et
889 497 1105 551 corpus
1132 481 1209 536 ad
1236 481 1486 550 gloriam
1513 482 2056 554 recepturam.Haec
2083 484 2226 534 sunt

569 587 702 644 quae
734 570 807 624 de
839 570 1041 625 anima
1071 569 1415 626 ﬁrmissime
1447 576 1638 625 teneo.

641 685 867 739 CAPUT
893 685 984 738 IlI.
1012 717 1078 725 —
1098 686 1151 740 6.
1182 688 1346 741 Nunc
1374 686 1842 756 accipe,quaaso,
1871 683 2010 755 quid
2036 681 2228 753 requi-

568 788 716 834 ram,
748 779 805 827 et
835 773 954 828 noli
990 790 1083 829 me
1112 790 1423 845 spernere;
1450 774 1534 829 sic
1561 789 1682 829 non
1716 775 1732 808 ¹
1773 781 1822 828 te
1855 776 2096 844 spernat
2125 771 2230 842 qui

568 877 678 932 pro
701 861 876 916 nobis
899 862 1178 932 dignatus
1195 868 1282 918 est
1305 864 1744 934 sperni.Quaero
1759 861 1855 916 ubi
1875 859 2232 916 contraxerit

571 951 774 1005 anima
811 957 1039 1006 reatum
1083 967 1204 1023 quo
1251 952 1499 1007 trahitur
1542 952 1598 1005 in
1644 950 2229 1014 condemnationem,

569 1038 747 1094 etiam
760 1039 1001 1095 infantis
1017 1046 1203 1096 morte
1220 1041 1572 1112 prmventi,si
1587 1042 1638 1095 ei
1654 1057 1758 1112 per
1775 1042 2230 1097 Sacramentum

569 1143 690 1199 quo
721 1128 899 1184 etiam
946 1129 1182 1199 parvuli
1212 1115 1603 1202 baptiz'antur,
1641 1130 1859 1186 Christi
1892 1129 2080 1202 gratia
2110 1143 2230 1184 non

569 1216 930 1271 subvenerit.
946 1219 1071 1272 Non
1095 1217 1252 1273 enim
1270 1235 1330 1273 es
1349 1219 1548 1274 exillis
1573 1220 1672 1290 qui
1693 1218 1880 1274 modo
1905 1234 2061 1273 nova
2078 1232 2236 1288 qua:-

565 1305 706 1359 dam
731 1307 952 1374 garrire
970 1315 1295 1377 cmperunt,
1312 1307 1575 1363 dicentes
1593 1308 1830 1362 nullum
1853 1312 2083 1361 reatum
2106 1320 2234 1360 esse

565 1408 637 1448 ex
651 1395 840 1448 Adam
857 1399 1134 1460 tractum,
1151 1397 1252 1467 qui
1268 1412 1371 1467 per
1396 1397 1606 1468 Baptis
1628 1413 1792 1452 mum
1807 1397 1864 1450 in
1889 1395 2111 1450 infante
2126 1393 2237 1450 sol-

564 1483 951 1547 vatur.Quod
973 1488 1027 1538 te
1060 1500 1272 1555 sapere
1305 1486 1351 1540 si
1384 1486 1766 1550 scirem,imo
1797 1486 1914 1540 nisi
1939 1489 1991 1539 te
2019 1483 2082 1540 id
2113 1498 2235 1538 non

568 1586 775 1642 sapere
813 1572 1046 1640 scirem,
1081 1589 1466 1645 nequaquam
1509 1576 1624 1629 hoc
1675 1574 1784 1629 abs
1817 1579 1868 1628 te
1905 1588 2238 1645 quaererem

570 1659 1079 1729 autqumrendum
1103 1665 1392 1730 putarem.
1412 1661 1523 1716 Sed
1547 1661 1696 1733 quia
1731 1665 2005 1714 tenemus
2025 1659 2097 1714 de
2123 1659 2237 1714 hac

567 1760 629 1798 re
663 1746 1016 1801 sententiam
1044 1755 1206 1802 tuam
1231 1749 1644 1804 concinentem
1681 1748 1998 1803 catholicas
2028 1747 2240 1804 funda-

569 1832 811 1888 tissimae
828 1833 1103 1906 ﬁdei,qua
1117 1836 1480 1892 etJoviniani
1497 1837 1834 1908 vaniloquia
1848 1837 1944 1893 red
1955 1852 2235 1907 arguens,

570 1920 893 1976 adhibuisti
920 1924 1330 1979 testimonium
1359 1943 1426 1980 ex
1448 1926 1600 1981 libro
1621 1928 1748 1996 Job,
1767 1929 1953 1982 Nemo
1982 1927 2239 1981 mundus

567 2009 630 2063 in
655 2017 967 2078 conspectu
991 2018 1107 2076 tuo,
1126 2028 1228 2068 nec
1242 2013 1447 2082 infans
1471 2018 1644 2084 cujus
1665 2023 1747 2071 est
1770 2015 1890 2071 diei
1919 2017 2094 2070 unius
2116 2014 2239 2070 vita

568 2104 982 2166 superterram
1000 2101 1255 2170 (Job.xv,
1272 2108 1322 2167 4,
1339 2118 1450 2168 sec,
1469 2104 1874 2175 LXX),deinde
1892 2103 2235 2174 adjunxisti,

577 2189 976 2261 Tenemurque
989 2192 1078 2245 rei
1089 2191 1147 2246 in
1162 2191 1554 2248 similitudine
1565 2194 2089 2263 pravaricalionis
2104 2193 2240 2247 Adae

570 2275 834 2344 (Hieron.
851 2278 992 2342 lib,2
1006 2280 1290 2335 adversus
1302 2281 1611 2351 Jovin.);et
1628 2282 1780 2337 liber
1794 2287 1932 2336 tuus
1948 2283 2004 2336 in
2023 2284 2238 2336 Jonam

567 2365 924 2436 prophetam
941 2367 1079 2421 satis
1098 2368 1211 2423 hoc
1236 2369 1543 2439 insigniter
1560 2370 1943 2442 dilucideque
1957 2369 2238 2437 declarat,

567 2453 666 2508 ubi
690 2453 962 2524 jejunare
981 2456 1263 2527 parvulos
1288 2465 1527 2530 propter
1551 2460 1752 2527 ipsum
1792 2458 2082 2528 originale
2106 2474 2243 2529 pec-

569 2548 786 2608 catum,
822 2544 1031 2599 merito
1065 2552 1307 2601 coactos
1341 2562 1472 2602 esse
1499 2547 1699 2602 dixisti
1740 2547 1942 2616 (Id.in
1964 2547 2239 2618 Ionam):

565 2647 687 2687 non
713 2632 1196 2689 inconvenienter
1223 2635 1330 2690 abs
1361 2641 1412 2690 te
1433 2636 1841 2708 quaero,hunc
1868 2640 2100 2691 reatum
2121 2635 2244 2691 ani-

565 2738 666 2778 ma
707 2720 810 2776 ubi
856 2726 1237 2790 contraxerit,
1272 2724 1429 2780 unde
1470 2729 1739 2796 oporteat
1777 2741 1920 2780 eam
1972 2725 2152 2781 etiam
2182 2725 2243 2779 in

568 2810 666 2866 illa
701 2815 871 2866 aetate
905 2827 1010 2883 per
1045 2812 1504 2869 Sacramentum
1545 2813 1886 2870 christiana:
1930 2814 2134 2886 gratias
2177 2814 2242 2869 li-

575 2901 794 2958 berari.

644 3018 695 3071 7.
731 3017 850 3086 Ego
901 3018 1148 3089 quidem
1187 3024 1326 3076 ante
1361 3021 1588 3092 aliquot
1631 3037 1842 3091 annos,
1870 3037 2008 3077 cum
2052 3020 2241 3076 libros

573 3106 870 3178 quosdam
902 3107 1222 3164 scriberem
1246 3109 1319 3165 de
1347 3110 1552 3166 Libero
1584 3111 1976 3182 Arbitrio,qui
2007 3111 2067 3166 in
2093 3109 2241 3165 mul-

579 3198 774 3252 torum
790 3212 1008 3252 manus
1029 3198 1311 3268 exierunt,
1328 3204 1557 3254 etnunc
1572 3199 1869 3254 habentur
1891 3216 1927 3256 a
1945 3198 2241 3271 plurimis,

580 3288 839 3356 quatuor
872 3286 1182 3356 opiniones
1217 3287 1289 3342 de
1319 3287 1537 3342 anima:
1569 3287 2006 3352 incarnatione,
2036 3290 2244 3343 Utrum

581 3390 653 3429 ex
673 3374 773 3429 illa
801 3390 921 3429 una
945 3390 1081 3445 quas
1103 3375 1299 3445 primo
1321 3376 1556 3431 homini
1577 3376 1716 3432 data
1738 3383 1845 3443 est,
1865 3383 2090 3432 casterae
2115 3393 2248 3449 pro-

582 3467 1001 3534 pagenturzan
1030 3463 1278 3533 singulis
1295 3464 1638 3535 quibusque
1659 3480 1830 3519 novas
1855 3466 2035 3520 etiam
2065 3465 2249 3521 modo

582 3552 763 3608 ﬁant:
791 3568 866 3607 an
896 3552 1113 3608 alicubi
1136 3554 1264 3622 jam
1293 3554 1740 3618 existentes,vel
1765 3554 2074 3609 mittantur
2095 3555 2250 3610 divi-

582 3640 760 3704 nitus,
790 3641 878 3696 vel
919 3646 1130 3714 sponte
1168 3641 1460 3698 labantur
1504 3642 1565 3697 in
1605 3658 1892 3713 corpora;
1927 3643 2007 3698 ita
2043 3649 2246 3714 putavi

584 3743 713 3785 esse
740 3732 1108 3799 tractandas,
1125 3736 1186 3788 ut
1214 3732 1506 3803 quaelibet
1528 3747 1735 3787 earum
1770 3748 1909 3787 vera
1933 3737 2111 3798 esset,
2129 3748 2250 3788 non

601 3818 916 3891 impediret
946 3820 1332 3877 intentionem
1364 3837 1586 3886 meam,
1621 3837 1743 3893 qua
1786 3827 1926 3876 tunc
1955 3821 2250 3878 adversus

597 3923 698 3963 eos
726 3912 967 3980 quantis
992 3915 1265 3982 poteram
1287 3910 1514 3966 viribus
1545 3910 1823 3980 agebam,
1840 3911 1943 3982 qui
1970 3915 2249 3966 naturam

589 3997 732 4052 mali
762 4014 870 4054 suo
892 3999 1188 4069 principio
1215 3999 1530 4069 prasditam
1556 4002 1599 4064 ³,
1617 3999 1904 4054 adversus
1939 4001 2123 4055 Deum
2151 4015 2248 4055 co-

584 4092 804 4140 nantur
818 4087 1122 4151 inducere,
1140 4087 1198 4142 id
1216 4092 1306 4142 est
1321 4093 1530 4142 contra
1547 4088 1898 4144 Manichaeos
1916 4091 2022 4157 (De
2045 4089 2250 4145 Libero

587 4173 877 4237 Arbitrio,
903 4175 1004 4230 lib.
1027 4179 1056 4231 3
1081 4191 1131 4230 c.
1157 4177 1248 4245 21)
1277 4191 1452 4233 :nam
1475 4177 1548 4231 de
1578 4176 2032 4232 Priscillianistis
2051 4178 2250 4234 adhuc

587 4261 733 4316 nihil
764 4263 1094 4328 audieram,
1115 4262 1216 4334 qui
1244 4278 1365 4319 non
1399 4263 1652 4319 multum
1671 4264 1748 4319 ab
1775 4264 1900 4318 istis
1929 4265 2249 4322 dissimiles

585 4349 996 4421 blasphemias
1030 4351 1398 4408 fabulantur.
1427 4353 1564 4408 Ideo
1593 4354 1868 4424 quintam
1901 4355 2249 4426 opinionem

589 4455 708 4495 non
737 4441 957 4505 addidi,
977 4458 1163 4514 quam
1182 4441 1242 4496 in
1268 4445 1367 4496 tua
1389 4442 1644 4513 epistola
1666 4443 1816 4497 inter
1835 4449 2076 4499 caeteras
2092 4460 2251 4500 com-

593 4532 957 4597 memorasti,
975 4547 1048 4587 ne
1070 4531 1337 4603 aliquam
1361 4531 1702 4602 praeterites,
1717 4531 1814 4587 ubi
1839 4533 1912 4589 de
1927 4533 2039 4590 hac
2059 4549 2249 4605 quaes-

589 4618 750 4675 tione
789 4620 1176 4691 interroganti
1215 4621 1571 4693 rescripsisti
1611 4620 1906 4690 religioste
1947 4623 2247 4679 memoria

589 4706 1041 4781 viro,nobisque
1055 4710 1115 4765 in
1135 4710 1640 4766 Christicharitate
1653 4712 1994 4781 gratissimo
2014 4713 2248 4768 Marcel-

589 4795 734 4860 lino,
761 4798 925 4868 quod
961 4799 1165 4853 anima
1195 4800 1215 4832 ⁸
1249 4799 1323 4853 sit
1354 4816 1492 4870 pars
1527 4798 1627 4854 Dei
1657 4818 1669 4858 :
1709 4801 1924 4870 primo,
1958 4801 2102 4872 quia
2126 4817 2246 4857 non

592 4885 667 4940 de
695 4886 1106 4942 incarnatione
1133 4891 1282 4956 ejus,
1303 4887 1407 4942 sed
1438 4888 1511 4942 de
1542 4895 1758 4943 natura
1787 4889 2246 4960 quaeritur,cum

589 4974 705 5030 hoc
735 4976 1049 5048 quaaritur;
1077 4976 1312 5040 deinde,
1340 4976 1485 5047 quia
1513 4976 1626 5032 hoc
1653 4978 1913 5034 sentiunt
1935 4978 2014 5034 illi
2041 4985 2248 5036 contra

590 5079 742 5135 quos
768 5065 1046 5136 agebam,
1083 5070 1139 5120 et
1168 5065 1228 5120 id
1258 5064 1521 5120 maxime
1562 5065 1816 5135 agebam
1859 5073 1920 5122 ut
1960 5068 2246 5124 Creatoris

652 5264 666 5292 ¹
702 5263 827 5312 Mss.
859 5266 1109 5327 quatuor,
1158 5263 1203 5311 si
1239 5275 1346 5310 non
1383 5268 1429 5311 te
1459 5267 1690 5326 spernat.
1716 5262 1846 5315 Bad.
1889 5267 1938 5312 et
1979 5263 2080 5320 Er.,
2107 5279 2171 5313 ne
2202 5270 2248 5314 te

870 5389 1075 5438 editam.
1106 5390 1174 5440 At
1202 5389 1465 5438 editiones
1495 5387 1823 5451 antiquiores
1857 5392 1908 5436 et
1941 5388 2086 5444 Mss.,
2116 5404 2245 5450 prte-

627 5464 644 5495 ι
671 5465 769 5495 am.

620 5455 852 5582 :u'agdd”
881 5515 1058 5586 animo
1082 5529 1188 5586 non
1217 5515 1281 5564 sit
1314 5513 1982 5586 pars.Dei._.Exp‘unximuis
2008 5515 2246 5586 negatio-

596 5575 814 5643 ti_onem,
841 5590 958 5643 quae
989 5577 1140 5643 abest
1164 5590 1195 5625 δ,
1220 5575 1538 5643 melioribus
1567 5576 1687 5622 Mss.
1720 5575 1921 5643 ijt'empe
1953 5575 2051 5627 hoc
2081 5575 2245 5626 Mani-

596 5635 730 5688 ebeei
752 5635 1068 5694 sentiebant.
1092 5639 1236 5702 quod
1261 5640 1442 5689 anima
1463 5640 1535 5689 sit.
1565 5652 1687 5701 pars
1719 5638 1832 5694 Dei.

1853 177 1916 233 s.
1958 162 2344 233 AUGUSTINI
2385 161 2716 232 EPISCOPI'

3833 170 3921 240 vii

2329 300 2757 372 inculpabilem
2782 301 3305 372 inviolabilemque
3330 304 3600 356 naturam
3629 317 3661 358 a
3685 311 3926 362 creatura

2331 389 2483 445 vitiis
2500 397 2556 445 et
2584 390 2719 445 labe
2742 405 3133 455 secernerem,
3150 406 3289 445 cum
3309 389 3391 444 illi
3416 405 3451 445 a
3469 389 3772 447 substantia
3791 394 3924 460 mali,

2332 480 2426 534 cui
2473 480 2782 551 proprium
2827 480 3189 552 principium
3234 479 3644 551 principesque
3679 481 3928 549 tribuunt,

2332 569 2528 640 ipsam
2560 568 2704 623 boni
2747 570 2844 624 Dei
2876 569 3270 624 substantiam
3304 583 3374 622 ex
3406 573 3566 638 parte
3604 584 3714 639 qua
3743 572 3758 606 ¹
3787 579 3932 643 capta

2334 663 2439 722 est,
2455 663 2797 730 corruptam
2827 665 2880 713 et
2902 673 3275 730 oppressam,
3293 660 3350 712 et
3374 656 3452 711 ad
3477 658 3745 727 peccandi
3769 675 3934 716 neces-

2335 748 2568 802 sitatem
2596 747 2945 818 perductam
2968 762 3100 802 esse
3122 745 3502 802 contendant.
3521 746 3633 801 Hoc
3657 745 3836 819 itaque
3859 765 3936 804 ex-

2337 841 2506 907 cepto
2538 835 2824 891 haeretica
2865 835 3164 907 opinionis
3204 849 3422 898 errore,
3455 850 3524 890 ex
3558 839 3795 906 quatuor
3827 838 3938 894 reli-

2337 925 2470 996 quis
2504 925 2889 995 opinionibus
2923 941 3204 997 quaanam
3247 926 3318 979 sit
3346 922 3613 995 eligenda
3642 924 3777 980 scire
3807 927 3938 981 desi-

2338 1014 2500 1069 dero.
2563 1015 2969 1086 Quaecumque
3027 1015 3185 1071 enim
3234 1013 3510 1082 eligenda
3564 1016 3667 1078 est,
3707 1014 3844 1069 absit
3891 1021 3940 1071 ut

2339 1103 2653 1174 impugnet
2689 1102 2845 1158 hanc
2880 1103 3062 1158 ﬁdem
3108 1103 3181 1158 de
3217 1118 3340 1176 qua
3379 1102 3516 1157 certi
3558 1118 3776 1169 sumus,
3805 1105 3940 1160 omni

2340 1195 2560 1247 animm
2590 1193 2770 1248 etiam
2798 1192 3030 1262 parvuli
3058 1191 3298 1248 infantis
3334 1192 3718 1246 necessariam
3749 1207 3860 1246 esse
3891 1191 3939 1245 li-

2340 1281 2711 1336 berationem
2739 1297 2809 1336 ex
2835 1281 3200 1350 obligatione
3226 1280 3734 1353 peccati,eamque
3750 1279 3941 1335 nullam

2343 1385 2472 1425 esse
2499 1371 2613 1425 nisi
2631 1386 2735 1442 per
2759 1372 2962 1425 Jesum
2994 1370 3321 1438 Christum,
3343 1374 3401 1425 et
3426 1369 3582 1425 hunc
3611 1369 3935 1426 cruciﬁxum.

2414 1477 2638 1533 CAPUT
2670 1478 2756 1531 IV.
2777 1507 2842 1517 -—
2858 1480 2907 1532 8.
2932 1477 3180 1532 Proinde
3198 1492 3271 1531 ne
3288 1476 3536 1545 longum
3553 1475 3946 1539 faciamus,hoc

2343 1572 2496 1621 certe
2519 1567 2696 1620 sentis
2720 1566 2882 1637 quod
2896 1566 3160 1637 singulas
3182 1565 3418 1621 animas
3437 1564 3680 1635 singulis
3700 1564 3940 1619 nascenti-

2343 1656 2456 1710 bus
2477 1655 2654 1711 etiam
2680 1655 2862 1711 modo
2884 1658 3036 1711 Deus
3057 1655 3250 1711 faciat.
3279 1655 3381 1710 Cui
3409 1653 3711 1709 sententiae
3739 1669 3804 1708 ne
3828 1652 3949 1722 obji-

2344 1745 2534 1799 ciatur
2574 1744 2736 1817 quod
2784 1760 2994 1800 omnes
3039 1749 3341 1800 creaturas
3381 1748 3548 1798 sexto
3592 1743 3678 1797 die
3715 1757 3948 1797 consum-

2345 1834 2595 1889 maverit
2629 1837 2777 1888 Deus
2821 1839 2877 1889 et
2917 1834 3171 1905 septimo
3207 1833 3302 1887 die
3340 1831 3708 1904 requieverit,
3739 1829 3950 1885 adhibes

2346 1923 2750 1978 testimonium
2773 1939 2844 1978 ex
2868 1921 3212 1991 Evangelio,
3233 1923 3414 1977 Pater
3439 1936 3599 1977 meus
3629 1935 3797 1992 usque
3822 1934 3949 1974 nunc

2345 2011 3014 2083 operatur(Joan.v,i7).
3033 2012 3124 2068 Sic
3138 2012 3297 2066 enim
3314 2011 3384 2065 ad
3403 2010 3788 2066 Marcellinum
3807 2008 3951 2079 scrip-

2346 2101 2467 2155 sisti
2486 2117 2497 2154 :
2516 2101 2574 2155 in
2598 2117 2718 2173 qua
2743 2101 2988 2171 epistola
3016 2102 3194 2156 etiam
3220 2100 3336 2155 mei
3365 2099 3948 2154 commemorationem

2347 2189 2901 2244 benevolentissime
2932 2189 3125 2245 facere
3156 2189 3442 2258 dignatus
3474 2203 3556 2252 es,
3587 2186 3742 2259 quod
3771 2186 3853 2241 hic
3879 2199 3951 2239 me

2344 2278 2592 2334 haberet
2617 2279 2674 2334 in
2706 2278 2918 2348 Africa,
2944 2281 3045 2351 qui
3077 2280 3126 2333 ei
3152 2279 3346 2349 ipsam
3373 2276 3607 2333 facilius
3631 2291 3851 2348 possem
3880 2289 3953 2328 ex-

2345 2368 2567 2440 plicare
2590 2369 2942 2423 sententiam
2967 2367 3313 2438 (Sup.epist.
3338 2367 3484 2436 165).
3513 2366 3677 2432 Quod
3705 2365 3747 2419 si
3768 2363 3954 2436 potuis-

2347 2474 2493 2523 sem,
2521 2473 2638 2511 non
2673 2456 2766 2513 ille
2796 2457 2910 2512 hoc
2936 2456 3040 2512 abs
3073 2462 3124 2512 te
3154 2462 3275 2511 tam
3309 2456 3488 2527 longe
3518 2455 3706 2528 posito
3736 2453 3953 2525 inquire-

2347 2552 2460 2616 ret;
2488 2546 2534 2600 si
2558 2552 2759 2600 tamen
2783 2545 2843 2600 id
2874 2545 2973 2600 tibi
2998 2562 3066 2600 ex
3101 2545 3293 2600 Africa
3316 2546 3571 2616 scripsit.
3589 2547 3728 2599 Nam
3750 2539 3952 2614 quando

2349 2634 2649 2705 scripserit
2683 2634 2915 2699 nescio;
2956 2640 3183 2690 tantum
3219 2634 3341 2689 scio
3377 2635 3542 2705 quod
3586 2633 3656 2688 de
3690 2632 3794 2688 hoc
3835 2630 3953 2684 bene

2348 2723 2690 2790 cognoverit
2724 2722 3167 2778 cunctationem
3199 2737 3395 2777 meam
3439 2738 3453 2777 :
3494 2723 3649 2777 unde
3677 2735 3765 2775 me
3797 2719 3958 2773 incon-

2348 2811 2503 2867 sulto
2534 2810 2726 2867 facere
2755 2811 2962 2867 voluit.
2981 2812 3339 2882 Quanquam
3365 2811 3547 2867 etiam
3583 2811 3629 2865 si
3654 2806 3960 2867 consuleret,

2350 2899 2546 2969 magis
2575 2899 2862 2964 hortarer,
2888 2903 2944 2954 et
2974 2899 3196 2968 gratias
3224 2913 3469 2968 agerem
3491 2897 3654 2970 quod
3680 2895 3840 2952 nobis
3866 2907 3961 2948 om-

2349 2989 2528 3044 nibus
2557 2988 2811 3044 conferri
2839 2991 2861 3023 ²
2894 2991 3117 3060 posset,
3142 2988 3259 3043 nisi
3287 2993 3347 3043 tu
3375 2988 3636 3044 breviter
3665 2983 3959 3042 rescribere.

2350 3093 2535 3150 quam
2570 3078 2934 3148 respondere
2973 3075 3288 3132 maluisses
3325 3095 3340 3133 :
3375 3077 3560 3133 credo
3592 3091 3662 3131 ne
3704 3069 3960 3145 superﬂuo

2349 3166 2675 3230 laborares,
2699 3166 2799 3222 ubi
2831 3182 2942 3238 ego
2969 3183 3182 3231 essem,
3203 3181 3383 3238 quem
3408 3166 3668 3239 putabas
3695 3163 3752 3219 id
3780 3161 3961 3232 optime

2353 3257 2498 3311 scire
2534 3255 2698 3328 quod
2734 3255 2827 3310 ille
2867 3256 3242 3326 quaesiverat.
3277 3259 3418 3311 Ecce
3463 3255 3599 3311 volo
3639 3258 3696 3308 ut
3733 3252 3823 3306 illa
3857 3262 3960 3304 sen-

2353 3345 2532 3401 tentia
2564 3346 2740 3400 etiam
2770 3359 2905 3400 mea
2943 3344 3033 3409 sit,
3071 3343 3172 3399 sed
3206 3345 3483 3400 nondum
3520 3358 3647 3399 esse
3683 3339 3954 3397 conﬁrmo.

2426 3455 2475 3506 9.
2493 3451 2770 3507 Misistiad
2793 3467 2885 3506 me
2908 3451 3233 3523 discipulos
3257 3455 3404 3506 utea
3427 3453 3679 3507 doceam
3706 3463 3827 3520 quae
3845 3456 3959 3499 non-

2354 3540 2496 3595 dum
2531 3540 2656 3611 ipse
2687 3541 2884 3596 didici.
2911 3543 3063 3596 Doce
3093 3556 3234 3609 ergo
3264 3540 3430 3612 quod
3459 3541 3744 3596 doceam:
3769 3550 3889 3592 nam
3914 3532 3961 3584 ut

2355 3629 2606 3684 doceam
2636 3629 2805 3685 multi
2838 3647 2872 3685 a
2906 3647 2998 3685 me
3030 3629 3320 3699 ﬂagitant,
3355 3630 3562 3701 eisque
3596 3644 3687 3683 me
3714 3627 3846 3680 sicut
3871 3620 3958 3675 alia

2357 3718 2566 3783 multa,
2596 3724 2650 3774 et
2674 3719 2787 3774 hoc
2819 3719 3089 3791 ignorare
3121 3718 3767 3776 conﬁteorzett’ortasse
3790 3724 3960 3786 quam-

2355 3809 2443 3864 vis
2469 3809 2526 3864 in
2555 3825 2621 3864 os
2653 3825 2854 3864 meum
2886 3809 3372 3874 verecundentur,
3408 3815 3612 3864 tamen
3647 3804 3796 3879 apud
3822 3817 3873 3856 se
3897 3797 3961 3853 di-

2357 3903 2517 3965 cunt,
2541 3900 2625 3954 Tu
2647 3915 2703 3955 es
2727 3899 3005 3970 magister
3019 3898 3079 3954 in
3108 3898 3318 3963 Israel,
3335 3905 3386 3954 el
3410 3899 3536 3955 haec
3548 3898 3780 3969 ignoras
3798 3892 3956 3964 (Joan.

2356 3989 2530 4058 111,10)
2546 3989 2558 4044 !
2575 3988 2738 4060 quod
2752 3989 2997 4061 quidem
3022 3989 3310 4043 Dominus
3329 3988 3380 4042 ei
3395 3988 3566 4058 dixit,
3584 3987 3681 4059 qui
3704 3987 3818 4041 erat
3837 3991 3959 4036 unus

2356 4077 2590 4132 illorum
2619 4077 2784 4148 quod
2811 4076 3146 4132 delectabat
3178 4076 3378 4132 vocari
3407 4076 3596 4132 Rabbi
3616 4092 3626 4130 :
3646 4073 3792 4129 unde
3819 4069 3959 4124 etiam

2358 4167 2432 4222 ad
2462 4182 2669 4222 verum
2699 4167 3053 4236 magistrum
3086 4168 3258 4220 nocte
3290 4171 3551 4231 venerat,
3575 4164 3715 4236 quia
3744 4154 3960 4217 fortassis

2356 4255 2743 4311 erubescebat
2765 4255 3014 4320 discere,
3031 4254 3134 4326 qui
3153 4253 3365 4309 docere
3380 4257 3782 4310 consueverat.
3798 4251 3867 4304 Me
3885 4260 3962 4298 a11-

2357 4350 2473 4402 tem
2504 4345 2704 4415 potius
2736 4344 3088 4414 magistrum
3115 4343 3342 4409 audire,
3375 4360 3562 4415 quam
3599 4341 3748 4397 velut
3779 4334 3962 4405 magis-

2357 4439 2511 4490 trum
2543 4433 2795 4488 delectat
2826 4433 3042 4488 audiri.
3069 4432 3284 4487 Recolo
3315 4433 3470 4488 enim
3506 4431 3651 4503 quid
3683 4425 3877 4483 dixerit
3901 4420 3963 4474 eis

2353 4539 2507 4594 quos
2524 4539 2646 4593 prae
2674 4522 2896 4577 caeteris
2927 4521 3101 4591 elegit
3137 4541 3149 4580 :
3195 4523 3303 4577 Vos
3336 4528 3556 4588 autem,
3591 4518 3791 4590 inquit,
3817 4512 3965 4569 nolite

2355 4613 2558 4667 vocari
2578 4612 2651 4666 ab
2677 4610 3010 4666 hominibus
3035 4610 3253 4680 Rabbi;
3271 4626 3422 4666 unus
3445 4617 3530 4666 est
3555 4609 3702 4665 enim
3725 4603 3964 4674 magister

2355 4705 2558 4764 vester,
2590 4699 2862 4757 Christus
2895 4700 3126 4770 (Matth.
3163 4716 3322 4766 mn,
3359 4703 3432 4770 8).
3484 4702 3594 4754 Nec
3630 4696 3772 4752 alius
3801 4686 3963 4747 docuit

2353 4793 2589 4860 Moysen
2608 4790 2784 4844 etiam
2810 4805 2914 4860 per
2928 4791 3082 4844 Jetro
3111 4789 3328 4860 (Exod.
3342 4777 3961 4852 xv111,14-23),necalius

2353 4879 2686 4935 Cornelium
2710 4879 2887 4934 etiam
2912 4894 3016 4949 per
3038 4879 3295 4950 priorem
3313 4879 3706 4947 Petrum(Act.
3725 4864 3960 4937 xiii-48),

2353 4984 2461 5023 nec
2493 4968 2643 5023 alius
2685 4971 2917 5022 Petrum
2963 4968 3141 5022 etiam
3180 4983 3286 5039 per
3322 4966 3713 5039 posteriorem
3758 4957 3960 5014 Paulum

2352 5058 2578 5130 (Galat.
2614 5072 2670 5122 11,
2710 5058 2895 5126 11-21)
2921 5074 2936 5109 :
2964 5074 2999 5111 a
3027 5071 3409 5128 quocumque
3441 5055 3604 5110 enim
3635 5064 3826 5107 verum
3855 5040 3960 5136 dici:

2352 5152 2465 5211 tur,
2481 5147 2582 5202 illo
2600 5147 2862 5201 donante
2878 5145 3115 5213 dicitur,
3132 5146 3234 5218 qui
3260 5150 3347 5201 est
3375 5145 3503 5215 ipsa
3529 5143 3766 5197 Veritas.
3783 5133 3907 5202 Quid
3925 5133 3961 5182 si

2351 5237 2486 5291 ideo
2509 5236 2706 5290 adhuc
2729 5235 2841 5290 ista
2871 5235 3193 5298 nescimus,
3219 5239 3272 5289 et
3304 5249 3372 5288 ea
3401 5248 3594 5305 neque
3624 5226 3858 5288 orando,
3882 5233 3957 5274 οε·

2350 5341 2467 5397 que
2497 5324 2770 5393 legendo,
2790 5338 2984 5394 neque
3002 5323 3322 5390 cogitando
3343 5327 3396 5377 et
3420 5317 3815 5377 ratiocinando
3836 5314 3958 5365 inve-

2351 5414 2475 5469 nire
2508 5414 2837 5485 potuimus,
2873 5417 2935 5466 ut
2966 5411 3291 5484 probemur
3332 5427 3449 5467 non
3492 5409 3683 5465 solum
3725 5402 3955 5462 indoctos

2411 5576 2424 5606 ¹
2463 5573 2584 5621 Mss.
2623 5586 2732 5628 sex,
2756 5587 2815 5622 ea:
2841 5578 2990 5635 parte
3019 5587 3128 5636 qua:
3155 5575 3305 5636 capta
3325 5576 3407 5621 est.

2409 5639 2427 5669 ⁸
2461 5636 2600 5689 Edd.
2615 5673 2628 5693 ,
2658 5646 2910 5702 conferre.
