4098 6166
160 157 282 222 ’725

158 291 397 362 quanta
423 287 705 346 charitate
729 289 1078 356 doceamus,
1107 307 1317 349 verum
1358 309 1394 350 a
1423 293 1614 351 doctis
1644 294 1825 351 etiam

156 382 397 449 quanta
427 377 761 434 humilitate
791 377 1103 436 discamus
1125 382 1154 437 ?

238 467 330 522 10.
365 469 516 523 Doce
545 481 708 537 ergo,
741 483 970 539 quasso,
1006 471 1170 542 quod
1193 470 1467 537 doceam,
1495 471 1643 527 doce
1661 473 1826 543 quod

153 561 428 625 teneam,
454 565 510 612 et
537 556 634 612 dic
676 557 842 623 mihi,
868 559 915 613 si
947 560 1165 615 animas
1205 560 1551 631 singillatim
1576 560 1826 632 singulis

153 645 470 719 hodieque
486 646 872 702 nascentibus
885 647 1056 714 fiunt,
1079 648 1179 704 ubi
1193 649 1251 704 in
1267 650 1534 721 parvulis
1558 655 1822 721 peccent,

157 740 230 789 ut
254 735 564 806 indigeant
595 735 655 790 in
676 735 1062 792 Sacramento
1085 738 1299 794 Christi
1324 738 1679 794 remissione
1693 754 1827 810 pec-

153 823 308 890 cati,
341 828 659 896 peccantes
688 824 749 879 in
775 824 964 880 Adam
981 841 1052 881 ex
1079 842 1200 899 quo
1213 843 1354 883 caro
1376 832 1463 882 est
1491 833 1826 898 propagata

156 913 438 982 peccati:
473 912 636 968 autsi
672 927 790 968 non
824 919 1095 984 peccant,
1129 929 1251 987 qua
1275 915 1505 986 justitia
1535 916 1825 971 Creatoris

156 1001 246 1057 ita
272 1006 522 1073 peccato
533 999 876 1071 obligantur
888 1002 1238 1071 alieno,cum
1258 1003 1465 1060 exinde
1481 1005 1826 1076 propagatis

155 1089 460 1146 membris
491 1089 1224 1157 mortalibusinseruntur,
1243 1097 1304 1148 ut
1330 1108 1455 1157 eas,
1471 1093 1584 1148 nisi
1604 1107 1711 1164 per
1725 1095 1824 1147 Ec-

151 1179 417 1235 clesiam
449 1178 817 1235 subventum
844 1179 1038 1246 fuerit,
1053 1181 1367 1237 damnatio
1389 1186 1825 1254 consequatur;

153 1285 308 1324 cum
338 1269 397 1324 in
419 1285 626 1324 earum
657 1273 950 1340 potestate
982 1285 1102 1325 non
1131 1271 1225 1332 sit,
1251 1275 1313 1326 ut
1336 1270 1825 1342 eispossitgratia

152 1357 455 1430 Baptismi
478 1358 1107 1428 subveniri.'l‘otigitur
1131 1359 1473 1415 animarum
1501 1359 1824 1430 milia,qu£e

150 1445 218 1503 in
256 1445 552 1503 mortibus
583 1446 970 1518 parvulorum
998 1446 1124 1503 sine
1154 1448 1522 1518 indulgentia
1552 1447 1822 1505 christia-

155 1537 222 1593 ni
252 1535 621 1592 Sacramenti
652 1535 727 1590 de
758 1535 1112 1608 corporibus
1143 1542 1520 1609 exeunt,qua
1545 1538 1824 1608 aequitate

151 1624 557 1694 damnantur,
577 1626 625 1679 si
641 1640 813 1680 novre
830 1625 1278 1693 creatre‘,nullo
1310 1642 1419 1682 suo
1449 1626 1823 1698 praecedente

155 1718 440 1786 peccato,
473 1714 578 1769 sed
609 1713 911 1770 voluntate
959 1716 1251 1770 Creatoris
1284 1715 1534 1785 singulas
1573 1714 1824 1785 singulis

155 1802 556 1861 nascentibus
571 1803 973 1867 adhaeserunt,
990 1803 1212 1875 quibus
1230 1819 1334 1860 eas
1363 1805 1708 1860 animandis
1725 1804 1823 1862 ille

150 1892 388 1949 creavit
411 1899 468 1948 et
496 1891 692 1958 dedit;
726 1893 828 1963 qui
845 1893 1050 1965 utique
1072 1897 1320 1948 noverat
1339 1892 1505 1965 quod
1535 1909 1824 1965 unaque)-

151 1997 282 2054 que
314 1997 522 2037 earum
553 1981 720 2037 nulla
750 1996 864 2036 sua
893 1980 1074 2052 culpa
1114 1981 1241 2036 sine
1267 1981 1573 2053 baptismo
1605 1982 1824 2039 Christi

153 2072 236 2127 de
271 2085 520 2143 corpore
543 2069 736 2126 fuerat
775 2069 1014 2126 exitura
1040 2068 1068 2125 ?
1098 2071 1396 2135 Quoniam
1419 2070 1596 2140 igitur
1626 2085 1824 2144 neque

153 2159 238 2215 de
283 2162 403 2216 Deo
444 2174 766 2230 possumus
793 2158 990 2214 dicere
1021 2158 1186 2231 quod
1217 2159 1308 2215 vel
1360 2165 1535 2229 cogat
1585 2161 1821 2217 animas

155 2248 293 2305 fieri
316 2248 700 2319 peccatrices,
733 2246 824 2303 vel
856 2247 1428 2319 puniatinnocentes
1463 2267 1476 2316 ;
1507 2264 1702 2320 neque
1724 2265 1825 2306 ne-

155 2353 308 2410 gare
341 2338 432 2392 fas
460 2337 634 2392 nobis
655 2343 881 2402 est,eas
898 2352 1033 2409 quae
1047 2337 1174 2393 sine
1204 2338 1410 2393 Christi
1436 2339 1822 2395 Sacramento

153 2427 239 2482 de
270 2426 628 2498 corporibus
647 2425 915 2490 exierint,
933 2425 1116 2482 etiam
1139 2426 1550 2497 parvulorum,
1568 2442 1689 2482 non
1712 2427 1823 2482 nisi

153 2516 221 2570 in
265 2515 720 2571 damnationem
739 2515 891 2571 trahi
925 2515 1216 2571 :obsecro
1242 2520 1316 2579 te,
1347 2515 1658 2587 quomodo
1695 2516 1823 2572 hinc

154 2604 373 2675 opinio
393 2602 748 2667 defenditur,
780 2618 904 2674 qua
917 2603 1471 2659 credunturanimse
1485 2619 1605 2659 non
1635 2604 1824 2660 exilla

155 2709 286 2748 una
319 2692 496 2765 primi
527 2693 786 2747 hominis
807 2693 933 2747 ﬁeri
961 2708 1196 2758 omnes,
1240 2693 1345 2747 sed
1381 2692 1541 2748 sicut
1573 2691 1671 2748 illa
1703 2709 1825 2750 una

157 2783 291 2848 uni,
321 2781 404 2837 ita
428 2781 678 2850 singulis
722 2780 974 2850 singulas
999 2782 1026 2836 ?

236 2871 466 2928 CAPUT
495 2871 562 2927 V.
602 2901 668 2912 -—
699 2874 789 2926 11.
821 2874 901 2927 Ea
929 2887 1068 2927 vero
1083 2887 1220 2944 quas
1237 2871 1516 2926 dicuntur
1542 2872 1660 2926 alia
1681 2887 1827 2926 con-

156 2968 252 3017 tra
279 2961 437 3016 hanc
452 2959 1012 3032 opinionem,facile
1045 2966 1190 3031 puto
1207 2976 1302 3016 me
1315 2975 1496 3031 posse
1526 2959 1824 3025 refellere;

152 3049 335 3104 sicuti
364 3054 451 3105 est
482 3048 650 3112 illud,
674 3064 797 3120 quo
826 3063 964 3105 eam
989 3049 1100 3104 sibi
1131 3049 1384 3121 quidam
1424 3048 1705 3103 videntur
1735 3064 1826 3102 ur-

155 3153 326 3208 gere,
355 3137 664 3209 quomodo
695 3138 1206 3194 consummaverit
1231 3138 1385 3193 Deus
1418 3138 1623 3193 omnia
1643 3153 1828 3208 opera

150 3243 281 3283 sua
319 3230 485 3282 sexto
513 3226 610 3282 die
636 3231 692 3282 et
713 3226 967 3298 septimo
1006 3226 1360 3299 requieverit
1390 3225 1537 3296 (Gen.
1567 3242 1626 3291 ιι,
1661 3227 1737 3295 2),
1781 3227 1827 3281 si

154 3330 358 3372 novas
389 3315 588 3371 adhuc
632 3316 867 3372 animas
897 3317 1102 3371 creat?
1134 3315 1363 3381 Quibus
1395 3314 1442 3368 si
1499 3314 1829 3370 dixerimus

152 3404 326 3478 quod
356 3420 426 3460 ex
452 3405 776 3474 Evangelio
806 3405 866 3460 in
896 3405 1244 3475 supradicta
1276 3403 1531 3475 epistola
1561 3403 1824 3474 potuisti,

159 3497 339 3550 Pater
358 3509 506 3548 meus
536 3509 696 3565 usque
720 3510 863 3549 nunc
875 3497 1172 3564 operatur;
1186 3493 1549 3565 respondent
1566 3500 1831 3564 operatur

158 3582 395 3638 dictum
440 3588 546 3647 est,
597 3583 891 3638 institutas
923 3582 1420 3647 administrando,
1464 3598 1585 3638 non
1632 3597 1823 3638 novas

160 3673 541 3729 instituendo
558 3680 823 3736 naturas,
843 3688 918 3727 ne
932 3671 1249 3744 Scriptura
1277 3672 1575 3728 Geneseos
1589 3677 1828 3727 contra-

163 3760 536 3827 dicatur,ubi
551 3760 1156 3832 apertissimelegitur
1168 3776 1625 3816 consummasse
1639 3761 1828 3816 Deum

160 3851 376 3906 omnia
399 3865 584 3922 opera
613 3865 742 3906 sua.
774 3853 920 3906 Nam
954 3855 1008 3905 et
1043 3850 1206 3921 quod
1243 3865 1382 3905 eum
1410 3848 1699 3921 scriptum
1739 3853 1830 3903 est

164 3939 560 4012 requievisse,
589 3939 790 4010 utique
818 3938 1140 3994 acreandis
1154 3937 1328 3992 novis
1360 3937 1648 3992 creaturis
1666 3937 1829 3992 intel-

164 4028 480 4098 ligendum
510 4033 621 4094 est,
654 4042 774 4083 non
817 4043 854 4083 a
893 4027 1342 4096 gubernandis;
1385 4026 1529 4098 quia
1587 4031 1722 4081 tunc
1757 4041 1827 4082 ea

163 4131 304 4190 quae
328 4132 449 4172 non
475 4122 645 4172 erant
677 4115 832 4184 fecit,
856 4131 892 4171 a
919 4114 1142 4188 quibus
1170 4115 1460 4171 faciendis
1495 4115 1821 4186 requievit:

164 4207 854 4278 quiaconsummaverat
873 4204 1080 4260 omnia
1100 4220 1236 4276 quae
1262 4209 1587 4276 antequam
1609 4209 1826 4274 essent,

162 4294 308 4350 vidit
338 4309 468 4349 esse
515 4293 811 4358 facienda,
865 4298 926 4348 ut
953 4293 1243 4363 deinceps
1287 4308 1409 4348 non
1437 4309 1506 4349 ea
1530 4309 1666 4365 quae
1704 4309 1827 4350 non

163 4387 358 4447 erant,
393 4383 498 4437 sed
527 4399 598 4438 ex
617 4382 710 4437 his
730 4398 868 4454 quae
888 4382 1017 4452 jam
1057 4386 1247 4451 erant,
1284 4387 1509 4437 crearet
1533 4388 1588 4437 et
1609 4381 1828 4438 faceret

159 4471 461 4544 quidquid
484 4471 721 4527 faceret.
759 4475 839 4526 lta
875 4475 1200 4542 utrumque
1229 4486 1433 4525 verum
1471 4486 1599 4526 esse
1629 4486 1826 4526 mons-

165 4565 378 4627 tratur,
410 4566 464 4614 et
487 4560 649 4632 quod
677 4560 903 4615 dictum
927 4559 1317 4630 est,requievit
1330 4559 1395 4613 ab
1411 4559 1658 4629 operibus
1682 4560 1828 4625 suis;

163 4652 225 4703 et
245 4649 408 4720 quod
432 4648 657 4704 dictum
685 4654 793 4714 est,
824 4665 984 4719 usque
1028 4664 1169 4702 nunc
1196 4653 1496 4718 operatur:
1533 4647 1824 4718 quoniam

166 4737 379 4793 Genesi
411 4753 531 4792 non
563 4742 762 4808 potest
791 4737 1176 4806 Evangelium
1206 4752 1335 4792 esse
1366 4736 1751 4792 contrarium.

245 4825 331 4878 12.
368 4826 586 4880 Verum
626 4825 716 4880 his
741 4825 844 4897 qui
869 4825 994 4880 huic
1031 4825 1167 4880 ideo
1193 4824 1402 4879 dicunt
1432 4839 1504 4878 ne
1549 4822 1827 4879 credatur

170 4916 356 4969 modo
389 4916 562 4982 Deus,
597 4914 748 4970 sicut
778 4914 943 4969 illam
971 4929 1155 4969 unam
1198 4928 1383 4968 novas
1415 4912 1648 4967 animas
1689 4927 1826 4983 quis

170 5018 294 5058 non
335 5009 520 5068 erant,
566 5003 799 5074 facere;
850 5003 954 5058 sed
985 5018 1058 5057 ex
1088 5001 1188 5058 illa
1219 5016 1339 5057 una
1361 5017 1494 5072 quas
1518 5002 1649 5072 jam
1677 5005 1823 5065 erat,

172 5109 276 5150 eas
314 5109 534 5159 creare,
571 5094 659 5148 vel
701 5109 773 5149 ex
800 5093 963 5148 fonte
987 5092 1191 5164 aliquo
1222 5091 1347 5146 sive
1375 5092 1656 5147 thesauro
1686 5108 1827 5163 quo-

172 5187 317 5239 dam
344 5199 530 5254 quem
563 5188 702 5238 tunc
728 5181 882 5246 fecit,
905 5197 1008 5237 cas
1040 5179 1478 5248 mittere,facile
1505 5181 1831 5252 responde-

177 5277 272 5327 tur
300 5272 481 5327 etiam
510 5271 622 5326 illis
648 5287 746 5327 sex
779 5271 987 5326 diebus
1033 5269 1218 5325 multa
1257 5271 1443 5325 Deum
1475 5286 1708 5326 creasse
1757 5286 1830 5326 ex

175 5360 268 5417 his
295 5362 524 5416 naturis
553 5376 706 5432 quas
721 5361 848 5431 jam
874 5364 1198 5422 creaverat.
1233 5358 1386 5413 sicut
1413 5373 1486 5413 ex
1523 5359 1696 5430 aquis
1724 5359 1830 5415 ali-

177 5455 264 5506 tes
287 5455 344 5505 et
375 5449 572 5520 pisces
603 5464 711 5517 ;ex
745 5453 898 5505 terra
919 5453 1122 5503 autem
1150 5445 1417 5511 arbores,
1444 5446 1670 5512 fenum,
1707 5447 1830 5504 ani-

248 5650 259 5677 ¹
297 5647 356 5698 In
381 5646 505 5698 Mss.
539 5659 648 5698 non
678 5646 881 5712 paucis,
917 5650 1183 5697 creatura.

1425 163 1932 226 EPISTULARUM
1972 167 2263 226 CLASSIS
2303 173 2394 228 Ill.

3483 178 3589 236 726

1937 295 2153 352 malia:
2211 297 2316 352 sed
2343 297 2505 370 quod
2555 313 2628 354 ea
2653 313 2784 370 quae
2814 314 2936 355 non
2966 303 3153 367 erant,
3196 304 3336 357 tunc
3361 302 3584 372 fecerit,

1935 384 2324 442 manifestum
2364 391 2474 444 est.
2513 387 2682 443 Nulla
2713 389 2873 443 enim
2916 394 3040 444 erat
3074 390 3442 454 avis,nullus
3469 394 3585 464 pis-

1933 474 2042 537 cis,
2085 474 2247 530 nulla
2277 475 2724 540 arbor,nnllum
2755 477 2979 532 animal
3009 483 3097 533 :et
3128 478 3280 534 bene
3315 481 3587 552 intelligi-

1934 566 2028 617 tur
2057 563 2135 619 ab
2164 563 2256 618 his
2289 565 2500 619 creatis
2535 565 2924 636 requievisse,
2977 581 3110 638 quas
3143 583 3262 621 non
3304 579 3494 635 erant,
3533 578 3586 625 et

1933 657 2131 706 creata
2157 655 2315 716 sunt,
2351 651 2411 706 id
2429 658 2820 717 esteessasse,
2846 655 3087 708 neultra
3109 671 3244 726 quae
3273 670 3387 710 non
3416 663 3585 714 erant

1932 745 2291 796 crearentur.
2336 741 2448 796 Sed
2479 757 2638 796 nunc
2668 741 2833 813 quod
2875 742 3087 797 dicitur
3113 746 3348 799 animas
3380 761 3498 800 non
3524 748 3583 801 in

1932 829 2132 884 nescio
2161 845 2283 901 quo
2309 829 2614 900 fontejam
2647 831 2959 886 existentes
2984 830 3235 896 mittere,
3263 847 3370 887 nec
3384 833 3456 889 de
3483 834 3583 890 illa

1933 932 2054 971 una
2094 917 2458 987 originaliter
2492 919 2739 983 trahere,
2777 933 2884 974 nec
2919 934 3026 989 pro
3056 918 3284 974 delictis
3308 927 3444 976 ante
3459 938 3583 978 car-

1935 1021 2070 1060 nem
2122 1006 2463 1061 commissis
2513 1007 2739 1062 carneis
2777 1007 3032 1062 vinculis
3079 1008 3442 1078 compedire,
3479 1011 3582 1065 sed

1933 1109 2120 1149 novas
2151 1110 2351 1151 creare
2378 1097 2646 1165 singulas
2682 1097 2935 1165 singulis
2961 1113 3139 1154 suam
3191 1099 3407 1170 cuique
3439 1116 3577 1155 nas-

1932 1184 2106 1250 centi,
2130 1199 2250 1240 non
2273 1185 2501 1256 aliquid
2534 1185 2727 1240 facere
2752 1185 2989 1251 dicitur,
3019 1187 3179 1256 quod
3213 1192 3349 1242 ante
3371 1203 3491 1243 non
3508 1188 3584 1243 fe-

1932 1277 2108 1328 cerat.
2136 1274 2270 1328 Jam
2297 1274 2456 1328 enim
2476 1281 2642 1343 sexto
2664 1274 2759 1329 die
2783 1274 3000 1330 fecerat
3018 1275 3324 1330 hominem
3341 1277 3417 1331 ad
3433 1278 3582 1332 ima-

1931 1362 2130 1430 ginem
2182 1378 2405 1425 suam;
2451 1363 2611 1434 quod
2671 1363 2871 1435 utique
2929 1363 3266 1419 secundum
3316 1366 3582 1421 animam

1929 1450 2284 1507 rationalem
2311 1450 2517 1505 fecisse
2550 1450 2892 1521 intelligitur
2923 1454 2963 1507 1.
3001 1453 3120 1507 Hoc
3153 1458 3209 1507 et
3241 1470 3399 1508 nunc
3427 1453 3584 1516 facit,

1931 1554 2052 1594 non
2075 1539 2438 1594 instituendo
2464 1541 2629 1612 quod
2659 1556 2778 1596 non
2808 1547 2953 1608 erat,
2987 1541 3094 1596 sed
3130 1542 3586 1612 multiplicando

1929 1628 2095 1702 quod
2126 1634 2270 1684 erat.
2306 1629 2470 1684 Unde
2487 1635 2542 1684 et
2572 1628 2716 1684 illud
2745 1645 2952 1684 verum
2987 1635 3090 1694 est,
3127 1631 3290 1701 quod
3321 1647 3355 1686 a
3379 1632 3583 1701 rebus,

1929 1733 2066 1789 quae
2098 1733 2219 1773 non
2246 1721 2435 1782 erant,
2461 1719 2846 1774 instituendis
2896 1720 3222 1790 requievit:
3267 1725 3322 1774 et
3347 1721 3461 1775 hoc
3495 1735 3586 1775 ve-

1929 1822 2064 1862 rum
2095 1813 2200 1871 est,
2233 1807 2397 1879 quod
2429 1822 2552 1863 non
2591 1808 2787 1862 solum
2832 1808 3232 1876 gubernando
3263 1824 3398 1880 quae
3431 1808 3583 1876 fecit,

1926 1911 2135 1951 verum
2169 1896 2348 1952 etiam
2381 1895 2607 1968 aliquid
2639 1911 2760 1952 non
2785 1897 2950 1969 quod
2982 1897 3390 1962 nondum,sed
3419 1897 3586 1968 quod

1922 1986 2052 2056 jam
2093 1989 2415 2054 creaverat,
2457 1985 2836 2040 numerosius
2889 1985 3151 2040 creando
3209 2000 3396 2055 usque
3422 2001 3584 2041 nunc

1929 2078 2227 2146 operatur.
2266 2074 2356 2127 Vel
2381 2073 2464 2128 sic
2485 2089 2646 2143 ergo,
2687 2073 2778 2128 vel
2810 2072 2926 2128 alio
2959 2073 3140 2128 modo
3171 2072 3441 2144 quolibet
3466 2074 3583 2128 exi-

1930 2177 2065 2217 mus
2091 2162 2169 2217 ab
2190 2177 2261 2217 eo
2303 2161 2468 2233 quod
2498 2161 2672 2216 nobis
2701 2160 2981 2230 objicitur
3004 2160 3079 2215 de
3117 2160 3321 2231 requie
3373 2160 3471 2214 Dei
3504 2160 3582 2215 ab

1928 2251 2212 2325 operibus
2250 2251 2395 2314 suis,
2430 2266 2501 2306 ne
2543 2255 2858 2322 propterea
2897 2265 3018 2305 non
3050 2251 3369 2306 credamus
3418 2266 3581 2305 nunc

1931 2356 2124 2412 usque
2146 2340 2271 2395 fieri
2303 2340 2536 2395 animas
2567 2355 2778 2402 novas,
2802 2354 2923 2394 non
2955 2354 3026 2394 ex
3051 2338 3150 2394 illa
3189 2354 3329 2405 una,
3364 2339 3471 2394 sed
3504 2339 3582 2394 si-

1931 2434 2029 2485 cut
2064 2428 2240 2485 illam
2262 2445 2454 2484 suam.

2005 2523 2090 2576 l3.
2121 2521 2268 2573 Nam
2316 2517 2482 2589 quod
2524 2517 2759 2572 dicitur.
2820 2518 3011 2581 Quare
3061 2516 3200 2571 facit
3229 2516 3465 2572 animas
3496 2517 3580 2572 eis

1931 2624 2086 2680 quos
2116 2608 2278 2663 novit
2307 2607 2421 2661 cito
2449 2604 2770 2660 morituros
2799 2605 2826 2658 ?
2848 2620 3172 2676 possumus
3197 2605 3580 2676 respondere,

1931 2701 2249 2768 parentum
2280 2695 2418 2750 hinc
2440 2699 2689 2766 peccata
2716 2693 2811 2748 vel
2843 2692 3134 2759 convinci,
3159 2694 3252 2748 vel
3274 2693 3583 2763 ﬂagellari.

1933 2785 2262 2841 Possumus
2285 2783 2464 2839 etiam
2487 2787 2642 2837 recte
2667 2782 2823 2836 illius
2843 2781 3238 2838 moderationi
3269 2781 3384 2837 ista
3410 2782 3589 2836 relin-

1929 2889 2133 2946 quere,
2167 2888 2350 2944 quem
2379 2871 2602 2926 scimus
2653 2870 2940 2926 omnibus
2970 2870 3376 2941 temporaliter
3427 2875 3585 2925 tran-

1933 2960 2244 3017 seuntibus
2274 2959 2734 3025 rebus,ubisunt
2756 2958 2934 3014 etiam
2961 2958 3314 3013 animalium
3343 2962 3507 3012 ortus
3531 2961 3587 3013 et

1932 3051 2158 3116 obitus,
2187 3063 2434 3104 cursum
2466 3047 2924 3102 ornatissimum
2956 3047 3139 3116 dare,-
3179 3049 3281 3100 sed
3313 3060 3424 3099 nos
3473 3045 3590 3101 ista

1933 3139 2148 3196 sentire
2170 3153 2291 3194 non
2323 3152 2520 3208 posse,
2549 3152 2684 3207 quae
2712 3137 2756 3190 si
2790 3135 3167 3200 sentiremus,
3191 3132 3584 3188 delectatione

1936 3229 2218 3286 ineffabili
2251 3227 2667 3282 mulceremur.
2712 3228 2837 3280 Non
2878 3224 3037 3278 enim
3068 3222 3285 3277 frustra
3316 3236 3420 3293 per
3452 3238 3585 3292 pro-

1934 3319 2194 3391 phetam,
2224 3315 2326 3387 qui
2345 3316 2475 3371 haec
2488 3314 2776 3369 divinitus
2806 3313 3092 3384 inspirata
3122 3310 3433 3376 didicerat,
3461 3311 3587 3366 dic-

1935 3414 2061 3463 tum
2094 3412 2184 3461 est
2203 3405 2276 3460 de
2306 3407 2422 3460 Deo
2454 3424 2467 3463 :
2504 3403 2610 3468 Qui
2631 3404 2850 3474 profert
2887 3417 3170 3456 numerose
3199 3401 3460 3456 saeculum
3482 3401 3582 3470 (a).

1937 3495 2100 3552 Unde
2134 3494 2383 3558 musica,
2416 3493 2476 3548 id
2507 3492 2850 3548 estscientia
2865 3506 3150 3546 sensusve
3182 3491 3333 3544 bene
3363 3488 3585 3545 modu-

1933 3583 2118 3652 landi,
2149 3584 2224 3638 ad
2239 3582 2712 3638 admonitionem
2746 3595 2981 3649 magnae
3003 3578 3087 3633 rei
3109 3579 3285 3634 etiam
3314 3577 3581 3634 mortali-

1933 3674 2050 3728 bus
2094 3671 2413 3727 rationales
2461 3669 2819 3726 habentibus
2858 3668 3096 3723 animas
3153 3668 3253 3722 Dei
3310 3667 3582 3735 largitate

1934 3765 2246 3816 concessat
2270 3763 2375 3814 est.
2412 3758 2575 3814 Unde
2604 3758 2651 3813 si
2678 3759 2862 3812 homo
2892 3754 3147 3811 faciendi
3179 3754 3462 3810 carminis
3492 3770 3584 3810 ar-

1936 3849 2074 3904 tifex
2100 3848 2263 3905 novit
2292 3863 2445 3920 quas
2472 3846 2693 3918 quibus
2722 3860 2921 3900 moras
2953 3842 3203 3898 vocibus
3237 3842 3480 3905 tribuat,
3519 3845 3582 3897 ut

1933 3937 2079 3993 illud
2107 3936 2273 4010 quod
2303 3936 2534 3991 canitur
2572 3932 2994 3990 decedentibus
3025 3947 3095 3986 ac
3127 3929 3584 3986 succedentibus

1935 4026 2098 4082 soins
2128 4024 2524 4097 pulcherrime
2555 4028 2754 4080 currat
2779 4039 2850 4078 ac
2878 4025 3138 4078 transeat
3164 4037 3176 4087 ;
3198 4023 3430 4091 quanto
3459 4033 3583 4074 ma-

1935 4116 2026 4186 gis
2059 4118 2231 4182 Deus,
2265 4113 2437 4184 cujus
2469 4112 2780 4185 sapientia,
2829 4126 2935 4182 per
2986 4125 3172 4182 quam
3230 4107 3364 4164 fecit
3396 4107 3579 4172 omia,

1933 4204 2110 4275 longe
2140 4203 2416 4260 omnibus
2465 4201 2696 4258 artibus
2729 4199 3100 4272 praeferenda
3157 4201 3260 4263 est,
3313 4197 3476 4252 nulla
3521 4196 3584 4252 in

1932 4295 2171 4350 naturis
2195 4293 2580 4350 nascentibus
2593 4295 2648 4346 et
2665 4289 3076 4346 occidentibus
3099 4293 3436 4358 temporum
3451 4301 3584 4356 spa-

1935 4383 2030 4446 tia,
2061 4399 2198 4454 quas
2244 4387 2535 4454 tanquam
2562 4379 2809 4450 syllabae
2842 4395 2910 4433 ac
2940 4378 3120 4432 verba
3151 4377 3224 4431 ad
3266 4373 3582 4444 particulas

1932 4470 2113 4541 hujus
2153 4470 2355 4526 seaculi
2405 4469 2722 4540 pertinent,
2753 4467 2810 4521 in
2843 4466 2956 4521 hoc
3006 4463 3333 4520 labentium
3381 4477 3583 4516 rerum

1934 4565 2220 4630 tanquam
2281 4557 2536 4612 mirabili
2577 4555 2833 4619 cantico,
2882 4553 2972 4608 vel
3011 4553 3269 4620 brevius,
3314 4550 3407 4604 vel
3449 4563 3586 4620 pro-

1931 4646 2191 4709 ductius,
2223 4661 2408 4717 quam
2445 4642 2775 4699 modulatio
2802 4640 3167 4712 prmeognita
3207 4643 3262 4694 et
3289 4637 3583 4708 praeﬁnita

1931 4735 2216 4805 deposcit,
2249 4734 2543 4805 praeterire
2593 4731 2905 4803 permittit!
2949 4732 3067 4785 Hoc
3114 4744 3254 4783 cum
3294 4728 3472 4783 etiam
3503 4726 3577 4782 de

1933 4823 2322 4880 arborisfolio
2353 4823 2631 4890 dixerim,
2660 4827 2716 4876 et
2744 4820 2817 4875 de
2833 4823 3172 4875 nostrorum
3209 4832 3461 4872 numero
3488 4831 3581 4870 ca-

1933 4913 2212 4986 pillorum
2241 4929 2254 4977 ;
2277 4918 2504 4985 quanto
2534 4911 2724 4981 magis
2751 4909 2826 4966 de
2846 4909 3105 4964 hominis
3135 4911 3269 4963 ortu
3296 4912 3582 4961 etoccasu

1934 5003 2106 5073 cujus
2136 5001 2482 5072 temporalis
2497 5000 2865 5056 vitabrevius
2891 4996 3312 5069 productiusve
3329 5006 3449 5046 non
3466 4996 3586 5046 ten—

1934 5091 2113 5152 ditur,
2146 5107 2333 5162 quam
2359 5093 2510 5144 Deus
2539 5088 2863 5161 dispositor
2884 5091 3225 5156 temporum
3258 5080 3425 5136 novit
3455 5079 3586 5133 uni-

1936 5180 2230 5236 versitatis
2247 5177 2646 5235 moderamini
2672 5189 3008 5234 consonare
3033 5174 3044 5227 l

2002 5333 2013 5359 ι
2045 5330 2174 5383 Mss.
2213 5333 2450 5392 quinque
2475 5329 2592 5378 Vat.
2630 5331 2686 5392 et
2712 5340 2802 5392 se};
2833 5321 3194 5392 Gallicmpost
3228 5318 3399 5392 fecisse
3447 5316 3592 5392 intel-

1940 5393 2140 5456 ligitur,
2165 5381 2284 5456 tunc
2320 5381 2564 5456 inserunt
2586 5405 2626 5456 :_
2648 5388 2873 5456 Tandem
2897 5387 3008 5456 post
3045 5381 3275 5456 tangant,
3288 5381 3590 5456 disputatio-

1938 5443 2071 5526 ηὲτῃ,
2095 5443 2476 5502 ecclesiasticam
2500 5449 2813 5514 conﬁrmasti
2867 5443 3186 5495 sententiam.
3226 5443 3331 5492 Hoc
3383 5447 3428 5492 et
3456 5456 3590 5490 nunc

1939 5519 2315 5642 Ῑιξῖίῐῗὲἒῖωτ
2342 5577 2486 5642 apud
2513 5575 2660 5624 LXX.
2686 5574 2809 5642 rlsai,
2866 5587 2946 5628 XL,
2977 5571 3054 5626 26,
3093 5569 3154 5618 ho
3181 5568 3436 5636 ekpherdn
3485 5565 3588 5618 kat'

1946 5640 2231 5694 artic/tmen
2259 5647 2347 5691 ton
2377 5640 2584 5690 koemon
2603 5640 2781 5686 autou.
