4136 6172
518 157 627 211 727

599 287 682 341 lli.
723 283 787 338 Id
818 279 1000 338 etiam
1031 276 1194 350 quod
1212 275 1398 338 aiunt,
1433 288 1612 331 omne
1628 272 1791 346 quod
1822 272 1880 328 in
1908 276 2177 342 tempore

524 374 702 447 coepit
728 387 875 435 esse,
905 365 1385 436 immortaleiesse
1415 379 1536 420 non
1565 379 1739 435 posse
1770 362 1952 434 ;quia
1973 357 2175 416 omnia

526 471 657 521 orta
679 460 977 524 occidunt,
1010 461 1064 512 et
1091 461 1263 512 aucta
1279 459 1620 520 senescunt,
1639 458 1700 508 ut
1721 469 1790 508 eo
1810 451 1992 508 modo
2013 451 2172 506 credi

525 548 1049 621 cogant,animum
1080 547 1414 601 humanum
1445 543 1578 598 ideo
1609 539 2171 604 esseimmortalem,

523 638 686 712 quod
722 641 858 692 ante
906 636 1107 691 omnia
1139 638 1409 705 tempora
1440 632 1512 687 sit
1545 637 1799 698 creatus,
1828 645 1949 684 non
1981 632 2177 683 movet

525 727 698 782 fidem
722 730 986 781 nostram
1023 741 1035 778 :
1062 729 1123 778 ut
1153 723 1312 778 enim
1341 721 1458 776 alia
1490 726 1740 784 taceam,
1774 718 2090 789 cmpitesse
2113 717 2172 771 in

527 821 794 888 tempore
839 812 1253 870 immortalitas
1280 811 1474 866 carnis
1528 809 1759 872 Christi,
1803 824 1933 880 quae
1973 812 2173 862 tamen

517 906 642 978 jam
672 920 791 960 non
823 905 1087 964 moritur,
1124 904 1180 958 et
1208 917 1366 956 mors
1405 900 1454 953 ei
1493 902 1646 954 ultra
1683 913 1802 952 non
1838 895 2175 952 dominabi-

526 1000 619 1050 tur
649 994 823 1065 (Rom.
855 1009 936 1060 v1,
969 993 1046 1062 9).

595 1088 684 1141 15.
721 1082 870 1138 Illud
901 1097 1041 1136 vero
1070 1080 1234 1152 quod
1274 1079 1333 1133 in
1374 1077 1525 1133 libro
1556 1077 1840 1132 adversus
1869 1075 2173 1131 Rufﬁnum

524 1172 790 1245 posuisti,
828 1169 1128 1242 quosdam
1141 1169 1278 1224 huic
1301 1166 1607 1222 sententiae
1630 1163 2174 1236 calumniari,quod

526 1265 712 1317 Deum
745 1261 888 1315 dare
908 1260 1144 1313 animas
1176 1255 1528 1313 adulterinis
1559 1253 1946 1324 conceptibus
1977 1253 2175 1308 videa-

525 1357 620 1406 tur
651 1350 990 1421 indignum,
1024 1346 1183 1402 unde
1214 1349 1510 1402 conantur
1527 1349 1789 1400 astruere
1805 1343 2024 1397 meritis
2048 1356 2174 1410 ges-

523 1449 596 1495 tae
625 1443 760 1495 ante
790 1454 1028 1493 carnem
1083 1437 1237 1502 vitae,
1270 1435 1504 1490 animas
1535 1434 1708 1505 quasi
1757 1433 1834 1487 ad
1873 1429 2175 1502 ergastula

521 1526 870 1599 hujusmodi
906 1527 1064 1596 juste
1091 1541 1272 1596 posse
1297 1523 1542 1595 perduci
1574 1523 1742 1593 (Adv.
1767 1519 2170 1592 Rufﬁnum,lib.

525 1620 578 1688 3)
613 1634 627 1683 ;
659 1632 779 1672 non
812 1631 908 1670 me
937 1619 1137 1670 movet
1178 1613 1362 1668 multa
1402 1613 1762 1681 cogitantem
1795 1611 2015 1682 quibus
2045 1609 2173 1664 hmo

524 1706 712 1778 possit
743 1703 1048 1760 calumnia
1074 1702 1335 1758 refutari.
1364 1700 1606 1773 thuod
1635 1701 1760 1771 ipse
1788 1697 2170 1768 respondisti,

524 1810 645 1850 non
674 1809 802 1849 esse
829 1793 1038 1847 vitium
1081 1791 1365 1846 sementis
1394 1790 1452 1844 in
1485 1789 1670 1844 tritico
1701 1789 1864 1861 quod
1897 1788 2054 1843 furto
2084 1786 2176 1841 di-

525 1885 674 1940 citur
713 1899 844 1938 esse
877 1881 1200 1944 sublatum,
1221 1879 1324 1934 sed
1344 1880 1399 1933 in
1443 1894 1512 1934 eo
1552 1879 1654 1949 qui
1685 1878 1980 1933 frumenta
2012 1876 2176 1932 fura-

525 1980 617 2029 tus
647 1977 734 2027 est
766 1988 780 2036 ;
834 1986 942 2025 nec
969 1970 1190 2024 idcirco
1221 1973 1439 2023 terram
1472 1983 1592 2023 non
1641 1967 1914 2022 debuisse
1947 1966 2174 2036 gremio

523 2076 632 2116 suo
660 2060 891 2116 semina
917 2058 1252 2123 confovere,
1267 2057 1412 2129 quia
1432 2062 1594 2112 sator
1619 2056 1924 2111 immunda
1946 2071 2017 2111 ea
2038 2071 2172 2127 pro-

519 2150 726 2221 jecerit
749 2165 935 2204 manu
965 2148 1404 2218 elegantissima
1432 2145 1759 2202 similitudo
1782 2148 2086 2211 est.Quam
2119 2149 2174 2200 et

523 2245 848 2311 antequam
903 2239 1182 2309 legerem,
1216 2236 1406 2292 nullas
1437 2235 1581 2291 mihi
1629 2235 1888 2306 objectio
1939 2237 2052 2290 ista
2099 2233 2174 2289 de

525 2328 869 2384 adulterinis
894 2327 1109 2382 fetibus
1128 2326 1186 2380 in
1201 2327 1313 2380 hac
1327 2325 1660 2397 quaestione
1686 2324 1939 2380 faciebat
1953 2338 2175 2392 angus-

524 2418 655 2486 tias,
690 2416 1038 2486 generaliter
1067 2416 1314 2471 intuenti
1342 2415 1528 2468 multa
1559 2414 1721 2468 bona
1754 2415 1937 2468 Deum
1956 2412 2170 2477 facere,

525 2507 704 2563 etiam
736 2507 808 2560 de
836 2505 1052 2561 nostris
1085 2505 1261 2560 malis
1287 2505 1626 2574 nostrisque
1649 2502 2174 2573 peccatis.Anima~

525 2596 594 2651 lis
612 2599 808 2651 autem
834 2594 1269 2664 cujuscumque
1284 2592 1522 2656 creatio,
1539 2592 1586 2646 si
1612 2592 2014 2663 habeatpium
2038 2607 2175 2663 pru-

522 2685 887 2756 dentemque
932 2683 1458 2751 consideratorem,
1517 2680 1879 2737 ineffabilem
1935 2682 2173 2738 laudem

524 2773 812 2829 Creatoris
839 2772 1017 2827 exitat
1040 2776 1298 2843 ;quanto
1331 2770 1523 2839 magis
1550 2771 1770 2826 creatio
1795 2785 1917 2825 non
1937 2771 2177 2841 cujusli-

524 2864 623 2918 bet
647 2863 942 2931 animalis,
974 2862 1077 2916 sed
1098 2861 1358 2916 hominis
1381 2860 1394 2916 ι
1415 2861 1470 2916 Si
1504 2866 1702 2916 autem
1723 2876 1909 2916 causa
1931 2863 2176 2917 creandi

520 2954 803 3026 quaeritur
833 2951 998 3007 nulla
1035 2952 1205 3006 citius
1258 2955 1316 3005 et
1369 2949 1580 3005 melius
1610 2951 2030 3021 respondetur,
2062 2954 2175 3010 nisi

521 3045 662 3115 quia
694 3041 890 3097 omnis
916 3047 1187 3096 creatura
1211 3040 1308 3094 Dei
1337 3039 1499 3094 bona
1519 3044 1628 3093 est.
1671 3042 1738 3094 Et
1761 3041 1906 3111 quid
1937 3041 2176 3113 dignius

521 3148 706 3204 quam
743 3137 805 3186 ut
843 3132 1007 3186 bona
1037 3131 1216 3185 faciat
1244 3129 1441 3184 bonus
1471 3130 1647 3191 Deus,
1687 3145 1823 3201 quae
1855 3145 2033 3186 nemo
2066 3147 2172 3202 po-

523 3227 636 3278 test
665 3221 857 3276 facere
898 3220 1010 3274 nisi
1039 3220 1193 3274 Deus
1222 3217 1250 3272 Ῡ

592 3309 822 3366 CAPUT
852 3309 943 3362 Vl.
971 3338 1037 3347 —
1074 3308 1153 3361 16.
1187 3309 1319 3361 Haec
1351 3313 1406 3361 et
1431 3305 1548 3361 alia
1575 3323 1710 3377 quae
1742 3309 2174 3378 possum,sicut

521 3415 795 3470 possum,
813 3398 942 3451 dico
955 3396 1243 3451 adversus
1257 3411 1357 3450 eos
1378 3396 1480 3465 qui
1507 3396 1661 3450 hanc
1679 3397 2025 3466 opinionem
2050 3415 2174 3469 qua

524 3489 845 3543 creduntur
862 3486 1079 3540 animae
1112 3485 1262 3539 sicut
1291 3484 1390 3539 illa
1411 3501 1532 3540 una
1553 3486 1802 3555 singulis
1825 3486 1970 3550 ﬁeri,
2011 3488 2170 3543 labe-

522 3576 743 3632 factare
774 3579 1086 3629 conantur.
1133 3574 1243 3629 Sed
1271 3590 1407 3628 cum
1456 3574 1533 3629 ad
1581 3589 1786 3646 pinnas
1817 3583 2057 3632 ventum
2085 3581 2174 3631 est

522 3663 1176 3734 parvulorum,magnis
1193 3662 1334 3717 mihi
1367 3662 1541 3718 crede
1567 3670 1837 3720 coarctor
1856 3666 2167 3735 augustiis,

513 3769 631 3808 'nec
663 3752 807 3824 quid
838 3753 1235 3823 respondeam
1266 3752 1791 3822 prorsusinvenio:
1822 3771 1941 3810 non
1975 3756 2169 3810 solum

522 3859 622 3898 eas
653 3857 858 3913 poenas
888 3840 1045 3904 dico,
1072 3857 1225 3911 quas
1277 3841 1459 3897 habet
1488 3848 1621 3912 post
1659 3843 1813 3898 hanc
1861 3845 2039 3900 vitam
2073 3845 2172 3900 illa

520 3932 850 3995 damnatio,
879 3945 1001 4001 quo
1015 3945 1255 3984 necesse
1282 3937 1367 3985 est
1399 3931 1724 4001 trahantur,
1761 3932 1895 3987 side
1921 3949 2169 4004 corpore

521 4021 724 4075 exierit
742 4021 870 4074 sine
897 4019 1234 4073 christianm
1268 4019 1473 4086 gratiae
1503 4022 1889 4076 Sacramento
1912 4039 1924 4088 ;
1950 4023 2050 4076 sed
2068 4039 2169 4078 eas

515 4109 680 4178 ipsas
710 4123 843 4178 qum
873 4109 934 4162 in
959 4109 1072 4162 hac
1103 4108 1222 4161 vita
1266 4107 1606 4163 dolentibus
1635 4111 1811 4164 nobis
1848 4117 2168 4167 versantur

518 4201 654 4251 ante
677 4196 903 4258 oculos,
936 4211 1090 4265 quas
1123 4208 1471 4250 enumerare
1507 4197 1553 4250 si
1594 4198 1790 4259 velim,
1820 4200 1988 4270 prius
2021 4207 2170 4255 tem-

519 4301 634 4356 pus
666 4300 850 4355 quam
875 4282 1141 4354 exempla
1169 4282 1465 4340 deﬁcient.
1487 4288 1901 4356 Languescunt
1931 4291 2168 4358 aegritu-

519 4374 781 4438 dinibus,
802 4377 1149 4446 torquentur
1175 4373 1669 4439 doloribus,fame
1698 4380 1754 4430 et
1778 4376 1870 4432 siti
1903 4381 2168 4434 crucian-

520 4470 633 4529 tur,
662 4464 1047 4520 debilitantur
1088 4462 1714 4534 membris,privantur
1743 4467 2040 4534 sensidus,
2071 4485 2168 4525 ve-

513 4553 823 4610 xanturab
840 4552 1168 4608 immundis
1183 4552 2061 4623 spiritibus.Demonstrandum
2077 4565 2166 4614 est

518 4643 740 4714 utique,
754 4643 1061 4713 quomodo
1083 4642 1195 4697 ista
1225 4641 1353 4696 sine
1379 4641 1480 4696 illa
1510 4659 1622 4698 sua
1637 4645 1795 4700 mala
1807 4662 1988 4701 causa
2010 4648 2165 4717 juste

518 4732 836 4803 patiantur.
872 4734 996 4786 Non
1011 4730 1170 4785 enim
1205 4730 1323 4785 dici
1349 4731 1436 4787 fas
1452 4738 1558 4795 est,
1587 4741 1689 4787 aut
1715 4734 1828 4790 ista
1853 4735 2164 4805 ignorante

519 4823 637 4875 Deo
667 4820 813 4888 ﬁeri,
843 4824 944 4874 aut
969 4835 1107 4873 eum
1132 4835 1250 4874 non
1284 4835 1451 4890 posse
1485 4822 1750 4876 resistere
1783 4823 2159 4895 facientibus,

517 4907 852 4978 autinjuste
878 4908 990 4962 ista
1017 4907 1109 4961 vel
1142 4907 1334 4962 facere
1361 4908 2164 4982 velpermittere.Numquid-

509 5015 658 5055 nam
689 4998 840 5052 sicut
868 4996 1598 5054 animaliairrationabilia
1627 5006 1780 5056 recte
1815 5002 2070 5057 dicimus
2100 5006 2159 5060 in

515 5104 658 5144 usus
712 5087 842 5143 dari
888 5086 1117 5142 naturis
1155 5086 1688 5152 excellentioribus,
1750 5092 1856 5146 etsi
1908 5093 2154 5159 vitiosis,

511 5178 661 5234 sicut
689 5176 1059 5248 apertissime
1088 5175 1148 5230 in
1180 5176 1497 5245 Evangelio
1528 5177 1796 5234 videmus
1836 5197 2049 5252 porcos
2081 5184 2158 5240 ad

511 5283 691 5322 usum
747 5266 1152 5321 desideratum
1205 5280 1523 5322 concessos
1583 5285 1710 5322 esse
1777 5269 2157 5328 daemonibus

511 5354 726 5425 (Matth.
772 5371 883 5419 VIII,
911 5354 1036 5424 3?);
1067 5354 1178 5409 hoc
1197 5357 1252 5408 et
1282 5354 1354 5408 de
1379 5354 1623 5410 homine
1653 5360 1801 5412 recte
1829 5375 2154 5429 possumus

507 5444 704 5498 dicere
729 5441 756 5497 ?
787 5444 1021 5499 Animal
1049 5449 1135 5499 est
1163 5444 1343 5510 enim,
1387 5445 1489 5498 sed
1517 5445 1824 5511 rationale,
1858 5448 1963 5503 etsi
1999 5465 2153 5505 mor-

507 5531 642 5586 tale.
678 5533 890 5588 Anima
936 5539 1022 5587 est
1076 5533 1382 5590 rationalis
1414 5533 1476 5589 in
1508 5534 1617 5590 illis
1668 5537 1964 5604 membris,
2012 5556 2147 5612 quae

507 5621 688 5680 tantis
737 5620 1154 5678 afﬂictionibus
1180 5639 1388 5695 paenae
1433 5624 1538 5681 luit
1564 5644 1584 5698 ;
1614 5624 1769 5682 Deus
1800 5626 1999 5684 bonus
2041 5635 2148 5697 est,

1804 144 1866 200 S.
1907 137 2297 198 AUGUSTINI
2334 139 2656 202 EPISCOPI

3787 156 3880 210 728

2286 269 2438 325 Deus
2459 272 2662 342 justus
2676 279 2782 342 est,
2817 276 2972 332 Deus
3003 274 3632 348 omnipotensestzhoc
3649 277 3884 340 dubitare

2283 362 2532 418 omnino
2586 363 2883 420 dementis
2923 369 3026 421 est.
3084 367 3406 421 Tantorum
3457 380 3594 436 ergo
3626 368 3881 427 malorum
3933 381 3936 385 ‘

2283 466 2412 520 qum
2444 451 2593 506 ﬁunt
2619 452 2677 508 in
2713 454 2995 524 parvulis,
3025 470 3210 510 causa
3234 454 3399 525 justa
3424 454 3663 511 dicatur.
3695 460 3883 532 Nempe

2284 555 2422 594 cum
2455 542 2716 612 majores
2755 543 2867 598 ista
2896 544 3228 615 patiuntur,
3280 543 3534 598 solemus
3572 544 3752 604 dicere
3799 555 3882 606 aut

2284 628 2435 684 sicut
2465 630 2521 684 in
2541 630 2655 687 Job
2686 633 2898 689 merita
2918 633 3270 698 examinari,
3301 638 3403 687 aut
3439 632 3584 688 sicut
3612 634 3666 689 in
3693 638 3885 695 Herode

2281 725 2526 788 peccata
2564 721 2762 792 puniri
2797 739 2808 777 :
2841 726 2898 777 et
2927 721 2995 777 de
3046 720 3412 793 quibusdam
3457 723 3732 795 exemplis
3773 743 3885 798 quae

2283 808 2438 862 Deus
2467 809 2782 866 manifesta
2813 827 2941 866 esse
2969 809 3173 876 voluit,
3205 809 3321 867 alia
3347 826 3478 881 quae
3505 810 3749 869 obscura
3773 820 3885 870 sunt

2281 895 2508 952 homini
2541 899 2874 970 conjectare
2896 898 3244 956 conceditur
3271 915 3286 964 ;
3316 899 3423 954 sed
3451 899 3563 956 hoc
3594 901 3648 955 in
3678 903 3885 973 majori-

2281 984 2414 1040 bus.
2451 988 2527 1041 De
2555 988 2818 1058 parvulis
2851 995 3054 1044 autem
3089 988 3237 1060 quid
3267 988 3727 1059 respondeamus
3752 992 3882 1047 edis-

2281 1090 2428 1140 sere,
2485 1077 2531 1131 si
2582 1078 2772 1149 peenis
2799 1079 2980 1134 tantis
3026 1078 3190 1133 nulla
3221 1077 3282 1132 in
3323 1079 3406 1133 eis
3445 1083 3582 1134 sunt
3622 1080 3886 1150 punienda

2281 1170 2528 1236 peccata
2568 1182 2580 1222 :
2624 1183 2769 1223 nam
2817 1168 3019 1240 utique
3058 1167 3224 1224 nulla
3287 1172 3375 1223 est
3423 1169 3482 1223 in
3517 1168 3625 1224 illis
3656 1170 3884 1226 aetatibus

2281 1255 2687 1312 examinanda
2707 1256 2957 1328 justitia.

2357 1349 2439 1398 t7.
2468 1344 2547 1399 De
2573 1344 2949 1415 ingeniorum
2974 1361 3112 1402 vero
3138 1346 3626 1415 diversitate,imo
3657 1346 3887 1402 absurdi-

2282 1437 2396 1488 tate
2414 1435 2430 1467 ¹
2443 1475 2456 1498 ,
2471 1433 2614 1505 quid
2637 1434 2834 1491 dicam
2848 1435 2875 1489 ‘2
2889 1451 3025 1508 quae
3039 1435 3282 1508 quidem
3298 1435 3356 1490 in
3373 1436 3790 1507 parvulislatet,
3803 1436 3887 1492 sed

2281 1521 2359 1578 ah
2376 1523 2520 1594 ipsis
2543 1523 2801 1579 exordiis
2821 1524 3195 1580 naturalibus
3209 1525 3410 1589 ducta,
3426 1525 3728 1597 apparetin
3746 1541 3888 1594 gran-

2281 1612 2479 1678 dibus,
2496 1629 2756 1686 quorum
2774 1615 3043 1671 nonnulli
3069 1621 3188 1672 tam
3213 1616 3363 1672 tardi
3385 1622 3441 1672 et
3465 1616 3730 1672 obliviosi
3758 1622 3886 1678 sunt,

2283 1706 2345 1757 ut
2380 1717 2453 1757 ne
2493 1704 2690 1774 prima
2723 1705 2969 1776 quidem
3002 1704 3229 1760 discere
3268 1706 3593 1761 litterarum
3637 1704 3887 1760 elementa

2282 1794 2608 1862 potuerint:
2625 1793 2872 1865 quidam
2889 1810 3026 1850 vero
3040 1798 3219 1850 tantae
3242 1799 3385 1850 sunt
3404 1794 3705 1858 fatuitatis,
3720 1798 3773 1848 ut
3791 1808 3884 1848 non

2282 1880 2534 1936 multum
2559 1898 2595 1936 a
2615 1882 2932 1953 pecoribus
2953 1881 3249 1949 differant;
3263 1899 3418 1955 quos
3431 1885 3722 1938 moriones
3741 1881 3886 1950 vulgo

2279 1975 2518 2025 vocant.
2537 1971 2945 2041 Respondetur
2969 1970 3240 2036 fortasse,
3259 1973 3517 2044 Corpora
3546 1972 3654 2028 hoc
3681 1971 3884 2027 faciunt.

2282 2060 2395 2115 Sed
2438 2061 2735 2131 numquid
2772 2060 3104 2117 secundum
3144 2062 3302 2117 hanc
3348 2062 3695 2117 sententiam
3736 2075 3884 2132 quam

2282 2147 2521 2204 defendi
2549 2149 2845 2212 volumus.
2870 2151 3076 2206 anima
3100 2150 3211 2205 sibi
3227 2165 3450 2222 corpus
3466 2149 3652 2220 elegit,
3669 2154 3719 2205 et
3746 2149 3795 2204 in
3813 2146 3888 2202 eli-

2283 2238 2478 2308 gendo
2508 2255 2644 2293 cum
2673 2238 2996 2304 falleretur,
3029 2240 3248 2294 erravit
3273 2239 3300 2292 ‘I
3331 2243 3437 2294 aut
3464 2255 3599 2294 cum
3628 2239 3681 2293 in
3710 2252 3888 2308 corpus

2282 2335 2590 2397 cogeretur
2610 2327 2827 2384 intrare
2853 2328 3200 2384 necessitate
3222 2328 3536 2396 nascendi,
3551 2327 3662 2383 alia
3682 2339 3888 2396 corpora

2281 2416 2847 2488 praeoccupantibus
2870 2416 3210 2473 animarum
3243 2417 3460 2483 turbis,
3477 2416 3605 2489 ipsa
3621 2414 3764 2471 aliud
3793 2427 3885 2468 non

2285 2504 2528 2569 invenit,
2543 2512 2597 2559 et
2620 2505 2768 2560 sicut
2794 2505 2852 2560 in
2882 2505 3224 2577 Spectacula
3240 2505 3445 2576 aliquo
3475 2504 3770 2568 locum,ita
3793 2516 3889 2556 car-

2282 2610 2419 2649 nem
2447 2610 2566 2648 non
2585 2610 2772 2665 quam
2794 2595 3001 2660 voluit,
3020 2595 3124 2649 sed
3147 2611 3333 2666 quam
3357 2589 3888 2662 valuit,occupavit?

2284 2683 2584 2754 Numquid
2613 2683 2738 2739 haec
2759 2689 2814 2739 et
2835 2684 2972 2739 talia
2995 2683 3084 2739 vel
3103 2684 3299 2739 dicere
3330 2699 3670 2755 possumus,
3684 2680 3766 2735 vel
3788 2695 3889 2733 sen-

2285 2772 2391 2828 tire
2423 2772 2751 2827 debemus?
2776 2776 2926 2828 Doce
2950 2773 3131 2843 igitur
3154 2773 3299 2845 quid
3331 2769 3888 2843 sentire,quiddicere

2282 2861 2631 2924 debeamus,
2656 2867 2717 2917 ut
2747 2867 2976 2918 constet
3001 2861 3174 2918 nobis
3200 2862 3354 2918 ratio
3386 2876 3672 2918 novarum
3701 2857 3888 2913 anima-

2283 2967 2416 3006 rum
2450 2951 2914 3023 singillatimque
2946 2951 3236 3007 factarum
3270 2951 3524 3021 singulis
3558 2946 3884 3020 corporibus.

2354 3041 2577 3096 CAPUT
2608 3040 2895 3109 VII.—pl8.
2912 3043 3032 3109 Ego
3053 3040 3300 3111 quidem
3314 3056 3439 3096 non
3453 3040 3526 3094 de
3539 3035 3788 3108 ingeniis,
3806 3032 3885 3087 sed

2283 3130 2492 3184 saltem
2522 3130 2595 3184 de
2621 3130 2814 3200 pmnis
2835 3128 3244 3200 parvulorum.
3271 3145 3429 3201 quas
3460 3129 3516 3184 in
3547 3129 3655 3184 hac
3680 3126 3785 3180 vita
3807 3138 3885 3194 pa-

2283 3222 2523 3284 tiuntur,
2540 3219 2663 3274 dixi
2684 3218 2910 3290 aliquid
2933 3219 2991 3273 in
3008 3217 3300 3273 librisillis
3321 3218 3398 3273 de
3423 3218 3624 3274 Libero
3655 3213 3888 3271 Arbitrio.

2283 3308 2451 3374 Quod
2483 3308 2659 3379 quale
2686 3308 2776 3373 sit,
2802 3312 2860 3362 et
2889 3323 2993 3362 cur
3019 3307 3163 3362 mihi
3193 3307 3253 3362 in
3285 3307 3401 3363 ista
3425 3322 3607 3380 quam
3636 3305 3884 3359 habemus

2281 3398 2340 3452 in
2391 3397 2669 3452 manibus
2703 3398 3028 3469 quaestione
3061 3413 3182 3452 non
3213 3395 3494 3461 sufﬁciat,
3531 3393 3816 3454 intimabo,
3846 3393 3886 3442 et

2280 3503 2418 3542 eum
2444 3487 2644 3557 ipsum
2673 3486 2748 3541 de
2771 3487 2938 3542 tertio
2966 3485 3116 3540 libro
3142 3485 3342 3540 locum
3370 3488 3707 3555 excerptum
3729 3477 3885 3535 hislit-

2279 3577 2416 3632 teris
2440 3575 2722 3630 inseram.
2739 3578 2884 3630 Nam
2915 3575 2992 3629 ita
3016 3591 3078 3628 se
3092 3574 3302 3629 habet:
3322 3573 3402 3628 De
3413 3572 3885 3629 cruciatibusautem

2277 3666 2521 3734 corporis
2549 3664 2740 3735 quibus
2759 3665 3090 3734 afﬂiguntur
3118 3662 3884 3734 parvuli,quorumperaatatem

2277 3755 2431 3810 nulla
2443 3761 2654 3824 peccata
2664 3754 3072 3819 sunt,sianimm
3084 3753 3276 3822 quibus
3286 3753 3732 3814 animantur,non
3741 3745 3886 3817 prius-

2276 3862 2434 3916 quam
2456 3845 2563 3915 ipsi
2581 3843 2812 3898 homines
2834 3859 2937 3897 esse
2956 3846 3249 3913 caeperunt,
3266 3844 3447 3912 major
3466 3840 3677 3912 querela
3695 3844 3738 3891 et
3759 3831 3885 3906 quasi

2279 3935 2588 3988 misericors
2599 3934 2795 4004 deponi
2811 3932 3088 3996 solet,cum
3109 3931 3336 3996 dicitur,
3357 3932 3504 3997 Quid
3516 3929 3644 3984 mali
3663 3927 3882 3999 [πίτυι

2277 4032 2335 4079 ut
2353 4025 2457 4077 ista
2463 4029 2791 4094 paterentur
2805 4023 2995 4092 Υψιαεὶ
3016 4022 3181 4091 possit
3192 4037 3297 4075 esse
3316 4020 3574 4075 meritum
3590 4011 3880 4072 innocentia

2277 4121 2560 4183 antequam
2580 4113 2796 4183 quisque
2818 4127 3000 4166 nocere
3010 4110 3228 4181 aliquid
3242 4111 3414 4180 possit
3433 4109 3443 4163 l
3464 4109 3595 4165 Cum
3613 4111 3773 4160 autem
3787 4096 3883 4154 boni

2274 4203 2486 4273 aliquid
2523 4209 2779 4274 operatur
2817 4203 2957 4256 Deus
2985 4200 3044 4254 in
3087 4200 3454 4254 emendatione
3494 4198 3764 4268 majorum,
3791 4203 3882 4244 eum

2269 4294 2630 4363 parvulorum
2648 4307 2867 4345 suorum
2887 4289 2978 4361 qui
3001 4291 3076 4344 eis
3096 4290 3252 4343 chari
3264 4293 3410 4353 sunt,
3427 4285 3688 4342 doloribus
3704 4298 3758 4336 ac
3771 4293 3880 4333 mor-

2276 4381 2418 4436 tibus
2442 4380 2807 4451 flagellantur,
2827 4395 2926 4434 cur
2952 4381 3060 4433 ista
3081 4395 3185 4432 non
3213 4377 3369 4446 fiant,
3390 4376 3600 4448 quando
3610 4390 3720 4429 cum
3740 4377 3876 4424 trans-

2275 4471 2467 4536 ierint,
2497 4487 2597 4541 pro
2617 4486 2723 4524 non
2750 4469 2912 4539 factis
2935 4475 3120 4533 erunt,
3145 4469 3206 4521 in
3230 4467 3421 4538 quibus
3435 4468 3579 4536 facta
3599 4469 3717 4518 sunt
3741 4480 3758 4516 :
3783 4471 3880 4527 pro-

2274 4568 2397 4631 pter
2421 4577 2545 4630 quos
2573 4567 2748 4613 autem
2768 4559 3067 4629 factasunt,
3083 4565 3178 4611 aut
3203 4556 3449 4611 meliores
3472 4554 3877 4616 erunt,sitemp0-

2273 4649 2481 4703 ralibus
2502 4648 2849 4703 incommodis
2874 4647 3161 4710 emendati,
3192 4646 3396 4700 rectius
3427 4643 3676 4715 elegerint
3701 4638 3877 4693 vivere;

2271 4747 2365 4793 aut
2391 4739 2786 4792 excusationem
2809 4738 2864 4791 in
2895 4736 3079 4806 futuri
3096 4735 3303 4805 judicii
3329 4733 3600 4805 supplicio
3625 4746 3718 4784 non
3746 4723 3878 4779 habe-

2274 4827 2423 4893 bunt,
2445 4828 2497 4881 si
2515 4828 2646 4882 vitae
2671 4827 2830 4896 hujus
2847 4825 3161 4896 angoribus,
3177 4825 3246 4878 ad
3271 4831 3530 4878 aeternam
3544 4809 3876 4874 vitamdeside-

2270 4918 2418 4971 rium
2449 4924 2750 4971 convertere
2776 4914 3243 4979 noluerinﬁQuis
3267 4920 3443 4967 autem
3475 4911 3614 4965 novit
3633 4905 3750 4978 quid
3773 4915 3875 4972 par-

2271 5005 2431 5068 vulis,
2448 5006 2509 5061 de
2525 5023 2747 5077 quorum
2769 5004 3104 5059 cruciatibus
3123 5003 3344 5057 duritia
3362 5002 3624 5068 majorum
3635 4986 3875 5077 contundi-

2273 5101 2382 5160 tur,
2401 5102 2496 5149 aut
2523 5076 2806 5149 exercetur
2815 5093 2963 5165 fides,
2978 5100 3070 5147 aut
3083 5092 3461 5146 misericordia
3483 5086 3764 5159 probatur:
3777 5076 3872 5149 qui!

2267 5201 2389 5254 ergo
2404 5185 2554 5237 novit
2575 5183 2709 5256 quid
2735 5183 2866 5253 ipsis
2882 5182 3128 5253 parvulis
3150 5183 3208 5236 in
3229 5186 3428 5235 secreto
3443 5177 3760 5249 judiciorum
3779 5181 3871 5220 suo-

2267 5289 2388 5328 rum
2409 5273 2553 5328 bome
2565 5273 2951 5343 compensation
2962 5273 3010 5327 is
3029 5279 3258 5326 reservet
3274 5270 3416 5325 Deus
3426 5269 3454 5323 ’ἲ
3468 5263 3715 5333 Quoniam
3733 5270 3869 5343 quan:

2265 5379 2428 5433 quam
2453 5363 2595 5416 nihil
2623 5339 2762 5417 recte
2793 5362 3046 5434 fecerint,
3076 5369 3252 5415 tamen
3280 5376 3370 5414 nec
3397 5361 3667 5429 peccantes
3691 5339 3868 5417 aliquid

2265 5454 2372 5507 ista
2391 5454 2628 5525 perpessi
2635 5458 2785 5507 sunt.
2801 5454 2921 5508 Non
2935 5453 3075 5506 enim
3089 5453 3311 5521 frustra
3332 5449 3490 5503 etiam
3508 5444 3730 5515 infantes
3746 5434 3863 5492 illos.

2260 5579 2336 5688 αἱ
2369 5577 2500 5688 ξω.
2533 5579 2648 5627 Am.
2680 5577 2761 5626 Er.
2790 5580 2842 5626 et
2872 5577 2992 5626 Mss.
3021 5575 3270 5625 undecim
3305 5573 3572 5626 omittunt,
3597 5568 3690 5618 imo
3722 5560 3854 5610 σόων

2297 5654 2312 5688 ι
2339 5654 2371 5688 α
2396 5655 2437 5688 ο.
2912 5681 2920 5688 .
3447 5685 3450 5687 .

2297 5654 2437 5691 uate.
