4098 6166
234 157 344 218 729

230 285 332 357 qui
371 300 489 341 cum
533 282 800 340 Dominus
827 290 1009 339 noster
1042 283 1195 340 Iesus
1233 283 1484 341 Christus
1520 281 1793 337 necandus
1822 279 1887 334 ab

232 374 449 429 Herode
474 379 839 445 quaereretur,
873 375 1031 430 occisi
1050 380 1197 438 sunt,
1224 374 1285 428 in
1313 374 1563 428 honorem
1582 378 1886 442 martyrum

229 470 468 535 receptos
494 463 821 519 commendat
849 462 1093 518 Ecclesia
1121 463 1223 534 (De
1248 462 1444 518 Libero
1470 461 1750 526 Arbitrio,
1785 458 1883 515 lib.

224 555 279 618 3,
303 567 349 608 ο.
382 553 473 617 25,
501 569 557 608 n.
589 556 700 619 67).

298 643 388 698 19.
418 642 553 698 Haec
575 646 716 698 tunc
734 642 874 707 dixi,
899 657 1035 697 cum
1062 642 1221 697 hanc
1252 642 1446 713 ipsam
1476 641 1551 696 de
1581 655 1703 713 qua
1723 654 1885 695 nunc

221 731 424 801 agitur
450 730 666 787 vellem
705 730 1081 787 communire
1116 731 1493 788 sententiam.
1528 731 1687 786 Sicut
1724 729 1884 785 enim

220 820 404 893 paulo
424 824 559 877 ante
589 822 1079 884 commemoravi,
1111 835 1514 893 quaecumque
1540 818 1778 874 illarum
1809 818 1883 874 de

214 910 442 967 animm
460 910 871 967 incarnatione
893 914 1154 983 quatuor
1165 909 1413 980 opinion
1426 924 1526 964 um
1548 924 1685 965 vera
1704 911 1881 972 esset,

219 998 599 1071 inculpatam
622 998 1027 1055 substantiam
1060 1000 1367 1067 Creatoris,
1394 1004 1450 1054 et
1479 1013 1511 1054 a
1538 1003 1881 1053 nostrorum

214 1095 611 1161 peccatorum
638 1086 919 1144 societate
943 1088 1406 1144 remotissimam
1427 1086 1660 1143 nitebar
1682 1090 1886 1141 osten-

217 1177 388 1233 dere.
437 1180 503 1235 Et
534 1176 670 1234 ideo
700 1192 1102 1250 quiscumque
1141 1177 1380 1233 illarum
1411 1177 1653 1232 veritate
1682 1178 1884 1247 posset

216 1266 500 1322 convinci
524 1271 581 1322 et
609 1266 938 1337 repudiari,
980 1265 1059 1322 ad
1098 1281 1306 1322 curam
1335 1264 1678 1321 intentionis
1711 1279 1879 1329 mete,

213 1369 410 1427 quam
442 1360 583 1411 tunc
613 1354 941 1420 habebam,
965 1370 1083 1409 non
1118 1354 1455 1426 pertinebat
1476 1371 1489 1421 ;
1508 1352 1885 1426 quandoqui-

215 1444 365 1500 dem
413 1444 643 1500 cunctis
691 1443 1067 1512 diligentiore
1118 1443 1525 1516 disputatione
1568 1441 1880 1506 discussis,

213 1548 621 1606 quascumque
650 1532 886 1588 illarum
916 1536 1073 1589 recte
1106 1535 1368 1589 vinceret
1392 1537 1658 1600 caeteras,
1688 1545 1783 1586 me
1800 1544 1885 1585 se-

216 1621 552 1678 curissimo
581 1621 770 1687 ﬁeret,
801 1622 1049 1694 quando
1080 1622 1260 1678 etiam
1309 1621 1641 1677 secundum
1673 1634 1882 1675 omnes

217 1711 285 1766 id
322 1710 490 1783 quod
522 1710 801 1780 agebam,
836 1711 1122 1767 invictum
1170 1710 1484 1783 persistere
1511 1709 1881 1764 demonstra-

219 1800 396 1857 bam.
428 1802 595 1855 Nunc
644 1814 786 1855 vero
832 1816 1015 1856 unam
1066 1801 1222 1865 volo,
1257 1799 1306 1854 si
1349 1813 1621 1870 possum,
1655 1798 1884 1853 ratione

216 1894 388 1945 recta
408 1888 623 1956 eligere
640 1904 712 1944 ex
734 1889 1017 1944 omnibus
1042 1906 1056 1955 ;
1084 1894 1139 1944 et
1159 1894 1471 1961 propterea
1495 1887 1677 1957 hujus
1697 1886 1883 1957 ipisus

218 1978 302 2033 de
326 1994 451 2050 qua
475 1993 636 2032 nunc
655 1981 893 2047 agimus
912 1978 1342 2042 defensionem,
1372 1978 1431 2032 in
1454 1977 1546 2032 his
1566 1991 1703 2048 quas
1724 1991 1885 2032 com-

218 2066 559 2122 memoravi
590 2067 665 2123 de
706 2066 805 2123 illo
846 2067 1019 2131 libro,
1065 2068 1263 2122 verbis
1294 2067 1443 2122 meis
1479 2065 1757 2122 attentius
1795 2065 1886 2118 in-

218 2161 421 2221 tuens,
456 2155 721 2211 validam
751 2155 1115 2228 ﬁrmamque
1138 2171 1259 2211 non
1293 2156 1487 2211 video.

295 2254 388 2309 20.
423 2256 569 2309 Nam
600 2253 758 2309 velut
779 2253 1227 2310 ﬁrmamentum
1259 2254 1388 2324 ejus
1418 2253 1557 2309 illud
1588 2257 1693 2317 est,
1721 2250 1883 2324 quod

218 2343 309 2399 ibi
340 2342 465 2398 dixi
493 2359 506 2398 :
542 2343 681 2410 Quis
708 2349 905 2399 autem
936 2344 1101 2398 novit
1125 2343 1271 2413 quid
1304 2340 1598 2413 parvulis,
1631 2341 1705 2397 de
1745 2356 1885 2411 quo-

220 2448 361 2488 rum
382 2432 746 2487 cruciatibus
776 2431 1005 2488 duritia
1024 2433 1318 2501 majorum
1346 2431 1755 2494 contunditur,
1780 2436 1885 2485 aut

222 2528 541 2579 exercetur
580 2521 747 2589 ﬁdes,
795 2528 901 2576 aut
930 2520 1338 2577 misericordia
1384 2520 1675 2589 probatur
1706 2539 1725 2576 :
1754 2518 1885 2590 quis

224 2626 370 2680 ergo
395 2610 558 2666 novit
577 2610 724 2681 quid
743 2612 885 2679 ipsis
906 2611 1183 2677 parvulis
1209 2610 1269 2664 in
1294 2608 1884 2679 secretojudiciorum

224 2715 473 2755 suorum
516 2698 680 2754 bonae
709 2698 1201 2767 compensationis
1228 2704 1481 2755 reservet
1523 2699 1675 2754 Deus
1698 2697 1726 2750 ?
1771 2696 1885 2751 Sed

226 2788 343 2844 hoc
380 2803 503 2842 non
552 2788 849 2842 immerito
891 2788 1006 2842 dici
1063 2786 1234 2842 video
1274 2788 1348 2842 de
1389 2788 1482 2842 his
1510 2788 1612 2859 qui
1652 2785 1744 2840 vel
1777 2801 1884 2857 pro

227 2876 444 2934 Christi
478 2876 719 2932 nomine
746 2892 816 2932 ac
844 2892 983 2931 vera
1004 2876 1284 2948 religione
1308 2876 1417 2932 tale
1450 2875 1676 2948 aliquid
1704 2875 1883 2929 etiam

225 2965 561 3021 nescientes
605 2966 931 3036 patiuntur,
965 2965 1057 3020 vel
1097 2966 1483 3021 Sacramento
1519 2963 1729 3020 Christi
1756 2963 1884 3033 jam

227 3053 443 3110 imbuti
476 3059 614 3110 sunt
645 3071 659 3121 ;
692 3055 836 3126 quia
866 3056 993 3109 sine
1027 3055 1309 3110 societate
1341 3053 1515 3109 unius
1554 3052 1884 3108 Mediatoris

225 3143 469 3199 liberari
496 3160 531 3199 a
560 3144 948 3200 damnatione
979 3158 1099 3199 non
1128 3148 1401 3215 possunt,
1443 3148 1506 3197 ut
1550 3141 1741 3213 possit
1771 3140 1881 3205 eis,

228 3233 411 3288 etiam
439 3249 549 3304 pro
578 3232 692 3288 illis
716 3232 889 3288 malis
921 3250 1057 3306 quas
1086 3232 1183 3288 hic
1203 3233 1261 3288 in
1284 3232 1530 3287 diversis
1552 3230 1885 3287 afﬂictioni-

225 3322 344 3377 bus
375 3321 760 3394 pertulerunt,
797 3323 1213 3394 compensatio
1244 3322 1355 3377 ista
1385 3320 1676 3393 praestari.
1718 3320 1885 3375 Nunc

226 3416 427 3466 autem
462 3427 598 3465 cum
648 3412 759 3466 ista
797 3412 1048 3483 quaestio
1079 3427 1200 3467 non
1246 3411 1433 3481 possit
1474 3409 1729 3478 absolvi,
1770 3409 1882 3463 nisi

225 3499 407 3555 etiam
441 3499 515 3554 de
544 3498 636 3554 his
662 3500 928 3571 parvulis
969 3500 1424 3571 respondeatur,
1457 3498 1555 3569 qui
1588 3503 1722 3568 post
1754 3513 1884 3567 gra-

216 3588 508 3643 vissimos
535 3589 833 3644 cruciatus
853 3592 977 3645 sine
1010 3592 1396 3645 Sacramento
1424 3588 1754 3643 christiana
1787 3602 1885 3642 so-

222 3678 453 3733 cietatis
468 3678 771 3749 exspirant
793 3696 806 3745 ;
833 3695 967 3751 quas
992 3678 1150 3734 circa
1171 3694 1274 3733 eos
1291 3677 1700 3748 compensatio
1726 3678 1883 3746 cogi-

225 3767 413 3822 tanda
444 3772 547 3831 est,
583 3766 805 3839 quibus
835 3767 1085 3839 insuper
1122 3772 1177 3823 et
1206 3766 1517 3823 damnatio
1548 3771 1881 3837 praeparata

225 3861 315 3912 est
340 3854 369 3910 ‘l
404 3858 550 3911 Nam
590 3862 644 3912 et
687 3857 760 3912 de
807 3857 1111 3930 baptismo
1142 3856 1524 3929 parvulorum
1579 3855 1637 3909 in
1670 3856 1880 3911 eodem

225 3945 399 4013 libro,
433 3960 555 4001 non
591 3946 837 4018 quidem
890 3947 1273 4011 sufficienter,
1306 3946 1409 4001 sed
1460 3949 1754 4017 quantum
1802 3944 1881 3999 illi

224 4034 393 4107 operi
444 4035 589 4091 satis
641 4051 770 4091 esse
821 4036 1151 4107 videbatur,
1206 4041 1527 4106 utcumque
1568 4034 1875 4105 respondi,

224 4123 392 4196 quod
424 4124 601 4180 etiam
635 4126 1058 4191 nescientibus,
1093 4130 1147 4181 et
1178 4125 1359 4181 ﬁdem
1390 4140 1561 4180 suam
1606 4124 1879 4180 nondum

225 4211 588 4269 habentibus
632 4214 914 4285 prodest:
963 4231 1084 4270 non
1138 4220 1339 4271 tamen
1381 4212 1455 4268 de
1487 4213 1877 4269 damnatione

223 4315 435 4355 eorum
480 4302 893 4372 parvulorum,
925 4303 1030 4376 qui
1057 4304 1186 4360 sine
1213 4303 1306 4358 illo
1354 4318 1424 4358 ex
1453 4303 1567 4358 hac
1595 4303 1714 4358 vita
1737 4303 1879 4358 emi-

223 4395 421 4458 grant,
457 4396 591 4447 tunc
635 4390 861 4463 aliquid
915 4392 1237 4447 dicendum
1293 4391 1519 4463 putavi,
1571 4393 1712 4464 quia
1759 4407 1879 4449 non

202 4479 387 4549 quod
428 4494 589 4534 nunc
615 4480 832 4550 agitur,
875 4482 1181 4550 agebatur.

293 4581 381 4631 2t.
422 4577 533 4633 Sed
587 4581 651 4633 ut
680 4576 1029 4633 omittamus
1073 4585 1127 4633 et
1158 4583 1610 4634 contemnamus
1641 4594 1711 4633 ea
1741 4594 1876 4649 quae

222 4664 387 4720 brevi
408 4670 676 4736 tempore
696 4666 1023 4737 patiuntur,
1050 4682 1158 4722 nec
1182 4672 1481 4723 transacta
1500 4672 1873 4731 revocantur,

222 4754 517 4826 numquid
541 4754 807 4810 similiter
824 4760 1204 4811 contemnere
1232 4771 1557 4827 possumus
1579 4755 1739 4826 quod
1767 4770 1877 4823 per

220 4857 405 4897 unum
426 4843 717 4899 hominem
740 4859 917 4908 mors,
938 4850 992 4899 et
1016 4860 1125 4912 per
1152 4860 1335 4899 unum
1362 4844 1653 4898 hominem
1681 4858 1876 4898 resur-

222 4931 403 4987 rectio
426 4938 819 4987 mortuorum.
844 4932 1002 4988 Sicut
1024 4932 1180 4988 enim
1215 4934 1276 4987 in
1308 4932 1504 4987 Adam
1535 4947 1731 4987 omnes
1758 4948 1875 4988 mo-

218 5020 645 5085 riuntur,sicet
656 5023 717 5077 in
736 5021 970 5078 Christo
984 5037 1181 5078 omnes
1199 5021 1718 5093 viviﬁcabuntur(l
1734 5021 1869 5077 Cor.

218 5125 319 5176 xv,
339 5112 397 5164 2t
423 5117 476 5166 et
500 5110 640 5183 22)?
666 5112 774 5165 Per
788 5111 945 5166 hanc
966 5112 1123 5166 enim
1152 5110 1564 5183 apostolicam,
1586 5111 1871 5181 divinam,

219 5198 561 5271 claramque
593 5201 969 5267 sententiam,
1007 5202 1149 5257 satis
1186 5201 1489 5257 evidenter
1532 5200 1740 5268 elucet,
1774 5218 1873 5256 ne-

220 5288 444 5343 minem
495 5288 577 5343 ire
608 5288 668 5344 in
700 5295 952 5345 mortem
1000 5290 1114 5347 nisi
1164 5305 1269 5361 per
1300 5290 1487 5344 Adam
1526 5306 1539 5355 ;
1570 5290 1870 5346 neminem

216 5376 297 5432 ire
323 5377 383 5432 in
430 5378 613 5433 vitam
646 5386 953 5445 aeternam,
989 5380 1103 5435 nisi
1145 5395 1249 5452 per
1284 5378 1601 5434 Christum.
1639 5382 1755 5435 Hoc
1785 5384 1872 5435 est

215 5465 436 5538 quippe
467 5482 684 5533 omnes,
709 5472 762 5523 et
789 5483 1008 5535 omnes,
1026 5469 1168 5540 quia
1186 5468 1336 5523 sicut
1356 5482 1566 5522 omnes
1592 5466 1869 5524 homines

214 5568 322 5626 per
351 5555 633 5627 primam,
666 5555 781 5612 hoc
823 5562 909 5612 est
958 5572 1058 5627 per
1090 5555 1391 5612 carnalem
1421 5554 1867 5626 generationem

214 5644 513 5718 pertinent
538 5644 615 5701 ad
641 5645 835 5704 Adam
867 5663 884 5715 ;
916 5646 1002 5704 sic
1029 5661 1242 5705 omnes
1267 5645 1543 5705 homines
1568 5645 1647 5704 ad
1666 5660 1869 5702 secun-

1454 149 1971 213 EPISTOLARUU
1998 152 2421 219 CLASSISJII.

3554 166 3660 227 730

1995 279 2159 347 dam,
2186 283 2246 339 id
2268 291 2357 341 est
2376 287 2743 358 spiritualem
2769 288 3217 358 generationem
3238 289 3505 358 veniunt,
3531 294 3656 366 qui-

1996 385 2253 443 cumque
2274 374 2351 430 ad
2374 376 2667 433 Christum
2697 378 3072 450 perveniunt.
3096 379 3234 434 Ideo
3257 395 3400 449 ergo
3424 381 3654 438 dictum

1994 467 2105 526 est,
2139 467 2193 517 et
2222 462 2318 518 hic
2358 480 2575 531 omnes,
2612 473 2667 523 et
2695 468 2774 523 ibi
2807 483 3005 523 omnes
3038 485 3053 520 :
3085 469 3229 539 quia
3259 470 3409 524 sicut
3442 486 3653 527 omnes

1992 550 2098 621 qui
2130 552 2486 624 moriuntur,
2527 555 2771 611 nonnisi
2809 555 2869 610 in
2908 557 3099 611 Adam
3152 558 3490 614 moriuntur
3523 579 3536 618 :
3574 562 3654 616 ita

1991 654 2202 695 omnes
2235 642 2337 714 qui
2370 642 2851 709 vivificabuntur,
2885 644 3125 699 nonnisi
3157 645 3214 700 in
3246 645 3479 703 Christo
3517 648 3657 703 vivi-

1992 727 2350 785 ﬁcabuntur.
2405 732 2486 787 Ac
2536 747 2636 804 per
2689 733 2823 797 hoc,
2887 733 3162 805 quisquis
3218 734 3392 790 nobis
3448 736 3655 792 dixerit

1990 833 2363 891 quemquam
2397 822 2457 876 in
2504 822 2932 878 resurrectione
2959 828 3332 877 mortuorum
3366 825 3653 881 viviﬁcari

1989 922 2167 978 posse
2194 909 2306 963 nisi
2331 910 2391 964 in
2424 911 2650 967 Christo
2676 927 2689 977 ;
2723 914 3017 982 tanquam
3039 910 3221 981 pestis
3252 912 3269 947 ¹
3304 916 3652 969 communis

1989 995 2130 1051 ﬁdei
2148 997 2534 1054 detestandus
2560 1004 2667 1055 est.
2692 1000 2837 1055 Item
2864 1000 3138 1071 quisquis
3170 1000 3382 1055 dixerit
3406 1002 3570 1073 quod
3590 1003 3651 1057 in

1996 1085 2227 1142 Christo
2250 1088 2712 1144 viviﬁcabuntur
2727 1090 2903 1144 etiam
2934 1087 3279 1161 parvuliqui
3295 1090 3420 1144 sine
3449 1092 3653 1147 Sacra-

1992 1176 2175 1230 menti
2210 1176 2341 1245 ejus
2373 1178 2825 1247 participatione
2856 1178 2929 1233 de
2960 1178 3079 1233 vita
3109 1183 3344 1242 exeunt,
3374 1178 3470 1234 hic
3512 1196 3650 1251 pro-

1989 1262 2145 1320 fecto
2170 1269 2227 1319 et
2250 1272 2458 1321 contra
2490 1266 2882 1337 apostolicam
2935 1266 3420 1338 prmdicationem
3467 1270 3646 1337 venit,

1990 1359 2045 1407 et
2068 1356 2253 1409 totam
2282 1354 2645 1411 condemnat
2666 1354 3010 1421 Ecclesium,
3034 1355 3136 1409 ubi
3164 1363 3482 1426 propterea
3510 1374 3649 1414 cum

1990 1441 2365 1513 baptizandis
2379 1444 2644 1513 parvulis
2658 1444 2970 1499 festinatur
2987 1448 3041 1499 et
3059 1444 3331 1510 curritur,
3354 1446 3496 1517 quia
3521 1448 3649 1503 sine

1990 1527 2177 1585 dubio
2207 1530 2468 1586 creditur
2501 1531 2674 1587 aliter
2703 1546 2806 1587 eos
2841 1532 2897 1586 in
2936 1531 3164 1587 Christo
3197 1532 3487 1589 viviﬁcari
3520 1550 3652 1589 om-

1990 1617 2135 1673 nino
2149 1633 2269 1673 non
2283 1634 2479 1689 posse.
2495 1621 2601 1685 Qui
2618 1625 2818 1675 autem
2833 1635 2954 1675 non
2969 1620 3303 1676 viviﬁcatur
3317 1620 3377 1676 in
3394 1622 3645 1687 Christo,

1991 1712 2170 1763 restat
2192 1712 2255 1762 ut
2277 1707 2336 1763 in
2358 1724 2429 1765 ea
2454 1709 2958 1764 condemnatione
2993 1714 3232 1765 maneat
3257 1710 3331 1764 de
3363 1726 3485 1781 qua
3510 1711 3647 1768 dicit

1992 1797 2313 1867 Apostolus
2343 1814 2357 1853 :
2390 1799 2510 1855 Per
2538 1799 2714 1854 unius
2744 1799 3027 1855 delictum
3058 1798 3120 1854 in
3161 1815 3358 1855 omnes
3390 1800 3650 1857 homines

1991 1885 2073 1942 ad
2100 1886 2645 1943 condemnationem
2674 1889 2861 1957 (Rom.
2886 1904 2941 1952 v,
2972 1888 3077 1955 18).
3100 1888 3200 1943 Cui
3224 1887 3439 1943 delicto
3465 1889 3651 1945 obno-

1991 1976 2116 2032 xios
2164 1975 2447 2047 parvulos
2490 1977 2679 2041 nasci,
2730 1982 2785 2031 et
2814 1976 3011 2032 omnis
3049 1977 3235 2032 credit
3288 1977 3568 2041 Ecclesia,
3598 1982 3656 2034 et

1992 2071 2047 2121 et
2072 2066 2195 2137 ipse
2226 2066 2346 2136 iam
2377 2070 2585 2121 contra
2609 2066 2986 2121 Joviniacmn
3018 2066 3358 2137 disputans,
3391 2070 3446 2120 et
3472 2081 3653 2138 expo-

1990 2168 2140 2208 nens
2168 2155 2382 2208 Jonam
2426 2154 2807 2225 prophetam,
2839 2154 2993 2209 sicut
3016 2154 3199 2225 paulo
3229 2161 3364 2209 ante
3390 2170 3651 2210 comme-

1994 2242 2242 2305 moravi,
2263 2241 2382 2295 ﬁde
2410 2241 2796 2298 voracissima
2821 2242 3082 2297 deﬁnisti
3112 2259 3125 2307 ;
3155 2243 3334 2298 credo
3353 2249 3407 2297 et
3437 2243 3494 2298 in
3518 2243 3649 2298 aliis

1991 2330 2137 2385 locis
2165 2329 2595 2402 opusculorum
2618 2336 2857 2385 tuorum
2888 2347 3026 2402 quae
3052 2330 3141 2386 vel
3164 2346 3286 2385 non
3311 2330 3448 2401 legi,
3476 2332 3566 2386 vel
3586 2333 3647 2386 in

1993 2419 2307 2491 prmsentia
2336 2433 2457 2473 non
2479 2419 2782 2476 recordor.
2805 2419 2991 2488 Hujus
3023 2418 3205 2488 igitur
3235 2419 3646 2476 damnationis

1993 2509 2052 2563 in
2082 2507 2349 2579 parvulis
2390 2522 2639 2561 causam
2674 2508 2949 2579 requiro;
2991 2506 3135 2578 quia
3177 2523 3371 2579 neque
3420 2509 3651 2564 anima-

1993 2612 2149 2662 rum,
2197 2596 2243 2649 si
2272 2612 2443 2651 novae
2486 2596 2640 2650 ﬁunt
2678 2596 2928 2665 singulis
2981 2596 3252 2665 singulae,
3299 2596 3472 2651 video
3513 2613 3643 2652 esse

1995 2686 2179 2741 ullum
2226 2687 2285 2740 in
2319 2685 2417 2741 illa
2447 2690 2618 2742 astate
2649 2689 2988 2755 peccatum,
3020 2701 3128 2741 nec
3159 2702 3195 2740 a
3225 2689 3341 2741 Deo
3367 2686 3648 2741 damnari

1994 2773 2260 2846 aliquam
2291 2773 2487 2839 credo,
2515 2788 2699 2844 quam
2726 2772 2887 2827 videt
2917 2773 3146 2828 nullum
3181 2772 3402 2829 habere
3434 2789 3651 2846 pecca-

1994 2869 2144 2918 tum.

2064 2952 2288 3008 CAPUT
2308 2951 2444 3005 Vlll.
2464 2982 2533 2991 —
2552 2953 2640 3005 22.
2671 2954 2756 3004 An
2780 2949 2927 3005 forte
2951 2950 3281 3006 dicendum
3301 2956 3407 3016 est,
3437 2950 3497 3005 in
3516 2966 3652 3021 par-

1994 3041 2134 3098 vulo
2162 3057 2402 3097 carnem
2449 3040 2642 3095 solam
2671 3055 2921 3096 causam
2955 3054 3083 3094 esse
3126 3040 3349 3110 peccati
3380 3056 3394 3106 ;
3427 3054 3647 3095 novam

1993 3146 2130 3186 vero
2156 3130 2235 3186 illi
2258 3131 2521 3185 animam
2545 3128 2695 3194 ﬁeri,
2720 3144 2842 3199 qua
2861 3128 3194 3183 secundum
3226 3128 3325 3182 Dei
3347 3134 3648 3201 praecepta

1990 3220 2250 3284 vivente,
2285 3220 2342 3274 in
2394 3218 2696 3290 adjutorio
2727 3218 2932 3287 gratias
2970 3216 3204 3283 Christi,
3239 3222 3293 3272 et
3326 3217 3438 3287 ipsi
3481 3218 3646 3272 carni

1993 3309 2269 3365 edomitus
2296 3324 2365 3363 ac
2394 3308 2731 3379 subjugatte
2764 3306 2954 3378 possit
2977 3306 3440 3378 incorruptionis
3471 3306 3649 3361 meri-

1993 3403 2117 3453 tum
2151 3398 2491 3469 comparari
2521 3414 2535 3452 :
2574 3397 2677 3451 sed
2709 3396 2855 3467 quia
2901 3396 2959 3450 in
2992 3395 3242 3467 parvulo
3268 3396 3471 3451 anima
3499 3410 3647 3451 non-

1992 3489 2137 3545 dum
2170 3488 2229 3542 id
2261 3502 2438 3556 agere
2476 3490 2687 3557 potest,
2723 3487 2837 3541 nisi
2872 3486 3080 3540 Christi
3109 3486 3406 3557 acceperit
3436 3487 3643 3541 Sacra-

1992 3581 2284 3641 mentum,
2319 3591 2424 3647 per
2466 3576 2621 3631 banc
2653 3576 2909 3644 gratiam
2958 3576 3120 3629 carni
3160 3575 3289 3645 ejus
3319 3574 3649 3647 acquiritur

1991 3666 2155 3739 quod
2188 3665 2341 3719 illius
2362 3664 2631 3719 moribus
2651 3664 2920 3719 nondum
2948 3662 3176 3732 potuit;
3208 3664 3257 3716 si
3291 3667 3493 3719 autem
3518 3664 3645 3718 sine

1992 3755 2089 3810 illo
2116 3756 2503 3809 Sacramenta
2517 3754 2720 3809 anima
2734 3750 2968 3823 parvuli
2996 3751 3218 3816 exierit,
3245 3753 3378 3822 ipsa
3397 3753 3643 3822 quidem

1991 3846 2050 3899 in
2095 3850 2317 3899 aeterna
2347 3843 2469 3897 vita
2513 3842 2644 3904 erit,
2703 3841 2861 3895 unde
2893 3855 3022 3895 eam
3064 3839 3294 3894 nullum
3328 3845 3642 3911 peccatum

1990 3934 2182 4006 potuit
2228 3947 2528 4004 separare,
2561 3946 2701 3986 caro
2748 3944 2883 3985 vero
2929 3929 3057 3998 ejus
3106 3943 3226 3983 non
3275 3934 3545 3998 resurget
3584 3929 3642 3983 in

1992 4022 2237 4084 Christo.
2287 4036 2406 4075 non
2446 4024 2725 4091 percepto
2778 4024 2913 4074 ante
2955 4019 3207 4073 mortem
3236 4016 3389 4072 illius
3438 4017 3645 4073 Sacra-

1990 4116 2193 4167 mento
2223 4109 2252 4164 ?

2061 4205 2148 4256 23.
2175 4203 2335 4256 Hanc
2356 4199 2702 4271 opinionem
2734 4213 3049 4270 nunquam
3072 4196 3297 4261 audivi,
3326 4211 3644 4269 nunquam

1989 4290 2122 4359 legi.
2160 4290 2269 4345 Sed
2311 4288 2489 4360 plane
2519 4288 2716 4343 audivi
2750 4292 2805 4343 et
2836 4286 3080 4351 credidi,
3113 4290 3358 4358 propter
3395 4285 3561 4356 quod
3588 4290 3645 4339 et

1988 4379 2221 4434 locutus
2252 4395 2407 4443 sum,
2453 4377 2601 4444 Quia
2626 4377 2785 4433 venit
2822 4378 2994 4442 hora,
3029 4376 3268 4448 quando
3298 4389 3497 4429 omnes
3534 4375 3641 4444 qui

1990 4470 2049 4523 in
2080 4468 2471 4523 monumentis
2487 4473 2645 4531 sunt,
2671 4465 2917 4522 audient
2942 4480 3135 4519 vocem
3166 4466 3294 4533 ejus
3316 4485 3335 4531 ,-
3360 4469 3413 4518 et
3433 4477 3639 4531 proce-

1972 4596 1973 4601 η
1987 4558 2125 4612 dent
2137 4556 2241 4627 qui
2254 4557 2393 4611 bene
2399 4556 2696 4624 fecerunt,
2713 4554 2774 4609 in
2788 4552 3275 4609 resurrectionem
3293 4552 3422 4607 vitae
3434 4551 3636 4622 (Joan.

1988 4664 2040 4712 v,
2074 4650 2163 4715 28,
2205 4646 2297 4715 29)
2333 4662 2345 4700 :
2385 4645 2518 4715 ipsa
2548 4649 2635 4697 est
2678 4643 2752 4698 de
2785 4658 2905 4713 qua
2952 4642 3184 4707 dicitur,
3217 4647 3273 4697 et
3301 4656 3409 4710 per
3449 4655 3637 4695 unum

1987 4736 2279 4792 hominem
2311 4733 2667 4790 resurrectio
2696 4738 3067 4788 mortuorum
3094 4748 3117 4793 ;
3142 4731 3276 4803 ipsa
3306 4734 3395 4785 est
3423 4745 3544 4801 qua
3573 4729 3638 4784 in

1988 4824 2224 4880 Christo
2246 4838 2443 4879 omnes
2466 4821 2929 4890 viviﬁcabuntur
2949 4839 2970 4876 .-
2990 4820 3095 4893 qui
3114 4827 3308 4876 autem
3336 4820 3493 4876 male
3514 4833 3642 4887 ege-

1984 4921 2145 4976 runt,
2161 4912 2223 4967 in
2246 4911 2734 4968 resurrectionem
2737 4909 2979 4979 judicii.
3000 4910 3150 4975 Quid
3174 4909 3267 4964 hic
3280 4923 3421 4979 ergo
3434 4907 3507 4961 de
3522 4905 3637 4959 illis

1982 5000 2315 5056 infantibus
2340 4998 2796 5069 intelligendum
2827 5002 2939 5063 est,
2971 4999 3073 5070 qui
3102 4997 3455 5069 priusquam
3496 5008 3640 5066 pos-

1983 5096 2115 5146 sent
2143 5106 2318 5161 agere
2348 5089 2434 5145 vel
2468 5088 2619 5145 bene
2661 5089 2753 5143 vel
2807 5087 2982 5155 male,
3013 5087 3139 5142 sine
3172 5084 3471 5155 Baptismo
3502 5098 3638 5137 cor-

1982 5196 2127 5252 pore
2162 5178 2322 5235 exuti
2355 5179 2547 5234 sunt?
2591 5177 2737 5233 nihil
2779 5177 2876 5233 hic
2905 5177 2979 5231 de
3013 5175 3230 5232 talibus
3259 5172 3487 5227 dictum
3525 5176 3631 5227 est.

1980 5270 2093 5326 Sed
2118 5270 2163 5325 si
2187 5285 2325 5325 caro
2351 5284 2560 5324 eorum
2584 5268 2719 5323 idco
2741 5282 2860 5321 non
2884 5268 3165 5333 resurget,
3195 5262 3337 5334 quia
3357 5277 3467 5317 nec
3487 5262 3631 5319 boni

1981 5358 2209 5430 aliquid
2245 5358 2528 5422 fecerunt,
2562 5372 2667 5411 nec
2716 5354 2857 5411 mali
2888 5370 2900 5420 ;
2930 5369 3038 5409 nec
3070 5352 3306 5407 illorum
3341 5367 3635 5407 resurrec-

1966 5453 2112 5503 tura
2138 5454 2248 5511 est,
2275 5447 2375 5517 qui
2404 5450 2684 5517 percepta
2711 5443 2991 5515 Baptismi
3021 5441 3231 5511 gratia.
3255 5440 3315 5495 in
3336 5440 3436 5497 illa
3461 5444 3631 5496 astate

1976 5535 2239 5591 defuncti
2271 5539 2425 5600 sunt,
2454 5534 2515 5589 in
2544 5550 2665 5605 qua
2682 5532 2828 5588 nihil
2847 5531 2999 5587 bene
3029 5530 3119 5587 vel
3148 5529 3302 5588 male
3326 5545 3502 5601 agere
3522 5545 3627 5604 po-

2038 5654 2053 5687 ί
2085 5651 2339 5703 Thuanus
2360 5650 2479 5712 Ms.,
2510 5649 2683 5700 hostis.
