4136 6172
456 144 563 201 ’131

457 272 723 327 tuerunt.
759 270 817 327 Si
866 275 1066 327 autem
1098 270 1178 325 illi
1224 270 1376 326 inter
1406 279 1643 328 sanctos
1681 272 2015 341 resurgant,
2047 267 2110 324 id

461 365 552 414 est
579 360 729 415 inter
757 375 860 414 eos
895 360 996 430 qui
1030 359 1180 414 bene
1218 365 1467 429 egerunt
1497 377 1510 426 ;
1545 360 1695 416 inter
1733 376 1888 432 quos
1916 363 1974 414 et
2027 356 2109 412 illi

461 447 843 504 resurrecturi
877 452 1035 510 sunt,
1070 447 1182 502 nisi
1211 449 1360 504 inter
1390 465 1492 504 eos
1522 451 1623 522 qui
1658 449 1811 505 male
1840 451 2110 518 egerunt,

461 552 537 592 ne
577 537 806 607 aliquas
846 536 1148 592 humanas
1189 539 1428 594 animas
1480 539 1802 595 credamus
1859 551 2114 608 corpora

461 641 570 680 sua
598 639 718 679 non
751 629 1116 696 recepturae,
1150 627 1273 682 sive
1304 628 1360 683 in
1410 628 1908 684 resurrectionem
1958 627 2110 692 vita,

462 715 585 767 sive
603 713 661 768 in
683 713 1180 770 resurrectionem
1190 716 1208 784 j
1220 716 1397 772 udicii
1413 716 1440 770 ‘2
1455 719 1496 782 0
1509 732 1596 772 ua
1619 716 1911 772 sententia
1926 713 2115 785 prius—

459 817 646 872 quam
671 801 988 868 refellatur,
1007 804 1137 875 ipsa
1155 805 1413 861 novitate
1428 807 1555 876 jam
1569 806 1846 877 displicet
1864 825 1877 864 :
1899 804 2116 860 deinde

459 890 597 963 quis
619 891 787 956 ferat,
813 893 860 947 si
877 893 1127 948 credant
1150 910 1213 949 se
1235 894 1314 949 illi
1346 896 1449 966 qui
1474 895 1550 950 ad
1579 896 1950 967 Baptismum
1977 908 2113 949 cum

465 982 591 1034 suis
618 981 882 1051 parvulis
913 988 1178 1048 currunt,
1206 989 1449 1054 propter
1487 1000 1696 1040 carnes
1728 1000 1958 1046 eorum,
1993 995 2116 1037 non

464 1076 706 1139 propter
744 1070 981 1125 animas
1013 1086 1247 1126 currere
1275 1073 1301 1126 ?
1338 1071 1554 1128 Beatus
1592 1073 1838 1144 quidem
1879 1070 2118 1143 Cypria-

463 1174 576 1212 nus
624 1172 746 1213 non
778 1157 1022 1229 aliquod
1064 1159 1370 1216 decretum
1419 1162 1687 1216 condens
1717 1177 1965 1225 novum,
2012 1159 2116 1214 sed

465 1246 742 1301 Ecclesia
772 1247 954 1302 ﬁdem
981 1247 1392 1304 ﬁrmissimam
1423 1267 1690 1316 servans,
1718 1251 1793 1306 ad
1822 1250 2120 1321 corrigen-

463 1333 609 1390 dum
640 1350 742 1390 eos
769 1337 869 1406 qui
913 1336 1208 1407 putabant
1234 1343 1370 1394 ante
1395 1345 1672 1396 octavum
1719 1340 1878 1396 diem
1910 1338 2121 1394 nativi-

462 1424 600 1479 tatis
621 1438 742 1479 non
758 1439 884 1479 esse
910 1425 1222 1497 parvulum
1248 1427 1701 1498 baptizandum,
1718 1443 1838 1484 non
1853 1443 2117 1489 carnem,

466 1512 573 1567 sed
608 1512 876 1568 animam
931 1514 1082 1569 dixit
1124 1531 1242 1571 non
1289 1532 1408 1573 esse
1449 1518 1818 1586 perdendam
1847 1539 1868 1585 ;
1894 1523 1950 1572 et
1981 1531 2120 1572 mox

463 1606 672 1656 natum
707 1603 814 1657 rite
846 1602 1136 1674 baptizari
1183 1620 1383 1676 posse,
1417 1622 1556 1662 cum
1599 1608 1725 1661 suis
1752 1606 2120 1678 quibusdam

463 1691 838 1764 coepiscopis
869 1694 1094 1749 sensuit
1127 1694 1333 1765 (Cypr.
1363 1696 1531 1764 epist.
1567 1700 1652 1760 59,
1682 1697 1762 1752 ad
1790 1695 2048 1762 Fidum).

535 1784 625 1838 24.
652 1783 764 1838 Sed
796 1788 1004 1838 contra
1033 1785 1314 1855 Cypriani
1335 1785 1604 1857 aliquam
1631 1785 2004 1857 opinionem,
2029 1783 2123 1838 ubi

465 1869 628 1941 quod
678 1870 1008 1927 videndum
1065 1871 1192 1936 fuit.
1241 1873 1493 1929 fortasse
1529 1889 1650 1928 non
1695 1873 1856 1936 vidit,
1907 1872 2127 1927 sentiat

465 1960 727 2031 quisque
779 1960 945 2032 quod
986 1961 1126 2016 libet
1158 1978 1172 2027 ;
1207 1966 1440 2019 tantum
1490 1969 1702 2018 contra
1731 1959 2124 2033 apostolicam

464 2048 1015 2105 manifestissimum
1039 2050 1222 2106 ﬁdem
1245 2066 1424 2107 nemo
1449 2051 1835 2123 sentiat,qua
1855 2065 1926 2105 ex
1949 2051 2126 2104 unius

466 2138 682 2194 delicto
709 2154 916 2194 omnes
946 2139 1004 2194 in
1037 2139 1604 2196 condemnationem
1636 2140 1774 2194 duci
1803 2137 2125 2211 pradicat:

467 2243 540 2282 ex
565 2243 688 2298 qua
715 2229 1218 2285 condemnatione
1250 2245 1370 2285 non
1401 2229 1634 2288 liberat.
1669 2228 1783 2284 nisi
1805 2229 1995 2298 gratia
2026 2225 2129 2282 Dei

468 2332 574 2387 per
601 2319 804 2372 Jesum
854 2317 1150 2373 Christum
1205 2319 1523 2374 Dominum
1579 2325 1874 2383 nostrum,
1909 2318 1967 2372 in
2008 2331 2129 2387 quo

471 2421 594 2460 uno
635 2421 849 2461 omnes
899 2405 1273 2462 viviﬁcantur
1320 2408 1686 2479 quicumque
1727 2407 2126 2462 viviﬁcantur.

468 2495 689 2550 Contra
718 2494 990 2550 Ecclesia
1017 2495 1506 2552 fundatissimum
1539 2512 1768 2552 morem
1795 2510 1974 2550 nemo
2000 2509 2128 2548 sen-

475 2584 598 2648 tiat,
635 2583 734 2638 ubi
781 2584 858 2639 ad
893 2584 1281 2655 Baptismum,
1334 2586 1382 2640 si
1414 2593 1657 2658 propter
1687 2585 1815 2640 sola
1845 2582 2132 2655 parvulo-

472 2688 608 2727 rum
637 2687 890 2744 corpora
921 2680 1273 2739 curreretur,
1306 2674 1653 2747 baptizandi
1692 2673 2046 2730 offerrentur
2075 2676 2132 2727 et

476 2761 715 2816 mortui.

545 2854 632 2904 25.
668 2851 807 2915 Qua
833 2867 971 2906 cum
993 2851 1075 2908 ita
1101 2851 1236 2917 sint,
1269 2853 1596 2925 quarenda
1618 2868 1800 2908 causa
1835 2856 1924 2907 est
1951 2855 2130 2922 atque

476 2939 805 3003 reddenda,
852 2957 1040 3012 quare
1097 2942 1462 2999 damnentur
1509 2942 1726 2999 anima
1773 2957 1908 3013 qua
1957 2957 2130 2997 nova

477 3034 752 3084 creantur
768 3029 1017 3100 singulis
1041 3031 1385 3104 quibusque
1409 3031 1814 3096 nascentibus,
1839 3032 1887 3086 si
1920 3036 2133 3103 prater

478 3117 684 3174 Christi
715 3120 1166 3176 Sacramentum
1193 3121 1425 3194 parvuli
1454 3122 1819 3176 moriantur:
1853 3118 2132 3176 damnari

479 3207 638 3262 enim
662 3222 782 3278 eas,
813 3209 860 3263 si
878 3208 960 3263 sic
981 3208 1056 3264 de
1079 3225 1327 3281 corpore
1357 3210 1625 3274 exierint,
1645 3214 1918 3265 etsancta
1945 3209 2135 3280 Scrip-

480 3299 631 3360 tura,
666 3301 721 3351 et
751 3303 957 3352 sancta
979 3303 1066 3352 est
1097 3298 1257 3352 testis
1288 3299 1563 3354 Ecclesia.
1598 3299 1762 3355 Unde
1784 3299 1885 3355 illa
1913 3299 1988 3355 de
2016 3298 2137 3354 ani-

483 3401 719 3441 marum
735 3401 1029 3441 novarum
1051 3388 1349 3442 creatione
1363 3388 1676 3454 sententia,
1702 3389 1748 3442 si
1776 3389 1932 3444 hanc
1953 3389 2134 3444 ﬁdem

482 3472 963 3528 fundatissimam
988 3489 1106 3528 non
1135 3479 1464 3545 oppugnat,
1489 3476 1561 3530 sit
1581 3482 1637 3530 et
1657 3493 1792 3532 mea
1825 3494 1839 3542 ;
1868 3477 1914 3532 si
1945 3492 2136 3548 Oppu-

483 3566 647 3629 gnat,
679 3576 800 3616 non
833 3561 904 3614 sit
933 3569 986 3616 et
1020 3566 1138 3618 tua.

553 3653 640 3703 26.
675 3649 820 3705 Nolo
851 3649 996 3706 mihi
1029 3652 1284 3717 dicatur,
1313 3668 1420 3725 pro
1451 3654 1565 3710 hac
1596 3653 1888 3710 sententia
1917 3654 2136 3710 debere

483 3737 673 3809 accipi
706 3740 867 3810 quod
911 3741 1196 3812 scripturn
1227 3748 1336 3809 est,
1377 3744 1488 3812 Qui
1518 3744 1696 3812 ﬁnxit
1732 3745 2009 3813 spiritum
2043 3745 2138 3799 ho-

486 3827 660 3884 minis
677 3828 738 3884 in
759 3829 886 3899 ipso
909 3831 1120 3900 (Zach.
1137 3848 1243 3900 xu,
1267 3834 1321 3904 1)
1346 3838 1422 3899 et,
1445 3835 1558 3902 Qui
1577 3834 1758 3902 ﬁnxit
1780 3834 2136 3904 singillatim

484 3918 667 3974 corda
688 3933 888 3974 eorum
911 3921 1103 3989 (Psal.
1133 3938 1314 3987 xxxu,
1343 3924 1450 3992 15).
1482 3923 1721 3996 Aliquid
1742 3923 2137 3979 fortissimum

485 4009 664 4077 atque
714 4007 1172 4064 invictissimum
1205 4011 1635 4082 requirendum
1667 4017 1776 4076 est,
1828 4011 1990 4083 quod
2026 4027 2137 4068 nos

487 4109 605 4148 non
634 4100 808 4165 cogat
841 4098 1025 4152 Deum
1063 4097 1304 4153 credere
1348 4099 1601 4155 ullarum
1636 4100 1978 4156 animarum
2011 4102 2139 4157 sine

488 4181 667 4252 culpa
710 4182 912 4254 aliqua
944 4185 1385 4242 damnatorem.
1427 4191 1575 4244 Nam
1627 4189 1715 4243 vel
1763 4189 2138 4245 tantumdem

488 4269 666 4335 valet,
701 4271 785 4327 vel
813 4272 946 4343 plus
981 4280 1072 4328 est
1097 4273 1345 4330 forsitan
1377 4292 1600 4342 creare,
1632 4293 1818 4348 quam
1867 4277 2092 4349 ﬁngere
2124 4295 2137 4344 ;

489 4363 547 4414 et
579 4365 777 4416 tamen
818 4364 1105 4435 scriptum
1137 4371 1244 4429 est,
1275 4365 1392 4421 Cor
1427 4366 1715 4422 mundum
1767 4381 1903 4422 crea
1933 4366 1996 4422 in
2028 4383 2139 4433 me,

489 4449 645 4504 Deus
665 4449 852 4519 (Psal.
872 4467 924 4517 L,
947 4453 1037 4524 12)
1067 4470 1079 4508 :
1106 4468 1216 4508 nec
1236 4453 1372 4510 ideo
1401 4456 1593 4525 putari
1627 4459 1844 4526 potest,
1872 4455 2142 4513 animam

488 4537 604 4594 hoc
645 4537 778 4594 loco
809 4547 1016 4612 optare
1056 4558 1117 4597 se
1147 4541 1292 4611 ﬁeri,
1327 4544 1681 4615 priusquam
1713 4543 1938 4617 aliquid
1967 4551 2142 4603 esset.

493 4627 653 4682 Sicut
683 4644 824 4698 ergo
847 4629 972 4700 jam
1005 4632 1261 4687 existens
1294 4637 1530 4689 creatur
1553 4633 1940 4690 innovatione
1968 4635 2145 4706 justi-

474 4714 611 4782 'tia,
643 4716 729 4771 sic
767 4717 893 4787 jam
925 4720 1186 4775 existens
1216 4719 1462 4791 ﬁngitur
1503 4722 1976 4780 conformatione
2005 4724 2143 4780 doc-

496 4803 686 4860 trina.
716 4808 830 4860 Nec
862 4806 1008 4862 illud
1045 4809 1210 4880 quod
1238 4810 1297 4866 in
1329 4810 1681 4867 Ecclesiaste
1717 4812 2004 4883 scriptum
2037 4820 2144 4879 est,

500 4894 665 4949 Tunc
696 4903 1079 4952 convertetur
1115 4898 1179 4953 in
1231 4905 1454 4956 terram
1485 4902 1693 4970 pulvis
1735 4901 1885 4957 sicut
1913 4902 2050 4972 fuit,
2093 4910 2145 4958 et

491 4982 739 5051 spiritus
773 4992 1110 5041 revertetur
1154 4987 1233 5042 ad
1269 4988 1584 5044 Dominum
1637 4990 1743 5059 qui
1781 4991 1941 5046 dedit
1972 4991 2145 5048 illum

492 5071 716 5140 (Eccle.
750 5089 850 5138 xu,
879 5075 935 5145 7)
963 5090 975 5139 ;
1006 5074 1179 5131 istam
1211 5076 1531 5132 conﬁrmat
1559 5079 1937 5146 sententiam,
1959 5096 2147 5151 quam

492 5161 775 5218 volumus
803 5179 937 5220 esse
969 5169 1236 5221 nostram
1261 5182 1273 5220 :
1304 5165 1438 5237 plus
1462 5167 1621 5222 enim
1644 5167 1759 5222 hoc
1785 5168 2149 5239 suffragatur

494 5251 580 5307 eis
609 5252 712 5324 qui
744 5269 816 5308 ex
862 5270 984 5310 una
1013 5259 1221 5326 putant
1263 5271 1475 5311 omnes
1519 5272 1648 5312 esse
1696 5257 1954 5312 animas.
1999 5260 2147 5315 Nam

495 5340 648 5397 sicut
671 5343 1051 5408 convertitur,
1081 5343 1379 5416 inquiunt,
1413 5344 1606 5416 pulvis
1633 5346 1692 5400 in
1729 5351 1968 5410 terram,
2001 5347 2150 5403 sicut

496 5428 606 5484 fuit
631 5447 647 5493 ;
677 5435 733 5485 et
756 5436 958 5487 tamen
986 5434 1241 5498 caro,de
1267 5449 1390 5505 qua
1409 5433 1524 5490 hoc
1554 5435 1783 5489 dictum
1815 5439 1921 5500 est,
1950 5435 2024 5492 ad
2044 5436 2148 5493 ho—

501 5516 723 5572 minem
750 5533 873 5576 non
903 5523 1237 5592 revertitur,
1269 5540 1340 5581 ex
1380 5539 1502 5596 quo
1529 5528 1862 5596 propagata
1906 5530 2016 5590 est,
2045 5527 2148 5581 sed

503 5603 583 5664 ad
616 5607 855 5673 terram,
887 5609 1047 5666 unde
1079 5611 1306 5684 primus
1353 5612 1539 5671 homo
1586 5611 1779 5669 factus
1809 5618 1895 5670 est
1921 5631 1934 5670 :
1982 5613 2066 5673 sic
2094 5620 2151 5675 et

1748 146 1814 203 Β.
1853 139 2240 202 AUGUSTI!“
2277 139 2598 199 EPISCOPI
3727 157 3814 216 ἰη

2220 267 2463 338 spiritus
2475 282 2546 323 ex
2558 266 2714 323 illius
2728 268 2905 325 unius
2919 269 3128 342 spiritu
3140 275 3636 344 propagatus,non
3650 267 3819 338 tamen

2220 356 2298 412 ad
2317 371 2455 412 eum
2480 359 2808 422 revertitur,
2833 359 2938 414 sed
2962 360 3038 416 ad
3061 361 3378 416 Dominum
3395 377 3430 416 a
3447 378 3563 433 quo
3584 364 3656 420 illi
3674 367 3821 426 datus

2221 450 2330 501 est.
2348 447 2561 502 Verum
2579 446 2722 518 quia
2743 447 2858 503 hoc
2880 448 3291 505 testimonium
3315 449 3391 504 ita
3406 465 3510 522 pro
3527 450 3643 508 istis
3658 463 3823 521 sonat,

2223 538 2285 589 ut
2326 549 2448 589 non
2475 535 2638 589 omni
2685 536 2868 592 modo
2909 537 3046 593 huic
3101 538 3368 609 opinioni
3401 555 3577 611 quam
3621 543 3826 600 defendi

2224 622 2379 688 volo,
2409 622 2677 678 videatur
2697 640 2831 681 esse
2861 627 3252 692 contrarium,
3281 626 3703 685 admonendam
3725 635 3828 688 tan-

2224 717 2348 769 tum
2375 712 2601 768 credidi
2634 714 3017 784 prudentiam
3044 720 3233 780 tuam,
3265 731 3341 772 ne
3370 716 3580 773 talibus
3609 721 3830 778 testimo-

2224 802 2339 857 niis
2364 817 2436 857 ex
2466 801 2557 857 his
2586 805 2880 872 angustiis
2909 820 3007 861 me
3037 806 3272 861 coneris
3315 821 3531 861 eruere.
3559 809 3694 862 Nam
3721 808 3832 866 licet

2226 906 2403 946 nemo
2429 891 2606 946 faciat
2621 893 2910 963 optando,
2932 898 2995 950 ut
3015 909 3228 950 verum
3251 894 3493 964 sitquod
3520 911 3710 952 verum
3732 913 3832 955 non

2225 984 2315 1035 est
2342 996 2356 1034 :
2392 984 2589 1036 tamen
2609 981 2803 1037 siﬁeri
2835 987 3058 1053 posset,
3090 988 3369 1056 optarem
3402 990 3462 1039 ut
3487 984 3610 1040 hac
3636 991 3833 1041 senten-

2227 1069 2306 1124 tia
2324 1083 2462 1123 vera
2478 1074 2666 1137 esset;
2701 1070 2853 1126 sicut
2877 1077 3020 1143 opto
3045 1076 3125 1137 ut,
3152 1072 3200 1126 si
3219 1087 3358 1128 vera
3372 1077 3476 1138 est,
3507 1072 3837 1147 absteliqui-

2227 1156 2471 1212 dissime
2497 1163 2676 1229 atque
2705 1160 3092 1216 invictissime
3113 1160 3488 1219 defendatur.

2301 1246 2528 1302 CAPUT
2558 1247 2643 1303 1x.
2691 1278 2758 1288 —
2801 1251 2890 1304 27.
2926 1252 3058 1306 Haec
3105 1255 3308 1306 autem
3340 1249 3653 1307 difﬁcultas
3689 1252 3840 1308 etiam

2230 1334 2359 1390 illos
2385 1336 2671 1408 sequitur,
2705 1337 2808 1408 qui
2833 1338 2961 1409 jam
3003 1338 3319 1394 existentes
3365 1338 3504 1394 alibi
3537 1339 3770 1404 animas,
3797 1343 3844 1395 et

2229 1423 2307 1480 ab
2324 1423 2490 1479 initio
2507 1423 2849 1482 divinorum
2867 1441 3119 1498 operum
3136 1432 3526 1498 praparatas,
3545 1443 3580 1483 a
3594 1431 3702 1484 Deo
3718 1427 3843 1484 mitti

2230 1512 2552 1585 opinantur
2567 1513 2626 1568 in
2651 1529 2926 1586 corpora.
2945 1519 3090 1572 Nam
3115 1520 3172 1572 et
3193 1516 3272 1572 ab
3289 1515 3384 1572 his
3405 1516 3518 1572 hoc
3541 1516 3688 1571 idem
3711 1532 3843 1588 qua-

2229 1601 2413 1657 ritur:
2440 1603 2486 1656 si
2509 1602 2726 1658 anima
2751 1605 3069 1676 inculpata
3098 1604 3448 1661 obedienter
3477 1605 3726 1673 veniunt,
3747 1621 3845 1678 quo

2233 1691 2544 1746 mittuntur
2569 1708 2588 1762 ;
2619 1707 2724 1746 cur
2750 1692 2809 1747 in
2835 1693 3122 1763 parvulis,
3155 1693 3202 1749 si
3241 1709 3365 1749 non
3393 1694 3664 1766 baptizati
3692 1695 3845 1749 vitam

2234 1779 2408 1834 istam
2434 1778 2710 1845 ﬁnierint,
2733 1783 3062 1851 puniuntur
3086 1782 3114 1838 ‘i
3141 1784 3362 1838 Eadem
3381 1799 3623 1855 prorsus
3638 1784 3690 1838 in
3722 1787 3849 1838 utra-

2233 1884 2350 1940 que
2395 1870 2686 1925 seutentia
2714 1869 3034 1928 difﬁcultas
3063 1877 3170 1928 est.
3201 1872 3286 1927 Illi
3323 1872 3438 1928 sibi
3492 1873 3752 1928 videntur
3789 1870 3848 1926 de

2233 1957 2348 2013 hac
2374 1956 2605 2012 facilius
2635 1960 2795 2014 exire
2826 1961 3182 2032 quastione,
3214 1963 3318 2034 qui
3365 1962 3596 2018 animas
3638 1975 3847 2018 asseve-

2235 2052 2368 2102 rant
2399 2063 2506 2118 pro
2535 2048 2758 2103 meritis
2785 2049 2916 2105 vita
2940 2051 3150 2120 prioris
3182 2051 3455 2120 singulas
3484 2051 3721 2121 singulis
3749 2065 3849 2106 cor-

2237 2136 2484 2208 poribus
2515 2137 2829 2208 implicari.
2859 2141 2979 2194 Hoc
3008 2138 3168 2195 enim
3202 2145 3418 2211 putant
3437 2155 3564 2196 esse
3609 2142 3667 2196 in
3689 2139 3849 2196 Adam

2237 2225 2410 2290 mori,
2431 2226 2490 2281 in
2517 2241 2695 2282 carne
2722 2226 2940 2282 scilicet
2962 2244 3098 2300 qua
3117 2235 3456 2301 propagata
3481 2235 3568 2285 est
3586 2246 3654 2285 ex
3669 2229 3850 2291 Adam,

2238 2314 2532 2386 supplicia
2562 2316 2822 2386 pendere
2855 2334 2869 2372 :
2903 2332 2940 2372 a
2982 2333 3105 2389 quo
3130 2324 3316 2381 reatu,
3369 2319 3665 2391 inquiunt,
3694 2316 3852 2389 gratia

2238 2403 2445 2460 Christi
2477 2403 2690 2460 liberat
2717 2404 2965 2476 pusillos
2996 2421 3134 2461 cum
3174 2409 3440 2478 magnis.
3487 2411 3604 2464 Hoc
3641 2405 3851 2479 quidem

2237 2497 2411 2556 recte,
2429 2492 2733 2558 veraciter,
2761 2495 3119 2566 optimeque,
3134 2497 3300 2568 quod
3315 2497 3514 2566 gratia
3525 2495 3720 2553 Christi
3737 2494 3854 2550 libe-

2235 2585 2326 2636 rat
2355 2596 2390 2636 a
2429 2586 2595 2636 reatu
2623 2589 3004 2651 peccatorum
3038 2583 3288 2654 pusillos
3317 2601 3461 2642 cum
3496 2583 3736 2655 magnis.
3763 2580 3854 2639 Sed

2237 2669 2296 2723 in
2327 2669 2448 2725 alia
2467 2669 2769 2741 superiore
2796 2671 2915 2727 vita
2936 2687 3184 2743 peccare
3214 2673 3480 2740 animas,
3503 2678 3559 2729 et
3580 2672 3708 2728 inde
3735 2686 3856 2744 pra-

2238 2757 2464 2829 cipitari
2495 2758 2556 2814 in
2603 2774 2872 2816 carceres
2916 2775 3188 2827 carneos,
3234 2777 3360 2818 non
3403 2762 3603 2826 credo,
3636 2775 3746 2818 non
3784 2775 3859 2815 ac-

2237 2847 2506 2920 quiesco,
2560 2863 2676 2903 non
2726 2850 3056 2905 consentio.
3109 2851 3404 2918 Primum,
3455 2851 3733 2925 quoniam
3775 2863 3861 2920 per

2238 2937 2440 2992 nescio
2471 2953 2627 3008 quos
2660 2937 2784 2992 ﬁeri
2807 2938 3153 2994 circumitus
3185 2940 3244 2995 id
3274 2941 3447 2997 aiunt
3476 2941 3571 2996 isti
3600 2942 3642 3005 ¹,
3667 2944 3725 2994 ut
3752 2938 3862 3009 post

2239 3025 2441 3081 nescio
2453 3029 2684 3099 quanta
2704 3025 3010 3084 volumina
3032 3029 3394 3085 saculorum
3410 3030 3621 3084 iterum
3634 3026 3706 3082 ad
3721 3027 3862 3081 istam

2240 3115 2536 3171 sarcinam
2562 3115 2967 3187 corruptibilis
2980 3116 3178 3172 carnis
3196 3123 3252 3174 et
3266 3117 3570 3190 supplicia
3583 3114 3864 3191 pandenda

2239 3203 2616 3259 redeundum
2633 3204 2705 3260 sit
2727 3221 2739 3258 :
2760 3220 2884 3276 qua
2904 3206 3186 3278 opinione
3209 3207 3358 3278 quid
3381 3206 3718 3264 horribilius
3737 3201 3864 3272 cogi-

2243 3293 2349 3348 tari
2379 3293 2585 3364 possit,
2615 3292 2849 3362 ignoro.
2872 3293 3268 3368 Deinde,quis
3299 3296 3545 3352 tandem
3573 3296 3756 3366 justus
3780 3291 3863 3346 de-

2244 3381 2485 3437 functus
2513 3387 2617 3445 est,
2646 3382 2720 3438 de
2759 3398 2882 3454 quo
2915 3399 3036 3439 non
3082 3384 3155 3455 (si
3183 3385 3273 3440 isti
3320 3401 3466 3441 vera
3495 3384 3714 3455 dicunt)
3739 3380 3865 3436 solli-

2242 3470 2337 3525 citi
2360 3485 2488 3526 esse
2507 3471 2861 3537 debeamus,
2893 3487 2968 3527 ne
2999 3473 3058 3527 in
3088 3473 3222 3528 sinu
3251 3473 3508 3531 Abrahae
3535 3487 3792 3546 peccans,
3817 3469 3864 3523 in

2243 3559 2522 3615 ﬂammas
2545 3559 2701 3614 illius
2723 3560 2926 3616 divitis
2957 3561 3271 3634 dejiciatur
3297 3563 3466 3633 (Luc.
3495 3579 3615 3628 xvn,
3646 3565 3727 3626 22,
3753 3556 3866 3629 23)?

2244 3664 2349 3702 cur
2378 3648 2537 3702 enim
2570 3663 2689 3703 non
2723 3654 2779 3704 et
2821 3655 2959 3720 post
2989 3651 3101 3706 hoc
3140 3667 3365 3723 corpus
3396 3667 3643 3724 peccare
3692 3647 3864 3723 possit,

2245 3737 2292 3791 si
2339 3742 2395 3792 et
2439 3743 2575 3792 ante
2611 3739 2801 3809 potuit
2847 3738 2874 3794 τ
2929 3741 3260 3808 Postremo,
3294 3741 3474 3813 longe
3513 3740 3672 3798 aliud
3717 3735 3868 3794 estin

2245 3826 2436 3881 Adam
2462 3841 2761 3898 peccasse,
2793 3829 2951 3883 unde
2994 3828 3136 3885 dicit
3165 3831 3521 3902 Apostolus,
3550 3831 3612 3885 in
3639 3843 3746 3901 quo
3771 3840 3869 3881 om-

2246 3929 2347 3970 nes
2373 3921 2809 3986 peccaverunt;
2842 3922 2897 3972 et
2927 3917 3088 3973 aliud
3129 3924 3217 3974 est
3257 3925 3430 3976 extra
3458 3920 3650 3976 Adam
3697 3912 3869 3972 nescio

2248 4003 2349 4058 ubi
2389 4019 2691 4075 peccasse,
2734 4009 2790 4060 et
2819 4005 2954 4062 ideo
2993 4007 3054 4062 in
3084 4008 3298 4074 Adam,
3334 4008 3398 4064 id
3439 4014 3529 4064 est
3562 4008 3620 4063 in
3663 4016 3870 4062 carnem

2246 4108 2381 4165 qua
2398 4107 2465 4148 ex
2485 4093 2675 4149 Adam
2708 4100 3045 4165 propagata
3077 4102 3166 4152 est
3196 4101 3493 4170 tanquam
3518 4098 3578 4154 in
3608 4105 3869 4154 carcerem

2248 4181 2424 4236 trudi.
2477 4181 2644 4238 Illam
2690 4199 2826 4238 vero
2869 4185 3238 4255 opinionem,
3276 4187 3446 4260 quod
3483 4203 3556 4244 ex
3595 4201 3710 4262 una
3755 4183 3873 4238 fiant

2249 4285 2459 4326 omnes
2485 4272 2724 4338 anima,
2745 4287 2852 4328 nec
2882 4273 3178 4331 discutere
3207 4277 3367 4342 volo,
3397 4278 3511 4332 nisi
3537 4289 3765 4333 necesse
3785 4269 3873 4332 sit;

2249 4365 2429 4432 atque
2471 4360 2702 4417 utinam
2735 4362 2868 4428 ista,
2922 4363 2996 4419 de
3034 4380 3156 4436 qua
3185 4381 3348 4421 nunc
3377 4367 3644 4436 agimus,
3687 4362 3734 4420 si
3763 4373 3878 4414 vera

2251 4453 2356 4513 est,
2375 4448 2457 4504 sic
2474 4449 2583 4504 abs
2604 4454 2654 4505 te
2671 4450 3047 4519 defendatur,
3066 4458 3125 4508 ut
3150 4454 3264 4509 hoc
3281 4470 3526 4512 necesse
3540 4456 3665 4527 jam
3679 4465 3787 4508 non
3800 4447 3875 4503 sit.

2320 4538 2407 4591 28.
2444 4539 2728 4603 Quamvis
2759 4546 2957 4596 autem
2987 4541 3348 4610 desiderem,
3375 4560 3608 4615 rogem,
3641 4543 3780 4598 votis
3806 4553 3876 4593 ar-

2251 4626 2530 4682 dentibus
2555 4634 2829 4700 exoptem
2862 4633 2920 4685 et
2948 4637 3285 4702 exspectem
3318 4640 3382 4687 ut
3404 4649 3512 4704 per
3541 4638 3596 4688 te
3629 4631 3762 4688 mihi
3792 4630 3875 4683 Do-

2253 4715 2456 4771 minus
2504 4715 2682 4786 hujus
2717 4718 2799 4772 rei
2839 4717 3070 4774 auferat
3115 4720 3523 4790 ignorantiam
3558 4742 3570 4781 :
3607 4727 3791 4779 tamen
3820 4716 3875 4778 si.

2252 4803 2416 4876 quod
2439 4803 2613 4868 absit,
2647 4805 2895 4863 minime
2929 4823 3222 4874 meruero,
3259 4811 3612 4882 patientiam
3644 4807 3774 4865 mihi
3804 4819 3878 4877 pe

2253 4899 2376 4949 tam
2398 4909 2433 4949 a
2465 4892 2718 4949 Domino
2744 4896 2862 4950 Deo
2892 4903 3100 4952 nostro
3130 4915 3144 4963 ;
3175 4899 3236 4953 in
3265 4915 3451 4971 quem
3480 4900 3566 4956 sic
3591 4897 3878 4955 credimus,

2255 4987 2317 5036 ut
2347 4981 2394 5034 si
2426 4981 2629 5053 aliqua
2659 4983 2834 5038 nobis
2865 5001 2984 5040 non
3018 4987 3246 5058 aperiat
3275 4988 3458 5044 etiam
3501 4983 3877 5060 pulsantibus,

2253 5069 2417 5126 uullo
2445 5070 2628 5126 modo
2658 5072 2950 5129 adversus
2977 5090 3115 5130 eum
3149 5092 3528 5133 murmurare
3558 5075 3876 5131 debeamus.

2253 5158 2483 5215 Memini
2511 5161 2672 5230 prius
2697 5164 2717 5196 ²
2746 5161 2890 5233 ipsis
2909 5165 3208 5235 Apostolis
3235 5165 3483 5231 dictum,
3510 5165 3699 5221 Multa
3721 5161 3878 5217 habeo

2255 5247 2415 5304 vobis
2445 5249 2641 5305 dicere
2665 5273 2683 5320 ,-
2709 5251 2811 5306 sed
2841 5267 2960 5308 non
2997 5254 3240 5322 potestis
3288 5255 3399 5310 illa
3442 5261 3687 5325 portare
3730 5247 3876 5306 modo

2256 5336 2450 5408 (Joan.
2474 5353 2595 5401 xvr,
2621 5340 2723 5410 t2).
2747 5339 2809 5394 ln
2828 5340 2938 5411 his,
2959 5348 3250 5414 quantum
3269 5342 3346 5398 ad
3366 5359 3463 5398 me
3481 5344 3700 5406 attinet,
3723 5340 3874 5395 etiam

2253 5425 2368 5482 hoc
2402 5425 2682 5498 deputem
2715 5444 2727 5482 :
2762 5444 2955 5502 neque
2985 5431 3089 5503 qui
3119 5431 3232 5488 hoc
3268 5431 3456 5488 sciam
3507 5447 3601 5488 me
3631 5428 3878 5498 indigner

2320 5566 2472 5638 {P188-
2495 5568 2826 5638 quindecim:
2846 5571 2952 5638 ξετ-
2967 5572 3133 5638 nescio
3149 5587 3272 5638 quos
3287 5573 3530 5638 circuitus
3554 5573 3609 5621 id
3623 5573 3770 5634 agunt
3784 5565 3871 5613 iui.

2319 5632 2338 5664 ³
2363 5629 2482 5684 Msa.
2511 5629 2767 5684 tredecim
2791 5647 2804 5682 ;
2839 5629 3230 5687 Hemina-iuius
3254 5636 3394 5703 ipsis,
3424 5639 3526 5688 etc.
