4098 6166
205 136 343 221 733'

205 272 574 346 indignum,
607 291 682 332 ne
710 276 825 333 hoc
851 278 983 350 ipso
1010 280 1184 338 etiam
1215 283 1536 341 convincar
1564 283 1888 355 indignior.

204 363 413 422 Multa
443 365 599 421 enim
636 365 752 422 alia
792 367 1059 425 similiter
1089 372 1310 437 nescio,
1357 389 1491 446 qua
1518 389 1891 429 commemo-

204 466 371 510 rare
404 454 495 510 vel
530 470 883 513 enumerare
911 473 1035 515 non
1065 475 1311 530 possum
1340 477 1352 516 :
1387 467 1443 518 et
1469 462 1585 518 hoc
1613 462 1890 519 tolerabi-

202 538 370 598 liter
394 543 754 613 ignorarem,
787 546 903 601 nisi
940 551 1267 605 metuerem
1299 565 1374 606 ne
1404 552 1606 623 aliqua
1632 551 1884 608 istarum

203 631 587 701 opinionum
618 638 827 690 contra
845 635 983 691 illud
1006 637 1167 709 quod
1194 638 1542 696 ﬁrmissima
1560 641 1884 696 retinemus

200 718 371 788 ﬁde,
416 721 671 778 incautis
700 722 1014 796 obreperet
1056 727 1377 784 mentibus.
1414 728 1528 785 Sed
1559 734 1884 802 antequam

202 808 424 865 sciam
455 825 735 881 quanam
768 828 975 869 earum
1000 817 1196 887 potius
1225 816 1502 888 eligenda
1529 818 1620 883 sit,
1648 818 1761 874 hoc
1789 834 1884 875 me

201 912 352 953 non
380 904 602 955 temere
624 902 839 957 sentire
858 902 1153 975 profiteor,
1174 921 1307 962 eam
1326 923 1460 979 qua
1477 924 1620 964 vera
1643 915 1733 963 est
1762 924 1881 964 non

199 986 533 1044 adversari
566 988 1006 1048 robustissima
1035 1010 1107 1049 ac
1131 993 1565 1053 fundatissima
1581 997 1742 1061 ﬁdei,
1761 1013 1884 1070 qua

202 1075 444 1131 Christi
487 1076 746 1135 Ecclesia
785 1094 894 1136 nec
925 1083 1209 1153 parvulos
1238 1084 1514 1140 homines
1553 1087 1884 1142 recentissi-

202 1180 319 1221 mo
354 1169 527 1221 natos
565 1181 602 1222 a
639 1167 1028 1226 damnatione
1059 1171 1266 1239 credit,
1313 1174 1429 1229 nisi
1477 1189 1585 1246 per
1624 1174 1879 1243 gratiam

202 1254 492 1309 nominis
538 1255 769 1323 Christi,
806 1274 993 1329 quam
1041 1260 1101 1316 in
1143 1262 1267 1316 suis
1294 1262 1697 1319 Sacramentis
1725 1279 1881 1318 com-

207 1342 558 1409 mendavit,
592 1361 775 1416 posse
794 1346 1055 1404 liberari.

663 1498 751 1553 DE
789 1500 1176 1558 SENTENTIA
1211 1502 1451 1559 JACOBI

965 1596 1142 1650 LIBER,

1002 1676 1099 1717 SEU

659 1746 999 1805 EPISTOLA
1039 1750 1263 1807 CLXVII
1303 1752 1446 1825 '(a).

200 1831 580 1902 Augustinus
611 1835 984 1908 Hieronymo,
1005 1838 1068 1894 de
1090 1839 1209 1895 loco
1233 1842 1338 1912 qui
1365 1849 1448 1898 est
1476 1841 1685 1898 Jacobi
1701 1858 1760 1907 ιι,
1785 1840 1874 1911 10,

285 1940 318 1971 α
340 1922 457 1988 Qui
478 1924 780 1994 offenderit
797 1925 859 1980 in
877 1942 1011 1992 uno,
1026 1929 1221 1997 factus
1246 1937 1330 1986 est
1358 1932 1619 1988 omnium
1642 1947 1810 1987 reus:
1840 1951 1868 1983 »

279 2013 483 2069 multa
520 2013 844 2070 admiscens
874 2015 945 2072 de
972 2017 1205 2085 Stoicis,
1238 2020 1341 2090 qui
1366 2020 1653 2078 docebant
1674 2021 1874 2077 omnia

273 2107 534 2171 peccata
546 2117 667 2159 esse
673 2105 935 2172 paria;et
950 2107 1212 2179 quisquis
1229 2109 1470 2165 haberet
1487 2125 1668 2165 unam
1688 2111 1870 2165 virtu-

280 2195 423 2255 tem,
434 2190 651 2248 habere
661 2194 985 2265 omnes;qui
996 2202 1224 2253 careret
1238 2200 1620 2262 una,nullam
1636 2198 1871 2255 habere.

279 2279 514 2334 CAPUT
551 2280 837 2337 PRIMUM.
861 2313 930 2322 —
960 2287 1006 2337 1.
1032 2284 1201 2349 Quod
1227 2284 1305 2341 ad
1337 2291 1392 2341 te
1414 2286 1648 2357 scripsi,
1679 2286 1874 2343 hono-

198 2366 403 2424 rande
423 2368 571 2424 mihi
592 2370 649 2424 in
666 2369 896 2426 Christo
915 2370 1091 2428 frater
1106 2374 1482 2446 Hieronyme,
1501 2390 1775 2447 quarens
1797 2375 1872 2432 de

201 2457 420 2512 anima
450 2457 739 2524 humana,
773 2459 820 2514 si
850 2462 1237 2518 nascentibus
1272 2463 1519 2535 singulis
1549 2479 1718 2520 nova
1750 2466 1871 2519 sin-

200 2546 371 2623 gula
399 2562 559 2603 nunc
592 2564 779 2620 usque
807 2549 978 2616 ﬁunt,
1004 2550 1107 2606 ubi
1138 2554 1363 2623 peccati
1394 2552 1696 2608 vinculum
1728 2569 1873 2609 con-

199 2635 643 2708 trahant,quod
659 2652 764 2709 per
778 2641 1230 2696 Sacramentum
1246 2641 1450 2713 gratia
1465 2642 1672 2698 Christi
1689 2643 1870 2699 etiam

200 2723 263 2780 in
299 2723 637 2780 infantibus
676 2732 940 2784 recenter
971 2728 1123 2784 natis
1155 2730 1515 2786 solvendum
1560 2747 1694 2787 esse
1748 2747 1869 2787 non

198 2813 589 2880 dubitamus,
622 2831 761 2871 cum
801 2817 861 2872 in
894 2834 1014 2874 non
1060 2835 1317 2891 parvum
1347 2822 1633 2878 volumen
1666 2837 1871 2893 proce-

199 2903 395 2967 deret,
424 2904 586 2959 nolui
611 2904 732 2961 ulla
747 2904 863 2963 alia
892 2923 1140 2964 onerare
1162 2911 1492 2981 quastione
1516 2927 1529 2966 :
1566 2910 1672 2967 sed
1702 2909 1869 2983 quod

199 2998 382 3062 urget
403 2992 621 3059 acrius,
647 2993 832 3050 multo
857 2994 1056 3051 minus
1077 3002 1168 3052 est
1192 2998 1639 3070 negligendum.
1661 2999 1871 3056 Proin-

199 3079 278 3136 de
313 3096 544 3152 quaso,
578 3086 631 3138 et
671 3098 777 3156 per
807 3085 994 3141 Deum
1026 3085 1275 3144 obsecro
1308 3093 1370 3145 ut
1395 3104 1666 3160 exponas
1694 3088 1864 3156 mihi,

198 3170 379 3242 quod
411 3170 612 3227 multis
644 3172 918 3229 existimo
965 3174 1369 3246 profuturum,
1399 3181 1501 3233 aut
1533 3178 1582 3233 si
1610 3178 1737 3249 jam
1774 3176 1867 3233 vel

201 3260 324 3315 abs
354 3264 407 3314 te
434 3259 526 3316 vel
560 3264 638 3317 ab
669 3260 785 3318 alio
811 3263 1013 3335 aliquo
1035 3265 1373 3336 expositum
1400 3266 1612 3334 habes,
1641 3266 1866 3336 dirigas

199 3348 408 3413 nobis,
433 3350 742 3421 quomodo
775 3351 1195 3423 accipiendum
1218 3354 1294 3410 sit
1313 3356 1481 3427 quod
1510 3355 1572 3411 in
1606 3355 1865 3428 Epistola

202 3437 416 3493 Jacobi
440 3440 695 3510 apostoli
736 3440 1025 3512 scriptum
1053 3448 1164 3508 est,
1208 3444 1569 3517 Quicumque
1603 3447 1755 3502 enim
1786 3451 1865 3499 to-

202 3532 332 3582 tam
368 3527 550 3597 legem
576 3530 1397 3601 servaverit,o/)‘endatautem
1419 3536 1480 3589 in
1507 3551 1639 3601 uno,
1659 3536 1862 3605 factus

199 3622 287 3671 est
320 3615 571 3672 omnium
602 3632 756 3674 reus.
782 3620 925 3684 Qua
952 3636 1043 3676 res
1063 3622 1192 3676 talis
1214 3638 1285 3678 ac
1299 3627 1462 3680 tanta
1483 3628 1590 3689 est,
1621 3624 1861 3696 utquod

201 3702 348 3758 hinc
383 3703 481 3759 tibi
513 3721 634 3761 non
676 3706 808 3777 jam
847 3708 994 3764 olim
1029 3711 1261 3782 scripsi,
1304 3713 1556 3768 multum
1600 3729 1695 3769 me
1741 3729 1862 3785 pa-

205 3793 419 3848 niteat.

276 3885 331 3936 2.
364 3883 441 3937 De
464 3884 699 3955 agenda
730 3902 991 3960 namque
1006 3889 1762 3962 prasentivita,quomodo
1779 3890 1858 3948 ad

202 3970 390 4027 vitam
415 3975 834 4042 perveniamus
852 3983 1160 4044 aternam,
1178 3994 1296 4035 non
1319 3979 1393 4034 de
1406 3980 1703 4050 praterita
1728 3995 1858 4051 per-

201 4061 750 4134 scrutanda,quam
778 4067 1013 4136 penitus
1027 4067 1307 4124 demersit
1336 4067 1580 4135 oblivio,
1605 4068 1859 4126 sicutest

200 4147 351 4205 illud
388 4150 555 4222 quod
585 4151 657 4207 de
686 4153 879 4210 anima
913 4156 1309 4227 quarendum
1332 4160 1553 4229 putavi,
1575 4158 1704 4214 hac
1732 4174 1857 4213 ver-

201 4236 341 4293 titur
364 4240 639 4311 quastio.
668 4240 977 4312 Eleganter
997 4250 1197 4301 autem
1232 4245 1456 4302 dictum
1494 4263 1625 4303 esse
1653 4263 1855 4303 narra-

199 4330 295 4383 tur
314 4328 479 4400 quod
496 4328 634 4385 huic
652 4331 733 4386 rei
760 4332 905 4387 satis
939 4338 1075 4404 apte
1104 4337 1397 4391 convenit.
1430 4338 1576 4392 Cum
1603 4336 1853 4409 quidam

198 4415 488 4471 ruissetin
516 4422 783 4489 puteum,
818 4419 916 4476 ubi
941 4437 1102 4494 aqua
1120 4427 1285 4480 tanta
1302 4429 1445 4489 erat,
1480 4430 1541 4479 ut
1567 4441 1705 4480 eum
1726 4441 1855 4481 ma-

196 4506 287 4573 gis
318 4506 615 4577 exciperet
641 4524 714 4564 ne
734 4516 1079 4577 moreretur,
1113 4528 1298 4583 quam
1328 4512 1650 4569 suffocaret
1680 4529 1752 4569 ne
1770 4514 1855 4570 lo-

196 4599 480 4663 queretur
509 4611 522 4660 ;
547 4596 983 4663 accessitalius,
1016 4605 1074 4655 et
1101 4616 1172 4656 eo
1201 4601 1329 4656 viso
1354 4602 1665 4658 admirans
1695 4602 1809 4658 ait.1
1834 4621 1847 4659 :

198 4681 515 4745 Quomodo
540 4682 658 4738 huc
698 4686 955 4743 cecidisti
985 4688 1012 4743 ?
1044 4694 1110 4744 At
1150 4688 1245 4745 ille
1278 4709 1291 4748 :
1322 4689 1602 4757 Obsecro,
1634 4690 1847 4763 inquit,

197 4770 392 4839 cogita
423 4773 736 4845 quomodo
776 4774 913 4831 hinc
946 4792 1033 4832 me
1077 4777 1292 4835 liberes
1326 4802 1337 4844 ;
1372 4795 1493 4835 non
1540 4779 1849 4852 quomodo

196 4857 314 4915 huc
359 4859 702 4930 ceciderim,
734 4879 992 4935 quaras.
1026 4868 1112 4922 lta
1150 4867 1437 4939 quoniam
1472 4867 1748 4935 fatemur,
1791 4874 1849 4925 et

194 4946 312 5003 ﬁde
342 4950 636 5006 catholica
662 4954 956 5019 tenemus,
987 4953 1061 5010 de
1089 4959 1256 5010 reatu
1288 4957 1514 5028 peccati
1556 4962 1847 5029 tanquam

195 5036 264 5091 de
278 5042 478 5108 puteo,
496 5039 675 5096 etiam
691 5042 924 5112 parvuli
940 5042 1183 5100 infantis
1198 5045 1295 5100 ani
1305 5061 1467 5103 mam
1487 5046 1696 5103 Christi
1713 5063 1850 5118 gra-

194 5124 273 5179 tia
292 5125 668 5184 liberandam
706 5146 719 5195 ;
757 5131 899 5186 satis
928 5137 1015 5187 est
1046 5133 1093 5188 ei
1121 5135 1286 5205 quod
1316 5135 1564 5192 modum
1588 5152 1848 5209 quomo-

194 5212 269 5269 do
293 5214 460 5271 salva
482 5216 586 5273 ﬁat
602 5220 900 5286 novimus,
934 5222 1169 5278 etiamsi
1199 5239 1514 5296 nunquam
1536 5225 1847 5297 quomodo

195 5302 253 5357 in
276 5303 505 5360 malum
525 5306 669 5363 illud
690 5308 1016 5377 devenerit,
1042 5313 1408 5369 noverimus.
1440 5314 1553 5371 Sed
1580 5315 1715 5371 ideo
1733 5332 1846 5387 pu-

255 5413 270 5444 ¹
299 5410 425 5460 Mss.
458 5412 663 5471 decem,
690 5417 943 5466 miserans
974 5420 1066 5468 ait.

256 5475 273 5491 '
307 5474 604 5526 Emendata
632 5482 712 5527 est
768 5480 974 5530 collatis
1002 5481 1069 5531 bl.
1106 5496 1151 5531 c.
1184 5481 1246 5531 ts.
1285 5496 1383 5531 mr.
1428 5486 1489 5531 tt.
1525 5498 1605 5532 vc.
1632 5483 1845 5535 duobus

196 5548 240 5583 e.
270 5535 484 5586 duobus
514 5538 594 5588 sb.
626 5545 746 5590 octo
774 5557 822 5589 v.
860 5549 913 5592 et
942 5546 1057 5593 Am.
1092 5544 1214 5593 Bad.
1244 5546 1329 5595 Er.
1365 5545 1493 5595 Lov.

258 5599 504 5676 (a)_Alias
524 5603 615 5651 29:
644 5618 764 5668 qua
791 5610 973 5656 autem
990 5608 1081 5658 167
1102 5611 1234 5667 erat,
1258 5609 1405 5659 nund
1436 5610 1512 5659 89.
1541 5608 1750 5676 Scripta
1761 5623 1846 5662 eo-

196 5660 316 5714 dem
337 5665 599 5730 tempore.

1485 149 1997 234 erieromnun
2030 156 2445 237 CLASSIS'III.

3550 172 3661 247 734'

2002 286 2120 342 tavi
2151 302 2286 344 esse
2312 290 2727 362 quarendum,
2749 306 2825 347 ne
2848 291 2994 347 forte
3024 306 3095 348 ex
3125 292 3237 349 illis
3270 293 3655 366 opinionibus

1998 374 2424 435 incarnationis
2455 381 2673 437 anima
2704 379 2969 452 aliquam
2993 386 3301 437 teneamus
3331 383 3650 450 incautius,

1997 479 2135 537 qua
2160 465 2534 524 liberandam
2575 485 2824 541 prorsus
2861 470 3130 527 animam
3158 472 3391 542 parvuli
3423 479 3654 530 contra-

1997 553 2177 618 dicat.
2220 570 2451 625 negans
2482 575 2615 614 eam
2666 574 2800 615 esse
2838 559 2898 615 in
2947 560 3059 616 isto
3100 560 3279 616 malo.
3324 562 3443 617 Hoc
3474 562 3654 632 igitur

1998 641 2336 699 ﬁrmissime
2368 651 2612 718 retento,
2646 647 2813 720 quod
2862 647 3067 703 anima
3110 648 3345 719 parvuli
3377 649 3452 704 de
3482 655 3651 705 reatu

1996 733 2221 800 peccati
2242 732 2555 791 liberanda
2568 741 2677 805 est,
2703 752 2812 792 nec
2837 736 2954 792 alio
2977 737 3159 791 modo
3187 737 3521 803 liberanda,
3536 738 3652 793 nisi

1995 820 2191 888 gratia
2207 823 2302 877 Dei
2319 839 2425 894 per
2450 824 2654 880 Jesum
2680 826 2978 881 Christum
2997 825 3316 881 Dominum
3340 831 3646 882 nostrum:

1995 908 2043 962 si
2067 924 2389 980 possumus
2415 914 2801 984 etiamipsius
2827 914 2967 969 mali
2988 928 3235 969 causam
3268 919 3322 969 et
3352 915 3649 983 originem

1992 1012 2192 1065 nosse,
2221 1002 2579 1075 vaniloquis,
2633 1021 2751 1060 non
2784 1004 3283 1077 disputatoribus,
3319 1004 3424 1059 sed
3456 1004 3649 1074 litiga-

1992 1089 2220 1144 toribus
2246 1093 2510 1160 paratius
2536 1093 3002 1164 instructiusque
3035 1093 3366 1149 resistimus
3412 1110 3426 1159 ;
3470 1093 3518 1148 si
3545 1109 3648 1149 au-

1993 1180 2110 1232 tem
2139 1193 2261 1233 non
2290 1194 2639 1250 possumus,
2660 1197 2781 1238 non
2812 1181 2957 1254 quia
2985 1181 3124 1237 latet
3156 1182 3409 1237 miseria
3430 1182 3649 1252 princi-

1989 1265 2177 1336 pium,
2195 1267 2327 1323 ideo
2346 1270 2676 1340 pigrescere
2706 1271 3126 1326 misericordia
3149 1270 3327 1326 debet
3352 1271 3645 1327 ofﬁcium.

1988 1354 2290 1411 Adversus
2319 1372 2422 1413 eos
2454 1365 2655 1415 autem
2700 1360 2802 1432 qui
2835 1359 2949 1415 sibi
2980 1359 3258 1415 videntur
3299 1361 3445 1416 scire
3477 1361 3643 1433 quod

1990 1445 2284 1511 nesciunt,
2319 1446 2430 1502 hoc
2451 1449 2692 1504 tutiores
2718 1465 2952 1516 sumus,
2984 1449 3149 1521 quod
3181 1451 3339 1505 hanc
3365 1450 3645 1522 ignoran-

1989 1531 2131 1586 tiam
2146 1539 2413 1589 nostram
2432 1550 2555 1591 non
2582 1537 2953 1605 ignoramus.
2989 1537 3161 1592 Aliud
3178 1544 3270 1592 est
3296 1538 3453 1593 enim
3476 1538 3644 1610 quod

1987 1620 2213 1676 nescire
2226 1621 2455 1677 malum
2480 1628 2599 1689 est;
2627 1624 2787 1680 aliud
2816 1625 2981 1697 quod
3009 1625 3142 1680 sciri
3176 1625 3267 1680 vel
3282 1641 3403 1681 non
3433 1630 3641 1697 potest,

1986 1708 2079 1765 vel
2096 1724 2216 1765 non
2242 1726 2398 1781 opus
2419 1717 2530 1778 est,
2556 1713 2641 1769 vel
2665 1713 2743 1770 ad
2759 1715 2940 1770 vitam
2972 1730 3157 1787 quam
3190 1715 3520 1786 quarimus
3552 1715 3645 1769 in-

1985 1798 2267 1855 differens
2292 1805 2379 1856 est
2421 1803 2582 1858 :hoc
2628 1819 2763 1859 vero
2806 1803 2967 1874 quod
2995 1803 3071 1859 de
3115 1803 3344 1858 Litteris
3388 1802 3642 1874 apostoli

1984 1887 2192 1944 Jacobi
2223 1905 2384 1944 nunc
2413 1892 2676 1963 requiro,
2710 1892 2773 1947 in
2803 1892 2917 1947 hac
2954 1892 3089 1963 ipsa
3118 1907 3243 1963 qua
3265 1891 3549 1956 vivimus,
3585 1896 3643 1947 et

1985 1982 2047 2032 ut
2074 1993 2311 2050 semper
2331 1979 2604 2036 vivamus
2621 1984 2738 2037 Deo
2768 1981 3002 2053 placere
3036 1982 3372 2051 studemus,
3407 1981 3639 2038 actione

1982 2070 2279 2121 versatur.

2054 2195 2106 2248 3.
2138 2192 2645 2264 Quomodoigitur
2665 2193 3116 2264 intelligendum
3146 2199 3257 2259 est,
3288 2193 3541 2250 obsecro
3561 2198 3637 2261 te,

1984 2279 2348 2354 Quicumque
2369 2287 2547 2339 totam
2574 2282 2772 2354 Legem
2794 2285 3131 2350 servaverit,
3156 2284 3414 2354 offendat
3443 2289 3638 2340 autem

1978 2369 2041 2425 in
2071 2387 2212 2436 uno,
2236 2372 2432 2441 factus
2458 2378 2539 2428 est
2576 2374 2833 2429 omnium
2853 2388 2990 2429 reus
3021 2374 3048 2428 ?
3088 2373 3250 2429 Itane
3281 2374 3382 2445 qui
3410 2372 3637 2429 furtum

1980 2460 2199 2523 fecerit,
2230 2461 2352 2517 imo
2389 2476 2525 2517 vero
2558 2462 2663 2534 qui
2704 2462 2918 2517 dixerit
2944 2462 3129 2527 diviti,
3163 2463 3314 2518 Sede
3344 2463 3461 2527 hic,
3491 2478 3639 2534 pau-

1980 2550 2096 2622 peri
2113 2554 2337 2618 autem,
2361 2551 2442 2605 Tu
2466 2558 2559 2607 sta
2580 2551 2726 2615 illic,
2755 2556 2811 2607 et
2828 2551 3155 2621 homicidii,
3183 2557 3237 2605 et
3264 2550 3557 2615 adulterii,
3580 2554 3636 2607 et

1982 2638 2274 2710 sacrilegii
2298 2655 2433 2695 reus
2464 2644 2554 2695 est
2582 2640 2796 2705 ‘lQuod
2830 2640 2877 2694 si
2910 2656 3030 2695 non
3060 2643 3168 2710 est,
3201 2640 3507 2712 quomodo
3528 2637 3633 2711 qui

1979 2727 2038 2782 in
2071 2743 2191 2783 uno
2231 2727 2494 2784 otfendat
2525 2728 2716 2784 factus
2743 2732 2832 2783 est
2856 2728 3131 2784 omnium
3162 2744 3300 2784 reus
3332 2727 3360 2782 ?
3388 2743 3464 2783 an
3488 2726 3635 2783 illud

1977 2815 2143 2887 quod
2173 2816 2320 2871 dixit
2351 2816 2425 2871 de
2454 2816 2635 2872 divite
2670 2822 2723 2871 et
2745 2832 3011 2888 paupere
3058 2817 3134 2872 ad
3172 2817 3287 2871 ista
3313 2832 3433 2872 non
3462 2816 3637 2888 perti-

1977 2910 2097 2974 net,
2119 2922 2379 2978 quorum
2409 2907 2455 2960 si
2487 2907 2620 2978 quis
2646 2907 2706 2961 in
2736 2922 2855 2961 uno
2874 2904 3207 2972 offenderit,
3228 2906 3330 2962 ﬁet
3359 2906 3632 2962 omnium

1975 3010 2111 3051 reus
2150 2995 2179 3051 ‘i
2212 2994 2324 3050 Sed
2361 2994 2745 3050 recolendum
2789 2999 2879 3051 est
2911 2995 3068 3050 unde
3094 2996 3317 3050 venerit
3353 2995 3453 3050 illa
3501 3010 3632 3049 sen-

1975 3084 2179 3147 tentia,
2214 3088 2269 3137 et
2298 3099 2434 3155 qua
2461 3082 2623 3139 illam
2654 3084 2962 3156 superiora
2994 3082 3349 3156 pepererint,
3384 3082 3633 3154 quibus-

1972 3188 2091 3245 que
2103 3187 2376 3228 connexa
2388 3172 2745 3243 dependeat.
2764 3174 3006 3229 Fratres
3019 3173 3151 3239 mei,
3180 3173 3380 3239 nolite,
3415 3171 3626 3243 inquit,

1970 3261 2035 3317 in
2059 3277 2447 3331 personarum
2463 3262 2792 3332 acceptione
2814 3263 3030 3319 habere
3049 3262 3227 3332 ﬁdem
3247 3260 3485 3317 Domini
3499 3276 3630 3316 nos-

1972 3350 2048 3406 tri
2076 3351 2212 3407 Jesu
2236 3350 2459 3407 Christi
2482 3352 2713 3422 gloria.
2736 3352 2972 3408 Etenim
2997 3354 3049 3407 si
3078 3351 3373 3408 introierit
3401 3352 3463 3406 in
3495 3365 3631 3407 con-

1972 3446 2211 3496 ventum
2253 3447 2509 3496 vestrum
2551 3440 2637 3495 vir
2685 3442 2983 3497 annulum
3018 3456 3269 3497 aureum
3313 3440 3532 3496 habens
3562 3439 3627 3495 in

1971 3535 2118 3585 veste
2150 3529 2426 3596 candida,
2459 3530 2751 3586 introierit
2774 3536 2969 3587 autem
3003 3537 3058 3586 el
3088 3545 3322 3599 pauper
3349 3529 3412 3584 in
3443 3529 3628 3584 sordi-

1969 3617 2042 3673 do
2068 3618 2297 3683 habitu,
2325 3622 2377 3673 et
2404 3618 2724 3674 intendatis
2738 3619 2800 3674 in
2829 3634 2959 3674 eum
2987 3619 3091 3691 qui
3115 3619 3357 3674 indutus
3370 3625 3450 3674 est
3478 3624 3628 3675 veste

1966 3708 2279 3776 praeclara,
2305 3713 2358 3763 et
2388 3706 2603 3763 dicatis
2630 3708 2703 3776 ei,
2744 3709 2829 3763 Tu
2850 3708 2984 3764 sede
3023 3708 3119 3764 hic
3153 3709 3293 3765 bene
3323 3726 3343 3773 ;
3374 3708 3629 3778 pauperi

1967 3801 2164 3851 autem
2196 3796 2429 3861 dicatis,
2478 3797 2563 3850 Tu
2590 3803 2683 3852 sta
2712 3796 2863 3862 illic,
2897 3803 3000 3852 aut
3013 3848 3026 3876 ν
3060 3797 3210 3853 Sede
3229 3796 3337 3851 sub
3366 3796 3624 3852 scabello

1962 3883 2173 3951 pedum
2199 3898 2493 3940 meorum:
2519 3900 2712 3941 nonne
2712 3886 3002 3955 judicatis
3028 3886 3196 3953 apud
3226 3884 3621 3953 vosmetipsos,

1964 3976 2018 4025 et
2043 3971 2201 4040 facti
2225 3973 2360 4028 estis
2371 3971 2604 4042 judices
2618 3973 3043 4043 cogitationum
3078 3972 3418 4044 iniquarum
3447 3970 3475 4025 ‘l
3494 3972 3622 4026 Au-

1964 4059 2097 4121 dite.
2131 4061 2357 4130 fratres
2397 4062 2510 4118 mei
2559 4061 2974 4133 dilectissimi;
3014 4077 3209 4118 nonne
3264 4061 3414 4117 Deus
3458 4059 3622 4132 elegit

1961 4165 2246 4221 pauperes
2284 4150 2347 4207 in
2381 4150 2483 4207 hoc
2509 4151 2747 4217 mundo,
2790 4152 3001 4208 divites
3032 4152 3092 4206 in
3117 4151 3253 4219 ﬁde,
3284 4158 3335 4206 et
3369 4149 3622 4207 haredes

1962 4239 2127 4310 regni
2173 4241 2322 4312 quod
2350 4240 2680 4309 repromisit
2722 4242 2877 4297 Deus
2907 4240 3313 4312 dilligenlibus
3353 4255 3411 4297 se
3447 4238 3475 4295 7
3515 4239 3622 4297 Vos

1961 4334 2156 4385 autem
2186 4328 2589 4385 exhonorastis
2626 4345 2950 4398 pauperem
2977 4346 2996 4384 :
3039 4334 3280 4400 propter
3303 4329 3472 4384 illum
3504 4329 3620 4383 sci-

1958 4415 2095 4473 licet
2118 4419 2211 4473 cui
2235 4418 2461 4473 dictum
2491 4423 2596 4483 est,
2627 4418 2732 4474 Sta
2762 4418 2887 4474 illic
2914 4439 2933 4474 .·
2965 4434 3102 4473 cum
3151 4416 3395 4472 habenti
3427 4432 3621 4472 annu-

1958 4504 2081 4560 lum
2097 4521 2347 4561 aureum
2360 4505 2583 4561 dictum
2598 4511 2776 4575 esset,
2790 4507 2873 4560 Tu
2884 4505 3017 4562 sede
3028 4505 3124 4560 hic
3141 4503 3384 4560 bene.Ac
3398 4503 3618 4561 deinde

1959 4592 2246 4664 sequitur,
2276 4593 2554 4649 eamdem
2585 4593 2782 4665 ipsam
2796 4593 3151 4649 sententiam
3179 4592 3356 4647 latius
3374 4608 3617 4648 versans

1960 4685 2016 4737 et
2050 4681 2357 4753 explicans
2382 4698 2395 4737 :
2425 4682 2660 4747 Nonne,
2696 4682 2909 4754 inquit,
2933 4682 3140 4737 divites
3166 4697 3271 4751 per
3288 4682 3616 4751 potentiam

1957 4771 2300 4840 opprimunt
2327 4787 2445 4837 vos,
2486 4776 2540 4826 et
2572 4774 2824 4828 trahunt
2856 4772 2937 4828 ad
2952 4771 3191 4842 judicia
3221 4770 3249 4827 ?
3276 4786 3463 4827 nonne
3494 4771 3617 4843 ipsa

1959 4860 2372 4929 blasphemant
2388 4861 2602 4917 bonum
2626 4876 2863 4932 nomen,
2882 4860 3033 4932 quod
3053 4861 3394 4919 invocatum
3417 4866 3501 4916 est
3522 4876 3616 4915 su-

1953 4965 2056 5021 per
2074 4964 2168 5006 vos
2198 4950 2227 5001 ?
2248 4950 2314 5005 Si
2326 4949 2561 5021 quidem
2587 4952 2773 5020 legem
2796 4949 3083 5019 perﬁcitis
3097 4950 3382 5021 regalem,
3407 4963 3609 5004 secun-

1955 5038 2743 5110 dumSciipturam,Diliges
2771 5042 3113 5108 proximum
3138 5045 3302 5094 tuum
3316 5037 3467 5092 sicut
3502 5035 3617 5091 tei-

1953 5144 2143 5198 psum,
2179 5128 2319 5185 bene
2355 5128 2556 5197 facitis
2588 5130 2639 5184 si
2671 5144 2688 5184 :
2757 5136 2954 5184 autem
3007 5141 3292 5196 personas
3322 5125 3613 5194 accipitis,

1950 5226 2256 5287 peccatum
2288 5219 2640 5287 operamini,
2664 5217 2977 5288 redarguti
3006 5232 3042 5274 a
3070 5217 3196 5286 lege
3213 5214 3382 5287 quasi
3413 5222 3615 5272 trans-

1951 5323 2263 5377 gressores.
2278 5307 2420 5363 Vide
2432 5306 2954 5381 quemadmodum
2971 5311 3447 5374 transgressores
3463 5303 3611 5373 legis

1952 5396 2233 5469 appellat,
2254 5397 2356 5469 qui
2383 5397 2589 5452 dicunt
2618 5393 2957 5460 diviti,Sede
2971 5393 3086 5460 hic,
3116 5398 3171 5448 et
3200 5392 3473 5465 pauperi,
3501 5394 3610 5451 Sta

1950 5486 2094 5541 illic.
2119 5485 2284 5551 Vide,
2306 5501 2377 5540 ne
2390 5481 3127 5557 putarentcontemptibile
3150 5498 3277 5538 esse
3292 5486 3607 5554 peccatum

1950 5574 2010 5629 in
2042 5574 2155 5630 hac
2188 5590 2309 5630 una
2334 5590 2395 5630 re
2424 5573 2617 5645 legem
2650 5571 3008 5646 transgredi,
3045 5576 3284 5629 secutus
3309 5570 3603 5644 adiunxit,

1952 5662 2310 5737 Quicumque
2325 5669 2518 5721 autem
2534 5667 2721 5721 totam
2750 5663 2934 5736 legem
2963 5662 3310 5732 servaverit,
3341 5659 3603 5734 offendat
