4136 6172
504 183 614 241 735

509 314 704 364 autem
738 309 802 363 in
844 323 981 376 uno,
1029 307 1228 376 factus
1259 309 1340 362 est
1369 304 1625 361 omnium
1667 319 1818 361 reus.
1869 300 1980 370 Qui
2009 297 2163 356 enim

507 397 676 463 dixit,
703 399 833 453 Non
863 395 1266 461 masc/Laberis,
1291 395 1447 450 dixit
1463 399 1535 460 et,
1557 395 1692 450 Non
1724 393 1970 450 occides.
1998 387 2164 456 Quod

508 487 556 541 si
567 503 684 542 non
697 485 930 546 occides,
941 485 1245 540 mae/iuris
1261 491 1450 540 autem
1462 487 1601 552 ,fact
1612 501 1677 539 us
1691 499 1745 540 es
1760 490 2165 551 transgressor

510 576 642 645 legis
672 592 688 628 :
718 578 958 642 propter
989 572 1046 626 id
1092 574 1256 643 quod
1288 574 1539 641 dixerat,
1591 570 1907 641 redarguli
1939 585 1973 625 a
2019 569 2160 636 lege,

507 663 1158 734 quasilrunsgressores.
1190 664 1332 727 Qua
1356 679 1493 718 cum
1515 663 1596 718 ita
1613 662 1747 724 sint,
1781 672 2164 729 consequens

510 750 739 804 videtur
766 749 900 818 (nisi
934 750 1052 805 alio
1093 751 1276 805 modo
1307 750 1757 821 intelligendum
1790 745 2162 814 ostendatur)

509 843 573 893 ut
598 838 698 909 qui
739 838 1158 903 dixeritdiviti,
1191 838 1301 894 Sed
1327 840 1443 906 hic,
1477 845 1532 893 et
1573 838 1842 910 pauperi,
1875 837 1984 892 Sta
2011 835 2162 898 illic,

509 926 649 981 huic
664 942 783 982 non
797 928 1110 992 honorem,
1129 943 1310 999 quem
1334 928 1414 981 illi
1434 927 1727 994 deferens,
1747 931 1802 980 et
1826 924 2163 987 idololatra,

510 1020 564 1069 et
589 1015 1004 1086 blasphemus,
1033 1015 1354 1081 etadulter,
1377 1022 1432 1070 et
1448 1015 1768 1078 homicida,
1792 1019 1847 1070 et
1873 1029 1970 1077 ne,
2001 1010 2168 1083 quod

511 1106 761 1174 longum
776 1111 1101 1170 est,cuncta
1114 1121 1750 1172 commemorem,reus
1767 1103 2039 1158 omnium
2060 1101 2168 1156 cri-

512 1194 1120 1264 minumjudicandus
1137 1195 1208 1248 sit
1225 1211 1236 1248 :
1252 1193 1564 1250 offendens
1577 1195 1803 1266 quippe
1817 1193 1877 1247 in
1899 1191 2169 1261 uno,fac-

511 1287 604 1338 tus
623 1287 800 1338 estom
811 1284 972 1338 nium
1000 1299 1152 1338 reus.

583 1373 807 1427 CAPUT
844 1373 908 1427 Il.
944 1404 1012 1412 —
1037 1373 1088 1427 4.
1119 1374 1185 1427 At
1220 1371 1380 1427 enim
1409 1372 1510 1443 qui
1537 1387 1721 1426 unam
1755 1371 2034 1425 virtutem
2063 1369 2167 1426 ha-

509 1460 627 1524 bet,
661 1477 869 1517 omnes
897 1462 1109 1526 habet;
1139 1466 1194 1515 et
1219 1460 1325 1532 qui
1357 1477 1538 1515 unam
1566 1476 1685 1515 non
1707 1460 1903 1528 habet,
1940 1459 2166 1514 nullam

509 1548 693 1604 habet
713 1550 870 1604 ?Hoc
886 1550 934 1603 si
955 1565 1161 1604 verum
1181 1555 1287 1614 est,
1311 1549 1701 1603 confirmatur
1721 1550 1832 1602 ista
1856 1549 2164 1602 sententia.

515 1639 627 1693 Sed
649 1653 760 1706 ego
777 1655 911 1694 eam
935 1638 1153 1708 exponi
1184 1639 1338 1704 volo,
1361 1653 1481 1692 non
1499 1637 1832 1692 conﬁrmari
1870 1653 1882 1700 ;
1910 1653 2044 1708 qua
2063 1652 2168 1707 per

512 1727 775 1797 seipsam
807 1727 970 1798 apud
998 1743 1107 1782 nos
1137 1727 1419 1782 omnibus
1441 1725 1936 1797 philosophorum
1961 1729 2166 1780 aucto-

510 1816 787 1871 ritatibus
811 1816 1038 1871 ﬁrmior
1065 1821 1170 1870 est.
1203 1819 1264 1871 Et
1293 1815 1438 1869 illud
1461 1815 1710 1887 quidem
1742 1814 1816 1870 de
1849 1814 2166 1869 virtutibus

512 1909 567 1960 et
587 1905 756 1969 vitiis,
789 1905 837 1958 si
860 1906 1144 1960 veraciter
1169 1904 1402 1969 dicitur,
1437 1919 1556 1959 non
1585 1907 1672 1959 est
1705 1919 2083 1974 consequens
2105 1909 2168 1959 ut

514 1998 757 2064 propter
772 1993 884 2048 hoc
901 1993 1104 2048 omnia
1125 1997 1366 2064 peccata
1391 1993 1506 2047 sint
1527 1993 1716 2063 paria.
1744 1996 1890 2047 Nam
1921 1992 2066 2046 illud
2093 1992 2166 2046 de

511 2081 1018 2152 inseparabilitate
1037 2083 1344 2149 virtutum,
1359 2081 1468 2136 etsi
1489 2080 1732 2136 forsitan
1749 2081 1937 2146 fallor,
1967 2085 2166 2136 tamen

512 2171 561 2225 si
593 2187 798 2225 verum
823 2171 1086 2236 memini,
1116 2173 1278 2244 quod
1313 2172 1407 2225 vix
1438 2170 1704 2238 memini,
1728 2169 2011 2225 omnibus
2039 2169 2168 2241 phi-

511 2260 777 2331 1050phis
810 2259 1054 2331 placuit,
1086 2262 1187 2332 qui
1216 2259 1454 2315 easdem
1485 2260 1725 2314 virtutes
1755 2259 2008 2328 agenda
2037 2260 2167 2314 vita

511 2350 1013 2404 necessariasesse
1055 2349 1350 2404 dixerunt.
1387 2349 1508 2402 Hoc
1541 2355 1744 2403 autem
1769 2347 1843 2402 de
1874 2347 2167 2420 parilitate

510 2443 915 2511 peccatorum,
945 2438 1050 2493 soli
1083 2439 1257 2492 Stoici
1286 2437 1415 2492 ausi
1449 2437 1929 2508 suntdisputare,
1961 2443 2168 2493 contra

511 2543 757 2585 omnem
781 2543 1025 2581 sensum
1045 2527 1271 2598 generis
1304 2525 1592 2581 humani:
1630 2541 1814 2597 quam
1844 2541 2050 2580 eorum
2071 2543 2170 2581 va-

512 2618 758 2672 nitatem
788 2616 845 2669 in
863 2615 1298 2670 Jovinianoillo
1330 2615 1429 2685 qni
1464 2616 1521 2669 in
1551 2614 1662 2669 hac
1695 2613 1986 2669 sententia
2017 2615 2169 2670 Stoi-

514 2721 620 2760 cus
653 2709 793 2769 erat,
829 2704 884 2757 in
918 2703 1293 2774 aucupandis
1328 2707 1526 2757 autem
1563 2708 1617 2757 et
1648 2702 2032 2757 defensandis
2067 2720 2171 2758 vo-

513 2793 842 2864 luptatibus
876 2793 1215 2862 Epicureus,
1251 2792 1324 2846 de
1354 2792 1668 2862 Scripturis
1698 2791 1923 2846 sanctis
1965 2791 2170 2847 diluci-

514 2882 756 2937 dissime
788 2880 1093 2936 convicisti
1135 2881 1406 2951 (Hieron.
1442 2881 1536 2934 lib.
1568 2881 1598 2933 2
1640 2887 1792 2936 cont.
1837 2881 2079 2952 Jovin.).
2110 2883 2169 2936 In

513 2987 634 3043 qua
667 2977 764 3026 tua
797 2971 1158 3026 suavissima
1191 2976 1246 3024 et
1277 2969 1734 3040 praclarissima
1766 2969 2170 3042 disputatione

516 3060 658 3114 satis
685 3059 986 3115 evidenter
1016 3059 1316 3132 apparuit,
1345 3075 1462 3114 non
1494 3058 1791 3129 placuisse
1824 3060 2169 3115 auctoribus

514 3149 752 3212 nostris,
785 3150 876 3204 vel
901 3150 1013 3220 ipsi
1033 3150 1249 3221 potius,
1273 3165 1408 3220 qua
1443 3165 1546 3218 per
1572 3164 1672 3202 eos
1702 3148 1900 3204 locuta
1931 3156 2038 3214 est,
2069 3166 2173 3204 ve-

513 3237 691 3303 ritati,
726 3239 932 3293 omnia
963 3239 1131 3310 paria
1163 3253 1288 3292 esse
1322 3245 1584 3307 peccata.
1621 3238 1936 3302 Quomodo
1968 3243 2170 3294 autem

513 3326 640 3381 ﬁeri
661 3328 848 3397 possit
873 3332 933 3381 ut
963 3326 1194 3380 etiamsi
1229 3326 1341 3380 hoc
1365 3326 1437 3380 de
1471 3326 1783 3380 virtutibus
1818 3342 2027 3382 verum
2059 3333 2168 3392 est,

514 3431 636 3471 non
678 3421 875 3470 tamen
912 3415 1046 3469 ideo
1079 3429 1369 3483 cogamur
1408 3413 1574 3468 fateri
1609 3415 2007 3485 aqualitatem
2041 3432 2172 3471 om-

515 3505 683 3559 nium
733 3507 1138 3574 peccatorum,
1189 3507 1483 3573 quantum
1518 3518 1787 3573 possum,
1845 3503 2170 3573 adjuvante

519 3593 770 3646 Domino
801 3592 1029 3663 aperire
1061 3591 1330 3646 conabor
1359 3608 1370 3644 :
1396 3591 1556 3662 quod
1585 3591 1632 3645 si
1655 3590 1926 3657 effecero,
1957 3609 2171 3666 appro-

515 3680 692 3736 babis
726 3702 740 3746 ;
768 3681 869 3735 ubi
909 3697 1047 3734 vero
1077 3696 1278 3736 causa
1311 3679 1575 3743 defuero,
1601 3685 1665 3734 tu
1695 3681 2024 3751 supplebis.

677 3772 838 3825 Certe
859 3770 996 3824 hinc
1014 3770 1398 3842 persuadent,
1425 3770 1526 3840 qui
1560 3786 1742 3825 unam
1772 3770 2044 3827 virtutem
2069 3772 2166 3828 ha-

515 3859 946 3915 buerithabere
969 3876 1203 3925 omnes,
1229 3864 1284 3914 et
1305 3875 1515 3915 omnes
1543 3858 1748 3913 deesse
1782 3861 1875 3914 cui
1909 3877 2028 3917 una
2068 3862 2168 3917 de-

515 3951 706 4017 fuerit,
731 3951 894 4023 qnod
915 3951 1250 4020 prudentia,
1282 3966 1388 4005 nec
1424 3951 1659 4022 ignava,
1686 3952 2170 4021 necinjusta,nec

515 4040 922 4111 intemperans
968 4044 1160 4110 potest
1200 4055 1327 4094 esse
1365 4055 1375 4091 :
1412 4055 1552 4094 nam
1594 4040 1642 4094 si
1675 4039 1898 4111 aliquid
1952 4041 2168 4097 horum

517 4128 708 4192 fuerit,
743 4127 1060 4198 prudentia
1090 4143 1212 4182 non
1235 4129 1360 4181 erit.
1395 4127 1577 4182 Porro
1611 4129 1658 4181 si
1691 4128 2007 4198 prudentia
2031 4135 2169 4185 tunc

518 4215 646 4280 erit,
674 4216 723 4269 si
755 4221 811 4270 et
837 4214 1025 4280 fortis,
1062 4221 1116 4271 et
1137 4217 1388 4287 justa,et
1422 4221 1754 4286 temperans
1789 4217 1879 4282 sit,
1906 4218 2169 4288 profecto

518 4304 621 4360 ubi
660 4303 854 4370 fuerit,
889 4319 1093 4360 secum
1129 4304 1307 4359 habet
1351 4311 1622 4360 cateras.
1661 4305 1753 4361 Sic
1801 4312 1856 4360 et
1887 4305 2168 4364 fortitudo

516 4393 868 4465 imprudens
915 4410 1040 4448 esse
1088 4409 1207 4449 non
1241 4398 1454 4464 potest,
1491 4394 1581 4448 vel
1614 4394 2042 4466 intemperans,
2076 4398 2169 4453 vel

515 4483 735 4553 injusta
775 4499 787 4535 :
840 4484 924 4538 sic
953 4483 1349 4554 temperantia
1384 4498 1626 4538 necesse
1666 4490 1752 4539 est
1787 4489 1846 4539 ut
1879 4487 2170 4558 prudens,

515 4571 700 4637 fortis,
721 4572 958 4642 etjusta
989 4573 1063 4628 sit
1093 4590 1105 4627 :
1135 4572 1464 4644 sicjustitia
1495 4588 1618 4627 non
1649 4579 1756 4638 est,
1791 4574 1902 4629 nisi
1927 4575 2000 4630 sit
2029 4591 2171 4646 pru-

516 4661 688 4729 dens,
719 4662 902 4727 fortis,
945 4666 1002 4717 et
1034 4668 1394 4732 temperans.
1430 4662 1514 4717 Ita
1541 4662 1639 4718 ubi
1672 4679 1814 4718 vera
1849 4669 1936 4720 est
1967 4665 2172 4737 aliqua

518 4764 743 4813 earum,
784 4756 837 4804 et
868 4751 996 4805 alia
1025 4750 1292 4805 similiter
1322 4757 1458 4806 sunt
1492 4768 1504 4816 ;
1542 4751 1642 4806 ubi
1666 4757 1865 4807 autem
1907 4754 2038 4809 alia
2069 4756 2170 4810 de-

519 4841 676 4903 sunt,
712 4854 852 4894 vera
882 4839 982 4893 illa
1013 4855 1130 4894 non
1165 4844 1275 4905 est,
1307 4840 1544 4896 etiamsi
1571 4840 1769 4912 aliquo
1801 4843 1984 4899 modo
2011 4844 2170 4899 simi-

516 4927 590 4983 lis
622 4943 749 4983 esse
776 4927 1064 4983 videatur.

592 5022 642 5072 6.
680 5018 825 5074 Sunt
851 5016 1030 5080 enim,
1067 5021 1128 5071 ut
1181 5017 1314 5081 scis,
1362 5018 1644 5089 quadam
1675 5020 1815 5076 vitia
1853 5022 2170 5078 virtutibus

517 5111 725 5177 aperta
754 5105 1110 5161 discretione
1141 5110 1460 5169 contraria,
1493 5112 1554 5160 ut
1584 5108 1992 5178 imprudentia
2026 5127 2172 5182 pru-

520 5196 756 5251 dentia.
785 5197 1139 5251 Suntautem
1154 5195 1434 5266 quadam
1451 5199 1682 5250 tantum
1697 5198 1840 5268 quia
1855 5199 1995 5254 vitia
2009 5206 2170 5264 sunt,

517 5285 652 5341 ideo
684 5284 999 5349 contraria,
1029 5285 1293 5356 quadam
1322 5289 1520 5340 tamen
1562 5286 1754 5356 specie
1786 5285 1978 5342 fallaci
2013 5289 2169 5344 simi-

517 5374 617 5438 lia,
646 5378 707 5428 ut
729 5372 925 5428 eidem
957 5373 1307 5444 prudentia,
1343 5389 1464 5429 non
1497 5375 1920 5445 imprudentia,
1955 5378 2050 5430 sed
2081 5394 2169 5433 as-

524 5461 688 5516 tutia.
723 5463 1055 5517 Nuncenim
1087 5478 1220 5517 eam
1239 5463 1373 5517 dico
1395 5462 1697 5528 astutiam,
1725 5479 1862 5535 qua
1895 5466 2170 5522 usitatius

520 5549 580 5604 in
625 5549 934 5604 malitiosis
972 5551 1214 5622 intelligi
1247 5557 1302 5607 et
1351 5553 1549 5607 vocari
1587 5552 1734 5608 solet
1781 5572 1796 5622 ;
1855 5570 1976 5609 non
2019 5556 2172 5611 sicut

525 5641 727 5697 nostra
755 5637 918 5709 loqui
951 5640 1250 5713 Scriptura
1281 5641 1609 5711 consuevit,
1646 5657 1782 5718 qua
1822 5659 1978 5721 sape
2009 5649 2172 5707 astu-

1811 177 1872 235 s.
1918 166 2310 232 AUGUSTINI
2353 168 2679 230 EPISCOPI
3794 180 3887 236 736

2273 296 2424 352 tiam
2451 298 2510 352 in
2542 297 2707 354 bono
2740 297 2908 369 ponit
2939 313 2950 353 :
2985 296 3163 363 unde,
3196 298 3583 356 Esloteastuti
3607 305 3668 356 ut
3689 318 3893 375 serpen-

2275 393 2350 441 tes
2386 385 2614 457 (Matth.
2644 404 2696 453 x,
2732 388 2814 458 16)
2854 405 2866 455 ;
2899 393 2954 442 et
2979 388 3145 452 illud,
3182 389 3253 444 Ut
3292 395 3344 444 et
3375 389 3771 448 innocentibus
3810 395 3890 450 det

2273 475 2554 532 astutiam
2584 477 2786 547 (Prov.
2818 496 2852 542 ι,
2892 477 2965 548 4).
3000 478 3358 549 Quanquam
3384 485 3439 534 et
3465 479 3630 549 apud
3658 480 3778 536 illos
3801 485 3890 538 Ro-

2277 581 2464 620 mana
2496 565 2712 636 lingua
2743 566 3173 622 disertissimus
3203 567 3436 635 dixerit,
3469 569 3666 640 Neque
3702 570 3792 625 illi
3816 579 3893 628 ta-

2273 670 2404 710 men
2434 655 2515 711 ad
2536 656 2864 711 cavendum
2891 657 3083 721 dolus,
3118 662 3223 712 aut
3254 657 3473 713 astutia
3495 658 3733 714 deerant
3764 659 3894 730 (Sal-

2275 745 2432 810 lusl.,
2457 746 2529 800 de
2554 745 2723 800 Bello
2757 745 3045 816 Catilin.),
3075 746 3352 802 astutiam
3377 762 3608 817 ponens
3637 748 3696 802 in
3720 747 3892 809 bono:

2275 834 2380 888 sed
2394 834 2558 904 apud
2579 833 2708 888 illos
2722 835 3117 899 rarissimum,
3137 835 3299 906 apud
3331 841 3566 891 nostros
3580 835 3895 909 frequentis-

2276 923 2495 978 simum
2513 928 2623 978 est.
2652 922 2984 995 ltemquein
3001 924 3272 994 partibus
3301 926 3724 993 temperantia,
3751 942 3893 997 aper-

2275 1012 2500 1068 tissime
2539 1012 2836 1068 contraria
2866 1018 2953 1067 est
2983 1011 3195 1068 effusio
3225 1013 3648 1084 parcimonia:
3682 1029 3749 1068 ea
3775 1029 3895 1071 vero

2274 1118 2409 1173 qua
2438 1103 2720 1158 tenacitas
2748 1102 2864 1157 dici
2893 1102 3076 1172 vulgo
3109 1101 3277 1164 solet,
3306 1102 3514 1157 vitium
3540 1103 3776 1174 quidem
3804 1110 3894 1173 est,

2277 1196 2475 1246 tamen
2504 1191 2889 1262 parcimonia
2915 1191 3124 1255 simile,
3146 1206 3267 1246 non
3289 1197 3524 1254 natura.
3552 1191 3654 1247 sed
3677 1191 3896 1249 fallacisv

2277 1282 2431 1337 sima
2460 1281 2675 1352 specie.
2692 1283 2836 1335 Item
2849 1279 3333 1336 dissimilitudine
3358 1280 3671 1336 manifesta
3694 1288 3894 1338 contra-

2274 1370 2363 1424 ria
2393 1374 2482 1424 est
2512 1369 2800 1440 injustitia
2834 1368 3074 1437 justitia
3095 1385 3107 1422 :
3129 1368 3274 1423 solet
3305 1372 3508 1424 autem
3537 1370 3709 1440 quasi
3735 1370 3896 1425 imita-

2274 1458 2322 1514 ri
2357 1458 2647 1528 justitiam
2700 1457 3042 1512 vindicandi
3084 1473 3144 1512 se
3175 1457 3380 1522 libido,
3415 1457 3524 1512 sed
3579 1457 3775 1513 vitium
3802 1463 3892 1514 est.

2275 1547 2518 1619 Ignavia
2543 1547 2864 1602 fortitudini
2885 1547 3199 1618 perspicue
3219 1547 3521 1601 contraria
3542 1551 3629 1602 est
3660 1563 3672 1601 :
3707 1546 3896 1602 duritia

2275 1651 2410 1691 vero
2438 1636 2616 1690 distat
2647 1640 2880 1700 natura,
2915 1635 3060 1690 fallit
3102 1634 3513 1690 similitudine.
3562 1635 3894 1702 Constantia,

2275 1741 2416 1798 pars
2429 1724 2706 1796 quadam
2733 1724 2967 1779 virtutis
2990 1723 3349 1789 est;abhac,
3380 1725 3776 1780 inconstantia
3792 1724 3896 1779 lon-

2275 1832 2345 1886 ge
2386 1816 2683 1879 abhorret,
2713 1819 2767 1868 et
2795 1815 3039 1870 indubie
3057 1814 3418 1870 contrasistit
3443 1831 3458 1868 :
3493 1815 3796 1887 pertinatia
3818 1829 3876 1869 ve

2275 1921 2339 1960 ro
2366 1904 2703 1960 constantia
2729 1903 2844 1959 dici
2877 1902 3129 1969 affectat,
3161 1908 3215 1958 et
3237 1919 3360 1959 non
3395 1909 3520 1971 est;
3551 1904 3690 1976 quia
3718 1903 3807 1958 illa
3827 1907 3896 1958 est

2274 1995 2477 2063 virtus,
2523 1994 2636 2048 hoc
2662 1993 2890 2048 vitium.

2346 2088 2398 2137 7.
2435 2085 2501 2139 Ut
2526 2097 2668 2152 ergo
2688 2097 2808 2136 non
2832 2083 3045 2136 iterum
3081 2081 3293 2138 eadem
3326 2097 3792 2137 commemorare
3813 2096 3896 2136 ne-

2276 2187 2442 2226 cesse
2459 2172 2549 2237 sit,
2573 2169 2827 2242 exempli
2845 2170 3034 2239 gratia
3049 2185 3350 2242 ponamus
3371 2170 3602 2242 aliquid
3630 2169 3776 2224 unde
3789 2184 3895 2240 pos-

2276 2261 2391 2317 sint
2418 2266 2632 2316 catera
2659 2259 2920 2329 intelligi.
2957 2259 3226 2325 Catilina,
3248 2265 3312 2314 ut
3343 2259 3413 2314 de
3439 2259 3538 2315 illo
3569 2259 3896 2330 scripserunt

2276 2351 2378 2424 qui
2418 2365 2594 2405 nosse
2628 2347 3189 2420 potuerunt,frigns,
3221 2347 3638 2414 sitim,famem
3665 2349 3894 2418 ferrepo.

2278 2445 2698 2510 terat,eratque
2715 2439 2946 2510 patiens
2961 2437 3195 2502 inedia,
3213 2438 3462 2509 algoris,
3483 2437 3714 2506 vigilia,
3741 2451 3894 2506 supra

2275 2545 2461 2601 quam
2490 2529 2776 2598 cuiquam
2807 2525 3086 2581 credibile
3117 2531 3222 2592 est,
3267 2542 3336 2582 ac
3369 2542 3478 2598 per
3503 2527 3616 2582 hoc
3643 2533 3696 2580 et
3725 2524 3824 2579 sibi
3852 2526 3896 2578 et

2278 2618 2398 2671 suis
2414 2632 2628 2685 magna
2650 2615 2935 2687 praditus
2950 2615 3293 2670 fortitudine
3306 2615 3892 2686 videbatur(Sallust.,

2277 2707 2350 2762 de
2388 2707 2560 2762 Bello
2601 2703 2888 2775 Calilin.).
2925 2705 3035 2760 Sed
3060 2704 3188 2759 hac
3212 2703 3501 2760 fortitudo
3525 2704 3775 2776 prudens
3796 2715 3894 2757 non

2278 2800 2430 2861 erat;
2461 2794 2620 2850 mala
2633 2795 2791 2848 enim
2819 2809 2926 2864 pro
2943 2793 3114 2848 bonis
3137 2792 3430 2864 eligebat:
3456 2799 3784 2864 temperans
3797 2805 3894 2846 non

2277 2891 2401 2940 erat
2421 2900 2435 2950 ;
2455 2882 2805 2954 corruptelis
2819 2881 2978 2937 enim
2993 2883 3357 2953 turpissimis
3374 2882 3734 2938 fadabatur:
3761 2882 3892 2949 iusta

2278 2989 2398 3029 non
2425 2977 2732 3040 erat;nam
2749 2977 2957 3026 contra
2970 2972 3225 3042 patriam
3252 2973 3691 3043 conjuraverat.
3718 2968 3892 3025 Etideo

2279 3079 2388 3119 nec
2415 3061 2699 3118 fortitudo
2726 3065 2881 3127 erat;
2909 3060 3010 3116 sed
3037 3059 3256 3116 duritia
3283 3061 3418 3122 sibi.
3457 3067 3518 3117 ut
3544 3060 3742 3115 stultos
3763 3057 3893 3113 falle-

2278 3158 2384 3218 ret,
2401 3167 2618 3207 nomen
2634 3150 2993 3206 fortitudinis
3017 3150 3402 3221 imponebat:
3423 3166 3562 3206 nam
3577 3149 3622 3203 si
3649 3145 3892 3204 fortitudo

2279 3249 2454 3308 esset,
2486 3257 2604 3296 non
2639 3240 2867 3305 vitium,
2903 3239 3007 3294 sed
3027 3239 3208 3295 virtus
3230 3245 3414 3306 esset;
3440 3239 3490 3294 si
3517 3245 3706 3294 autem
3737 3237 3892 3291 virtus

2277 3337 2451 3397 esset,
2481 3346 2516 3385 a
2537 3330 2762 3385 cateris
2785 3328 3095 3384 virtutibus
3116 3333 3410 3400 tanquam
3431 3323 3891 3399 inseparabilibus

2278 3420 2596 3476 comitibus
2628 3433 2943 3490 nunquam
2976 3417 3434 3489 relinqueretur.

2351 3515 2400 3564 8.
2419 3511 2461 3575 Q
2474 3513 2791 3579 uapropter
2803 3507 2951 3562 dum
2965 3507 3252 3579 quaritur
3267 3507 3450 3562 etiam
3474 3507 3546 3562 de
3567 3505 3710 3562 vitiis
3725 3508 3888 3558 utrum

2278 3600 2412 3670 ipsa
2438 3597 2706 3652 similiter
2736 3595 2942 3651 omnia
2967 3596 3106 3658 sint,
3140 3594 3239 3649 ubi
3269 3610 3459 3650 unum
3482 3595 3616 3658 erit;
3653 3589 3890 3649 autnulla

2278 3689 2412 3753 sint,
2450 3686 2548 3740 ubi
2573 3701 2758 3740 unum
2796 3699 2913 3739 non
2941 3684 3082 3751 erit;
3111 3683 3484 3739 laboriosum
3517 3690 3602 3739 est
3647 3683 3702 3737 id
3731 3685 3889 3736 osten-

2279 3777 2436 3842 dere,
2472 3779 2787 3847 propterea
2812 3773 2956 3844 quia
2989 3773 3084 3827 uni
3138 3773 3336 3828 virtuti
3366 3772 3492 3829 duo
3536 3773 3673 3829 vitia
3700 3765 3887 3842 opponi

2277 3869 2487 3930 solent,
2520 3862 2749 3935 etquod
2778 3867 2978 3934 aperte
3008 3863 3370 3918 contrarium
3387 3867 3499 3929 est,
3528 3867 3583 3918 et
3611 3858 3762 3934 quod
3783 3869 3886 3928 spe-

2277 3957 2363 4012 cie
2391 3952 2797 4010 similitudinis
2826 3951 3247 4006 adumbratur.
3281 3953 3444 4008 Unde
3476 3951 3576 4008 illa
3603 3946 3882 4006 Catilina‘.

2276 4045 2422 4117 quia
2452 4041 2736 4098 fortitudo
2767 4057 2888 4096 non
2915 4049 3216 4112 erat,qua
3231 4047 3410 4105 esset,
3445 4057 3580 4097 cum
3595 4052 3779 4095 secum
3793 4033 3883 4087 vir-

2278 4138 2428 4189 tutes
2459 4132 2605 4187 alias
2634 4145 2753 4185 non
2793 4129 3077 4195 habebat,
3123 4129 3355 4185 facilius
3389 4129 3723 4186 videbatur:
3749 4119 3883 4196 quod

2277 4237 2414 4277 vero
2447 4219 2686 4292 ignavia
2711 4218 2904 4282 fuerit,
2935 4217 3036 4272 ubi
3063 4217 3408 4274 exercitatio
3439 4216 3727 4291 quaslibet
3767 4224 3880 4282 gra-

2278 4311 2559 4366 vissimas
2591 4307 2890 4364 molestias
2905 4307 3275 4379 perpetiendi
3299 4313 3481 4379 atque
3504 4301 3886 4363 tolerandi,su-

2276 4415 2386 4472 pra
2411 4415 2596 4471 quam
2609 4397 2891 4468 cuiquam
2923 4396 3203 4452 credibile
3218 4401 3326 4461 est,
3354 4395 3482 4461 fuit,
3505 4411 3657 4464 agre
3679 4401 3884 4464 persua-

2276 4489 2401 4544 deri
2427 4493 2638 4560 potest.
2675 4486 2788 4542 Sed
2816 4484 2963 4541 forte
2995 4486 3227 4540 acutius
3260 4486 3642 4548 intuentibus,
3685 4474 3885 4550 ignavia

2277 4584 2527 4649 apparet
2557 4575 2692 4647 ipsa
2717 4573 2969 4639 duritia;
3003 4574 3146 4646 quia
3171 4574 3441 4630 laborem
3477 4573 3759 4629 bonorum
3784 4572 3884 4619 stu-

2276 4667 2513 4723 diorum
2540 4665 2762 4736 quibus
2794 4679 2930 4719 vera
2961 4663 3289 4734 acquiritur
3320 4661 3621 4725 fortitudo,
3654 4655 3885 4727 neglexe-

2277 4761 2385 4812 rat.
2417 4757 2837 4809 Verumtamen
2859 4753 3001 4824 quia
3016 4757 3154 4806 sunt
3179 4752 3440 4808 audaces
3457 4751 3559 4823 qui
3589 4745 3764 4804 timidi
3786 4753 3882 4797 non

2278 4849 2434 4910 sunt,
2463 4849 2740 4898 etrursus
2769 4841 2956 4898 timidi
2978 4840 3199 4912 quibus
3225 4841 3392 4897 abest
3410 4838 3675 4903 audacia,
3694 4847 3813 4890 cum
3827 4827 3883 4882 sil

2280 4939 2600 5004 utrumque
2633 4931 2872 4999 vitium;
2906 4930 3194 5003 quoniam
3226 4930 3329 5002 qui
3359 4945 3493 4986 vera
3518 4929 3718 4982 virtute
3745 4917 3881 4976 fortis

2278 5027 2385 5085 est,
2417 5003 2526 5076 nec
2557 5025 2775 5076 temere
2798 5018 3000 5087 audet,
3031 5033 3137 5073 nec
3163 5016 3491 5073 inconsulte
3523 5016 3681 5072 timet
3713 5003 3880 5076 ;cogi-

2279 5127 2414 5167 mur
2443 5110 2607 5165 fateri
2640 5109 2780 5163 vitia
2800 5109 2969 5179 plura
3001 5123 3128 5162 esse
3157 5106 3496 5162 virtutibus.

2350 5205 2399 5255 9.
2432 5198 2595 5254 Unde
2619 5196 2946 5269 aliquando
2976 5196 3181 5252 vitium
3207 5195 3346 5252 vitio
3370 5194 3582 5251 tollitur
3601 5210 3613 5259 ;
3632 5193 3685 5244 ut
3708 5193 3877 5242 amore

2279 5288 2492 5354 laudis,
2525 5303 2697 5343 amor
2726 5286 2990 5357 pecunia
3026 5302 3037 5340 :
3079 5283 3406 5356 aliquando
3439 5297 3615 5338 unum
3647 5275 3801 5335 cedit,
3825 5271 3876 5364 tit

2278 5378 2451 5450 plura
2481 5376 2831 5441 succedant;
2859 5375 3134 5446 velutqui
3157 5373 3426 5430 ebriosus
3449 5370 3632 5438 fuerit,
3657 5357 3874 5454 simodi'

2279 5449 2413 5522 cum
2430 5465 2665 5530 biberit,
2681 5470 2735 5520 et
2759 5464 3132 5520 tenacitatem
3147 5462 3599 5518 etambitionem
3625 5449 3868 5538 didicerit.

2279 5554 2740 5626 Possuntitaque
2767 5555 2908 5608 vitia
2929 5554 3109 5608 etiam
3134 5553 3343 5609 cedere
3370 5549 3518 5606 vitiis
3551 5537 3871 5600 succedenti-

2339 5656 2356 5690 ί
2391 5654 2516 5705 Mss.
2549 5652 2683 5702 duo:
2712 5652 2816 5702 Illa
2847 5652 3091 5701 Catilina
3115 5651 3330 5706 duritia,
3363 5649 3481 5716 quia
3498 5639 3743 5711 fortitudo.
3777 5635 3861 5681 ρίο-
