4098 6166
181 133 308 194 737

181 263 342 330 bus,
363 278 482 320 non
511 260 857 326 virtutibus;
890 261 943 314 et
965 257 1099 316 ideo
1123 257 1294 331 plura
1322 264 1477 315 sunt.
1508 259 1698 316 Virtus
1717 275 1853 316 vero

183 369 325 426 quo
368 369 487 408 una
517 352 782 419 ingressa
813 347 1004 416 fuerit,
1038 349 1326 420 quoniam
1357 364 1561 404 secum
1611 354 1855 405 caeteras

181 441 387 506 ducit,
412 439 676 513 profecto
705 437 843 494 vitia
859 438 1071 493 cedent
1091 437 1299 493 omnia
1321 453 1719 510 quaecumque
1736 439 1855 492 ine-

180 537 368 587 rant:
404 545 523 586 non
552 529 712 584 enim
743 527 948 583 omnia
969 528 1223 593 inerant,
1249 527 1352 581 sed
1384 527 1856 598 aliquandototi-

181 619 360 687 dem,
399 617 724 690 aliquando
756 616 929 689 plura
981 615 1389 688 paucioribus,
1442 616 1532 671 vel
1564 615 1854 688 pauciora

181 708 478 781 pluribus
503 705 928 762 succedebant.

266 798 498 853 CAPUT
527 797 617 850 lll.
641 827 708 835 —
728 795 810 852 tO.
837 797 966 849 Haec
995 799 1194 849 utrum
1221 794 1303 848 ita
1327 809 1390 849 se
1411 793 1694 859 habeant,
1723 793 1852 848 dili-

178 887 434 959 gentius
465 885 891 957 inquirendum
922 887 1032 938 est.
1067 885 1192 938 Non
1224 882 1383 938 enim
1417 887 1471 937 et
1503 882 1622 938 ista
1647 882 1853 937 divina

181 976 613 1040 sententiaest,
630 988 752 1045 qua
773 971 1123 1041 dicitur,0ui
1141 987 1324 1026 unam
1340 971 1618 1027 virtutem
1631 971 1856 1026 habue-

177 1064 291 1131 rit,
319 1081 533 1120 omnes
547 1062 727 1118 habet
751 1084 762 1127 ;
784 1061 956 1133 eique
973 1059 1417 1126 nullainest,cui
1435 1077 1554 1116 una
1572 1060 1850 1115 defuerit:

182 1157 304 1210 sed
323 1153 675 1209 hominibus
694 1151 808 1206 hoc
827 1150 1022 1204 visum
1041 1152 1144 1214 est,
1165 1149 1417 1204 multum
1432 1149 1854 1221 quidem_inge--

182 1242 412 1307 niosis,
438 1238 856 1304 studiosis,sed
873 1244 1076 1293 tamen
1089 1237 1586 1308 hominibus.Ego
1603 1253 1740 1292 vero
1754 1253 1851 1292 ne-

186 1331 326 1387 scio
349 1327 871 1403 quemadmodum
891 1326 1112 1396 dicam,
1140 1341 1256 1381 non
1282 1326 1418 1382 dico
1435 1327 1642 1391 virum,
1667 1342 1702 1381 a
1731 1341 1854 1398 quo

186 1419 588 1476 denominata
605 1417 821 1473 dicitur
833 1417 1040 1481 virtus,
1073 1417 1176 1470 sed
1190 1415 1368 1470 etiam
1383 1415 1693 1470 mulierem
1716 1429 1852 1486 quas

185 1509 322 1565 viro
345 1524 458 1564 suo
481 1507 794 1564 servattori
810 1505 1011 1572 ﬁdem,
1032 1505 1079 1559 si
1106 1504 1220 1559 hoc
1243 1503 1424 1560 faciat
1450 1509 1691 1576 propter
1704 1519 1857 1574 prte-

185 1604 442 1670 ceptum
466 1602 522 1654 et
549 1597 911 1669 promissum
936 1593 1059 1658 Dei,
1093 1594 1294 1665 eique1
1319 1594 1592 1664 primitus
1613 1593 1689 1648 sit
1711 1592 1854 1647 ﬁde-

180 1687 417 1753 lis,non
432 1687 653 1743 habere
667 1684 1015 1757 pudicitiam
1027 1688 1152 1750 ,aut
1163 1682 1512 1754 pudicitiam
1529 1682 1747 1738 nullam
1764 1681 1852 1736 vel

182 1793 452 1850 parvam
480 1792 608 1832 esse
627 1777 933 1838 virtutem;
964 1773 1048 1826 sic
1075 1773 1425 1827 etmaritum
1448 1772 1678 1843 quihoc
1693 1771 1850 1826 idem

185 1873 394 1923 servat
426 1865 628 1920 uxori:
657 1869 713 1919 et
738 1869 938 1918 tamen
973 1866 1110 1916 sunt
1135 1860 1375 1933 plurimi
1399 1861 1561 1924 tales,
1590 1877 1850 1933 quorum

184 1957 326 2011 sine
345 1955 550 2027 aliquo
566 1959 809 2026 peccato
833 1967 959 2006 esse
976 1951 1276 2006 neminem
1290 1950 1564 2016 dixerim,
1580 1957 1636 2005 et
1651 1951 1852 2022 utique

181 2044 340 2101 illud
365 2044 804 2117 qualecumque
829 2048 1138 2111 peccatum
1169 2057 1241 2095 ex
1263 2040 1465 2111 aliquo
1501 2039 1642 2095 vitio
1669 2041 1848 2096 venit.

189 2135 368 2190 Unde
401 2131 689 2205 pudicitia
711 2129 1049 2200 conjugalis
1073 2129 1131 2183 in
1157 2129 1296 2183 viris
1322 2129 1682 2200 feminisque
1707 2129 1848 2184 reli-

184 2224 383 2294 giosis
416 2237 552 2277 cum
587 2219 794 2293 procul
825 2219 1012 2274 dubio
1065 2219 1248 2274 virtus
1279 2219 1373 2284 sit,
1405 2235 1524 2274 non
1557 2219 1716 2273 enim
1749 2224 1852 2274 aut

186 2312 366 2376 nihil,
401 2317 504 2366 aut
534 2309 740 2365 vitium
768 2314 872 2372 est,
908 2323 1028 2363 non
1060 2313 1262 2364 tamen
1295 2323 1499 2363 secum
1526 2308 1849 2363 habetom-

183 2417 298 2457 nes
325 2401 599 2456 virtutes.
623 2399 774 2453 Nam
800 2399 846 2452 si
875 2412 1084 2452 omnes
1106 2397 1184 2452 ibi
1209 2402 1427 2463 essent,
1453 2397 1680 2453 nullum
1697 2401 1850 2452 esset

181 2490 442 2556 vitium;
470 2489 518 2543 si
547 2487 777 2543 nullum
805 2487 1032 2551 vitium,
1075 2487 1306 2542 nullum
1360 2489 1608 2542 omnino
1639 2504 1852 2559 pecca-

183 2585 324 2636 tum
350 2581 514 2651 :quis
528 2583 728 2633 autem
752 2576 880 2631 sine
894 2576 1096 2648 aliquo
1111 2575 1395 2647 peccato?
1417 2577 1552 2648 quis
1571 2592 1708 2647 ergo
1725 2577 1850 2632 sine

185 2669 400 2742 aliquo
414 2668 574 2733 vitio,
596 2666 654 2721 id
687 2670 774 2721 est
803 2667 1004 2721 fomite
1029 2666 1318 2738 quodam,
1342 2667 1432 2721 vel
1453 2666 1628 2738 quasi
1653 2667 1851 2722 radice

181 2758 591 2831 peccati,cum
607 2756 821 2810 clamet
839 2756 941 2826 qui
957 2771 1141 2826 supra
1155 2761 1358 2827 pectus
1377 2756 1606 2810 Domini
1622 2772 1851 2811 recum-

182 2848 398 2912 bebat,
431 2845 491 2901 Si
509 2845 836 2903 dixerimus
866 2845 1009 2915 quia
1039 2851 1349 2913 peccatum
1389 2861 1508 2900 non
1541 2846 1847 2910 habemus,

184 2953 301 2993 nos
341 2937 497 3006 ipsos
540 2934 884 3004 decipimus,
932 2940 984 2989 et
1037 2933 1254 2990 veritas
1287 2933 1350 2988 in
1393 2935 1560 2989 nobis
1609 2950 1728 2990 non
1768 2939 1852 2990 est

181 3026 428 3098 (IJoan.
458 3027 507 3090 t,
532 3023 628 3095 8)?
659 3026 859 3096 Neque
881 3022 994 3078 hoc
1019 3023 1184 3093 apud
1215 3027 1268 3078 te
1295 3022 1518 3078 diutius
1549 3023 1852 3095 agendum

185 3122 322 3186 est;
355 3115 458 3170 sed
490 3119 732 3186 propter
763 3113 914 3168 alios
941 3112 1047 3184 qui
1086 3111 1233 3168 forte
1265 3112 1375 3168 hoc
1400 3111 1667 3182 legerint,
1694 3114 1848 3169 dico.

185 3208 346 3263 Nam
377 3209 436 3260 tu
464 3202 706 3275 quidem
734 3202 793 3257 in
818 3201 1030 3257 eodem
1049 3202 1181 3273 ipso
1194 3217 1372 3273 opere
1385 3202 1700 3273 splendido
1715 3218 1853 3257 con-

182 3300 286 3353 tra
315 3292 699 3349 Jovinianum
733 3291 880 3363 (Lib.
916 3295 973 3362 ιι)
1002 3291 1182 3347 etiam
1234 3291 1346 3346 hoc
1404 3291 1477 3345 de
1539 3291 1854 3364 Scripturis

192 3383 423 3440 sanctis
448 3381 761 3451 diligenter
794 3380 1063 3451 probasti
1094 3395 1106 3434 :
1144 3378 1248 3435 ubi
1274 3379 1454 3436 etiam
1473 3395 1544 3436 ex
1575 3379 1688 3437 hac
1718 3381 1853 3452 ipsa

190 3470 486 3545 Epistola,
502 3470 674 3540 cujus
695 3469 874 3524 verba
892 3473 1300 3541 suntquorum
1318 3485 1474 3524 nunc
1489 3469 1853 3525 intellectum

190 3562 583 3635 requirimus,
618 3560 866 3632 posuisti
895 3560 1058 3631 quod
1081 3561 1369 3630 scriptum
1411 3565 1515 3625 est,
1542 3561 1615 3616 In
1649 3561 1854 3616 multis

191 3654 350 3709 enim
384 3650 737 3720 offendimus
761 3665 957 3704 omnes
973 3648 1201 3719 (Jacobi
1225 3665 1303 3715 ιιι,
1327 3652 1399 3718 2).
1426 3653 1552 3705 Non
1566 3651 1725 3706 enim
1751 3651 1854 3716 ait,

191 3740 528 3806 Oﬁ'enditis,
559 3739 663 3794 sed
694 3739 1064 3808 oﬂ'endimus,
1094 3755 1231 3793 cum
1263 3738 1473 3794 Christi
1511 3739 1856 3811 loqueretur

192 3830 539 3902 apostolus:
563 3833 769 3883 etcum
787 3828 902 3883 hoc
924 3827 1054 3882 loco
1077 3827 1257 3894 dicat,
1282 3826 1644 3899 Quicumque
1656 3835 1851 3884 autem
1882 3829 1889 3834 ’

195 3925 383 3976 totam
414 3920 587 3989 legem
617 3915 1240 3985 servaverit,o/7‘endat
1259 3925 1455 3973 autem
1471 3919 1530 3972 in
1560 3934 1695 3984 uno,
1723 3919 1855 3988 fac-

201 4017 299 4065 tus
330 4014 410 4064 est
443 4007 705 4062 omnium
736 4020 872 4061 reus
898 4017 920 4075 ,'
952 4005 1033 4059 ibi
1063 4020 1181 4059 non
1216 4005 1275 4060 in
1309 4021 1451 4073 uno,
1482 3994 1586 4062 sed
1613 4007 1675 4062 in
1705 4008 1858 4063 mul-

205 4100 314 4164 tis;
343 4112 451 4152 nec
480 4095 800 4168 quosdam,
835 4093 938 4148 sed
964 4107 1157 4149 omnes
1185 4093 1325 4150 dicit
1351 4093 1673 4152 offendere.

279 4187 362 4240 tl.
393 4183 560 4239 Absit
586 4187 787 4239 autem
813 4187 874 4238 ut
894 4183 1215 4254 quisquam
1238 4183 1434 4239 ﬁdelis
1457 4185 1753 4242 existimet
1776 4191 1858 4242 tot

197 4273 389 4332 millia
415 4288 724 4328 servorum
755 4271 987 4342 Christi,
1011 4273 1113 4344 qui
1135 4274 1418 4329 veraciter
1437 4273 1642 4329 dicunt
1670 4291 1734 4330 se
1755 4275 1858 4330 ha-

196 4366 341 4422 bere
360 4368 696 4436 peccatum,
712 4379 786 4418 ne
805 4362 1034 4434 seipsos
1051 4362 1368 4434 decipiant,
1389 4367 1444 4419 et
1467 4364 1682 4419 veritas
1702 4365 1761 4419 in
1776 4366 1856 4421 eis

198 4470 316 4510 non
342 4453 436 4519 sit,
463 4451 686 4507 nullam
709 4451 929 4507 habere
949 4451 1243 4517 virtutem,
1265 4467 1401 4507 cum
1424 4453 1609 4508 virtus
1634 4469 1857 4523 magna

199 4544 274 4598 sit
305 4540 631 4614 sapientia:
665 4541 822 4596 dixit
849 4546 1073 4603 autem,
1101 4541 1228 4610 ipsa
1262 4541 1575 4612 sapientia,
1608 4543 1856 4614 homini,

201 4632 357 4689 Ecce
377 4633 569 4701 pietas
599 4637 680 4687 est
711 4629 1006 4699 sapientia
1038 4630 1169 4700 (Job
1202 4647 1402 4696 xxvm,
1432 4633 1520 4694 28,
1549 4647 1660 4688 sec.
1688 4634 1856 4702 LXX).

199 4720 376 4776 Absit
397 4736 538 4790 ergo
562 4724 623 4775 ut
647 4719 920 4775 dicamus
948 4723 1032 4773 tot
1059 4735 1128 4774 ac
1155 4723 1347 4774 tantos
1384 4719 1589 4775 ﬁdeles
1632 4727 1688 4776 et
1729 4721 1860 4792 pios

204 4809 481 4866 homines
505 4808 603 4863 Dei
635 4823 753 4863 non
783 4807 1002 4863 habere
1028 4808 1329 4878 pietatem,
1353 4825 1537 4880 quam
1564 4811 1747 4865 Graeci
1767 4811 1862 4866 vel

205 4895 486 4964 εὐσέϐειαν,
509 4895 597 4952 vel
618 4897 955 4968 expressius
974 4900 1029 4950 et
1047 4895 1276 4967 plenius
1297 4895 1584 4949 θεοσέϐειαν
1610 4904 1858 4956 vocant:

202 4986 349 5058 quid
377 4992 574 5042 autem
609 4991 693 5041 est
722 4985 929 5057 pietas,
964 4985 1075 5040 nisi
1111 4985 1206 5040 Dei
1237 4986 1549 5043 cultus?et
1574 4988 1732 5044 unde
1764 4989 1859 5045 ille

202 5074 435 5140 colitur,
454 5074 564 5130 nisi
579 5073 1176 5131 charitate?Charitas
1195 5075 1372 5146 igitur
1398 5075 1471 5132 de
1498 5077 1675 5133 corde
1709 5093 1859 5150 puro

202 5171 258 5221 et
283 5165 651 5220 conscientia
679 5163 842 5220 bona
863 5168 918 5218 et
939 5163 1053 5221 ﬁde
1077 5181 1198 5220 non
1218 5165 1376 5229 ﬁcta,
1399 5183 1621 5238 magna
1638 5173 1694 5222 et
1723 5182 1862 5225 vera

204 5255 391 5310 virtus
417 5261 523 5325 est,
542 5253 685 5326 quia
702 5253 831 5325 ipsa
844 5259 935 5308 est
962 5259 1016 5309 et
1032 5255 1164 5309 ﬁnis
1179 5256 1455 5328 praecepti
1481 5257 1521 5328 (l
1546 5258 1693 5314 Tim.
1719 5264 1763 5323 t,
1783 5259 1860 5331 5).

204 5344 406 5402 Merito
459 5343 616 5399 dicta
655 5347 743 5398 est
764 5342 941 5411 fortis
965 5345 1116 5400 sicut
1161 5360 1315 5400 mors
1355 5347 1556 5416 (Cant.
1617 5363 1728 5412 Vlll,
1765 5349 1855 5418 6):

240 5481 278 5550 .'
302 5477 456 5549 Edd.,_
475 5482 650 5554 atque:
953 5477 1050 5554 ξεί]
1067 5478 1256 5554 melius
1275 5478 1402 5554 Mss:
1422 5479 1590 5554 Uasal.
1607 5485 1658 5554 et
1670 5481 1859 5554 vatict,

204 5541 346 5614 eique
367 5541 612 5613 primitus
629 5553 648 5600 ;
668 5540 866 5613 vetanti
895 5540 1094 5591 habent
1117 5541 1205 5591 alii
1227 5546 1332 5591 tres
1355 5543 1543 5600 Vatic.,
1577 5547 1621 5592 et
1651 5545 1732 5592 cui
1754 5546 1863 5608 pri-

204 5608 360 5654 mitus
379 5607 446 5653 ut
467 5603 646 5666 ﬁdelis,
676 5603 877 5654 scilicet
907 5604 1035 5654 Deo.

1431 129 1932 193 EPISTOLABUM
1973 135 2268 199 CLASSIS
2315 141 2413 200 III.

3519 152 3624 207 738

1965 264 2084 320 sive
2114 268 2256 337 quia
2282 285 2461 326 nemo
2482 285 2612 326 eam
2638 269 2834 336 vincit,
2852 269 3002 326 sicut
3024 276 3275 329 mortem
3301 293 3313 341 ;
3338 277 3460 332 sive
3479 278 3623 349 quia

1964 353 2023 408 in
2040 353 2154 410 hac
2179 358 2292 413 vita
2313 375 2500 430 usque
2525 360 2600 414 ad
2616 364 2869 415 mortem
2890 367 2975 416 est
2993 377 3274 418 mensura
3295 364 3622 432 charitatis,

1963 443 2112 499 sicut
2145 445 2434 502 Dominus
2467 449 2585 515 ait;
2621 450 2892 519 Majorem
2924 451 3036 505 hac
3064 450 3415 508 charitatem
3454 471 3623 511 nemo

1962 529 2149 602 habet,
2164 550 2342 604 quam
2365 543 2428 591 ut
2454 539 2717 592 animam
2739 553 2906 593 suam
2934 546 3113 604 ponat
3140 540 3274 609 quis
3291 557 3399 608 pro
3421 545 3624 599 amicis

1960 622 2076 676 suis
2108 623 2302 693 (Joan.
2355 642 2448 690 xv,
2493 626 2582 696 ¹13)
2616 645 2631 696 ;
2663 629 2784 681 sive
2827 628 3043 697 potius,
3084 630 3229 699 quia
3269 631 3420 685 sicut
3462 649 3623 688 mors

1961 713 2228 768 animam
2250 715 2493 770 avellita
2516 716 2793 770 sensibus
2811 716 3029 781 carnis,
3052 718 3130 770 sic
3150 718 3404 773 charitas
3430 737 3463 774 a
3486 737 3626 776 con-

1962 801 2342 871 cupiscentiis
2360 804 2872 860 carnalibus.Huic
2893 806 3189 859 subservit
3211 808 3620 873 scientia,cum

1961 895 2051 943 est
2080 891 2274 960 utilis;
2299 909 2438 947 nam
2473 895 2596 949 sine
2629 893 2726 949 illa
2755 892 2922 948 inﬂat
2950 893 2988 964 (1
3015 896 3144 949 Cor.
3182 911 3297 958 vni,
3337 897 3384 966 t)
3422 899 3622 967 :quod

1964 994 2103 1032 vero
2136 978 2235 1035 illa
2261 982 2620 1038 aediﬁcando
2649 983 3002 1054 impleverit,
3026 983 3172 1037 nihil
3200 983 3278 1036 ibi
3307 985 3419 1039 ista
3446 987 3622 1041 inane

1958 1068 2120 1136 quod
2159 1067 2340 1134 inﬂet,
2371 1071 2649 1126 inveniet.
2681 1071 2891 1127 Utilem
2924 1087 3101 1141 porro
3133 1073 3446 1128 scientiam
3481 1073 3624 1128 deﬁ-

1962 1155 2183 1211 niendo
2227 1161 2596 1226 monstravit,
2635 1160 2737 1215 ubi
2778 1176 2913 1215 cum
2949 1160 3213 1224 dixisset,
3251 1163 3399 1217 Ecce
3433 1162 3622 1230 pietas

1961 1250 2044 1299 est
2072 1247 2359 1314 sapientia
2383 1271 2404 1318 ,-
2431 1248 2716 1304 continuo
2741 1249 3070 1318 snbjunxit,
3095 1250 3406 1307 Abstinere
3433 1267 3567 1307 vero
3586 1268 3622 1308 a

1962 1334 2157 1394 malis,
2186 1335 2424 1390 scientia
2448 1343 2550 1391 est.
2572 1337 2686 1390 Cur
2715 1353 2856 1408 ergo
2888 1352 3007 1391 non
3040 1338 3316 1401 dicimus,
3337 1340 3436 1410 qui
3467 1340 3620 1395 hanc

1959 1422 2236 1477 virtutem
2262 1424 2462 1494 habet,
2482 1426 2701 1480 habere
2722 1442 2931 1480 omnes
2952 1444 2964 1492 ;
2984 1443 3118 1480 cum
3146 1426 3452 1497 plenitudo
3476 1428 3622 1500 legis

1961 1511 2036 1564 sit
2057 1511 2315 1567 Charitas
2337 1512 2526 1583 (Rom.
2549 1530 2664 1577 xm,
2704 1513 2841 1584 10)?
2863 1518 2946 1569 An
2979 1521 3206 1586 quanto
3231 1517 3423 1585 magis
3446 1523 3534 1571 est
3560 1518 3618 1572 in

1961 1599 2226 1666 homine,
2254 1605 2418 1656 tanto
2449 1603 2642 1670 magis
2673 1609 2760 1657 est
2793 1603 3005 1657 virtute
3039 1605 3320 1673 praeditus
3347 1620 3357 1658 :
3392 1610 3619 1676 quanto

1961 1693 2160 1744 autem
2185 1691 2404 1759 minus,
2422 1696 2587 1746 tanto
2616 1693 2811 1746 minus
2844 1692 2995 1747 inest
3013 1693 3063 1746 ei
3084 1693 3265 1747 virtus
3293 1693 3466 1764 ;quia
3488 1693 3620 1765 ipsa

1959 1782 2050 1832 est
2081 1777 2363 1843 virtus;et
2391 1785 2618 1850 quanto
2652 1780 2849 1834 minus
2884 1781 3034 1834 inest
3066 1781 3275 1846 virtus,
3303 1787 3464 1837 tanto
3495 1798 3620 1838 ma-

1960 1867 2049 1938 gis
2080 1872 2167 1921 est
2198 1867 2400 1923 vitium
2428 1868 2455 1921 ?
2485 1868 2591 1923 Ubi
2626 1883 2767 1937 ergo
2801 1869 2899 1923 illa
2932 1869 3106 1940 plena
3129 1875 3184 1925 et
3205 1872 3463 1940 perfecta
3487 1873 3615 1937 erit,

1960 1955 2100 2009 nihii
2135 1972 2203 2010 ex
2232 1957 2372 2011 vitio
2404 1957 2755 2012 remanebit.

2037 2049 2116 2098 l2.
2156 2046 2400 2100 Proinde
2431 2046 2574 2100 mihi
2607 2046 2880 2100 videntur
2909 2045 3085 2101 Stoici
3115 2045 3254 2111 falli,
3280 2048 3424 2119 quia
3447 2049 3619 2119 proti-

1961 2134 2210 2188 cientem
2243 2135 2547 2189 hominem
2581 2136 2639 2189 in
2674 2133 2967 2205 sapientia
2999 2136 3211 2190 nolunt
3239 2138 3487 2193 omnino
3517 2141 3617 2194 ha-

1957 2221 2096 2276 bere
2120 2223 2473 2294 sapientiam
2497 2245 2508 2286 ;
2529 2225 2786 2278 sedtunc
2803 2223 3023 2279 habere
3044 2240 3180 2280 cum
3202 2225 3258 2280 in
3280 2242 3347 2281 ea
3366 2230 3614 2282 omnino

1957 2310 2252 2381 perfectus
2270 2311 2473 2367 fuerit:
2499 2329 2618 2366 non
2639 2314 2779 2383 quia
2805 2312 2969 2367 illum
2991 2322 3332 2383 provectum
3361 2323 3616 2385 negant:

1959 2400 2062 2454 sed
2092 2400 2202 2454 nisi
2231 2417 2306 2454 ex
2336 2401 2636 2471 profundo
2663 2402 2930 2472 quodam
2958 2404 3342 2473 emergendo,
3373 2410 3617 2476 repente

1957 2488 2170 2543 emicet
2208 2490 2267 2543 in
2300 2505 2480 2544 auras
2523 2491 2830 2560 sapientiae
2861 2490 3101 2556 liberas,
3137 2492 3301 2547 nulla
3341 2510 3409 2548 ex
3453 2499 3619 2564 parte

1959 2593 2090 2632 esse
2123 2577 2480 2647 sapientem.
2505 2579 2664 2634 Sicut
2691 2580 2848 2633 enim
2884 2579 3025 2634 nihil
3053 2581 3292 2635 interest
3317 2582 3392 2636 ad
3424 2582 3618 2637 homi-

1959 2682 2098 2721 nem
2138 2667 2615 2738 praafocandum,
2659 2673 2858 2722 utrum
2909 2684 3130 2740 aquam
3169 2670 3374 2724 stadiis
3417 2671 3617 2726 multis

1959 2771 2139 2827 super
2163 2771 2223 2810 se
2247 2755 2465 2811 habeat
2497 2755 2702 2820 altam,
2729 2763 2830 2810 aut
2865 2773 2984 2811 uno
3013 2757 3236 2827 palmo,
3268 2766 3366 2813 aut
3396 2759 3619 2827 digito:

1961 2844 2043 2898 sic
2065 2844 2194 2899 illos
2233 2845 2336 2915 qui
2375 2845 2623 2898 tendunt
2654 2845 2728 2899 ad
2767 2845 3148 2915 sapientiam,
3177 2847 3464 2916 proﬁcere
3493 2849 3622 2919 qui-

1959 2933 2098 2987 dem
2127 2933 2351 2997 dicunt,
2402 2937 2694 3004 tanquam
2722 2933 2799 2987 ab
2845 2933 2966 2987 imo
3006 2935 3253 3004 gurgitis
3308 2943 3616 3005 surgentes

1959 3021 2020 3076 in
2045 3037 2264 3085 aerem,
2294 3021 2398 3075 sed
2421 3021 2532 3075 nisi
2564 3026 2745 3076 totam
2771 3022 3078 3077 stultitiam
3109 3023 3622 3094 velutopprimen-

1966 3115 2084 3166 tem
2132 3125 2380 3182 aquam,
2415 3109 2788 3181 proﬁciendo
2831 3110 2989 3165 velut
3018 3111 3382 3182 emergendo
3413 3128 3619 3168 evase-

1959 3200 2094 3264 rint,
2123 3213 2238 3254 non
2271 3199 2491 3254 habere
2515 3199 2813 3264 virtutem,
2835 3215 2944 3255 nec
2983 3216 3112 3255 esse
3143 3202 3442 3272 sapientes
3477 3202 3618 3257 :ubi

1963 3294 2163 3344 autem
2204 3287 2521 3353 evaserint,
2576 3304 2715 3343 mox
2771 3288 2995 3345 habere
3039 3294 3248 3358 totam,
3301 3305 3409 3345 nec
3451 3290 3622 3362 quid-

1962 3393 2146 3449 quam
2183 3377 2440 3433 stultitiae
2471 3393 2799 3444 remanere,
2817 3379 2975 3434 unde
2997 3380 3246 3433 omnino
3271 3378 3456 3434 ullum
3482 3394 3618 3450 pec—

1961 3473 2160 3524 catum
2189 3467 2381 3538 possit
2401 3468 2668 3522 existere.

2039 3561 2120 3612 t3.
2148 3556 2280 3611 Hmc
2299 3556 2640 3620 similitudo,
2666 3556 2762 3611 ubi
2795 3557 3039 3612 stultitia
3057 3557 3214 3612 velut
3234 3573 3414 3630 aqua,
3440 3564 3495 3614 et
3522 3575 3616 3614 sa-

1961 3645 2186 3718 pientia
2213 3646 2375 3700 velut
2405 3661 2506 3700 aer
2528 3647 2787 3716 ponitur,
2813 3653 2871 3701 ut
2895 3647 3134 3700 animus
3155 3663 3188 3701 a
3207 3647 3621 3717 praefocatione

1962 3734 2217 3789 stultitia:
2251 3738 2539 3804 tanquam
2567 3749 2897 3803 emergens,
2924 3736 2983 3787 in
3007 3735 3360 3804 sapientiam
3379 3741 3622 3806 repente

1960 3823 2356 3894 respiret,non
2370 3823 2513 3877 mihi
2531 3822 2762 3877 videtur
2774 3822 2920 3876 satis
2938 3823 3376 3878 accommodata
3391 3828 3621 3880 nostra-

1962 3928 2096 3968 rum
2128 3912 2564 3982 Scripturarum
2589 3910 2922 3967 auctoritati
2949 3911 3082 3966 :sed
3099 3911 3195 3966 illa
3215 3912 3430 3981 potius,
3451 3917 3511 3967 ut
3539 3913 3620 3968 vi-

1963 4001 2110 4057 tium
2135 3999 2484 4055 velstultitia
2508 4000 2783 4064 tenebris,
2822 3999 2936 4055 luci
2965 4007 3164 4056 autem
3197 4000 3380 4055 virtus
3415 4001 3501 4056 vel
3525 4019 3616 4058 sa-

1962 4091 2185 4162 pientia
2199 4104 2329 4144 com
2342 4093 2890 4161 paretur,quantum
2914 4091 3025 4145 ista
3040 4089 3245 4145 similia
3259 4091 3332 4145 de
3346 4105 3624 4162 corpora-

1962 4179 2118 4235 libus
2140 4179 2212 4233 ad
2235 4178 2626 4249 intelligibilia
2648 4178 2783 4234 duci
2813 4184 3087 4250 possunt.
3106 4182 3229 4234 Non
3250 4179 3449 4252 itaque
3473 4182 3623 4236 sicut

1964 4268 2038 4323 de
2069 4268 2240 4339 aquis
2273 4268 2330 4322 in
2372 4283 2570 4323 aerem
2615 4283 2885 4337 surgens,
2923 4269 3024 4323 ubi
3063 4284 3269 4325 earum
3311 4286 3619 4325 summum

1964 4357 2279 4422 transierit,
2331 4362 2572 4428 repente
2635 4363 2928 4427 quantum
2980 4356 3196 4411 sufﬁcit
3248 4358 3618 4428 inspiratur;

1967 4446 2075 4501 sed
2101 4446 2254 4502 sicut
2279 4446 2352 4500 de
2380 4444 2709 4500 tenebrisin
2737 4445 2928 4499 lucem
2953 4445 3303 4514 procedens,
3335 4446 3620 4514 paulatim

1967 4534 2815 4606 progrediendoilluminatur.
2852 4532 3020 4597 Quod
3056 4532 3247 4587 donec
3275 4532 3620 4603 plenissime

1965 4624 2091 4693 ﬁat,
2115 4623 2242 4692 jam
2268 4638 2405 4676 eum
2428 4627 2626 4676 tamen
2657 4621 2909 4675 dicimus
2940 4625 3229 4691 tanquam
3266 4621 3339 4675 de
3372 4621 3622 4677 abditis-

1967 4712 2122 4767 sima
2150 4711 2433 4782 spelunca
2461 4709 2883 4778 egredientem,
2920 4708 3134 4764 vicinia
3161 4709 3310 4765 lucis
3351 4710 3620 4767 afflatum

1967 4806 2130 4858 tanto
2173 4800 2383 4870 magis,
2414 4804 2642 4870 quanto
2685 4798 2879 4867 magis
2911 4801 3274 4870 propinquat
3314 4801 3576 4870 egressui
3605 4817 3619 4856 :

1968 4895 2031 4946 ut
2054 4889 2195 4944 illud
2222 4888 2385 4960 quod
2419 4890 2476 4942 in
2509 4903 2577 4942 eo
2605 4887 2781 4955 lucet,
2814 4888 2886 4942 sit
2918 4889 3117 4958 utique
3148 4903 3219 4942 ex
3244 4890 3468 4943 lumine
3499 4903 3620 4960 quo

1968 4978 2362 5051 progreditur;
2377 4975 2522 5030 illud
2551 4981 2749 5032 autem
2763 4977 2927 5048 quod
2956 4975 3152 5031 adhuc
3165 4977 3489 5030 obscurum
3506 4981 3614 5037 est,

1969 5068 2040 5121 sit
2070 5082 2143 5121 ex
2175 5065 2428 5120 tenebris
2456 5065 2612 5120 unde
2643 5066 2960 5135 egreditur.
2991 5065 3196 5135 Itaque
3213 5071 3268 5118 et
3299 5080 3418 5119 non
3443 5065 3614 5133 justi-

1967 5155 2246 5211 ﬁcabitur
2277 5155 2334 5209 in
2368 5160 2692 5225 conspectu
2753 5154 2847 5209 Dei
2899 5153 3095 5208 omnis
3156 5152 3359 5206 vivens
3417 5153 3612 5222 (Psal.

1969 5259 2135 5309 chn,
2155 5247 2237 5315 2);
2272 5249 2326 5298 et
2352 5244 2754 5313 tamenjustus
2769 5259 2838 5297 ex
2854 5241 2970 5296 ﬁde
3000 5241 3141 5295 vivit
3168 5239 3422 5310 (Habac.
3456 5258 3512 5306 ιι,
3532 5243 3612 5314 4).

1969 5333 2229 5388 Etinduti
2245 5340 2383 5388 sunt
2405 5332 2835 5402 sanctijustitia
2857 5330 3004 5400 (Job.
3032 5331 3308 5399 xx1x,14),
3326 5331 3475 5386 alius
3492 5347 3618 5388 nia-

1969 5422 2084 5491 gis,
2117 5421 2268 5476 alius
2302 5421 2499 5476 minus
2529 5427 2584 5476 et
2605 5435 2782 5475 nemo
2821 5419 2916 5473 hic
2956 5418 3095 5473 vivit
3120 5419 3246 5474 sine
3276 5425 3540 5491 peccato,
3561 5428 3615 5478 et

1968 5510 2084 5566 hoc
2122 5509 2274 5565 alius
2314 5511 2527 5580 magis,
2559 5509 2712 5564 alius
2743 5507 3250 5579 minus;0ptimus
3276 5516 3477 5566 autem
3505 5518 3616 5581 est,

1967 5599 2073 5674 qui
2095 5598 2437 5655 minimum.
