4098 6166
461 144 566 200 739

534 268 760 325 CAPUT
784 268 872 325 IV.
900 300 954 309 —
990 269 1070 324 14.
1115 262 1228 324 Sed
1249 265 1398 339 quid
1428 280 1561 337 ego,
1578 270 1868 339 tanquam
1892 266 2111 323 oblitus

462 358 804 431 cuiloquor,
838 357 1066 412 doctori
1087 355 1296 412 similis
1328 355 1518 413 factus
1548 374 1705 419 sum,
1734 372 1871 411 cum
1895 371 2112 428 propo-

464 447 685 502 suerim
715 445 860 518 quid
888 444 996 500 abs
1013 445 1303 501 tediscere
1336 444 1552 501 velim?
1573 446 1682 501 Sed
1716 446 1859 519 quia
1890 445 1963 500 de
1979 461 2113 516 pec-

462 540 729 591 catorum
746 533 1059 604 parilitate,
1094 534 1250 589 unde
1280 534 1341 589 in
1371 534 1432 590 id
1450 535 1611 607 quod
1630 535 1886 604 agebam
1908 534 2114 590 incidit

461 624 732 695 quaestio,
768 624 1235 678 examinandam
1263 623 1364 678 tibi
1392 625 1747 679 sententiam
1768 640 1962 679 meam
1979 639 2113 695 pro-

459 727 619 766 mere
634 713 1106 785 statueram,jam
1126 728 1259 767 eam
1272 712 1515 767 tandem
1532 712 1860 785 aliquando
1874 712 2040 768 concl
2052 727 2111 766 u-

456 800 621 856 dam.
658 801 808 866 Quia
838 801 947 855 etsi
978 816 1185 856 verum
1214 806 1320 865 est,
1349 817 1488 856 eum
1542 803 1643 873 qui
1683 800 1867 857 habet
1900 816 2108 871 unam,

456 905 669 945 omnes
700 889 920 945 habere
950 889 1376 959 virtutes;eum
1416 889 1519 962 qui
1543 906 1726 945 unam
1760 906 1882 945 non
1905 890 2106 954 habet.

454 978 685 1034 nullam
707 978 928 1033 habere
948 994 959 1032 :
978 994 1086 1032 nec
1109 979 1192 1033 sic
1207 983 1451 1049 peccata
1479 979 1812 1050 suntparia.
1842 979 1991 1044 Quia
2007 980 2109 1035 ubi

460 1068 644 1121 virtus
665 1066 829 1122 nulla
852 1066 1107 1131 est,nihil
1125 1067 1369 1139 quidem
1393 1074 1620 1122 rectum
1644 1073 1761 1133 est;
1779 1083 1885 1123 nec
1910 1073 2107 1123 tamen

456 1156 593 1211 ideo
616 1170 736 1211 non
770 1171 952 1227 pravo
968 1156 1208 1227 pravius
1241 1160 1348 1222 est,
1384 1156 1755 1229 distortoque
1778 1157 2103 1213 distortius.

460 1245 516 1301 Si
535 1249 754 1313 autem,
785 1243 948 1316 quod
972 1249 1115 1315 puto
1143 1261 1271 1301 esse
1297 1245 1516 1313 verius,
1547 1246 1853 1317 sacrisque
1882 1246 2107 1301 Litteris

458 1334 902 1403 congruentius,
930 1334 1786 1399 itasuntanimaaintentiones,
1827 1339 2107 1406 utcorpo-

455 1422 535 1477 ris
580 1421 873 1489 membra,
917 1439 1035 1477 non
1070 1422 1235 1494 quod
1266 1424 1580 1478 videantur
1610 1424 1778 1490 locis,
1809 1424 1915 1480 sed
1940 1424 2106 1497 quod

458 1511 789 1567 sentiantur
814 1510 1159 1577 affectibus;
1189 1512 1419 1567 etaliud
1436 1512 1803 1568 illuminatur
1823 1513 2104 1585 amplius,

458 1600 622 1656 aliud
665 1600 886 1665 minus,
919 1600 1079 1655 aliud
1112 1601 1360 1657 omnino
1393 1606 1556 1657 caret
1590 1602 1817 1658 lumine
1857 1609 1914 1658 et
1944 1606 2108 1658 tene-

454 1689 636 1745 broso
649 1688 1030 1744 inumbratur
1043 1689 1760 1760 obstaculo:profecto,ita
1777 1692 2106 1764 utquisque

458 1777 853 1833 illustratione
881 1778 991 1849 pia:
1019 1777 1585 1834 charitatisaffectus
1607 1784 1713 1845 est,
1738 1779 1797 1834 in
1830 1780 1945 1836 alio
1966 1785 2105 1837 actu

457 1867 737 1936 magis,in
762 1866 878 1922 alio
897 1866 1185 1936 minus,in
1206 1867 1323 1923 alio
1346 1867 1519 1933 nihil;
1547 1868 1631 1923 sic
1653 1874 1844 1940 potest
1864 1868 1978 1925 dici
1996 1868 2107 1925 ha-

452 1953 594 2009 bere
646 1954 849 2020 aliam,
883 1960 937 2009 et
975 1953 1155 2009 aliam
1192 1970 1313 2009 non
1367 1954 1613 2027 habere,
1647 1956 1830 2013 aliam
1883 1958 2104 2027 magis,

454 2042 634 2099 aliam
668 2044 867 2098 minus
883 2043 1100 2098 habere
1132 2044 1427 2100 virtutem.
1457 2048 1605 2116 Nam
1620 2051 1695 2111 et,
1729 2046 1912 2117 Major
1938 2046 2104 2103 estin

452 2132 563 2188 isto
577 2132 1048 2203 charitas,quam
1065 2131 1123 2187 in
1138 2132 1421 2197 illo,recte
1436 2149 1764 2205 possumus
1778 2135 2005 2203 dicere;
2025 2142 2103 2202 et,

452 2220 884 2293 Aliquainisto,
904 2220 1136 2276 nullain
1150 2220 1271 2290 illo,
1288 2228 1583 2293 quantum
1598 2224 1939 2295 pertinetad
1959 2225 2105 2282 cha-

449 2309 832 2385 ritatemquaa
847 2309 1036 2381 pietas
1058 2315 1177 2365 est:
1210 2316 1265 2365 et
1295 2310 1499 2383 inipso
1530 2327 1649 2368 uno
1667 2312 1913 2369 homine
1937 2315 2102 2386 quod

451 2400 740 2471 majorem
753 2400 975 2456 habeat
989 2400 1538 2472 pudicitiamquam
1557 2402 1894 2473 patientiam
1908 2410 1965 2460 et
1979 2421 2103 2462 ma-

445 2488 638 2559 jorem
652 2488 828 2545 hodie
842 2505 1027 2559 quam
1042 2488 1189 2556 heri,
1218 2490 1260 2542 si
1278 2488 1536 2560 proficit;
1580 2491 1847 2547 etadbuc
1862 2508 1980 2548 non
1994 2494 2105 2550 ha-

448 2578 592 2632 beat
628 2577 1081 2642 continentiam,
1113 2584 1168 2632 et
1190 2577 1410 2634 habeat
1440 2594 1561 2634 non
1593 2595 1848 2651 parvam
1877 2582 2102 2639 miseri-

451 2665 741 2722 cordiam.

526 2758 609 2810 t5.
628 2755 690 2809 Et
710 2760 765 2809 ut
779 2753 1131 2827 generaliter
1144 2754 1522 2829 breviterque
1536 2758 1899 2830 complectar
1911 2776 2099 2832 quam

450 2844 525 2900 de
556 2844 765 2899 virtute
791 2843 1050 2899 habeam
1082 2845 1593 2917 notionem,quod
1608 2847 1686 2902 ad
1708 2854 1863 2904 recte
1904 2851 2100 2906 viven-

448 2934 597 2989 dum
627 2933 851 2993 attinet.
886 2934 1067 2988 virtus
1095 2938 1184 2989 est
1210 2934 1489 3003 charitas,
1517 2952 1637 3009 qua
1670 2936 1729 2992 id
1756 2938 1921 3010 quod
1960 2939 2098 2995 dili-

448 3023 712 3094 gendum
746 3029 832 3078 est
863 3022 1147 3094 diligitur.
1185 3026 1316 3079 llth
1347 3024 1407 3080 in
1439 3024 1568 3081 aliis
1612 3026 1826 3097 major,
1875 3028 1936 3084 in
1967 3029 2096 3085 aliis

449 3113 665 3177 minor,
700 3113 757 3168 in
789 3112 923 3168 aliis
954 3112 1116 3169 nulla
1142 3119 1248 3177 est,
1282 3113 1631 3185 plenissima
1654 3131 1793 3171 vero
1815 3132 1951 3188 qua:
1967 3118 2095 3189 jam

448 3201 790 3274 nonpossit
814 3202 1040 3271 augeri,
1069 3202 1362 3273 quamdiu
1390 3202 1487 3257 hic
1514 3203 1696 3259 homo
1724 3204 1885 3270 vivit,
1917 3212 2006 3262 est
2036 3208 2092 3264 in

446 3293 686 3347 nemine
722 3308 735 3357 ;
785 3290 1081 3362 quamdiu
1112 3296 1315 3346 autem
1346 3292 1549 3361 augeri
1585 3298 1796 3363 potest,
1830 3295 2095 3366 profecto

444 3380 590 3436 illud
617 3379 781 3451 quod
814 3378 1014 3434 minus
1050 3384 1137 3434 est
1165 3394 1351 3450 quam
1382 3379 1578 3444 debet,
1610 3396 1681 3437 ex
1714 3382 1853 3438 vitio
1877 3390 1982 3439 est.
2019 3387 2097 3440 Ex

444 3484 568 3540 quo
598 3468 738 3523 vitio
770 3482 889 3521 non
903 3466 1209 3536 estjustus
1233 3468 1292 3521 in
1324 3470 1497 3539 terra,
1523 3470 1627 3540 qui
1650 3469 2093 3538 faciatbonum,

447 3562 501 3612 et
526 3570 646 3611 non
668 3555 973 3627 peccet(llI
996 3556 1139 3625 Reg.
1173 3572 1290 3624 vui,
1314 3559 1401 3627 46)
1421 3576 1433 3612 :
1450 3573 1520 3612 ex
1538 3573 1660 3629 quo
1688 3558 1826 3615 vitio
1839 3562 2097 3632 nonjus-

448 3644 764 3700 tiﬁcabitur
794 3643 853 3699 in
882 3651 1207 3716 conspectu
1245 3646 1339 3701 Dei
1375 3647 1574 3701 omnis
1606 3648 1827 3703 vivens.
1858 3649 2098 3722 Propter

446 3732 605 3805 quod
619 3733 847 3800 vitium,
864 3734 909 3787 si
924 3734 1249 3790 dixerimus
1270 3735 1433 3807 quod
1451 3742 1765 3807 peccatum
1779 3754 1899 3793 non
1920 3739 2097 3796 habe-

447 3824 1016 3895 mus,nosmetipsos
1030 3824 1463 3894 seducimus,et
1478 3827 1697 3883 veritas
1712 3828 1769 3883 in
1784 3828 1958 3885 nobis
1972 3845 2093 3886 non

446 3915 589 3984 est(l
607 3913 783 3971 Joan.
804 3930 841 3979 ι,
869 3914 954 3985 8);
988 3923 1231 3986 propter
1260 3914 1423 3985 quod
1450 3916 1631 3971 etiam
1656 3919 2099 3988 quantumlibet

445 4003 893 4075 profecerimus,
910 4006 1311 4058 necessarium
1332 4008 1417 4059 est
1434 4004 1608 4060 nobis
1625 4005 1842 4072 dicere,
1859 4008 2099 4065 Dimitte

443 4092 609 4147 nobis
647 4092 845 4148 debita
876 4097 1083 4148 nostra
1106 4092 1349 4161 (Matth.
1380 4094 1566 4164 v1.12)
1596 4111 1613 4163 ;
1647 4111 1783 4150 cum
1805 4096 1933 4166 jam
1970 4114 2099 4154 om-

448 4182 546 4235 nia
602 4181 660 4235 in
710 4179 1012 4251 Baptismo
1056 4180 1236 4246 dicta,
1291 4179 1465 4247 facta,
1517 4183 1797 4252 cogitata,
1848 4185 2100 4244 dimissa

448 4269 583 4325 sint.
619 4269 783 4324 Videt
814 4270 1033 4339 itaque,
1057 4269 1330 4341 quirecte
1353 4269 1530 4337 videt,
1548 4271 1727 4337 unde,
1756 4275 2096 4344 etquando,

446 4363 505 4415 et
534 4358 635 4414 ubi
666 4357 968 4430 speranda
996 4359 1066 4413 sit
1093 4357 1193 4414 illa
1223 4357 1503 4430 perfectio
1534 4362 1628 4415 cui
1665 4376 1785 4417 non
1818 4362 1892 4417 sit
1932 4364 2097 4435 quod

447 4448 626 4519 adjici
652 4447 862 4521 possit.
894 4448 953 4503 Si
984 4452 1185 4503 autem
1215 4452 1515 4521 praecepta
1556 4465 1676 4505 non
1707 4457 1929 4517 essent,
1975 4468 2098 4509 non

450 4540 651 4609 utique
681 4542 843 4593 esset
871 4538 978 4593 ubi
1010 4553 1073 4592 se
1106 4537 1291 4593 homo
1319 4538 1535 4593 certius
1564 4540 1900 4612 inspiceret,
1930 4546 1986 4597 et
2016 4543 2098 4597 vi-

449 4626 615 4682 deret
644 4626 803 4682 unde
832 4631 1212 4691 averteretur,
1240 4643 1363 4699 quo
1389 4634 1723 4694 conaretur,
1752 4645 1939 4701 quare
1962 4645 2100 4700 gra-

450 4715 758 4783 tularetur,
784 4716 932 4788 quid
964 4722 1324 4787 precaretur.
1360 4719 1572 4787 Magna
1602 4726 1689 4774 est
1719 4733 1858 4789 ergo
1881 4719 2099 4775 utilitas

443 4808 911 4876 praeceptorum,
947 4804 997 4858 si
1026 4804 1213 4860 libero
1262 4806 1507 4861 arbitrio
1550 4811 1781 4864 tantum
1813 4807 2004 4873 detur,
2040 4814 2101 4865 ut

448 4894 641 4965 gratia
673 4893 771 4948 Dei
802 4892 1062 4965 amplius
1082 4894 1427 4950 honoretur.

524 4982 744 5039 CAPUT
767 4983 1193 5048 V.—16.Qua3
1235 4983 1283 5037 si
1306 4984 1384 5039 ita
1410 4998 1468 5039 se
1516 4983 1761 5049 habent,
1814 4985 1971 5043 unde
2003 4986 2103 5043 ﬁet

448 5074 719 5131 omnium
745 5087 905 5136 reus,
933 5072 981 5126 si
1005 5071 1065 5126 in
1090 5087 1210 5127 uno
1232 5070 1519 5140 offendat,
1541 5074 1644 5145 qui
1680 5078 1861 5130 totam
1907 5075 2101 5146 legem

450 5162 803 5220 servaverit?
817 5164 903 5217 An
918 5160 1243 5231 forte,quia
1254 5160 1562 5232 plenitudo
1579 5161 1726 5231 legis
1740 5162 2000 5220 charitas
2016 5170 2102 5221 est

450 5268 570 5325 qua
596 5255 747 5309 Deus
763 5251 1200 5324 proximusque
1214 5249 1494 5321 diligitur,
1526 5250 1585 5306 in
1604 5250 1827 5322 quibus
1840 5266 2102 5326 princep-

452 5343 524 5396 tis
536 5342 841 5397 charitatis
854 5345 977 5397 tota
990 5341 1079 5396 lex
1095 5339 1310 5411 pendet
1322 5345 1374 5394 et
1390 5338 1694 5410 Prophetas
1708 5341 2100 5412 (Matt/anu,

448 5432 560 5499 40),
580 5430 788 5485 merito
802 5430 1013 5485 ﬁtreus
1026 5429 1322 5494 omnium,
1338 5428 1440 5500 qui
1455 5433 1664 5484 contra
1678 5428 1841 5485 illam
1855 5430 2018 5499 facit,
2037 5432 2099 5488 in

449 5532 573 5588 qua
584 5516 1100 5587 pendentomnia?
1113 5522 1297 5575 Nemo
1310 5521 1511 5573 autem
1527 5520 1873 5590 peccat,nisi
1888 5520 2099 5577 adver-

452 5620 555 5666 sus
565 5604 729 5662 illam
742 5605 1015 5664 faciendo
1029 5625 1045 5662 :
1058 5608 1903 5680 quia,Non,adulterabis,non
1915 5611 2101 5669 homi-

1733 141 1793 197 S.
1835 139 2227 199 AUGUSTINI
2266 137 2593 198 EPISCOPI

3773 140 3882 203 760

2226 265 2444 322 cidium
2474 266 2687 336 facies,
2721 265 3317 337 nonfuraberis,non
3350 267 3810 338 concupisces,et
3834 270 3889 325 si

2222 356 2381 426 quod
2392 364 2473 412 est
2488 357 2659 413 aliud
2670 356 3111 422 mandatum,in
3125 356 3233 413 hoc
3246 371 3509 413 sermone
3522 357 3886 425 recapitula-

2226 444 2412 510 tur,in
2426 460 2497 500 eo
2509 447 2673 518 quod
2688 450 2797 509 est,
2809 445 3031 515 Diliges
3046 445 3389 514 proximum
3406 452 3572 501 tuum
3587 452 3878 518 tanquam

2228 534 2760 603 leipsum.Dilectio
2770 534 3037 604 proximi
3048 536 3275 591 malum
3291 550 3410 590 non
3425 545 3738 604 operatur.
3759 535 3885 592 Ple-

2222 623 2429 679 nitudo
2443 630 2640 679 autem
2656 623 2822 694 legis,
2847 623 3115 680 charitas
3128 624 3317 686 (Rom.
3341 640 3462 687 xui,
3483 628 3536 689 9,
3566 624 3679 694 t0).
3699 627 3885 680 Nemo

2223 718 2423 769 autem
2438 712 2624 783 diligit
2639 714 3002 784 proximum,
3028 712 3138 767 nisi
3156 713 3414 785 diligens
3430 716 3640 778 Deum,
3672 713 3882 779 ethoc,

2220 806 2515 875 quantum
2549 808 2761 874 potest,
2789 802 3063 874 proximo
3094 802 3422 874 impendat,
3452 818 3636 875 quem
3693 802 3886 873 diligit

2222 895 2511 962 tanquam
2537 891 2947 963 semetipsum,
2969 886 3214 955 utetlille
3233 891 3442 961 diligat
3461 894 3679 958 Deum;
3699 906 3884 963 quem

2220 981 2267 1035 si
2299 980 2427 1051 ipse
2451 995 2573 1036 non
2596 980 2806 1051 diligit,
2835 996 2945 1036 nec
2962 997 3045 1045 se,
3066 996 3176 1037 nec
3203 982 3547 1052 proximum
3571 980 3785 1051 diligit.
3804 988 3885 1036 Ac

2220 1085 2325 1141 per
2352 1068 2467 1125 hoc
2496 1070 2599 1141 qui
2624 1069 3012 1139 totamlegem
3027 1069 3370 1135 servaverit,
3396 1070 3440 1124 si
3470 1071 3529 1125 in
3548 1085 3668 1125 uno
3696 1069 3883 1125 oilen-

2218 1156 2388 1223 derit,
2413 1157 2479 1213 ﬁt
2502 1158 2774 1213 omnium
2808 1174 2976 1223 reus;
2998 1158 3143 1230 quia
3169 1162 3379 1213 contra
3407 1156 3765 1213 cbaritatem
3796 1157 3880 1212 fa-

2219 1247 2316 1315 cit,
2350 1245 2507 1302 unde
2532 1251 2656 1303 tota
2686 1247 2779 1301 lex
2803 1246 3044 1318 pendet.
3068 1246 3227 1301 Reus
3254 1248 3453 1319 itaque
3484 1247 3550 1302 fit
3576 1247 3881 1310 omnium,

2217 1333 2495 1391 faciendo
2526 1341 2734 1392 contra
2762 1351 2899 1391 eam
2928 1336 2985 1390 in
3020 1351 3142 1407 qua
3173 1335 3435 1407 pendent
3465 1335 3696 1391 omnia.

2289 1425 2374 1479 17.
2398 1425 2509 1479 Cur
2527 1440 2671 1497 ergo
2689 1440 2809 1480 non
2831 1423 3109 1481 dicantur
3131 1424 3301 1495 paria
3317 1424 3704 1495 peccata?An
3728 1423 3883 1480 forte

2216 1514 2361 1585 quia
2391 1514 2585 1586 magis
2632 1513 2768 1570 facit
2818 1520 3026 1570 contra
3057 1512 3435 1579 charitatem,
3466 1514 3575 1585 qui
3628 1514 3879 1585 gravius

2218 1608 2425 1675 peccat
2449 1619 2462 1669 ;
2499 1603 2720 1668 minus,
2743 1603 2844 1673 qui
2864 1602 3097 1658 levius?
3112 1608 3166 1658 et
3190 1602 3304 1659 hoc
3322 1602 3459 1675 ipso
3475 1602 3643 1674 quod
3662 1602 3881 1657 admit-

2217 1693 2300 1762 tit,
2334 1691 2397 1747 tit
2426 1692 2673 1763 quidem
2700 1690 2976 1748 omnium
3007 1706 3173 1746 reus:
3201 1689 3305 1746 sed
3324 1690 3565 1759 gravius
3593 1706 3877 1762 peccans,

2216 1780 2311 1837 vel
2335 1782 2393 1835 in
2427 1779 2698 1852 pluribus
2728 1795 3004 1851 peccans,
3031 1780 3225 1849 magis
3248 1795 3418 1844 reus;
3445 1778 3641 1835 levius
3672 1785 3878 1837 autem

2216 1869 2309 1924 vel
2335 1869 2393 1924 in
2417 1868 2807 1939 paucioribus
2824 1883 3106 1940 peccans,
3135 1867 3333 1923 minus
3354 1883 3521 1923 reus:
3546 1873 3716 1923 tanto
3746 1884 3883 1925 ma-

2211 1957 2339 2029 jore
2370 1957 2591 2012 scilicet
2615 1963 2803 2021 reatu,
2832 1961 3059 2025 quanto
3086 1956 3346 2027 amplius
3374 1973 3388 2023 ;
3417 1962 3584 2011 tanto
3616 1956 3873 2021 minore,

2216 2050 2445 2118 quanto
2486 2044 2684 2100 minus
2732 2045 3065 2117 peccaverit
3096 2060 3109 2099 :
3146 2050 3346 2100 tamen
3387 2044 3623 2100 etiamsi
3657 2043 3717 2098 in
3752 2060 3877 2100 uno

2216 2133 2547 2199 offenderit,
2581 2150 2718 2189 reus
2740 2133 3016 2189 omnium
3037 2138 3150 2199 est,
3176 2135 3319 2206 quia
3344 2140 3552 2189 contra
3568 2149 3705 2189 eam
3730 2132 3878 2189 facit

2216 2224 2275 2278 in
2302 2239 2424 2295 qua
2454 2222 2719 2294 pendent
2738 2221 2943 2278 omnia
2962 2221 2988 2276 ?
3010 2222 3153 2286 Qum
3179 2222 3226 2276 si
3246 2236 3384 2277 vera
3404 2226 3564 2286 sunt,
3594 2237 3666 2276 eo
3689 2222 3872 2277 modo

2216 2318 2270 2368 et
2294 2311 2437 2367 illud
2470 2310 2794 2367 absolvitur
2815 2309 2981 2382 quod
3005 2311 3082 2365 ait
3106 2310 3289 2365 homo
3311 2310 3488 2366 etiam
3518 2308 3873 2381 apostolica

2215 2401 2438 2472 gratiae,
2471 2401 2543 2456 In
2570 2400 2775 2456 multis
2805 2401 2962 2456 enim
3012 2399 3364 2469 o/fendimus
3416 2414 3618 2455 omnes
3638 2400 3875 2470 (Jacobi

2213 2506 2292 2559 ιιι,
2324 2490 2398 2561 ﬂ).
2434 2489 2652 2545 Omnes
2676 2488 2836 2544 enim
2867 2486 3248 2555 offendimus,
3277 2487 3381 2543 sed
3419 2503 3577 2544 unus
3600 2490 3871 2557 gravius,

2213 2577 2825 2651 aliuslevius,quanto
2840 2577 3095 2649 quisque
3121 2576 3362 2649 gravius
3391 2576 3657 2632 leviusve
3691 2579 3708 2613 ¹
3735 2593 3871 2649 pec-

2211 2667 2461 2725 caverit:
2484 2672 2649 2723 tanto
2663 2666 2721 2721 in
2739 2671 2983 2738 peccato
2997 2665 3428 2722 committenda
3444 2666 3661 2737 major,
3676 2682 3869 2739 quan-

2212 2762 2271 2814 to
2298 2757 2359 2812 in
2390 2755 2693 2825 diligendo
2726 2757 2843 2811 Deo
2886 2759 2942 2810 et
2971 2755 3245 2826 proximo
3277 2755 3471 2810 minor
3504 2772 3518 2822 ;
3547 2760 3605 2810 et
3634 2771 3865 2821 rursus,

2211 2850 2374 2902 tanto
2399 2844 2665 2901 minorin
2685 2844 2910 2915 peccati
2930 2845 3383 2915 perpetratione,
3416 2850 3647 2916 quanto
3670 2844 3870 2914 major

2210 2936 2269 2991 in
2297 2935 2397 2991 Dei
2428 2940 2483 2990 et
2516 2934 2774 3005 proximi
2800 2932 3133 2989 dilectione.
3165 2932 3353 2989 Tanto
3396 2934 3597 3005 itaque
3630 2932 3868 3005 plenior

2207 3023 2549 3096 iniquitatis,
2582 3027 2806 3095 quanto
2836 3021 3070 3077 inanior
3108 3020 3430 3077 charitatis.
3467 3023 3530 3076 Et
3558 3026 3703 3076 tunc
3730 3036 3865 3093 per-

2208 3113 2342 3169 fecti
2373 3128 2581 3167 sumus
2612 3110 2673 3167 in
2726 3109 3036 3176 charitate,
3089 3110 3335 3183 quando
3388 3109 3534 3166 nihil
3575 3116 3761 3166 restat
3790 3126 3864 3166 ex

2207 3202 2572 3258 infirmitate.

2283 3291 2366 3346 18.
2387 3293 2501 3346 Nec
2514 3293 2978 3359 sane,quantum
2993 3287 3615 3359 arbitror,putandum
3632 3289 3867 3343 estleve

2207 3395 2336 3437 esse
2350 3383 2662 3451 peccatum
2679 3378 2738 3433 in
2758 3392 3151 3448 personarum
3170 3376 3519 3448 acceptione
3547 3375 3775 3432 habere
3799 3375 3864 3430 ﬁ-

2206 3469 2343 3526 dem
2369 3466 2605 3523 Domini
2627 3466 2808 3521 nostri
2829 3465 2971 3521 Jesu
3004 3463 3228 3529 Christi,
3260 3463 3311 3519 si
3330 3463 3494 3519 illam
3511 3462 3865 3520 distantiam

2208 3556 2453 3614 sedendi
2476 3572 2546 3612 ac
2572 3554 2766 3611 standi
2792 3553 2867 3609 ad
2896 3554 3155 3609 honores
3185 3552 3622 3609 ecclesiasticos
3646 3552 3867 3608 refera-

2210 3663 2373 3702 mus:
2392 3646 2528 3717 quis
2543 3644 2701 3699 enim
2725 3641 2877 3698 ferat
2888 3641 3024 3712 eligi
3041 3640 3281 3697 divitem
3299 3641 3375 3697 ad
3390 3641 3597 3697 sedem
3612 3642 3866 3697 honoris

2209 3734 2502 3797 Ecclesiae,
2559 3737 2900 3803 contempto
2933 3746 3199 3803 paupere
3249 3730 3628 3787 instructiore
3682 3734 3868 3802 atque

2210 3820 2546 3880 sanctiore?
2577 3820 2632 3877 Si
2663 3826 2861 3876 autem
2881 3818 2955 3875 de
2976 3818 3342 3891 quotidianis
3367 3818 3760 3875 consessibus
3783 3818 3869 3876 lo-

2207 3916 2431 3987 quitur,
2464 3912 2599 3985 quis
2620 3926 2739 3966 non
2753 3909 2891 3965 hinc
2922 3909 3167 3980 peccat?
3184 3910 3239 3965 Si
3274 3914 3471 3963 tamen
3492 3912 3723 3980 peccat,
3754 3908 3869 3963 nisi

2210 4019 2347 4059 cum
2365 4001 2528 4075 apud
2545 3999 2810 4072 seipsum
2827 3997 2987 4053 intus
3000 3996 3403 4069 itajudicat,ut
3422 3998 3472 4052 ei
3488 4002 3652 4053 tanto
3668 3997 3871 4052 melior

2208 4097 2437 4165 quanto
2455 4090 2631 4145 ditior
2652 4086 2751 4144 illo
2772 4102 2900 4143 esse
2926 4086 3221 4142 videatur:
3239 4086 3351 4142 hoc
3365 4086 3527 4141 enim
3546 4086 3781 4142 videtur
3794 4085 3875 4140 si-

2209 4180 2691 4251 gniﬁcasse,cum
2706 4176 3377 4247 dicit,Nonnejudicalis
3388 4176 3551 4247 apud
3564 4176 3873 4245 vosmetip-

2208 4285 2319 4333 sos,
2341 4275 2388 4323 ct
2412 4266 2566 4337 facti
2590 4266 2724 4323 estis
2753 4265 2989 4335 judices
3012 4264 3355 4337 iniquarum
3388 4265 3819 4337 cogitationum
3843 4266 3873 4317 ?

2282 4357 2507 4415 CAPUT
2537 4356 2623 4410 VI.
2650 4387 2715 4396 —
2742 4358 2824 4410 t9.
2861 4354 2977 4409 Lex
2998 4355 3197 4426 itaque
3227 4353 3534 4418 libertatis,
3559 4354 3649 4410 lex
3675 4355 3872 4410 chari-

2211 4449 2344 4504 tatis
2359 4452 2447 4502 est
2467 4446 2540 4501 de
2553 4460 2675 4517 qua
2696 4443 2860 4499 dicit:
2894 4442 2952 4497 Si
2971 4449 3169 4499 tamen
3194 4444 3375 4514 legem
3388 4443 3677 4512 perﬁcitis
3700 4459 3873 4514 rega-

2214 4537 2321 4592 lem
2353 4534 2676 4591 secundum
2690 4531 3062 4600 Scripturas,
3092 4530 3306 4601 Diliges
3331 4531 3676 4599 proximum
3698 4538 3869 4588 tuum

2210 4624 2361 4680 sicut
2394 4623 2665 4691 teipsum,
2689 4620 2830 4677 bene
2854 4620 3077 4687 facitis.
3101 4618 3166 4675 Si
3190 4624 3387 4675 autem
3401 4635 3690 4689 personas
3713 4622 3871 4677 acci-

2208 4712 2366 4784 pitis,
2387 4717 2689 4780 peccatum
2703 4708 3376 4779 operamini,redarguti
3385 4723 3422 4763 a
3435 4708 3562 4779 lege
3575 4716 3869 4780 tanquam

2210 4808 2697 4872 transgressores.
2734 4798 2798 4853 Et
2820 4803 2953 4870 post
2972 4796 3135 4853 illam
3169 4797 3526 4853 sententiam
3554 4798 3636 4852 ad
3659 4798 3871 4854 intelli-

2206 4888 2478 4962 gendum
2499 4886 2933 4952 difficillimam,
2953 4884 3025 4941 de
3038 4901 3163 4958 qua
3185 4885 3328 4941 satis
3350 4883 3650 4957 dixiquod
3667 4886 3869 4942 dicen-

2211 4979 2357 5035 dum
2390 4977 2618 5049 putavi,
2644 4975 2923 5033 eamdem
2946 4974 3139 5046 legem
3169 4974 3451 5030 libertatis
3490 4990 3868 5031 commemo-

2211 5084 2374 5133 rans,
2396 5066 2493 5123 Sic
2536 5064 2863 5138 loquimini,
2899 5064 3111 5136 inquit,
3142 5070 3194 5120 et
3240 5063 3325 5119 sic
3360 5064 3564 5133 facile,
3589 5065 3745 5120 sicut
3765 5080 3874 5134 per

2214 5158 2393 5229 legem
2425 5154 2714 5213 libertatis
2761 5153 3108 5223 incipientes
3140 5152 3433 5221 judicari.
3478 5154 3543 5207 Et
3573 5155 3873 5224 quoniam

2212 5248 2356 5320 quid
2391 5246 2570 5317 paulo
2602 5247 2738 5301 ante
2770 5241 3006 5306 dixerit,
3040 5243 3223 5311 novit,
3258 5243 3540 5312 quoniam
3560 5240 3626 5296 in
3660 5243 3867 5299 multis

2204 5335 2560 5406 ,oﬂ'endimus
2601 5348 2820 5397 omnes,
2855 5331 3116 5401 suggerit
3146 5329 3517 5385 dominicam
3572 5336 3870 5403 tanquam

2204 5422 2627 5498 quotidianam
2659 5419 3050 5494 quotidianis,
3079 5423 3135 5474 et
3186 5418 3235 5473 si
3284 5418 3630 5487 levioribus,
3669 5425 3869 5476 tamen

2202 5512 2558 5569 vulneribus
2584 5509 2969 5567 medicinam.
2991 5508 3289 5564 Iudicium
3310 5510 3486 5574 enim,
3502 5508 3725 5581 inquit,
3744 5510 3872 5565 sine

2272 5626 2290 5657 ⁴
2309 5622 2431 5672 Mss.
2457 5621 2725 5681 undecim,
2760 5621 2922 5684 magis
2954 5618 3186 5677 minuere
3214 5617 3516 5681 peccaverit.
