4136 6172
281 158 380 223 741

287 288 693 350 misericordia
715 288 814 346 illi
837 289 942 362 qui
964 305 1082 346 non
1105 290 1258 360 facit
1290 289 1930 348 misericordiam.Hinc

287 382 444 438 enim
474 384 532 436 et
563 377 874 443 Dominus,
923 378 1227 445 Dimittite,
1275 380 1490 451 inquit,
1522 389 1575 437 et
1603 380 1933 439 dimittetur

288 470 443 528 vobis
473 469 670 534 ;date,
688 474 739 524 et
753 467 1002 523 dabitur
1022 468 1359 535 vobis(Luc.
1392 484 1470 532 v1.
1500 471 1588 534 37,
1613 471 1723 542 38).
1749 472 1934 542 Supe-

285 560 582 616 rezsultat
599 563 796 614 autem
816 557 1230 613 misericordia
1250 558 1484 627 judicio
1509 577 1529 614 :
1560 575 1680 616 non
1707 560 1932 617 dictum

287 654 396 716 est,
451 645 639 701 Vincit
688 645 1093 701 misericordia
1126 645 1442 716 judicium,
1497 663 1620 703 non
1659 649 1808 704 enim
1849 655 1936 706 est

285 738 538 793 adversa
545 733 802 805 judicio;
817 735 943 798 sed,
963 736 1430 804 superexsultat,
1446 736 1591 808 quia
1613 736 1812 808 plures
1831 755 1936 811 per

282 823 756 883 misericordiam
805 822 1298 892 colliguntur,sed
1338 825 1442 896 qui
1483 825 1934 885 misericordiam

283 913 691 988 prmstiterunt.
731 912 888 967 Beati
933 913 1091 967 enim
1129 913 1565 980 misericordes,
1611 916 1755 988 quia
1786 917 1936 990 ipsis

286 1002 659 1060 miserebitur
693 1004 844 1057 Deus
867 1000 1111 1072 (Matth.
1145 1018 1196 1068 v,
1223 1002 1301 1074 7).

355 1097 446 1149 20.
479 1091 543 1146 Et
567 1091 680 1146 hoc
710 1091 912 1161 utique
937 1090 1168 1160 justum
1199 1097 1303 1156 est,
1344 1096 1406 1147 ut
1452 1092 1783 1152 dimittatur
1831 1099 1932 1168 eis,

282 1181 429 1252 quia
449 1178 804 1235 dimiserunt
829 1196 845 1249 ;
869 1183 926 1234 et
949 1177 1122 1234 detur
1141 1179 1248 1245 eis,
1278 1180 1421 1252 quia
1445 1181 1757 1239 dederunt.
1789 1189 1940 1242 Inest

279 1267 508 1339 quippe
529 1268 645 1322 Deo
657 1271 714 1322 et
728 1266 1134 1322 misericordia
1141 1267 1518 1337 judicanti,et
1524 1271 1818 1341 judicium
1837 1275 1941 1329 mi-

279 1357 522 1413 seranti.
555 1357 795 1427 Propter
823 1355 986 1428 quod
1025 1356 1077 1411 ei
1106 1356 1340 1423 dicitur,
1382 1359 1850 1419 Misericordiam
1891 1371 1942 1420 et

267 1446 567 1516 judicium
592 1445 847 1501 cantabo
874 1444 1001 1510 tibi,
1044 1446 1505 1517 Domine(Psal.
1559 1466 1609 1516 c,
1663 1453 1745 1519 t):
1799 1468 1942 1508 nam

277 1535 557 1608 quisquis
584 1533 738 1589 velut
755 1533 1222 1605 nimiumjustus
1240 1535 1535 1606 judicium
1562 1539 1688 1595 sine
1716 1542 1945 1597 miseri-

276 1624 488 1680 cordia
517 1622 692 1695 quasi
724 1638 969 1678 securus
997 1629 1319 1696 exspectat,
1353 1627 1504 1682 iram
1534 1629 1941 1699 justissimam

274 1718 592 1786 provocat,
625 1728 810 1785 quam
847 1714 1062 1768 timens
1092 1713 1186 1769 ille
1216 1713 1380 1781 dixit,
1420 1716 1510 1772 Ne
1539 1721 1718 1775 intres
1757 1721 1820 1775 in
1841 1723 1942 1790 ju-

277 1801 504 1858 dicium
535 1817 667 1858 cum
693 1815 860 1857 servo
883 1808 984 1856 tuo
1007 1802 1200 1872 (Psal.
1236 1817 1403 1868 CXLII,
1429 1808 1503 1864 2).
1538 1807 1701 1862 Unde
1730 1808 1947 1865 dicitur

277 1889 512 1963 populo
539 1888 903 1952 contumaci,
935 1889 1085 1956 Quid
1107 1891 1285 1946 vultis
1316 1907 1533 1948 mecum
1543 1895 1779 1964 judicio
1809 1913 1942 1953 con-

278 1979 517 2037 tendere
538 1980 684 2051 (Jer.
718 1995 776 2047 ιι,
805 1981 874 2033 29
904 1978 922 2050 )
948 1978 977 2030 ‘t
1003 1981 1148 2034 Cum
1173 1981 1330 2036 enim
1368 1997 1466 2036 rex
1498 1983 1698 2052 justus
1731 1986 1947 2042 sederit

280 2069 342 2124 in
377 2069 611 2132 throno,
639 2069 779 2140 quis
807 2067 1161 2136 gloriabitur
1191 2075 1420 2125 castum
1455 2087 1519 2126 se
1550 2072 1771 2130 habere
1792 2091 1895 2131 cor
1919 2075 1947 2130 Υ

280 2163 390 2214 aut
417 2156 552 2229 quis
580 2155 937 2226 gloriabitur
967 2157 1266 2213 mundum
1299 2175 1360 2214 se
1387 2175 1516 2216 esse
1545 2177 1580 2217 a
1630 2170 1874 2234 peccato
1918 2164 1946 2219 ‘l

281 2249 430 2313 Quae
487 2246 667 2315 igitur
720 2261 858 2316 spes
930 2252 1037 2311 est,
1086 2247 1198 2301 nisi
1243 2250 1672 2318 superexsultet
1719 2253 1942 2309 miseri-

278 2335 489 2392 cordia
514 2334 742 2404 judicio
761 2333 788 2388 ?
833 2335 942 2390 Sed
969 2349 1112 2405 erga
1140 2334 1274 2391 illos
1305 2338 1409 2408 qui
1471 2339 1943 2398 misericordiam

278 2425 570 2488 fecerunt,
598 2423 884 2479 veraciter
911 2423 1188 2491 dicendo,
1244 2427 1487 2483 Dimitte
1535 2429 1699 2484 nobis
1745 2430 1943 2488 debita

278 2518 508 2577 nostra,
522 2512 673 2568 sicut
687 2518 739 2566 et
754 2527 858 2568 nos
870 2512 1317 2585 dimittimus;et
1334 2515 1458 2571 sine
1472 2532 1667 2572 murm
1678 2519 1944 2576 uratione

279 2602 493 2658 dando
518 2617 532 2668 ;
560 2601 810 2657 hilarem
842 2602 1004 2657 enim
1025 2602 1296 2658 datorem
1324 2604 1514 2676 diligit
1538 2609 1691 2662 Deus
1711 2609 1778 2678 (II
1804 2609 1940 2666 Cor.

277 2709 362 2757 1x,
397 2692 474 2763 ‘7).
502 2691 766 2763 Denique
785 2695 1026 2746 sanctus
1046 2692 1301 2748 lacubus
1318 2693 1445 2764 jam
1477 2710 1547 2750 ex
1571 2697 1682 2752 isto
1706 2697 1839 2754 loco
1870 2699 1944 2755 de

279 2781 716 2839 misericordiae
728 2780 1305 2853 operibusloquitur,
1328 2789 1387 2838 ut
1398 2799 1553 2856 quos
1567 2786 1948 2844 vehementer

279 2870 390 2928 illa.
421 2869 711 2925 sententia
741 2875 1042 2934 terruerat,
1085 2873 1462 2939 consoletur;
1497 2889 1633 2929 cum
1662 2876 1948 2933 admonet

282 2958 598 3032 quomodo
645 2959 825 3014 etiam
863 2959 1218 3030 quotidiana
1251 2966 1518 3033 peccata,
1557 2965 1680 3020 sine
1722 2968 1945 3036 quibus

282 3048 384 3104 hic
417 3063 535 3103 non
575 3047 810 3114 vivitur,
843 3048 1207 3120 quotidianis
1264 3051 1544 3107 remediis
1591 3055 1945 3126 expientur:

287 3153 368 3193 ne
407 3136 612 3202 homo,
639 3136 742 3208 qui
775 3152 913 3191 cum
949 3137 1007 3192 in
1039 3153 1155 3193 uno
1207 3137 1523 3196 offenderit
1566 3143 1630 3198 tit
1679 3145 1948 3199 omnium

286 3241 454 3294 reus,
467 3227 525 3280 in
540 3224 739 3281 multis
750 3223 1292 3298 oﬂ'endendo(quia
1303 3228 1365 3284 in
1377 3231 1582 3286 multis
1602 3232 1952 3303 offendimus

288 3315 503 3386 omnes)
533 3319 776 3387 propter
799 3330 1091 3385 magnum
1121 3332 1400 3386 aggerem
1424 3325 1622 3376 reatus
1646 3322 1738 3377 sui
1761 3323 1952 3378 minu-

292 3403 466 3461 tatim
481 3404 812 3470 collectum,
827 3405 904 3460 ad
923 3404 1181 3461 tribunal
1196 3407 1340 3462 tanti
1349 3407 1369 3478 j
1381 3408 1568 3465 udicis
1583 3412 1950 3482 perveniat‘,

293 3500 352 3552 et
381 3509 518 3550 eam
547 3508 733 3566 quam
769 3508 891 3548 non
924 3494 1076 3560 fecit,
1111 3495 1583 3554 misericordiam
1626 3516 1746 3556 non
1786 3501 1952 3557 inve-

293 3583 466 3653 niat;
495 3581 600 3637 sed
632 3582 828 3653 potuis
853 3581 1208 3639 dimittendo
1229 3590 1409 3657 atque
1429 3586 1635 3645 dando
1659 3595 1956 3647 mereatur

295 3671 411 3727 sibi
443 3670 660 3726 dimitti
691 3676 955 3742 peccata,
990 3671 1278 3744 reddique
1305 3677 1626 3745 promissa.

365 3765 455 3815 2t.
486 3760 663 3815 Multa
686 3760 829 3824 dixi,
852 3761 1074 3832 quibus
1093 3761 1196 3818 tibi
1219 3764 1463 3820 tasdium
1490 3765 1757 3823 fortassis
1778 3767 1951 3824 infer-

293 3865 445 3915 rem,
465 3849 570 3921 qui
593 3851 738 3914 haec,
761 3864 898 3921 quae
918 3855 1120 3906 tamen
1137 3852 1466 3922 approbas,
1491 3870 1611 3910 non
1638 3862 1951 3928 exspectas

296 3939 546 4003 discere,
575 3939 738 4010 quod
765 3953 836 3993 ea
854 3937 1069 3994 docere
1090 3942 1473 3998 consuevisti.
1506 3943 1563 3998 Si
1589 3945 1737 4016 quid
1751 3950 1953 4002 autem

297 4032 392 4084 est
413 4027 473 4083 in
497 4029 604 4093 eis,
636 4033 932 4099 quantum
965 4029 1042 4084 ad
1068 4044 1194 4085 rem
1233 4030 1435 4100 ipsam
1475 4034 1726 4104 pertinet
1753 4051 1767 4100 ;
1808 4051 1953 4091 nam

297 4116 461 4189 quali
490 4116 728 4189 eloquio
741 4117 1182 4188 explicatasint,
1200 4135 1319 4175 non
1335 4121 1510 4176 nimis
1531 4138 1675 4179 curo
1703 4141 1715 4192 ;
1742 4123 1786 4178 si
1805 4124 1953 4196 quid

297 4221 443 4276 ergo
472 4205 532 4260 in
553 4206 662 4270 eis,
683 4205 846 4277 quod
869 4206 1266 4264 eruditionem
1287 4208 1554 4267 offendat
1579 4216 1762 4278 luam,
1788 4229 1954 4285 quie-

298 4310 366 4351 so
395 4299 457 4350 ut
484 4294 872 4350 rescribendo
898 4295 1247 4361 admoneas,
1289 4303 1345 4355 et
1384 4314 1480 4356 me
1509 4302 1801 4372 corrigere
1834 4318 1954 4358 non

300 4385 590 4455 graveris.
624 4383 829 4438 Infelix
853 4390 941 4439 est
969 4386 1126 4440 enim
1167 4386 1274 4458 qui
1306 4403 1426 4444 non
1478 4394 1679 4447 tantos
1726 4397 1783 4447 et
1829 4396 1954 4448 tam

300 4479 540 4530 sanctos
570 4480 808 4528 tuorum
840 4474 1175 4530 studiorum
1204 4476 1443 4532 labores
1474 4485 1528 4534 et
1558 4479 1737 4549 digne
1769 4480 1957 4536 hono-

301 4567 412 4627 rat,
440 4566 498 4617 et
525 4560 599 4617 de
620 4562 712 4617 his
738 4562 986 4618 Domino
1011 4566 1126 4619 Deo
1147 4570 1350 4620 nostro
1372 4568 1540 4637 cujus
1561 4585 1806 4624 munere
1825 4569 1957 4625 talis

302 4667 387 4716 es,
419 4653 640 4720 gratias
669 4650 810 4721 agit.
848 4651 1013 4707 Unde
1041 4667 1178 4707 cum
1197 4656 1956 4729 libentiusdebeamaquo-

302 4738 684 4796 libetdiscere
695 4739 859 4810 quod
882 4739 1600 4816 inutiliterignoro,quam
1620 4748 1956 4818 promptius

306 4828 600 4900 quoslibet
627 4828 842 4884 docere
871 4830 1035 4901 quod
1068 4830 1190 4886 scio
1219 4848 1232 4898 ;
1265 4839 1493 4904 quanto
1509 4835 1727 4904 justius
1758 4835 1869 4890 abs
1905 4841 1956 4890 te

307 4915 419 4972 hoc
445 4917 749 4973 charitatis
783 4917 1050 4974 debitum
1091 4917 1317 4988 ﬂagito,
1352 4922 1523 4992 cujus
1562 4923 1857 4989 doctrina,
1898 4925 1959 4980 in

306 5007 545 5062 nomine
575 5014 628 5063 et
660 5007 958 5077 adjutorio
995 5009 1245 5074 Domini,
1279 5015 1514 5066 tantum
1546 5012 1606 5067 in
1637 5013 1824 5069 latina
1853 5013 1961 5068 lin-

304 5111 422 5166 gua
450 5095 870 5152 ecclesiasticas
913 5096 1116 5153 litteras
1169 5099 1391 5170 adjulaa
1446 5107 1603 5173 sunt,
1664 5108 1961 5174 quantum

303 5200 616 5257 nunquam
644 5191 814 5242 antea
854 5189 1213 5257 potuerunt!
1259 5190 1508 5246 Maxime
1548 5196 1748 5248 tamen
1789 5194 1961 5248 istam

306 5273 683 5338 sententiam,
740 5274 1103 5346 Quicumque
1150 5281 1332 5334 totam
1389 5281 1573 5349 legem
1627 5281 1960 5345 servaverit,

304 5362 567 5432 offendat
592 5370 786 5420 autem
821 5365 884 5420 in
918 5380 1055 5432 uno,
1085 5366 1284 5435 factus
1314 5375 1396 5424 est
1423 5370 1684 5425 omnium
1723 5385 1880 5434 reus,
1916 5369 1962 5423 si

303 5466 424 5524 quo
454 5451 571 5508 alio
602 5453 785 5509 modo
813 5457 1031 5525 exponi
1065 5457 1275 5512 melius
1307 5474 1477 5530 posse
1517 5460 1686 5514 novit
1717 5465 1818 5515 tua
1871 5460 1967 5515 Di-

367 5577 381 5608 ¹
411 5576 536 5626 Mss.
557 5576 780 5641 aliquot,
812 5579 1023 5645 omissa,
1043 5595 1170 5631 voce
1197 5587 1430 5645 propter,
1468 5565 1668 5634 habent
1702 5584 1812 5633 sic:
1854 5584 1967 5634 Ma-

307 5651 462 5700 gnum
487 5653 720 5702 aggerem
748 5646 920 5691 reatus
943 5644 1026 5692 sui
1044 5644 1340 5695 minutatim
1357 5646 1616 5700 collectum
1647 5647 1966 5700 adtribunol

309 5702 440 5752 tanti
461 5702 652 5766 judicis
674 5704 939 5767 pervehat.
1963 5711 1966 5714 ’

1510 159 2012 224 EPISTOLARUM
2051 166 2342 228 CLASSIS
2389 172 2487 232 III.

3592 186 3698 244 74‘2

2048 313 2239 379 lectio,
2268 331 2374 387 per
2401 317 2721 374 Dominum
2755 314 3003 378 obsecro
3032 327 3094 378 ut
3118 323 3177 379 id
3205 326 3522 385 nobiscum
3547 345 3708 387 com-

2050 405 2357 461 municare
2389 407 2673 475 digneris.

2444 497 2680 553 EPISTO
2693 499 2775 552 LA
2833 497 3081 556 CLXVIII
3122 502 3136 516 '
3159 501 3258 574 (a).

2058 582 2329 637 Timasius
2353 591 2400 638 et
2429 585 2654 639 Iacobus
2694 589 3026 658 Augustino,
3077 593 3291 661 gratias
3338 604 3554 666 agentes
3609 615 3711 669 pro

2120 674 2325 742 scripto
2354 676 2485 744 ipsis
2513 674 2650 728 libro
2673 675 2735 728 de
2765 678 2985 732 Natura
3012 686 3058 734 et
3101 680 3314 747 Gratia,
3348 684 3603 740 adversus
3638 688 3712 742 li-

2123 760 2318 816 bellum
2358 762 2584 834 Pelagii,
2609 771 2864 820 naturam
2895 783 3000 820 non
3037 767 3152 821 sine
3171 772 3367 840 gratim
3391 772 3602 828 invidia
3625 776 3711 830 de-

2119 850 2408 922 fendentis.

2054 941 2308 996 Domino
2337 956 2473 996 vere
2505 941 2870 1011 beatissimo,
2895 946 3177 1003 etmerito
3202 950 3519 1006 venerabili
3561 958 3715 1023 patri

2122 1031 2401 1100 episcopo
2432 1036 2767 1098 AUGUSTINO,
2810 1032 3080 1090 Tmssws
3109 1041 3165 1091 et
3193 1037 3457 1104 Jaconvs,
3501 1041 3561 1096 in
3601 1044 3681 1097 Do

2124 1119 2289 1174 mino
2312 1118 2589 1175 salutem.

2125 1207 2215 1262 Ita
2243 1224 2334 1262 nos
2357 1210 2548 1280 refecit
2562 1217 2610 1264 et
2634 1211 2902 1265 recreavit
2929 1213 3114 1281 gratia
3137 1214 3264 1285 Dei,
3287 1217 3600 1274 ministrate
3618 1237 3711 1289 per

2055 1296 2268 1351 verbum
2292 1304 2463 1365 tuum,
2488 1306 2551 1352 ut
2569 1316 2791 1368 prorsus
2801 1303 3059 1369 germani
3079 1303 3337 1369 dicamus,
3360 1325 3388 1356 ‹‹
3411 1308 3568 1361 Misit
3592 1326 3702 1362 ver-

2058 1385 2178 1439 bum
2215 1402 2390 1450 suum,
2416 1394 2463 1441 et
2480 1391 2692 1441 sanavit
2723 1405 2802 1442 eos
2830 1410 2857 1440 »
2891 1389 3191 1459 (Psal.cvx,
3213 1394 3324 1464 '20),
3349 1395 3563 1450 domine
3595 1397 3716 1452 bea-

2057 1476 2277 1540 tissime,
2310 1481 2359 1529 et
2388 1477 2580 1530 merito
2606 1477 2928 1531 venerabilis
2955 1483 3130 1549 pater.
3172 1479 3308 1535 Sane
3328 1500 3387 1536 ea
3426 1484 3712 1556 diligentia

2056 1566 2336 1620 ventilasse
2357 1566 2704 1621 Sanctitatem
2731 1573 2874 1622 tuam
2912 1575 3119 1624 textum
3137 1571 3371 1641 ejusdem
3406 1573 3577 1628 libelli
3617 1593 3715 1630 re-

2056 1655 2317 1726 perimus,
2358 1661 2416 1710 ut
2441 1655 2511 1709 ad
2539 1656 2776 1726 singulos
2804 1657 2976 1727 apices
2992 1674 3243 1727 responsa
3259 1661 3475 1715 reddita
3499 1671 3710 1735 stupea-

2057 1761 2192 1810 mus,
2218 1745 2325 1798 sive
2351 1745 2409 1798 in
2441 1744 2522 1798 his
2550 1761 2666 1815 quae
2688 1746 2954 1816 refutare,
2971 1746 3256 1815 detestari,
3285 1758 3379 1805 aut
3409 1752 3593 1823 fugere
3623 1753 3713 1807 de-

2056 1840 2168 1888 ceat
2206 1834 2607 1904 christianum;
2643 1835 2761 1889 sive
2814 1835 2874 1888 in
2926 1835 3044 1890 illis
3092 1837 3149 1890 in
3207 1839 3396 1909 quibus
3425 1858 3529 1894 non
3579 1844 3715 1897 satis

2058 1921 2338 1977 invenitur
2374 1939 2601 1987 errasse,
2636 1924 2885 1993 quamvis
2935 1925 3109 1980 nescio
3138 1943 3242 1996 qua
3289 1928 3610 1997 calliditate,
3655 1933 3713 1986 in

2059 2011 2192 2082 ipsis
2217 2028 2416 2082 quoque
2439 2012 2677 2082 gratiam
2719 2013 2827 2066 Dei
2848 2012 3079 2068 credidit
3117 2018 3575 2085 supprimendum.
3610 2019 3715 2074 Sed

2057 2117 2224 2154 unum
2253 2106 2327 2153 est
2364 2101 2501 2172 quod
2526 2117 2620 2153 nos
2649 2102 2704 2152 in
2737 2107 2887 2154 tanto
2901 2100 3146 2172 beneficio
3169 2104 3362 2174 afﬁcit,
3386 2107 3514 2176 quia
3561 2108 3713 2163 tarde

2056 2190 2146 2244 hoc
2177 2196 2285 2244 tam
2323 2189 2653 2259 praclarum
2682 2191 2880 2258 gratim
2903 2189 3005 2244 Dei
3024 2207 3218 2247 munus
3244 2194 3452 2265 effulsit
3478 2210 3499 2250 .°
3536 2197 3714 2267 siqui-

2055 2279 2174 2333 dem
2205 2279 2425 2350 contigit
2468 2278 2705 2332 absentes
2732 2279 2866 2349 ﬁeri
2903 2280 3175 2351 quosdam,
3206 2299 3437 2354 quorum
3481 2286 3717 2341 cascitati

2057 2368 2164 2423 ista
2189 2375 2297 2423 tam
2323 2369 2621 2439 perspicuae
2647 2368 2898 2423 veritatis
2940 2369 3247 2426 illustratio
3277 2372 3558 2428 deberetur
3590 2375 3668 2444 (b)
3694 2392 3711 2441 ;

2055 2459 2125 2512 ad
2152 2475 2298 2529 quos,
2327 2458 2427 2512 etsi
2451 2457 2682 2524 tardius,
2717 2474 2820 2511 non
2849 2458 3155 2529 difﬁdimus
3171 2462 3408 2532 propitio
3439 2465 3547 2518 Deo
3574 2481 3714 2519 eam-

2054 2546 2168 2602 dem
2190 2546 2431 2617 gratiam
2455 2545 2755 2616 pervenire,
2799 2547 2897 2616 qui
2916 2546 3028 2600 vult
3056 2563 3233 2603 omnes
3263 2551 3503 2606 homines
3541 2551 3716 2608 salvos

2054 2636 2200 2707 ﬁeri,
2248 2638 2298 2689 el
2323 2634 2392 2689 ad
2422 2635 2748 2704 agnitionem
2784 2636 3036 2689 veritatis
3083 2637 3270 2691 venire
3297 2639 3340 2708 (l
3368 2639 3506 2693 Tim.
3535 2655 3590 2704 ιι,
3643 2644 3716 2711 4).

2056 2725 2167 2779 Nos
2195 2741 2339 2789 vero,
2357 2724 2458 2777 etsi
2481 2723 2607 2777 olim
2631 2724 2839 2794 spiritu
2862 2723 3158 2794 claritatis,
3183 2727 3347 2796 quiin
3367 2732 3418 2782 te
3439 2735 3533 2797 est,
3553 2728 3713 2797 docti,

2056 2813 2430 2885 sabjectionem
2441 2812 2553 2881 ejus
2574 2812 2926 2880 abjecerimus
2938 2814 3173 2883 erroris,
3197 2815 3256 2869 in
3270 2816 3360 2870 hoc
3382 2817 3545 2871 etiam
3571 2834 3719 2873 nunc

2057 2903 2270 2972 gratias
2299 2901 2530 2972 agimus,
2557 2900 2699 2970 quod
2729 2900 2838 2955 hac
2865 2917 2982 2971 quae
3029 2910 3158 2958 ante
3183 2905 3532 2975 credidimus,
3573 2923 3718 2962 nunc

2058 2992 2189 3046 aliis
2203 2993 2424 3062 aperire
2449 2989 2760 3054 didici-mus,
2785 2991 2934 3044 viam
2956 2991 3244 3062 facilitatis
3273 2993 3519 3049 uberiore
3550 2995 3716 3051 Sanc-

2061 3081 2245 3135 titatis
2278 3086 2383 3134 tum
2421 3093 2662 3132 sermone
2690 3077 2983 3147 pandente.
3016 3082 3081 3133 Et
3111 3081 3230 3136 alia
3269 3098 3486 3138 manu:
3501 3084 3718 3140 Incolu-

2060 3187 2195 3226 mem
2220 3167 2623 3225 Beatitudtnem
2654 3174 2822 3233 tuam,
2848 3171 3132 3239 nostrique
3174 3186 3473 3239 memorem,
3502 3175 3718 3228 miseri-

2061 3261 2247 3316 cordia
2277 3259 2382 3313 Dei
2421 3257 2597 3312 nostri
2619 3256 2890 3327 gloriﬁcet
2922 3257 2977 3311 in
3001 3265 3296 3316 aeternum.

2508 3344 2846 3402 EPISTOLA
2880 3347 3077 3402 CLXIX
3111 3347 3153 3368 η
3183 3349 3284 3420 (c).

2063 3439 2407 3511 Augustinus
2437 3435 2662 3500 Evodio,
2696 3434 3019 3506 respondens
3044 3436 3113 3490 ad
3138 3437 3272 3492 duas
3293 3440 3630 3510 qumstiones,
3655 3440 3716 3496 de

2140 3529 2431 3592 Trinitate,
2466 3532 2514 3579 et
2542 3525 2603 3579 de
2627 3523 2867 3579 columba
2907 3527 2964 3578 in
2989 3543 3094 3596 qua
3123 3526 3370 3597 Spiritus
3390 3538 3606 3585 sanctus
3635 3531 3720 3586 de-

2137 3623 2472 3673 monstratus
2515 3622 2629 3680 est;
2666 3614 2850 3668 docens
2897 3615 3290 3686 difﬁciliorum
3353 3619 3721 3690 hujuscemodi

2134 3705 2487 3779 quaestionum
2518 3703 2936 3774 intelligentiam
2980 3705 3200 3760 minime
3237 3710 3589 3764 necessariam
3616 3725 3721 3764 esse

2135 3797 2206 3851 ad
2234 3795 2481 3850 salutem.

2245 3887 2587 3938 AUGUSTINUS
2618 3881 2957 3953 episcopus,
2994 3885 3204 3938 Evomo
3234 3885 3538 3958 episcopo.

2138 3975 2287 4030 CAP.
2323 3973 2601 4027 PRIMUM.
2644 4001 2712 4010 —
2766 3971 2818 4024 sl.
2853 3972 2906 4026 Si
2949 3987 3018 4027 ea
3041 3987 3176 4044 quae
3199 3989 3294 4029 me
3324 3976 3514 4044 magis
3544 3990 3720 4032 occu-

2065 4069 2230 4138 pant,
2265 4079 2300 4119 a
2327 4061 2549 4133 quibus
2581 4060 2641 4114 in
2683 4059 2848 4115 aliud
2879 4061 3064 4116 averti
3095 4062 3257 4129 nolo,
3294 4065 3586 4120 Sanctitas
3620 4069 3721 4122 tua

2066 4168 2242 4209 nosse
2269 4151 2414 4207 tanti
2449 4150 2649 4215 habet,
2683 4149 2845 4204 mitte
2864 4148 3121 4220 aliquem
3147 4152 3251 4223 qui
3273 4153 3377 4207 tibi
3392 4151 3719 4210 describat.

2065 4242 2195 4298 Jam
2210 4240 2372 4297 enim
2404 4238 2576 4310 plura
2601 4237 2861 4309 perfecta
2886 4244 3044 4305 sunt,
3068 4256 3204 4312 quae
3237 4241 3349 4296 hoc
3380 4258 3542 4298 anno
3583 4247 3722 4299 ante

2068 4330 2294 4403 pascha
2310 4329 2752 4400 propinquante
2770 4326 3243 4398 quadragesima
3261 4345 3296 4385 a
3311 4330 3479 4386 nobis
3492 4328 3728 4388 fuerant

2067 4419 2367 4476 inchoata.
2411 4416 2561 4471 Nam
2606 4415 2795 4470 tribus
2836 4414 2948 4469 illis
3003 4415 3161 4470 libris
3215 4417 3288 4472 de
3329 4419 3567 4474 Civitate
3601 4421 3724 4488 Dei,

2069 4503 2713 4565 contradaamonicolas
2742 4503 3016 4558 inimicos
3035 4505 3186 4574 ejus,
3214 4505 3366 4560 duos
3393 4507 3542 4562 alios
3557 4508 3726 4563 addi-

2069 4598 2269 4654 dimus
2295 4612 2307 4650 :
2336 4594 2553 4666 quibus
2581 4592 2848 4664 quinque
2871 4591 3031 4646 libris
3056 4594 3200 4648 satis
3223 4594 3600 4666 disputatum
3634 4612 3726 4653 ar-

2071 4687 2254 4743 bitror
2293 4683 2692 4739 adversuseos
2721 4681 3083 4752 quipropter
3105 4684 3420 4753 praesentis
3449 4686 3584 4742 vitae
3602 4686 3720 4743 feli-

2131 4830 2160 4862 s
2190 4829 2301 4894 Ημο
2335 4824 2596 4894 translata
2628 4827 2802 4894 estex
2834 4824 2971 4894 libro
3006 4825 3070 4875 de
3121 4826 3289 4876 Gestis
3323 4830 3536 4894 Pelagii.

2133 4893 2203 4954 (α)
2240 4891 2308 4939 Ex
2337 4890 2433 4954 lib,
2476 4889 2540 4936 de
2556 4888 2696 4954 Gest.
2721 4888 2946 4954 Pelagii:
2971 4903 3096 4952 quas
3114 4895 3294 4940 autem
3318 4894 3405 4941 168
3429 4888 3558 4950 e'rat,
3578 4907 3722 4943 nunc

2071 4952 2148 5005 3t.
2181 4952 2386 5016 Scripta
2411 4952 2543 5000 forte
2578 4953 2788 5016 antis.

2131 5019 2192 5050 *ι’
2227 5013 2374 5065 Hanc
2403 5014 2810 5063 emendavimus
2835 5013 2903 5063 ad
2941 5014 3010 5062 bl.
3030 5013 3084 5062 tI.
3117 5029 3197 5064 vc.
3231 5020 3338 5065 tres
3373 5031 3421 5065 v.
3453 5018 3569 5064 Am.
3595 5019 3722 5067 Bad.

2071 5081 2154 5131 Er.
2183 5081 2329 5136 Lov.,
2355 5076 2551 5142 quibus
2585 5078 2809 5127 accessit
2833 5078 2926 5126 Ms.
2959 5076 3241 5141 Sulpitiani
3271 5080 3494 5128 cmnobii
3517 5093 3582 5130 ex
3609 5081 3722 5131 0rd.

2095 5145 2292 5192 Iisterc.

2073 5145 2484 5268 ὼῗέῖΐὲἰρευω
2517 5201 2782 5268 praecipue
2817 5202 3077 5268 Pelagium
3119 5202 3429 5268 cogitabant
3458 5203 3724 5254 Timasius

2074 5287 2100 5316 ι
2136 5264 2460 5320 ὀίᾉῐθπόῠυε,
2480 5279 2602 5314 cum
2625 5265 2878 5320 dicerent,
2905 5265 3004 5312 hoc
3017 5278 3070 5313 se
3083 5264 3222 5312 attici
3239 5266 3382 5328 quod
3398 5268 3545 5316 tarde
3572 5269 3723 5318 illum

2077 5351 2100 5377 ι(
2136 5332 2330 5380 librum
2370 5328 2971 5394 scripserim..._Nomen
3004 5328 3225 5394 quippe,
3259 5329 3339 5394 vel
3371 5332 3592 5379 nomina
3622 5332 3723 5394 ipsi

2077 5410 2102 5441 ι
2137 5405 2350 5457 quoque
2377 5388 2553 5457 adhuc
2566 5388 2793 5457 tacenda
2817 5388 3159 5457 putaverunt.
3176 5392 3456 5457 utyivente
3473 5388 3725 5457 amicitia,

2078 5475 2102 5503 α
2137 5452 2284 5505 error
2307 5452 3151 5517 potiusmorereturamicorum.
3190 5453 3373 5517 illaec
3409 5456 3570 5506 verba
3600 5463 3728 5507 sunt.

2075 5513 2360 5584 Augustini
2385 5517 2442 5584 in
2468 5514 2558 5584 lib.
2591 5513 2655 5562 de
2687 5513 2856 5584 Gestis
2887 5513 3103 5584 Pelagii,
3140 5528 3184 5563 c.
3217 5516 3293 5573 25,
3331 5520 3570 5580 proxime
3602 5525 3726 5584 post

2074 5575 2295 5631 alltftum
2314 5577 2552 5642 epistolae
2579 5575 2866 5642 superioris
2893 5575 3216 5642 exemplum.

2139 5646 2200 5706 (ei
2228 5639 2372 5711 Alias
2406 5641 2542 5711 tos:
2567 5652 2686 5702 quae
2715 5641 2898 5690 autem
2936 5639 3026 5688 169
3055 5644 3184 5701 erat,
3221 5653 3367 5693 nunc
3392 5644 3470 5696 35.
3507 5645 3730 5711 Scripta.

2082 5703 2310 5758 exeunte
2338 5716 2426 5755 an.
2451 5703 2572 5759 415,
