4136 6172
448 162 555 216 ’143

447 284 685 340 citatem
717 283 863 339 deos
904 282 1185 339 colendos
1216 286 1448 354 putant,
1483 299 1740 356 eamque
1761 284 2098 340 felicitatem

447 389 483 428 a
512 373 686 428 nobis
719 373 991 443 impediri
1024 372 1358 441 opinantes,
1389 373 1711 429 christiano
1743 373 1970 430 nomini
2017 371 2100 424 inv

447 462 576 517 festi
605 467 761 517 sunt.
797 461 1084 531 Deinceps
1099 461 1422 517 dicendum
1438 468 1549 528 est,
1572 464 1928 534 sicutprimo
1950 460 2098 516 libro

446 550 691 622 polliciti
715 567 922 603 sumus
953 549 1055 618 (De
1072 550 1378 619 Civit.Dei,
1407 551 1502 605 lib.
1540 569 1574 614 ι,
1607 570 1651 606 c.
1683 552 2098 624 36),adversus

444 655 545 694 eos
568 639 670 709 qui
701 644 941 708 propter
975 640 1155 694 vitam
1176 647 1310 710 post
1336 645 1590 696 mortem
1610 641 1870 697 futuram
1900 655 2096 694 neces-

444 726 668 781 sarium
687 726 1029 781 existimant
1050 727 1276 782 cultum
1292 728 1540 784 deorum
1561 745 1830 794 suorum,
1858 735 2096 800 propter

441 831 628 885 quam
648 815 828 869 vitam
848 831 956 869 nos
969 815 1213 870 christia
1229 834 1461 871 sumus.
1479 817 1694 873 Dictavi
1717 817 1897 873 etiam
1917 817 2094 872 trium

440 904 810 974 psalmorum
843 904 1270 975 expositiones,
1306 921 1424 960 non
1443 907 1641 977 parvis
1664 906 2092 970 voluminibus,

435 993 784 1061 sexagesimi
815 994 1068 1064 septimi,
1089 996 1518 1066 septuagesimi
1548 994 1748 1066 primi,
1781 999 2096 1066 septuage-

440 1081 577 1136 simi
603 1083 858 1153 septimi.
906 1082 1132 1153 Reliqui
1167 1083 1440 1138 nondum
1473 1083 1673 1140 dictati
1715 1100 1908 1155 neque
1950 1090 2095 1139 trac-

436 1171 557 1235 tati,
595 1172 975 1226 vehementer
1005 1188 1040 1226 a
1071 1171 1246 1226 nobis
1272 1179 1696 1244 exspectantur
1723 1179 1900 1244 atque
1926 1171 2093 1243 ﬂagi-

438 1264 652 1314 tantur.
684 1261 770 1314 Ab
805 1260 1282 1316 hismerevocari
1313 1267 1368 1316 et
1390 1262 1701 1326 retardari,
1733 1261 2092 1318 irruentibus

438 1349 512 1403 de
545 1354 880 1404 transverso
912 1349 1282 1419 quibuslibet
1305 1351 1759 1422 quaestionibus,
1811 1351 1977 1407 nolo:
2015 1351 2093 1407 ita

435 1445 498 1492 ut
519 1454 626 1492 nec
641 1438 823 1494 libros
836 1438 908 1492 de
932 1439 1227 1503 Trinitate,
1244 1456 1398 1510 qu0s
1426 1441 1526 1494 diu
1541 1442 1601 1495 in
1628 1440 1907 1495 manibus
1920 1457 2092 1495 verso

435 1528 830 1598 nondumque
849 1527 1162 1598 complevi,
1183 1529 1364 1584 modo
1392 1531 1693 1584 attendere
1717 1529 1916 1594 velim,
1943 1545 2090 1601 quo-

435 1616 597 1669 niam
628 1616 805 1669 nimis
837 1616 1078 1686 operosi
1104 1623 1263 1686 sunt,
1293 1622 1348 1672 et
1380 1635 1412 1672 a
1463 1619 1672 1688 paucis
1714 1634 1817 1673 eos
1851 1618 2089 1689 intelligi

432 1719 609 1774 posse
637 1703 892 1758 arbitror
926 1720 939 1770 ;
994 1705 1151 1758 unde
1184 1705 1381 1775 magis
1415 1712 1624 1775 urgent
1651 1722 1786 1778 quae
1819 1707 2089 1778 pluribus

435 1791 598 1848 utilia
628 1791 751 1846 fore
794 1808 1129 1862 speramus.

504 1885 556 1935 2.
596 1881 724 1935 Non
765 1882 942 1948 enim,
975 1887 1035 1935 ut
1068 1882 1302 1945 scribis,
1339 1883 1696 1953 Quiignorat,
1743 1884 2089 1955 ignorabitur

435 1967 477 2039 (l
500 1970 757 2037 Cor.xxv,
787 1971 896 2040 38),
932 1970 1005 2023 de
1033 1970 1144 2026 hac
1160 1987 1221 2024 re
1245 1971 1396 2026 dixit
1420 1973 1764 2043 Apostolus,
1797 1981 2084 2044 tanquam

432 2056 544 2112 ista
575 2074 757 2128 paena
786 2059 878 2112 ille
908 2058 1259 2129 plectendus
1308 2061 1399 2126 sit,
1434 2062 1538 2132 qui
1570 2078 1690 2117 non
1736 2062 1889 2117 valet
1919 2063 2088 2118 intel-

429 2144 673 2215 ligentia
703 2148 784 2201 sic
815 2147 1154 2203 discernere
1180 2149 1546 2205 inetiabilem
1576 2150 1869 2207 Trinitatis
1896 2153 2084 2208 unita-

431 2240 569 2306 tem,
607 2237 761 2290 sicut
808 2236 1162 2293 discernitur
1192 2239 1250 2292 in
1283 2239 1484 2294 animo
1533 2245 1738 2295 nostro
1772 2243 2080 2310 memoria,

429 2324 1059 2390 intellectus,voluntas
1090 2327 2078 2400 :aliundehocdicebatApostolus.

432 2415 600 2484 Lege,
635 2421 690 2469 et
713 2415 936 2469 videbis
962 2417 1125 2486 quod
1141 2432 1211 2471 ea
1230 2416 1610 2487 loquebatur,
1631 2435 1764 2490 quas
1788 2420 1969 2475 ﬁdem
1993 2421 2082 2475 vel

430 2519 623 2558 mores
655 2504 980 2559 multorum
1004 2504 1388 2569 aediﬁcarent,
1419 2521 1539 2560 non
1567 2523 1702 2576 quae
1725 2508 1821 2562 vix
1840 2509 1918 2563 ad
1939 2526 2083 2578 pau-

427 2610 655 2658 corum,
693 2609 948 2664 eamque
973 2595 1271 2661 exiguam,
1300 2595 1856 2667 quantulacumque
1883 2598 1940 2652 in
1967 2597 2081 2654 hac

425 2671 542 2739 vita
569 2684 644 2737 de
674 2699 734 2738 re
770 2688 935 2738 tanta
966 2699 1095 2738 esse
1128 2689 1339 2754 potest,
1379 2684 1832 2754 intelligentiam
1879 2703 2081 2757 perveo

427 2772 659 2837 nirent;
695 2772 753 2826 id
781 2779 886 2837 est,
918 2777 977 2826 ut
1001 2772 1218 2840 linguis
1248 2772 1566 2843 prophetia
1611 2782 2077 2846 praeponeretur,

429 2867 493 2916 ut
519 2877 640 2916 non
669 2861 1008 2936 perturbate
1028 2860 1126 2916 illa
1157 2867 1520 2930 gererentur,
1550 2864 1722 2933 quasi
1754 2865 2078 2934 prophetiae

426 2950 669 3020 spiritus
697 2952 874 3005 etiam
908 2950 1125 3005 invitos
1151 2949 1317 3021 loqui
1341 2956 1595 3020 cogeret,
1631 2957 1690 3006 ut
1717 2952 1990 3008 mulieres
2017 2955 2078 3010 in

424 3039 673 3096 ecclesia
688 3045 965 3104 tacerent,
987 3044 1046 3094 ut
1065 3040 1272 3094 omnia
1288 3039 1535 3094 honeste
1554 3045 1609 3095 et
1629 3042 1960 3098 secundum
1989 3059 2078 3098 or-

423 3128 625 3183 dinem
675 3129 904 3183 ﬁerent.
935 3131 1066 3182 Haec
1097 3144 1233 3182 cum
1268 3134 1488 3196 ageret,
1533 3128 1635 3193 ait,
1691 3128 1751 3183 Si
1793 3131 1912 3201 quis
1938 3132 2078 3186 vidit

429 3234 534 3272 esse
556 3218 832 3292 propheta,
867 3223 963 3271 aut
982 3216 1320 3288 spiritualis,
1355 3225 1631 3288 cognoscat
1657 3236 1773 3289 qua:
1792 3221 1965 3276 scribo
1994 3239 2078 3276 vo-

424 3306 522 3370 bis,
549 3309 680 3377 quia
705 3306 925 3361 Domini
947 3314 1019 3360 est
1053 3306 1383 3359 mandatum.
1403 3305 1463 3359 Si
1487 3307 1609 3376 quis
1633 3314 1808 3363 autem
1834 3311 2075 3380 ignorat,

427 3397 775 3467 ignorabitur
808 3418 826 3453 .-
859 3398 948 3451 his
975 3396 1173 3450 verbis
1205 3412 1510 3463 coercens,
1544 3401 1599 3450 et
1645 3399 1722 3453 ad
1754 3401 2075 3470 paciﬁcum

421 3487 695 3541 ordinem
722 3501 1009 3540 revocans
1041 3485 1359 3556 inquietos,
1413 3493 1578 3542 tanto
1602 3487 1680 3541 ad
1725 3489 2076 3546 seditionem

421 3574 722 3637 faciliores,
751 3580 979 3646 quanto
1008 3574 1119 3628 sibi
1149 3574 1742 3647 videbanturspiritu
1770 3579 2074 3648 excellere,

421 3679 560 3718 cum
586 3663 990 3734 superbiendo
1028 3668 1245 3719 cuncta
1303 3664 1633 3720 turbarent.
1680 3665 1741 3720 Si
1777 3668 1896 3737 quis
1934 3684 2076 3738 ergo

422 3751 902 3823 videturpropheta
916 3769 1040 3815 esse,
1065 3759 1160 3807 aut
1183 3751 1516 3823 spiritualis,
1541 3761 1834 3826 cognoscat,
1862 3756 2071 3829 inquit,

419 3858 535 3910 quae
559 3841 733 3896 scribo
760 3841 920 3909 vobis,
952 3841 1081 3912 quia
1118 3842 1343 3896 Domini
1384 3849 1461 3897 est
1489 3844 1828 3900 mandatum.
1858 3846 1914 3901 Si
1939 3846 2074 3917 quis

423 3931 651 3986 videtur
677 3948 830 3998 esse,
863 3939 918 3986 et
951 3933 1152 4002 utique
1182 3947 1304 3986 non
1331 3941 1413 3987 est
1451 3949 1463 3986 :
1496 3948 1638 3988 nam
1668 3933 1772 4004 qui
1804 3938 1916 4004 est,
1948 3935 2075 3991 sine

418 4020 795 4076 dubitatione
809 4021 1138 4090 cognoscit,
1159 4036 1265 4074 nec
1288 4021 1692 4077 admonitione
1718 4028 1774 4078 et
1800 4023 2076 4079 cohorta-

420 4110 572 4163 tione
605 4125 757 4179 opus
787 4108 989 4175 habet,
1021 4109 1162 4179 quia
1192 4109 1396 4163 omnia
1421 4110 1671 4178 judicat,
1701 4117 1755 4166 et
1785 4128 1818 4167 a
1838 4114 2074 4168 nemine

413 4196 716 4265 judicatur
744 4197 848 4267 (Id.
875 4213 934 4263 ll,
969 4196 1332 4266 15).Illiergo
1349 4197 1667 4252 seditiones
1683 4203 1739 4253 et
1762 4202 2074 4270 perturba-

418 4286 608 4341 tiones
635 4287 693 4340 in
723 4285 984 4341 Ecclesia
1016 4284 1332 4348 faciebant,
1367 4286 1468 4358 qui
1487 4287 1837 4344 videbantur
1859 4306 1986 4344 esse
2011 4290 2072 4347 in

414 4375 694 4440 Ecclesia,
712 4376 874 4446 quod
891 4391 1012 4430 non
1040 4380 1227 4430 erant.
1250 4377 1364 4429 Hos
1393 4375 1565 4431 docet
1587 4392 1949 4446 cognoscere
1966 4382 2072 4436 Do-

415 4465 561 4519 mini
589 4481 719 4519 esse
745 4464 1266 4534 mandatum,quia
1279 4471 1468 4520 nonest
1492 4465 1959 4535 seditionisDeus,
1983 4469 2071 4523 sed

413 4554 783 4625 pacis.Siquis
797 4558 1223 4626 autemignorat,
1254 4554 1696 4624 ignorabitur,id
1714 4562 1821 4624 est,
1851 4559 2070 4630 impro-

412 4643 679 4700 babitur.
715 4647 839 4699 Non
868 4644 1030 4699 enim
1060 4646 1232 4713 Deus,
1265 4644 1312 4697 si
1353 4643 1431 4698 ad
1485 4644 1794 4701 scientiam
1822 4647 2066 4713 referas,

412 4731 650 4801 ignorat
675 4749 775 4788 eos
807 4734 1028 4802 quibus
1059 4733 1328 4788 dicturus
1362 4740 1469 4798 est,
1503 4734 1621 4789 Noe
1648 4736 1770 4789 novi
1801 4753 1887 4790 vos
1908 4739 2065 4807 (Luc.

411 4837 536 4885 Xlll,
571 4824 660 4891 27)
693 4838 706 4888 ;
742 4821 847 4875 sed
901 4836 1107 4876 eorum
1160 4821 1524 4892 improbatio
1556 4822 1670 4878 hoc
1703 4824 1883 4880 verbo
1928 4827 2066 4882 insi-

411 4917 598 4965 nuata
628 4915 736 4965 est.

484 5004 534 5055 3.
570 5001 711 5054 Cum
741 5001 940 5053 autem
970 4997 1255 5052 Dominus
1281 4998 1459 5064 dicat,
1481 5001 1640 5056 Beati
1665 5002 1860 5057 mundo
1889 5005 2063 5071 cordo,

409 5092 655 5160 quoniam
688 5086 977 5159 ipsiDeum
1001 5086 1249 5141 videbunt
1275 5088 1497 5157 (Matth.
1529 5105 1581 5152 v,
1603 5089 1674 5159 8),
1701 5106 1891 5162 eaque
1917 5094 2066 5150 visio

409 5188 582 5242 nobis
602 5188 661 5242 in
691 5188 808 5242 ﬁne
835 5201 1145 5241 summum
1163 5187 1481 5257 praemium
1515 5187 1912 5257 promittatur,
1939 5207 2063 5247 non

409 5283 497 5330 est
523 5277 935 5342 metuendum,
970 5276 1019 5329 si
1053 5291 1210 5329 nunc
1241 5275 1317 5329 ad
1346 5275 1662 5346 liquidum,
1691 5292 1825 5348 qua),
1855 5277 1927 5332 de
1958 5279 2059 5335 Dei

409 5373 622 5421 natura
643 5366 1320 5435 credimus,couspicere
1351 5379 1470 5418 non
1493 5364 1785 5430 valemus,
1820 5382 1894 5421 ne
1921 5367 2060 5426 inde

410 5454 484 5506 sit
515 5454 758 5521 dictum,
787 5455 892 5520 Qui
928 5457 1166 5526 ignorat,
1208 5453 1569 5525 ignorabitur.
1605 5455 1754 5519 Quia
1784 5457 1945 5512 enim
1998 5457 2057 5514 in

408 5542 700 5612 sapientia
724 5544 822 5597 Dei
844 5560 965 5599 non
992 5544 1548 5614 cognovitmundus
1572 5559 1675 5614 per
1700 5545 2055 5616 sapientiam

1735 159 1798 215 S.
1827 152 2217 214 ‘AUGUSTlNl
2259 151 2581 209 EPISCOPI
3731 165 3820 222 744

2213 292 2316 332 vos
2345 277 2540 334 facere
2587 278 2912 335 credentes.
2949 280 3084 336 Haec
3123 281 3368 338 stultitia
3395 283 3826 354 praedicationis,

2210 382 2279 421 ac
2310 366 2553 422 stultum
2606 368 2725 432 Dei,
2759 369 2924 442 quod
2967 370 3292 442 sapientius
3332 377 3417 428 est
3440 373 3765 431 hominibus
3795 379 3833 448 (l

2210 454 2334 510 Cor.
2369 474 2403 520 1,
2437 459 2524 521 ‘ll,
2549 458 2659 527 25),
2693 459 2914 514 multos
2936 460 3232 515 contrahit
3261 460 3339 515 ad
3361 460 3621 528 salutem,
3649 469 3835 522 utnon

2208 544 2402 600 solum
2425 547 2529 617 qui
2550 546 2823 602 nondum
2854 552 3017 604 certa
3046 548 3243 604 valent
3275 549 3656 621 intelligentia
3681 569 3836 609 cons-

2206 633 2400 704 picere
2431 641 2710 690 naturam
2727 636 3048 709 Dei,quam
3063 638 3180 693 ﬁde
3200 645 3413 704 tenent,
3447 655 3647 695 verum
3675 643 3836 700 etiam

2205 723 2309 793 qui
2339 723 2611 779 nondum
2668 725 2725 779 in
2778 725 2911 797 ipsa
2945 726 3151 782 anima
3182 744 3291 783 sua
3333 728 3411 784 ita
3441 729 3834 800 incorpoream

2206 811 2600 868 substantiam
2615 829 2649 868 a
2670 816 2937 885 corporis
2955 816 3338 885 generalitate
3351 816 3838 890 discernunt,que—

2208 901 2604 958 madmodum
2639 903 2780 958 certi
2803 908 2942 959 sunt
2965 920 3026 960 se
3050 905 3264 972 vivere,
3290 921 3486 971 nosse,
3522 907 3686 969 velle.
3719 909 3837 966 ideo

2204 1005 2325 1044 non
2359 990 2474 1044 sint
2504 991 2680 1045 alieni
2711 1008 2745 1046 a
2767 991 2976 1060 salute,
3018 1009 3204 1065 quam
3236 993 3482 1051 stultitia
3525 994 3621 1050 illa
3649 998 3838 1068 pradi-

2206 1079 2455 1133 cationis
2483 1079 2763 1136 ﬁdelibus
2797 1081 3042 1138 confert.

2274 1167 2329 1223 4.
2355 1167 2505 1222 Nam
2535 1169 2583 1221 si
2609 1174 2961 1239 proptereos
2980 1170 3140 1226 solos
3165 1170 3435 1227 Christus
3450 1180 3713 1228 mortuus
3737 1180 3833 1239 est,

2203 1256 2307 1327 qui
2329 1261 2488 1312 certa
2507 1255 2896 1327 intelligentia
2918 1265 3169 1329 possunt
3191 1260 3305 1316 ista
3327 1261 3677 1326 discernere,
3703 1279 3836 1334 pene

2202 1345 2422 1401 frustra
2452 1345 2509 1399 in
2536 1345 2794 1402 Ecclesia
2820 1347 3186 1404 laboramus.
3217 1351 3277 1404 Si
3301 1357 3529 1415 autem,
3569 1352 3727 1422 quod
3754 1369 3840 1408 ve-

2201 1434 2343 1490 ritas
2363 1434 2565 1504 habet,
2591 1435 2806 1491 inﬁrmi
2832 1437 3036 1508 pepuli
3059 1438 3432 1494 credentium
3455 1439 3533 1495 ad
3560 1441 3834 1496 medicum

2202 1529 2466 1587 currunt,
2494 1525 2751 1579 sanandi
2774 1540 2877 1596 per
2897 1525 3216 1589 Christum,
3232 1533 3288 1583 et
3307 1529 3470 1584 hunc
3486 1530 3834 1596 cruciﬁxum,

2203 1617 2265 1667 ut
2297 1612 2392 1667 ubi
2423 1613 2756 1675 abundavit
2785 1620 3120 1685 peccatum,
3171 1618 3624 1688 superabundet
3666 1620 3837 1689 gratia

2200 1702 2378 1766 (Rom.
2409 1719 2464 1767 v,
2493 1702 2623 1773 20);
2655 1702 2819 1758 miris
2851 1703 2913 1758 ﬁt
2945 1705 3140 1759 modis
3173 1723 3280 1776 per
3301 1706 3674 1763 altitudinem
3700 1708 3832 1763 divi-

2202 1790 2416 1845 tiarum
2439 1791 2744 1861 sapientiae
2762 1796 2817 1846 et
2835 1792 3092 1848 scientias
3116 1794 3236 1857 Dei,
3262 1800 3320 1850 et
3337 1796 3836 1865 perinscrutabilia

2195 1878 2422 1948 judicia
2451 1879 2578 1947 ejus
2607 1880 2718 1946 (Id.
2747 1897 2824 1943 ιιι,
2859 1882 2968 1951 33),
2988 1886 3049 1936 ut
3069 1886 3124 1937 et
3150 1883 3428 1939 nonnulli
3450 1899 3486 1941 a
3510 1887 3834 1956 corporibus

2199 1967 2550 2038 incorporea
2581 1967 3011 2034 discernentes,
3053 1987 3193 2026 cum
3235 1971 3349 2027 sibi
3399 1989 3472 2028 ex
3505 1974 3614 2028 hoc
3652 1973 3833 2043 magni

2197 2055 2490 2122 videntur,
2534 2064 2588 2111 et
2613 2057 2857 2113 irrident
2888 2058 3195 2115 stultitiam
3231 2060 3688 2130 praedicationis,
3727 2079 3835 2134 qua

2197 2144 2339 2198 salvi
2372 2144 2519 2200 ﬁunt
2549 2146 2874 2211 credentes,
2907 2147 2986 2203 ab
3017 2148 3195 2204 unica
3228 2149 3322 2204 via
3354 2149 3538 2220 longe
3568 2159 3832 2216 exerrent,

2195 2249 2330 2304 quas
2357 2234 2433 2290 ad
2466 2234 2643 2290 vitam
2672 2241 2956 2291 mternam
2983 2237 3110 2292 sola
3150 2238 3427 2307 perducit
3455 2259 3466 2295 :
3503 2246 3558 2296 et
3597 2241 3754 2296 multi
3783 2241 3833 2296 in

2195 2338 2367 2377 cruce
2400 2323 2614 2379 Christi
2645 2323 2986 2392 gloriantes,
3028 2331 3084 2381 et
3115 2328 3192 2381 ab
3227 2328 3447 2384 eadem
3477 2330 3572 2385 via
3611 2345 3723 2385 non
3759 2346 3834 2384 re-

2195 2413 2492 2476 cedentes,
2515 2412 2745 2468 etiamsi
2774 2413 2881 2469 ista
2905 2431 3039 2485 quae
3055 2414 3448 2472 subtilissime
3463 2418 3831 2484 disseruntur,

2193 2500 2489 2570 ignorant,
2523 2503 2668 2572 quia
2698 2517 2815 2557 non
2844 2503 2991 2575 perit
3018 2519 3172 2559 unus
3203 2521 3275 2560 ex
3304 2505 3424 2561 illis
3457 2509 3472 2542 ¹
3508 2523 3613 2579 pro
3631 2509 3832 2579 quibus

2193 2597 2465 2646 mortuus
2496 2595 2587 2645 est
2617 2592 3184 2663 (Joan.xvn,i2),ad
3199 2594 3485 2652 eamdem
3515 2598 3833 2668 perveniant

2192 2680 2601 2743 aeternitatem,
2636 2680 2940 2736 veritatem
2976 2684 3348 2753 charitatem,
3382 2685 3445 2740 id
3483 2692 3567 2742 est
3612 2686 3685 2742 ad
3726 2692 3832 2742 sta-

2192 2767 2393 2835 bilem,
2425 2772 2669 2835 certam,
2701 2768 3061 2842 plenamque
3087 2770 3452 2839 felicitatem,
3490 2774 3584 2830 ubi
3613 2790 3831 2830 manen-

2193 2857 2372 2921 tibus,
2399 2857 2752 2924 videntibus,
2770 2859 3115 2914 amantibus
3128 2866 3499 2919 suntcuncta
3512 2865 3825 2934 perspicua.

2258 2947 2477 3001 CAPUT
2518 2949 2580 3001 ιι.
2615 2951 2748 3002 -5,
2783 2948 3027 3003 Proinde
3058 2950 3117 3003 in
3148 2965 3336 3006 unum
3370 2952 3581 3018 Deum,
3622 2956 3828 3008 Patrem

2191 3039 2248 3090 et
2280 3036 2487 3090 Filium
2510 3040 2566 3092 et
2601 3036 2884 3107 Spiritum
2935 3042 3207 3093 sanctum
3239 3039 3417 3097 ﬁrma
3463 3043 3674 3113 pietate
3719 3057 3829 3096 cre-

2189 3124 2428 3190 damus,
2461 3125 2542 3180 ita
2565 3129 2750 3182 utnec
2775 3125 2947 3180 Filius
2970 3126 3246 3183 credatur
3270 3144 3403 3185 esse
3431 3132 3531 3202 qui
3555 3132 3717 3186 Pater
3733 3137 3826 3194 est,

2191 3229 2299 3268 nec
2328 3217 2492 3269 Pater
2521 3214 2623 3284 qui
2654 3213 2830 3268 Filius
2857 3219 2961 3279 est,
2993 3231 3100 3270 nec
3133 3219 3301 3273 Pater
3349 3234 3464 3274 nec
3519 3219 3686 3276 Filius
3733 3220 3826 3291 qui

2192 3304 2499 3374 utriusque
2521 3303 2772 3374 Spiritus
2791 3309 2895 3358 est.
2921 3304 3077 3359 Nihil
3098 3311 3335 3375 putetur
3358 3309 3419 3363 in
3438 3309 3552 3365 hac
3573 3309 3826 3365 Trinitate

2192 3392 2562 3463 temporibus
2588 3391 2808 3446 locisve
2834 3392 3092 3461 distare;
3127 3395 3230 3449 sed
3258 3395 3389 3452 haec
3432 3399 3544 3454 tria
3593 3397 3828 3470 mqualia

2191 3495 2319 3536 esse
2350 3487 2406 3535 et
2429 3485 2744 3548 coaeterna,
2777 3485 2832 3536 et
2863 3482 3112 3538 omnino
3140 3499 3268 3540 esse
3293 3501 3418 3542 una
3441 3493 3658 3543 natura
3685 3502 3696 3542 :
3721 3501 3824 3541 non

2189 3586 2227 3625 a
2251 3573 2413 3624 Patre
2441 3569 2641 3630 aliam,
2671 3575 2726 3625 et
2754 3585 2789 3625 a
2821 3569 2958 3626 Filio
2988 3571 3188 3643 aliam,
3218 3577 3273 3630 et
3303 3591 3340 3630 a
3381 3575 3603 3648 Spiritu
3643 3581 3825 3632 sancto

2190 3657 2369 3714 aliam
2392 3657 2695 3713 conditam
2717 3674 2845 3714 esse
2867 3666 3198 3716 creaturam
3229 3680 3241 3728 ;
3276 3664 3381 3719 sed
3405 3666 3612 3721 omnia
3647 3672 3700 3720 et
3723 3666 3827 3719 sin-

2191 3747 2332 3816 gula
2369 3763 2498 3818 quas
2530 3753 2730 3802 creata
2760 3753 2899 3803 sunt
2930 3748 3019 3803 vel
3050 3756 3344 3817 creantur,
3403 3754 3677 3810 Trinitate
3722 3769 3824 3809 cre-

2190 3843 2326 3892 ante
2351 3836 2668 3892 subsistere
2691 3853 2799 3893 nec
2820 3854 3190 3910 quemquam
3219 3841 3460 3898 liberari
3480 3862 3516 3900 a
3538 3845 3696 3900 Patre
3716 3845 3824 3898 sine

2193 3925 2332 3981 Filio
2363 3930 2419 3980 et
2451 3925 2667 3997 Spiritu
2689 3931 2916 3992 sancto,
2943 3934 3046 3982 aut
3071 3945 3107 3984 a
3131 3929 3268 3986 Filio
3295 3933 3423 3987 sine
3451 3935 3613 3989 Patre
3638 3939 3690 3988 et
3717 3931 3823 4004 Spi-

2189 4015 2306 4070 ritu
2336 4020 2539 4070 sancto
2571 4021 2673 4070 aut
2706 4031 2741 4069 a
2771 4015 2989 4086 Spiritu
3013 4018 3231 4074 Sancto
3253 4021 3380 4076 sine
3399 4022 3567 4078 Patre
3589 4028 3642 4078 et
3667 4022 3819 4083 Filio;

2192 4104 2297 4158 sed
2323 4119 2357 4159 a
2402 4105 2567 4158 Patre
2593 4108 2651 4158 et
2690 4104 2830 4158 Filio
2857 4110 2911 4160 et
2955 4106 3173 4177 Spiritu
3205 4116 3438 4180 sancto,
3491 4127 3629 4176 uno,
3678 4125 3818 4170 vero.

2189 4207 2444 4263 vereque
2471 4192 2812 4263 immortali,
2848 4194 2905 4248 id
2930 4200 3016 4250 est
3032 4197 3198 4251 omni
3231 4198 3415 4255 modo
3448 4201 3820 4256 incommuta-

2189 4279 2287 4336 bili
2342 4280 2468 4336 solo
2517 4283 2651 4336 Deo.
2697 4282 2874 4338 Multa
2914 4289 3114 4340 autem
3170 4285 3350 4343 etiam
3401 4289 3719 4359 separatim
3766 4287 3818 4341 in

2189 4371 2505 4442 Scripturis
2527 4371 2600 4425 de
2624 4370 2875 4442 singulis
2907 4372 3044 4443 dici,
3081 4379 3142 4429 ut
3170 4375 3529 4438 insinuetur.
3558 4375 3815 4450 quamvis

2187 4459 2598 4532 inseparabilis
2620 4460 2893 4527 Trinitas,
2924 4466 3124 4518 tamen
3142 4465 3431 4522 Trinitas:
3465 4476 3525 4523 ut
3549 4465 3820 4540 quemad-

2189 4549 2437 4604 modum
2471 4549 2650 4606 simul
2685 4548 2802 4604 dici
2833 4566 2952 4605 non
2981 4559 3232 4621 possunt
3261 4570 3401 4610 cum
3432 4556 3597 4612 sonis
3632 4570 3820 4625 corpo-

2185 4638 2412 4693 ralibus
2456 4647 3025 4705 commemorantur,
3058 4642 3341 4712 quamvis
3375 4645 3554 4700 simul
3599 4645 3711 4700 sint
3747 4644 3820 4698 in-

2187 4726 2597 4798 separabiliter
2625 4744 2639 4793 ;
2671 4728 2750 4784 ita
2780 4736 2834 4782 et
2873 4729 3239 4800 quibusdam
3279 4733 3714 4805 Scripturarum
3738 4733 3820 4787 lo-

2187 4818 2289 4882 cis,
2315 4822 2366 4872 et
2390 4832 2494 4887 per
2522 4817 2819 4888 quasdam
2845 4825 3145 4874 creaturas
3177 4821 3528 4890 singillatim
3550 4823 3815 4878 vicissim-

2186 4921 2302 4978 que
2344 4911 2759 4972 monstrentur,
2804 4908 2954 4962 sicut
2997 4907 3163 4964 Pater
3201 4910 3261 4964 in
3286 4927 3431 4968 voce
3456 4929 3579 4985 qua
3618 4911 3817 4972 sonuit,

2203 4995 2288 5048 Tu
2305 5010 2360 5050 es
2385 4995 2577 5050 Filius
2591 5009 2751 5050 meus
2777 4996 2948 5065 (Luc.
2972 5014 3054 5061 ιιι,
3077 4999 3166 5068 22)
3190 5016 3205 5068 ;
3231 5003 3289 5053 et
3311 5000 3490 5056 Filius
3517 5001 3577 5056 in
3595 4999 3818 5056 homine

2185 5099 2367 5155 quem
2399 5082 2662 5155 suscepit
2691 5100 2760 5138 ex
2810 5084 3044 5154 Virgine
3086 5087 3193 5156 (Id,
3239 5106 3292 5153 ιι,
3338 5092 3395 5158 7)
3438 5106 3451 5155 ;
3486 5095 3542 5145 et
3587 5087 3818 5160 Spiritus

2185 5176 2429 5227 sanctus
2470 5173 2529 5226 in
2561 5172 2860 5229 columbae
2891 5175 3086 5245 specie
3131 5177 3426 5248 corporali
3460 5179 3693 5248 (.llatth.
3745 5191 3814 5238 ιιι,

2187 5263 2272 5333 l6)
2297 5279 2310 5316 :
2340 5262 2465 5317 haec
2496 5264 2815 5332 separatim
2839 5264 3107 5336 quidem,
3141 5265 3246 5322 sed
3269 5267 3432 5324 nullo
3450 5269 3630 5325 modo
3661 5279 3813 5337 sepa-

2184 5355 2316 5405 rata
2359 5351 2465 5407 tria
2496 5350 2597 5406 illa
2625 5351 3062 5409 demonstrant.

2236 5523 2251 5593 ξ
2276 5521 2543 5593 yss.__duo
2574 5537 2656 5593 νζ,
2679 5538 2783 5593 non
2808 5526 3100 5593 per-iiuna:
3121 5542 3190 5593 ea:
3207 5529 3431 5593 pusillis.
3485 5529 3646 5592 Prope
3680 5539 3808 5593 acce-

2172 5583 2250 5633 dit
2274 5584 2554 5655 Sulp_itian.
2589 5585 2740 5655 Cod.,
2764 5583 2855 5651 qui
2880 5587 3068 5639 habet:
3106 5583 3224 5640 Non
3256 5593 3389 5655 perit
3423 5607 3556 5641 unus
3583 5583 3803 5655 λυωῑιιω,

403 5631 617 5703 Deum,
631 5629 854 5703 placuit
878 5636 996 5690 Deo
1021 5634 1443 5704 perstultitiam
1473 5633 1912 5706 praedicationis
1939 5637 2055 5695 sal-
2167 5629 2654 5712 gib‘q‘afsaj‘aei
