4098 6166
135 133 234 190 745

199 259 253 314 6.
291 258 379 314 Ad
405 259 519 314 hoc
555 263 880 329 utcumque
919 256 1370 326 intelligendum
1419 257 1788 312 assumimus

132 349 511 412 memoriam,
543 346 1015 415 intelligentiam,
1061 345 1450 401 voluntatem.
1504 347 1790 412 Quamvis

128 438 288 494 enim
309 438 437 492 hac
459 437 576 493 suis
603 435 1015 507 separatisqus
1040 435 1408 506 temporibus
1446 435 1789 503 singillatim

129 527 371 597 singula
403 527 801 594 enuntiemus,
837 524 982 578 nihil
1010 529 1207 579 tamen
1237 524 1449 579 horum
1485 525 1610 579 sine
1662 524 1791 579 aliis

125 616 369 672 duobus
395 614 631 684 agimus
649 619 751 670 aut
775 613 1050 668 dicimus.
1077 615 1189 668 Nec
1213 612 1344 668 ideo
1365 611 1636 684 putanda
1655 617 1791 667 sunt

125 707 253 761 hac
291 705 400 761 tria
427 705 688 760 Trinitati
717 705 796 758 sic
824 708 1195 773 comparata,
1230 708 1292 757 ut
1323 703 1486 757 omni
1512 717 1582 756 ex
1627 707 1791 772 parte

126 795 610 850 conveniantzcui
630 794 786 848 enim
805 790 1175 847 similitudini
1195 791 1252 845 in
1271 790 1640 862 disputando
1655 806 1790 845 con-

127 884 431 939 venientia
462 889 627 938 tanta
652 882 1016 945 conceditur,
1036 885 1100 934 ut
1129 880 1179 934 ei
1207 880 1416 936 rei'cui
1445 879 1793 935 adhibenda

124 983 228 1036 est,
251 989 325 1028 ex
358 971 525 1027 omni
556 977 720 1042 parte
751 967 1101 1041 coapteturâ€˜l
1133 968 1224 1023 vel
1254 968 1502 1040 quando
1534 983 1604 1022 ex
1633 983 1794 1024 crea-

126 1070 261 1118 tura
287 1063 365 1117 ad
391 1061 728 1117 Creatorem
752 1059 976 1131 aliquid
1006 1058 1194 1113 simile
1217 1057 1792 1113 assumitur?Primo

124 1151 343 1219 ergoin
370 1150 913 1206 hocinveniturista
937 1147 1265 1202 similitudo
1283 1146 1792 1217 dissimilis,quod

124 1241 232 1295 tria
267 1240 418 1305 hac,
465 1239 756 1295 memoria
796 1237 1205 1305 intelligentia,
1240 1234 1534 1302 voluntas,
1573 1235 1791 1288 anima

123 1329 364 1395 insunt;
398 1344 518 1384 non
550 1330 761 1383 eadem
801 1327 927 1389 tria,
961 1331 1048 1380 est
1075 1325 1278 1380 anima
1312 1341 1325 1378 :
1360 1324 1460 1378 illa
1498 1339 1636 1378 vero
1672 1325 1792 1378 Tri-

123 1418 282 1473 nitas
312 1434 433 1473 non
466 1419 637 1485 inest,
659 1417 762 1471 sed
790 1416 920 1487 ipsa
955 1418 1106 1470 Deus
1132 1419 1240 1469 est.
1267 1414 1404 1468 Ideo
1432 1413 1516 1467 ibi
1551 1413 1791 1468 mirabi-

123 1506 190 1561 lis
215 1506 576 1577 simplicitas
595 1504 1087 1569 commendatur;
1107 1503 1250 1575 quia
1272 1518 1392 1557 non
1415 1501 1494 1556 ibi
1517 1501 1680 1558 aliud
1702 1506 1791 1558 est

123 1611 276 1663 esse,
309 1596 474 1651 aliud
501 1595 847 1665 intelligere,
877 1593 968 1648 vel
1001 1593 1046 1647 si
1077 1592 1225 1664 quid
1257 1591 1419 1647 aliud
1447 1591 1520 1646 de
1555 1590 1652 1646 Dei
1681 1607 1790 1646 na-

123 1689 254 1740 tura
284 1685 542 1748 dicitur;
575 1683 777 1739 anima
807 1697 948 1737 vero
977 1681 1123 1753 quia
1149 1685 1256 1746 est,
1290 1682 1466 1736 etiam
1494 1680 1637 1734 dum
1668 1695 1789 1735 non

121 1773 415 1842 intelligit,
452 1772 613 1828 aliud
641 1779 728 1828 est
754 1771 917 1843 quod
950 1775 1058 1835 est,
1093 1769 1258 1825 aliud
1290 1770 1451 1841 quod
1481 1769 1779 1837 intelligit.

121 1863 347 1917 Deinde
383 1863 518 1934 quis
555 1861 772 1916 audeat
817 1861 1011 1915 dicere
1045 1862 1272 1914 Patrem
1307 1875 1426 1913 non
1464 1857 1790 1926 intelligere

120 1969 226 2024 per
251 1951 667 2023 seipsum,sed
696 1965 802 2021 per
829 1949 1059 2012 Filium,
1078 1950 1225 2002 sicut
1253 1948 1543 2002 memoria
1561 1962 1681 2002 non
1707 1948 1790 2000 in-

122 2040 334 2110 telligit
368 2057 471 2111 per
501 2039 904 2110 seipsam,sed
940 2053 1042 2108 per
1070 2035 1562 2100 intellectum,vel
1595 2036 1790 2106 potius

119 2131 332 2184 anima
364 2128 520 2200 ipsa,
563 2127 658 2182 cui
696 2127 822 2181 hac
865 2126 1087 2193 insunt,
1125 2141 1229 2196 per
1264 2124 1623 2178 intellectum
1668 2129 1791 2178 tan-

119 2219 447 2274 tummodo
477 2216 745 2284 intelligit
772 2234 784 2281 ;
823 2214 974 2268 sicut
1006 2230 1110 2284 per
1141 2213 1494 2269 memoriam
1531 2216 1789 2266 tantum-

123 2308 309 2362 modo
327 2306 616 2370 meminit,
632 2310 690 2358 et
703 2320 807 2375 per
822 2303 1187 2358 voluntatem
1211 2308 1436 2356 tantum
1449 2301 1626 2356 modo
1643 2299 1791 2356 vult?

119 2397 202 2450 Ad
239 2396 356 2450 hoc
396 2409 535 2463 ergo
576 2392 893 2448 adhibetur
925 2390 1038 2446 ista
1070 2389 1421 2454 similitudo,
1457 2396 1517 2443 ut
1546 2403 1792 2461 quoquo

123 2485 312 2539 modo
345 2480 1258 2552 intelligatur,quemadmodum
1285 2480 1500 2534 horum
1529 2479 1700 2534 trium
1734 2478 1792 2532 in

119 2573 332 2628 anima
354 2587 489 2626 cum
520 2570 754 2639 singula
770 2570 1015 2623 nomina
1038 2569 1442 2632 enuntiantur,
1458 2567 1682 2637 quibus
1697 2581 1792 2620 ea-

119 2663 264 2718 dem
296 2659 534 2730 singula
567 2660 1075 2722 demonstrantur,
1092 2663 1291 2712 tamen
1315 2659 1794 2727 unumquodque

121 2765 348 2806 nomen
376 2749 468 2804 his
495 2749 683 2803 tribus
707 2747 1168 2818 cooperantibus
1196 2745 1711 2810 enuntiatur,cum
1740 2749 1795 2798 et

120 2839 594 2896 reminiscendo.
611 2841 668 2891 et
686 2835 1092 2906 intelligendo.
1110 2841 1165 2889 et
1183 2834 1437 2888 volendo
1455 2833 1667 2889 dicitur
1687 2834 1795 2901 ;ita

121 2929 360 2984 nullam
383 2943 511 2982 esse
539 2931 896 2992 creaturam,
916 2940 1037 2996 qua
1071 2924 1158 2978 vel
1189 2923 1353 2978 solus
1382 2923 1672 2987 Pater,vel
1703 2939 1794 2976 so-

120 3019 216 3073 lus
246 3017 450 3081 Filius,
471 3015 560 3070 vel
587 3015 750 3069 solus
779 3013 1031 3085 Spiritus
1058 3019 1296 3067 sanctus
1329 3013 1792 3082 demonstretur,

119 3122 310 3179 quam
351 3120 468 3160 non
495 3103 672 3158 simul
703 3103 954 3158 Trinitas
987 3105 1284 3172 operetur,
1317 3117 1454 3172 qua
1485 3103 1792 3170 insepara-

122 3196 325 3251 biliter
353 3199 670 3266 operatur:
702 3208 771 3246 ac
799 3207 904 3263 per
930 3191 1044 3246 hoc
1075 3205 1184 3245 nec
1211 3205 1420 3245 vocem
1455 3189 1656 3253 Patris,
1686 3205 1794 3244 nec

121 3286 398 3340 animam
448 3286 500 3337 et
552 3297 794 3337 carnem
837 3279 982 3344 Filii,
1021 3295 1128 3334 nec
1159 3278 1504 3334 columbam
1545 3277 1795 3348 Spiritus

124 3372 325 3430 sancti
370 3388 502 3428 esse
534 3371 772 3439 factam,
807 3371 919 3425 nisi
963 3368 1176 3424 eadem
1210 3370 1568 3439 cooperante
1607 3365 1792 3421 Trini-

123 3469 266 3520 tate.

196 3554 254 3608 '7.
278 3555 392 3607 Nec
416 3565 562 3606 sane
589 3564 774 3604 sonus
798 3547 891 3602 ille
913 3546 1214 3618 vocis,qui
1240 3545 1525 3601 continuo
1543 3559 1674 3599 esse
1699 3543 1798 3599 de-

137 3642 638 3710 stitit,coaptatus
666 3643 753 3692 est
781 3637 837 3691 in
860 3635 1145 3690 unitatem
1163 3651 1436 3707 persona
1467 3632 1797 3697 Patris,nec

135 3731 242 3787 illa
272 3728 571 3784 columba
592 3725 818 3798 species
833 3725 1154 3796 corporalis
1172 3729 1448 3795 coaptata
1470 3729 1558 3778 est
1586 3725 1642 3778 in
1676 3722 1797 3776 uni-

139 3826 325 3877 tatem
367 3832 637 3888 persona
680 3815 930 3886 Spiritus
955 3816 1164 3870 sancti.
1192 3817 1337 3868 Nam
1368 3813 1502 3882 ipsa
1532 3826 1796 3883 quoque,

140 3911 299 3964 sicut
327 3906 522 3961 nubes
553 3904 650 3960 illa
675 3903 874 3959 lucida
909 3919 1043 3974 qua
1074 3902 1307 3973 operuit
1337 3902 1395 3955 in
1429 3908 1629 3955 monte
1660 3916 1797 3954 cum

138 3999 330 4052 tribus
373 3993 686 4064 Discipulis
736 3992 1103 4048 Salvatorem
1142 3989 1380 4060 (Matth.
1419 4006 1553 4054 xvu,
1593 3992 1673 4060 5),
1708 3987 1799 4042 vel

139 4085 342 4158 potius
357 4083 510 4137 sicut
527 4081 786 4151 illeignis
799 4081 900 4153 qui
914 4079 1196 4135 eumdem
1221 4077 1508 4149 Spiritum
1524 4083 1796 4132 sanctum

137 4175 579 4230 demonstravit
609 4172 752 4240 (Act.
787 4186 844 4234 Î¹Î¹,
881 4169 956 4240 3),
981 4167 1181 4224 ofï¬cio
1213 4166 1663 4236 signiï¬cationis
1693 4165 1800 4220 im-

138 4264 470 4336 pleto,mox
485 4276 616 4315 esse
634 4257 986 4314 desivit.Sed
1012 4257 1173 4312 solus
1191 4255 1546 4327 homo,quia
1562 4260 1802 4326 propter

139 4355 342 4425 ipsam
386 4355 662 4404 naturam
697 4346 1072 4403 liberandam
1105 4346 1183 4400 illi
1232 4345 1438 4400 omnia
1466 4344 1710 4408 ï¬ebant,
1740 4344 1799 4398 in

141 4440 432 4495 unitatem
457 4452 728 4509 persona
757 4435 925 4490 Verbi
950 4434 1202 4500 Dei,hoc
1233 4440 1319 4489 est
1353 4433 1509 4488 unici
1552 4433 1671 4488 Filii
1704 4431 1799 4486 Dei

144 4527 401 4586 mirabili
421 4533 476 4581 et
509 4525 792 4596 singulari
817 4525 1194 4595 susceptione
1217 4527 1532 4593 coaptatus
1554 4528 1660 4585 est,
1679 4537 1802 4591 per-

147 4622 432 4674 manente
461 4622 663 4670 tamen
696 4614 886 4668 Verbo
922 4615 980 4667 in
1013 4628 1122 4666 sua
1153 4617 1364 4666 natura
1405 4611 1805 4665 incommuta-

144 4707 361 4770 biliter,
379 4706 436 4759 in
451 4720 572 4777 qua
587 4703 727 4757 nihil
748 4701 1064 4773 compositi
1080 4717 1212 4755 cum
1239 4716 1360 4771 quo
1385 4699 1668 4753 subsistat
1688 4698 1806 4753 ulla

147 4795 470 4868 phantasia
496 4793 745 4848 humani
773 4791 953 4846 animi
985 4789 1418 4860 suspicandum
1449 4795 1554 4842 est.
1576 4789 1806 4858 Legitur

144 4885 417 4957 quidem,
449 4883 521 4936 Et
553 4878 812 4950 Spiritus
838 4879 1144 4948 sapientia
1174 4878 1496 4944 multiplex
1528 4875 1686 4944 (Sap.
1714 4891 1807 4944 vn,

147 4975 239 5044 22)
258 4990 272 5037 ;
291 4972 394 5027 sed
413 4978 565 5026 recte
587 4971 800 5024 dicitur
815 4971 995 5024 etiam
1011 4965 1284 5038 simplex.
1311 4965 1606 5036 Multiplex
1625 4963 1804 5027 enim,

148 5062 442 5134 quoniam
458 5059 645 5115 multa
660 5065 943 5130 suntqua
956 5056 1159 5126 habet;
1178 5054 1422 5125 simplex
1440 5053 1810 5124 autem,quia

149 5167 272 5207 non
288 5149 452 5206 aliud
476 5165 657 5220 quam
676 5146 1032 5220 quodhabet
1053 5151 1140 5200 est
1173 5161 1185 5199 :
1216 5146 1366 5200 sicut
1391 5143 1582 5198 dictus
1610 5149 1695 5197 est
1729 5143 1782 5197 Fi

149 5240 263 5296 lius
277 5239 500 5294 habere
525 5237 704 5292 vitam
720 5237 778 5291 in
794 5236 1113 5307 semetipso
1129 5233 1321 5304 (Joan.
1338 5249 1390 5297 v,
1409 5233 1521 5303 â€˜26),
1537 5237 1590 5288 et
1605 5232 1810 5286 eadem

150 5329 276 5385 vita
303 5329 433 5399 ipse
467 5332 575 5381 est.
595 5327 785 5381 Homo
803 5329 1002 5380 autem
1028 5323 1220 5378 Verbo
1247 5321 1514 5386 accessit,
1537 5337 1653 5376 non
1680 5321 1812 5375 Ver-

152 5418 303 5473 bum
330 5417 390 5470 in
417 5415 724 5470 hominem
745 5413 1204 5470 convertibiliter
1226 5413 1504 5475 accessit;
1535 5416 1713 5481 atque
1735 5409 1814 5464 ita

154 5514 210 5562 et
242 5505 425 5561 Filius
452 5505 551 5560 Dei
581 5503 759 5559 simul
789 5520 928 5558 cum
964 5503 1207 5558 homine
1243 5507 1517 5571 suscepto
1549 5499 1763 5553 dicitur
1795 5513 1808 5552 :

153 5595 322 5653 unde
365 5593 526 5650 idem
574 5593 749 5649 Filius
796 5592 896 5648 Dei
944 5589 1448 5648 incommutabilis
1498 5593 1586 5643 est
1634 5593 1815 5658 atque

385 5729 623 5788 Î¡Î»Ï„Î¹Î¹Î¿Î¹..
661 5727 919 5786 XXXIII.

1385 129 1885 188 EPISTOLABUM
1925 131 2232 192 CLASSIS.
2253 139 2325 194 Ill
2343 184 2357 198 .

3439 150 3549 206 746

1895 263 2226 317 coaternus
2252 264 2422 329 Patri,
2458 266 2562 320 sed
2594 266 2654 321 in
2685 265 2877 323 Verbo
2905 269 3064 335 solo;
3089 275 3144 328 et
3174 273 3439 344 sepultus
3467 280 3550 332 est

1900 347 2070 402 Filius
2102 351 2220 415 Dei,
2257 353 2359 408 sed
2391 355 2448 409 in
2477 369 2653 410 carne
2686 355 2833 410 sola.

1969 439 2281 496 8.Proinde
2302 459 2436 514 qua
2456 443 2528 498 de
2554 443 2689 498 Filio
2716 446 2808 500 Dei
2828 445 3010 502 verba
3034 447 3550 519 dicuntur,viden-

1896 523 2044 581 dum
2061 533 2147 584 est
2169 531 2500 587 secundum
2514 533 2658 604 quid
2675 534 2968 590 dicantur.
2987 539 3110 591 Non
3126 538 3284 592 enim
3309 540 3550 596 homine

1897 623 2209 688 assumpto
2232 635 2623 689 personarum
2656 637 2942 678 numerus
2964 630 3173 680 auctus
3192 630 3300 692 est,
3325 629 3430 682 sed
3459 644 3530 684 ea

1895 702 2033 758 dem
2052 707 2298 762 Trinitas
2326 710 2562 765 mansit.
2580 713 2726 766 Nam
2746 711 2900 767 sicut
2919 714 2974 767 in
2998 715 3241 770 nomine
3263 716 3547 787 quolibet,

1897 799 2110 863 prater
2138 812 2322 851 unum
2359 797 2524 852 illum
2557 800 2656 870 qui
2693 800 3070 869 singulariter
3107 811 3412 876 susceptus
3441 810 3551 871 est,

1897 882 2104 938 anima
2157 888 2214 938 et
2256 901 2472 957 corpus
2505 903 2624 942 una
2656 904 2911 958 persona
2957 895 3084 961 est;
3121 892 3201 947 ita
3231 893 3289 946 in
3324 894 3552 949 Christo

1897 970 2153 1026 Verbum
2184 978 2238 1028 et
2275 974 2454 1030 homo
2483 992 2602 1031 una
2641 993 2894 1047 persona
2923 985 3030 1033 est.
3073 982 3134 1034 Et
3164 981 3314 1036 sicut
3344 982 3550 1047 homo,

1896 1060 2060 1114 verbi
2078 1063 2287 1129 gratia,
2306 1062 2698 1135 philosophus
2716 1081 2833 1120 non
2860 1067 3061 1139 utique
3085 1069 3196 1123 nisi
3219 1071 3551 1126 secundum

1895 1149 2164 1204 animam
2186 1151 2418 1218 dicitur,
2441 1169 2548 1207 nec
2579 1154 2712 1208 ideo
2746 1163 2944 1210 tamen
2977 1157 3258 1222 absurde,
3285 1159 3388 1213 sed
3415 1176 3554 1214 con-

1896 1239 2317 1304 gruentissima
2343 1245 2398 1295 ct
2419 1241 2805 1298 usitatissima
2827 1243 3126 1299 locutione
3143 1245 3402 1301 dicimus
3428 1248 3552 1315 phi-

1895 1325 2220 1396 losophum
2258 1344 2499 1392 casum,
2537 1330 2963 1402 philosophum
3005 1339 3325 1399 mortuum,
3364 1336 3552 1406 philo-

1895 1415 2153 1486 sophum
2188 1417 2505 1487 sepultum,
2540 1435 2674 1473 cum
2709 1426 2895 1476 totum
2935 1424 3268 1478 secundum
3308 1441 3550 1480 carnem

1894 1505 2146 1569 accidat,
2163 1522 2283 1561 non
2307 1509 2640 1563 secundum
2661 1509 2803 1564 illud
2825 1512 2988 1581 quod
3009 1517 3095 1566 est
3117 1513 3510 1584 philosophus
3537 1531 3549 1568 :

1897 1592 1979 1648 ita
2011 1594 2273 1649 Christus
2306 1597 2476 1660 Deus,
2508 1597 2602 1651 Dei
2636 1597 2827 1662 Filius,
2864 1601 3148 1654 Dominus
3177 1601 3402 1671 gloria,
3427 1609 3482 1657 et
3505 1603 3552 1657 si

1894 1682 2040 1753 quid
2069 1683 2412 1752 huiusmodi
2441 1687 2772 1740 secundum
2806 1687 3066 1742 Verbum
3103 1690 3353 1756 dicitur;
3387 1695 3440 1745 et
3472 1696 3552 1746 ta-

1897 1787 2031 1826 men
2048 1779 2199 1827 recte
2213 1771 2421 1827 dicitur
2437 1776 2588 1828 Deus
2605 1775 3074 1840 cruciï¬xus,cum
3092 1778 3200 1832 hoc
3215 1794 3339 1832 eum
3357 1796 3558 1834 secun.

1895 1858 2039 1913 dum
2059 1876 2299 1914 carnem
2324 1877 2570 1932 passum
2592 1879 2740 1928 esse,
2769 1878 2886 1918 non
2907 1866 3239 1920 secundum
3266 1867 3410 1921 illud
3433 1883 3556 1938 quo

1896 1946 2182 2002 Dominus
2209 1949 2410 2017 gloria
2445 1954 2552 2012 est,
2588 1966 2706 2005 nou
2740 1951 2992 2006 habetur
3018 1952 3306 2008 incertum
3344 1957 3442 2023 (a).

1968 2040 2016 2090 9.
2062 2037 2298 2092 Sonitus
2334 2043 2531 2092 autem
2568 2037 2661 2092 ille
2695 2043 2876 2104 vocis,
2913 2046 2969 2094 et
2999 2041 3294 2096 columba
3328 2044 3557 2113 species

1896 2124 2243 2194 corporalis,
2277 2129 2330 2179 et
2361 2126 2581 2194 lingua
2609 2127 2814 2182 divisa
2846 2128 2998 2183 velut
3032 2129 3182 2198 ignis
3211 2132 3314 2201 qui
3342 2133 3560 2187 insedit

1896 2229 2072 2282 super
2089 2229 2579 2286 unumquemque
2602 2231 2832 2281 eorum,
2849 2217 2998 2271 sicut
3014 2218 3112 2273 illa
3126 2218 3186 2271 in
3205 2227 3404 2274 monte
3421 2221 3560 2274 Sina

1896 2318 2032 2373 qua
2079 2302 2314 2356 terribili
2348 2305 2542 2374 specie
2583 2304 2738 2359 facta
2784 2311 2922 2360 sunt
2949 2307 3162 2374 (Exod.
3197 2324 3310 2378 xix,
3357 2308 3468 2378 18),
3506 2313 3562 2364 et

1898 2391 2048 2444 sicut
2075 2391 2362 2446 columna
2388 2391 2487 2446 illa
2523 2394 2700 2447 nubis
2730 2409 2832 2464 per
2857 2395 3038 2459 diem,
3070 2403 3126 2450 et
3156 2396 3418 2452 ï¬‚amma
3454 2415 3558 2468 per

1897 2486 2136 2534 noctem
2167 2481 2284 2550 (Id.
2317 2497 2436 2544 xm,
2471 2483 2581 2548 2t),
2615 2483 3006 2551 signiï¬cativa
3037 2486 3384 2555 operatione
3428 2492 3562 2541 acta

1899 2575 2076 2639 atque
2094 2575 2394 2625 transacta
2410 2577 2568 2625 sunt.
2586 2569 2729 2624 Illud
2757 2572 2812 2625 in
2837 2571 2928 2625 his
2947 2573 3203 2627 maxime
3220 2576 3560 2629 cavendum

1899 2664 2005 2723 est,
2023 2674 2094 2712 ne
2128 2659 2409 2730 cuiquam
2445 2661 2542 2714 Dei
2575 2665 2788 2714 natura
2819 2661 2910 2715 vel
2940 2663 3144 2727 Patris,
3178 2663 3267 2717 vel
3299 2663 3444 2730 Filii,
3471 2664 3561 2718 vel

1901 2748 2148 2817 Spiritus
2184 2748 2372 2803 sancti
2409 2749 2855 2803 commutabilis
2897 2756 2951 2804 et
2985 2752 3390 2806 convertibilis
3430 2768 3562 2807 esse

1899 2836 2194 2890 credatur.
2222 2839 2336 2891 Nec
2370 2842 2606 2890 moveat
2635 2837 2798 2908 quod
2839 2837 3169 2908 aliquando
3199 2857 3291 2894 res
3321 2857 3456 2911 qua
3489 2842 3563 2895 si-

1901 2925 2168 2994 gniï¬cat,
2197 2940 2414 2979 nomen
2459 2924 2590 2994 ejus
2626 2925 2704 2978 rei
2732 2941 2919 2996 quam
2955 2927 3274 2994 significat,
3309 2930 3554 2999 accipit.

1902 3013 2152 3084 Spiritus
2193 3017 2435 3068 sanctus
2470 3012 2665 3068 dictus
2707 3018 2795 3068 est
2841 3016 3135 3084 corporali
3187 3018 3382 3087 specie
3435 3024 3565 3072 tan-

1901 3118 2084 3174 quam
2110 3101 2389 3156 columba
2410 3101 2789 3156 descendisse
2805 3109 2859 3156 et
2879 3105 3170 3158 mansisse
3195 3121 3375 3176 super
3401 3122 3560 3160 eum.

1903 3191 1996 3247 Sic
2027 3191 2184 3246 enim
2214 3197 2269 3246 et
2299 3196 2468 3263 petra
2492 3190 2753 3246 Christus
2787 3191 2832 3263 (Î™
2861 3192 2997 3247 Cor.
3024 3195 3172 3259 Î§Î‘),
3200 3195 3302 3265 qui
3335 3195 3562 3264 signiï¬-

1903 3285 1998 3335 cat
2031 3280 2350 3336 Christum.

1976 3368 2201 3425 CAPUT
2233 3370 2318 3423 lll.
2339 3373 2501 3424 â€”t0.
2528 3369 2700 3424 Miror
2729 3375 2926 3424 autem
2953 3369 3058 3426 tibi
3089 3371 3271 3426 videri
3303 3373 3562 3428 sonitum

1908 3459 2073 3512 vocis
2103 3458 2255 3513 illius
2283 3474 2406 3530 qua
2433 3458 2654 3513 dictum
2689 3464 2795 3523 est,
2832 3460 2915 3514 Tu
2951 3474 3006 3515 es
3034 3460 3199 3528 ï¬lius
3230 3477 3410 3525 meus,
3443 3478 3563 3517 non

1910 3547 2208 3601 mediante
2230 3547 2454 3610 anima,
2471 3547 2571 3601 sed
2600 3547 2801 3600 divino
2820 3554 2970 3602 nutu
2989 3548 3118 3603 sola
3134 3550 3430 3621 corporali
3458 3567 3561 3607 na-

1909 3641 2042 3691 tura
2064 3636 2144 3689 sic
2162 3634 2287 3689 ï¬eri
2310 3635 2574 3707 potuisse
2593 3655 2604 3702 ;
2620 3641 2676 3689 et
2691 3651 2806 3689 non
2830 3635 2929 3690 tibi
2948 3637 3129 3691 videri
3152 3639 3362 3693 eodem
3379 3641 3562 3696 modo

1908 3727 2170 3796 potuisse
2203 3724 2323 3778 fieri
2361 3724 2684 3779 animantis
2711 3723 3026 3793 cujuslibet
3050 3728 3309 3796 speciem
3347 3744 3560 3800 corpo-

1907 3814 2094 3868 ralem
2111 3818 2460 3884 motumque
2475 3813 2688 3867 viventi
2705 3813 2984 3878 similem,
2999 3814 3198 3868 divino
3217 3822 3384 3879 nutu,
3402 3817 3563 3872 nullo

1909 3902 2156 3958 animali
2175 3902 2520 3973 interposito
2547 3902 2772 3971 spiritu.
2797 3902 2853 3958 Si
2877 3903 3038 3957 enim
3058 3903 3428 3975 obtemperat
3445 3906 3562 3961 Deo

1910 3996 2181 4046 creatura
2211 4006 2498 4062 corporea
2525 3991 2648 4045 sine
2679 3991 3033 4046 viviticantis
3055 3992 3272 4047 anima
3303 3994 3562 4049 ministe-

1913 4079 2373 4144 rio,utedantur
2403 4080 2532 4134 soni
2564 4079 2773 4151 quales
2800 4081 2893 4135 edi
2921 4098 2989 4136 ex
3023 4097 3271 4152 corpore
3299 4083 3564 4138 animato

1911 4170 2121 4234 solent,
2150 4177 2209 4223 ut
2239 4170 2428 4224 forma
2459 4168 2774 4223 locutionis
2801 4169 3121 4225 articulata
3155 4172 3404 4226 auribus
3425 4172 3566 4227 infe-

1913 4266 2102 4322 ratur;
2125 4273 2229 4312 cur
2250 4273 2368 4312 non
2393 4258 2782 4329 obtemperet,
2806 4260 3005 4313 utsine
3028 4263 3244 4315 anima
3265 4261 3566 4315 vivifican-

1912 4350 1982 4404 tis
2017 4349 2340 4403 ministerio
2365 4347 2556 4418 ï¬gura
2576 4356 2891 4419 motusque
2921 4349 3196 4414 volucris,
3221 4351 3430 4404 eadem
3465 4367 3568 4419 po-

1914 4437 2095 4492 tentia
2125 4436 2431 4500 Creatoris,
2464 4437 2765 4504 iugeratur
2805 4437 3140 4505 aspectibus
3165 4438 3193 4488 â€˜2
3223 4443 3310 4492 An
3355 4454 3567 4491 sensus

1914 4524 2324 4581 audiendihoc
2339 4523 2545 4577 mereri
2571 4529 2781 4593 potest,
2803 4525 3174 4580 videudinon
3200 4533 3409 4596 potest,
3425 4542 3562 4579 cum

1915 4631 1986 4670 ex
2010 4613 2304 4684 adjacenti
2334 4613 2579 4666 materia
2609 4629 2825 4682 corpus
2861 4615 2875 4648 Â¹
2912 4619 3226 4685 utrumque
3254 4618 3564 4679 formetur,

1915 4702 2147 4774 etquod
2167 4701 2664 4756 insonatauribus
2677 4708 2731 4754 et
2750 4701 2910 4770 quod
2933 4710 3180 4772 apparet
3202 4704 3564 4775 aspectibus,

1917 4799 1973 4847 et
2004 4791 2165 4845 vocis
2196 4789 2421 4844 articuli
2451 4795 2506 4842 et
2534 4789 2895 4846 lineamenta
2927 4793 3357 4857 membrorum,
3387 4801 3442 4847 et
3467 4811 3566 4848 au-

1916 4881 2111 4936 dibilis
2161 4885 2216 4933 et
2261 4878 2508 4933 visibilis
2541 4885 2756 4942 motus,
2793 4886 2853 4934 ut
2896 4887 2951 4934 et
2988 4897 3189 4935 verum
3244 4883 3312 4936 sit
3355 4899 3571 4952 corpus

1915 4969 2081 5041 quod
2118 4969 2363 5022 sentitur
2393 4968 2658 5037 corporis
2697 4983 2897 5033 sensu,
2931 4975 2986 5024 et
3023 4971 3165 5024 nihil
3206 4973 3279 5024 sit
3309 4971 3570 5040 amplius

1918 5074 2102 5130 quam
2133 5057 2299 5128 quod
2331 5058 2577 5110 sentitur
2603 5059 2867 5127 corporis
2896 5074 3071 5112 sensu
3100 5058 3125 5111 iâ€™
3168 5059 3378 5113 Anima
3410 5060 3570 5112 enim

1921 5148 2084 5203 nullo
2115 5163 2292 5200 sensu
2326 5148 2594 5216 corporis
2625 5147 2707 5200 vel
2741 5148 2796 5200 in
2831 5147 3033 5217 aliquo
3065 5148 3369 5201 animante
3402 5148 3576 5202 senti-

1921 5244 2034 5293 tur.
2050 5237 2179 5290 Non
2199 5236 2376 5304 igitur
2401 5240 2487 5288 est
2512 5249 2664 5305 Opus
2680 5235 3260 5305 quarerequomodo
3279 5250 3570 5304 apparue-

1922 5324 2299 5379 ritcolumba
2324 5324 2548 5392 species
2564 5322 2910 5391 corporalis,
2929 5324 3076 5376 sicut
3099 5339 3219 5376 non
3246 5325 3574 5393 quarimus

1922 5413 2231 5484 quomodo
2278 5410 2584 5466 sonuerint
2637 5426 2809 5464 voces
2853 5410 3142 5465 articulati
3187 5413 3471 5484 corporis.
3521 5416 3576 5469 Si

1986 5531 1998 5558 á½·
2035 5527 2117 5578 Sic
2143 5527 2308 5576 Vatic.
2332 5527 2515 5576 codex.
2544 5527 2608 5574 At
2636 5525 2726 5574 alii
2755 5525 2968 5582 habent,
2993 5529 3237 5587 corporis.

1987 5593 2057 5654 (a)
2088 5589 2218 5640 Vide
2249 5591 2411 5654 Epist.
2438 5589 2546 5648 187,
2578 5602 2622 5637 c.
2655 5589 2699 5644 3,
2737 5601 2789 5636 n.
2823 5590 2850 5636 8
2881 5593 2933 5637 et
2961 5591 3008 5637 9.

2793 5713 3288 5790 (Vingt-quatre.)
