4136 6172
569 163 677 216 747

563 288 723 344 enim
757 284 948 357 potuit
981 281 1183 336 anima
1223 292 1343 332 non
1375 291 1502 331 esse
1545 277 1756 339 media,
1794 277 1895 332 ubi
1925 292 2064 342 vox,
2098 290 2217 330 non

562 376 735 450 quasi
761 389 893 439 vox,
925 371 1138 424 dicitur
1170 367 1349 426 facta;
1379 370 1606 437 quanto
1640 367 1831 435 magis
1873 366 2088 437 potuit,
2117 363 2216 418 ubi

562 465 1066 529 diciturtanquam
1089 453 1514 519 columba,hoc
1529 455 1708 510 verbo
1732 455 2061 524 significata
2089 453 2218 508 sola

563 551 754 623 specie
773 545 1065 618 corporali
1091 545 1276 599 oculis
1303 544 1556 607 reddita,
1575 560 1694 599 non
1723 551 1937 599 natura
1967 541 2219 597 viventis

562 637 890 696 animantis
916 632 1375 705 expressa?Hoc
1398 632 1577 687 modo
1608 633 1784 687 etiam
1809 632 1949 686 illud
1979 630 2214 686 dicitur.

561 730 773 784 Factus
800 732 881 782 est
911 725 1103 780 subito
1129 723 1198 778 de
1226 721 1367 777 caelo
1394 737 1592 786 sonus,
1616 723 1788 792 quasi
1812 722 2084 790 ferretur
2109 718 2219 786 ﬂa-

567 825 658 874 tus
691 817 1018 878 vehemens,
1039 818 1092 868 et
1119 813 1250 866 visa
1272 817 1406 865 sunt
1431 810 1554 865 illis
1589 811 1809 880 tinguw
1835 810 2035 865 divisae
2063 809 2221 862 vetat

564 907 717 977 ignis
744 923 763 959 :
787 903 887 958 ubi
919 902 1132 956 dicitur
1157 899 1384 970 species
1416 899 1696 970 quaedam
1730 897 1902 970 quasi
1937 897 2129 964 ﬂatus,
2164 900 2217 948 et

565 996 722 1052 velut
752 993 906 1062 ignis
931 988 1226 1045 sensibilis
1263 987 1490 1042 usitatis
1517 987 1725 1041 similis
1752 986 2022 1057 notisque
2048 989 2221 1038 natu-

566 1084 665 1150 ris,
701 1097 819 1137 non
865 1081 1009 1151 ipsae
1042 1079 1269 1132 usitatae
1301 1080 1574 1147 notaeque
1607 1082 1833 1130 naturae
1866 1075 1941 1129 ad
1984 1079 2220 1143 tempus

564 1172 737 1230 facta:
768 1167 1088 1238 signiﬁcari
1122 1165 1413 1220 videntur.

642 1265 724 1315 ll.
762 1260 815 1312 Si
849 1262 1047 1313 autem
1079 1254 1348 1309 subtilior
1386 1253 1555 1318 ratio,
1591 1252 1684 1307 vel
1724 1251 2103 1308 excellentior
2135 1246 2220 1303 rei

564 1348 875 1420 vestigatio
894 1347 1266 1400 demonstrat
1280 1358 1410 1398 eam
1428 1347 1704 1397 naturam
1721 1357 1856 1412 quae
1871 1356 1978 1394 nec
1995 1346 2218 1409 tempo-

564 1439 763 1495 raliter
792 1452 900 1491 nec
931 1433 1193 1489 localiter
1225 1436 1511 1496 movetur,
1547 1446 1667 1485 non
1701 1429 1925 1485 moveri
1961 1429 2074 1482 nisi
2117 1442 2220 1498 per

562 1529 727 1582 illam
755 1541 890 1597 quae
922 1520 1326 1592 temporaliter
1359 1526 1608 1583 tantum,
1644 1535 1764 1574 non
1795 1517 2056 1572 localiter
2087 1531 2219 1570 mo-

561 1617 684 1671 veri
718 1619 937 1686 potest;
955 1625 1330 1681 consequens
1344 1607 1449 1662 erit
1473 1613 1532 1662 ut
1555 1609 1760 1662 omnia
1783 1607 1882 1661 illa
1897 1622 2000 1677 per
2016 1606 2219 1660 minis-

564 1705 777 1761 terium
791 1708 1075 1757 creaturae
1090 1697 1343 1753 viventis
1362 1696 1571 1752 effecta
1584 1697 1718 1760 sint,
1737 1696 1893 1750 sicut
1914 1710 2017 1764 per
2031 1696 2112 1748 An
2123 1708 2220 1762 ge-

564 1795 652 1850 los
689 1795 839 1848 fiunt
859 1809 870 1846 :
892 1790 1048 1844 unde
1079 1787 1420 1855 diligentius
1447 1786 1736 1840 disserere
1762 1791 1817 1839 et
1835 1785 2082 1853 longum
2105 1789 2213 1845 est,

563 1889 618 1939 et
644 1898 763 1936 non
791 1878 1210 1934 necessarium.
1235 1877 1353 1929 Huc
1377 1874 1602 1928 accedit
1623 1875 1761 1945 quia
1779 1879 1914 1928 sunt
1936 1872 2215 1939 visiones,

563 1988 697 2044 quae
721 1971 1014 2040 apparent
1039 1964 1268 2036 spiritui
1299 1970 1586 2034 tanquam
1617 1963 1884 2034 corporis
1919 1961 2213 2025 sensibus,

564 2076 682 2116 non
728 2058 924 2112 solum
963 2052 1399 2109 dormientibus
1445 2051 1533 2106 vel
1580 2050 1934 2115 furentibus,
1971 2051 2072 2104 sed
2108 2051 2216 2104 ali-

562 2147 810 2220 quando
824 2161 984 2200 sanae
1001 2141 1216 2197 mentis
1229 2139 1636 2209 vigilantibus;
1653 2155 1773 2195 non
1790 2156 1892 2210 per
1917 2137 2216 2194 fallaciam

560 2237 933 2294 illudentium
965 2233 1334 2295 daemonum,
1358 2230 1461 2284 sed
1493 2245 1594 2300 per
1616 2229 1879 2300 aliquam
1910 2228 2218 2283 revelatio-

561 2342 698 2383 nem
741 2321 1127 2396 spiritualem,
1163 2335 1295 2391 quae
1334 2319 1398 2372 fit
1429 2334 1534 2389 per
1579 2318 1801 2373 formas
1833 2319 2216 2389 incorporeas

560 2415 915 2486 corporibus
943 2410 1350 2478 similes;qua3
1380 2407 1635 2462 discerni
1659 2407 1906 2461 omnino
1931 2423 2049 2461 non
2078 2421 2215 2477 pos-

560 2509 719 2568 sunt,
749 2501 866 2557 nisi
905 2499 1106 2554 divino
1148 2497 1444 2564 adjutorio
1488 2495 1722 2564 plenius
1761 2496 2112 2559 revelentur,
2161 2501 2214 2548 et

561 2592 771 2646 mentis
786 2585 1172 2654 intelligentia
1185 2583 1606 2653 dijudicentur,
1621 2583 1716 2637 vix
1733 2583 2062 2654 aliquando
2076 2598 2212 2637 cum

557 2682 706 2734 fiunt
729 2681 768 2743 1,
791 2677 894 2732 sed
910 2676 1261 2746 plerumque
1283 2676 1492 2742 postea
1523 2687 1661 2726 cum
1695 2672 2214 2735 transierint.0ute

557 2785 694 2825 cum
736 2767 816 2821 ita
855 2766 990 2828 sint,
1033 2763 1151 2816 sive
1194 2762 1252 2814 in
1292 2761 1518 2815 naturis
1554 2760 1880 2831 corporeis,
1917 2761 2038 2814 sive
2085 2760 2216 2815 sola

556 2857 753 2929 specie
765 2850 1085 2925 corporali,
1099 2855 1315 2905 natura
1327 2854 1527 2904 autem
1551 2849 1861 2919 spirituali,
1879 2854 2082 2904 nostro
2099 2848 2214 2919 spi-

555 2947 691 3003 ritui
723 2951 1014 3016 tanquam
1041 2938 1321 2994 sensibus
1349 2937 1614 3009 corporis
1641 2953 1930 3009 apparere
1971 2937 2216 2992 videan-

556 3032 934 3104 tur,quando
956 3030 1081 3084 bmc
1105 3042 1276 3083 sacra
1300 3026 1604 3096 Scriptura
1630 3032 2086 3090 commemorat,
2116 3041 2215 3080 cu-

559 3125 655 3193 jus
673 3123 920 3176 istorum
945 3118 1203 3171 duorum
1222 3115 1454 3184 generis
1471 3115 1602 3177 sint,
1621 3119 1676 3168 et
1695 3119 1890 3169 utrum
1917 3115 2214 3169 mediante

562 3213 702 3267 viva
727 3215 996 3265 creatura
1017 3207 1180 3268 fiant,
1198 3205 1243 3258 si
1261 3219 1508 3274 corpore
1526 3203 1695 3266 ﬁunt,
1705 3203 1975 3273 judicare
1998 3208 2216 3258 temere

565 3315 684 3355 non
712 3298 1004 3352 debemus
1030 3294 1202 3347 :dum
1236 3299 1432 3346 tamen
1463 3292 1774 3358 Creatoris,
1798 3292 1912 3346 hoc
1941 3297 2029 3346 est
2051 3306 2217 3345 sum-

568 3405 678 3442 mae
717 3391 893 3456 atque
935 3380 1252 3437 ineffabilis
1281 3380 1570 3434 Trinitatis
1603 3380 1957 3434 invisibilem
1991 3381 2216 3435 incom-

566 3475 1034 3542 mutabilemque
1052 3475 1424 3533 naturam,et
1446 3485 1480 3522 a
1512 3468 1850 3523 mortalium
1882 3469 2214 3524 carnalium

565 3565 859 3625 sensibus,
886 3567 939 3615 et
956 3559 1032 3615 ab
1050 3559 1212 3614 omni
1237 3557 1746 3621 convertibilitate,
1764 3558 1885 3612 sive
1901 3559 1956 3611 in
1979 3558 2208 3623 melius,

565 3654 687 3707 sive
708 3653 765 3706 in
787 3649 1201 3714 deterius,sive
1227 3647 1284 3701 in
1308 3645 1612 3717 quodlibet
1631 3646 1790 3701 aliud
1820 3653 1998 3716 atque
2026 3647 2210 3711 aliud,

561 3747 851 3797 remotam
880 3745 1057 3809 atque
1078 3737 1416 3799 discretam,
1433 3735 1520 3790 vel
1547 3735 1670 3790 sine
1694 3735 1810 3790 ulla
1836 3735 2213 3791 dubitatione

560 3831 894 3891 credamus,
924 3827 1016 3882 vel
1039 3825 1468 3898 qualicumque
1494 3827 1673 3880 etiam
1700 3824 2081 3895 intelligentia
2113 3841 2210 3881 ca-

559 3921 820 3993 piamus.

630 4010 854 4064 CAPUT
887 4006 1054 4060 lV.—
1085 4008 1166 4058 12.
1197 4006 1327 4057 Hmc
1360 4003 1463 4058 tibi
1495 4005 1569 4058 de
1601 4003 1839 4058 duabus
1871 4004 2210 4076 quaestioni-

559 4099 692 4159 bus,
707 4097 820 4149 hoc
833 4101 937 4158 est,
956 4092 1338 4156 de'l‘rinitate,
1355 4097 1407 4146 et
1425 4093 1728 4155 columba,
1745 4093 1799 4146 in
1816 4109 1938 4163 qua
1957 4093 2209 4163 Spiritus

559 4191 798 4239 sanctus
823 4198 940 4236 non
966 4197 1074 4235 sua
1092 4187 1322 4245 natura,
1340 4180 1442 4234 sed
1467 4180 1860 4249 signiﬁcativa
1890 4182 2085 4252 specie
2113 4185 2211 4238 de-

560 4277 926 4327 monstratus
943 4276 1028 4324 est
1045 4287 1059 4334 ;
1075 4269 1293 4324 sicutet
1311 4269 1485 4323 Filius
1507 4269 1604 4323 Dei
1621 4285 1736 4323 non
1766 4286 1873 4324 sua
1888 4271 2206 4337 nativitate,

556 4363 629 4417 de
652 4378 774 4434 qua
804 4361 966 4416 Pater
996 4359 1162 4422 dixit,
1187 4359 1344 4413 Ante
1370 4358 1686 4427 luciferum
1718 4359 1898 4428 genui
1929 4366 1983 4415 te
2009 4360 2198 4430 (Psal.

552 4468 665 4519 cur,
693 4451 768 4521 3),
795 4450 895 4504 sed
931 4450 988 4503 in
1017 4449 1260 4503 homine
1291 4456 1570 4518 suscepto
1592 4463 1661 4502 ex
1692 4455 1856 4502 utero
1883 4449 2210 4516 Virginis,a

554 4541 771 4596 Judteis
803 4538 1115 4593 cruciﬁxus
1143 4542 1259 4604 est;
1304 4536 1518 4591 videris
1551 4553 1735 4608 quam
1767 4538 1955 4592 otioso
1985 4553 2096 4606 ego
2129 4546 2208 4594 ta-

557 4646 693 4684 men
744 4627 1242 4699 occupatissimus
1299 4626 1554 4680 scribere
1609 4628 1792 4698 potui.
1838 4626 1952 4682 Nec
2003 4629 2207 4698 putavi

554 4720 759 4772 omnia
793 4715 1208 4788 pertractanda
1244 4730 1377 4786 quas
1421 4715 1670 4786 posuisti
1701 4717 1758 4769 in
1804 4715 2006 4771 litteris
2039 4718 2151 4772 tuis
2188 4733 2201 4782 ;

557 4823 762 4860 verum
793 4807 868 4860 ad
902 4805 998 4860 illa
1029 4806 1151 4859 duo
1181 4820 1315 4875 quae
1347 4821 1416 4858 ex
1452 4821 1545 4859 me
1575 4805 1782 4859 audire
1816 4805 2074 4869 voluisti,
2111 4822 2203 4861 me

549 4895 955 4965 respondisse,
1012 4893 1117 4947 etsi
1161 4910 1281 4947 non
1343 4892 1702 4948 sufﬁcienter
1749 4895 2014 4949 aviditati
2065 4901 2199 4960 tum,

552 4989 751 5040 tamen
783 4983 1052 5037 charitati
1079 4983 1424 5036 obedienter
1454 4980 1750 5037 existimo.

627 5075 709 5130 13.
745 5073 953 5126 Praeter
985 5076 1182 5125 autem
1229 5070 1358 5124 illos
1399 5069 1545 5125 duos
1577 5070 1778 5134 libros,
1822 5088 1973 5144 quos
2016 5073 2201 5128 tribus

548 5179 642 5217 me
671 5161 1017 5232 adiunxisse
1036 5176 1218 5230 supra
1245 5162 1735 5224 commemoravi,
1762 5167 1817 5214 et
1845 5161 2022 5216 trium
2048 5162 2199 5232 psal-

548 5267 783 5307 morum
812 5249 1246 5321 expositionem
1277 5250 1519 5318 (Supra,
1545 5265 1670 5316 cap.
1714 5254 1756 5309 l,
1790 5265 1850 5303 η.
1887 5251 1959 5319 1),
1989 5252 2199 5323 scripsi

546 5343 723 5398 etiam
745 5342 960 5395 librum
990 5339 1068 5408 (α)
1090 5340 1164 5392 ad
1190 5347 1461 5393 sanctum
1480 5339 1894 5409 presbyterum
1919 5342 2195 5414 Hierony-

545 5447 713 5486 mum
746 5430 819 5485 de
851 5432 1078 5484 Animas
1111 5427 1699 5499 0rigine,consulens
1725 5447 1859 5484 eum
1888 5434 2196 5502 quomodo

607 5612 620 5640 ¹
659 5610 751 5674 519
771 5611 876 5674 duo
907 5612 1033 5659 Mss.
1067 5611 1300 5674 [ﬁerent].

605 5674 676 5737 (α)
713 5673 807 5721 llic
834 5673 968 5722 liber
995 5673 1082 5721 est
1108 5673 1280 5737 Epist:
1310 5676 1413 5724 166.

1851 152 1911 208 S.
1956 148 2332 208 AUGUSTINI
2369 148 2616 206 EPISCO
2628 150 2697 206 PI
3848 161 3936 220 748

2325 273 2565 330 defendi
2591 276 2776 347 possit
2800 276 2898 331 illa
2921 275 3209 331 sententia
3227 290 3413 344 quam
3437 276 3709 349 religiosas
3739 294 3929 340 memo‘

2327 365 2426 418 riae
2459 365 2791 420 Marcellino
2815 381 2989 420 suam
3021 379 3150 418 esse
3181 365 3712 435 scripsit,singulas
3738 374 3934 429 animas

2325 467 2505 508 novas
2534 454 2908 509 nascentibus
2937 455 3089 520 ﬁeri,
3116 459 3177 506 ut
3209 468 3329 506 non
3362 453 3728 511 labefactetur
3748 459 3931 516 funda-

2327 541 2556 596 tissima
2600 542 2873 598 Ecclesiae
2914 543 3086 607 fides,
3118 557 3239 614 qua
3286 543 3632 599 inconcusse
3673 549 3936 605 credimus

2325 629 2490 699 quod
2523 629 2581 684 in
2613 631 2804 686 Adam
2837 647 3047 686 omnes
3079 630 3414 685 moriuntur
3441 632 3479 701 (Ι
3502 631 3627 687 Cor.
3660 651 3750 700 xv,
3781 636 3936 708 22),et

2327 717 2440 772 nisi
2464 734 2566 790 per
2588 719 2793 774 Christi
2809 720 3064 788 gratiam
3090 719 3432 783 liberentur,
3456 721 3618 791 quod
3641 725 3655 757 ¹
3676 739 3772 794 per
3787 742 3935 781 suum

2329 808 2784 863 Sacramentum
2810 809 2992 864 etiam
3027 808 3086 862 in
3116 808 3380 879 parvulis
3416 818 3709 880 operatur,
3736 813 3788 867 in
3817 830 3935 870 con-

2325 895 2772 952 demnationem
2803 897 3135 952 trahuntur.
3170 896 3387 968 Scripsi
3417 903 3473 953 et
3501 898 3680 955 alium
3710 901 3779 956 ad
3804 918 3939 958 eum-

2325 985 2463 1039 dem
2496 985 2600 1056 (a),
2624 985 2936 1056 quomodo
2965 985 3043 1041 illi
3067 988 3336 1041 videatur
3367 986 3768 1058 accipiendum
3798 991 3934 1061 quod

2325 1075 2608 1144 scriptum
2639 1081 2724 1130 est
2756 1076 2815 1129 in
2847 1075 3116 1146 Epistola
3139 1075 3367 1140 Jacobi,
3392 1075 3745 1149 Quicumque
3774 1087 3936 1135 autem

2326 1167 2506 1218 totam
2553 1163 2757 1233 Legem
2798 1163 3144 1228 servaverit,
3177 1165 3443 1231 o/fendat
3493 1171 3684 1221 autem
3729 1167 3786 1221 in
3824 1183 3935 1235 uno,

2322 1251 2523 1319 factus
2548 1259 2628 1307 est
2657 1254 2920 1307 omnium
2953 1267 3088 1308 reus
3118 1251 3367 1322 (Jacobi,
3402 1269 3458 1317 ιι,
3502 1254 3604 1324 10).
3635 1255 3742 1309 Sed
3769 1255 3820 1310 in
3846 1256 3935 1311 hoc

2323 1340 2445 1395 dixi
2483 1342 2660 1396 etiam
2692 1341 2840 1412 quid
2891 1342 3034 1397 mihi
3069 1341 3343 1396 videatur
3376 1361 3389 1402 :
3428 1343 3487 1397 in
3521 1343 3617 1398 illo
3652 1350 3855 1408 autem,
3879 1347 3934 1401 de

2323 1429 2540 1484 anima:
2566 1429 2794 1499 origine
2817 1435 3045 1485 tantum
3073 1430 3217 1502 quid
3241 1431 3289 1484 ei
3316 1429 3600 1495 videatur,
3621 1433 3934 1488 consultato-

2322 1517 2412 1573 ria
2467 1518 2737 1589 quadam
2804 1519 3212 1589 disputatione
3269 1520 3538 1590 quaesivi.
3593 1522 3933 1577 Occasionem

2321 1609 2546 1679 quippe
2577 1607 2896 1677 cujusdam
2931 1607 3286 1662 sanctissimi
3325 1615 3380 1662 et
3426 1608 3825 1665 studiosissimi
3856 1611 3932 1680 ju-

2324 1695 2493 1750 venis
2527 1696 2858 1768 presbyteri
2894 1697 3102 1762 Orosii,
3131 1697 3234 1768 qui
3267 1696 3344 1752 ad
3373 1713 3486 1752 nos
3513 1697 3590 1752 ab
3622 1699 3812 1754 ultima
3840 1699 3935 1754 His-

2323 1786 2522 1855 pania,
2543 1786 2603 1840 id
2618 1792 2724 1850 est,
2743 1786 2820 1840 ab
2833 1785 3264 1848 oceanilittore.
3282 1785 3411 1840 solo
3431 1792 3762 1842 sanctarum
3783 1788 3934 1857 Scrip-

2323 1877 2590 1931 turarum
2623 1875 2835 1929 ardore
2859 1874 3266 1929 inﬂammatus
3301 1874 3832 1940 advenit,amittere
3848 1890 3932 1929 no-

2320 1962 2400 2017 lui
2421 1962 2566 2030 ;cui,
2583 1969 2644 2017 ut
2664 1963 2742 2018 ad
2776 1963 2941 2017 illum
2957 1979 3200 2034 quoque
3223 1971 3512 2034 pergeret,
3529 1963 3802 2035 persuasi.
3821 1964 3932 2019 Huic

2322 2053 2505 2106 etiam
2528 2052 2640 2122 ipsi
2657 2050 2864 2107 Orosio
2883 2052 2959 2107 ad
2974 2052 3258 2123 quaedam
3280 2053 3643 2123 interrogata
3659 2069 3781 2124 qua:
3801 2053 3927 2108 illum

2321 2141 2394 2195 de
2411 2140 2992 2196 Priscillianistarum
3008 2142 3235 2206 haeresi,
3252 2148 3307 2196 et
3330 2141 3601 2210 Origenis
3615 2142 3927 2213 quibusdam

2320 2229 2712 2301 opinionibus
2739 2246 2892 2300 quas
2931 2245 3053 2284 non
3099 2231 3320 2300 recepit
3355 2231 3638 2299 Ecclesia,
3675 2245 3931 2301 permove-

2322 2319 2486 2382 bant,
2505 2334 2626 2373 uno
2653 2317 2799 2373 libro
2828 2334 2945 2373 non
2974 2319 3208 2388 grandi,
3247 2326 3483 2390 quanta
3509 2319 3668 2391 potui
3699 2320 3928 2373 brevitate

2321 2414 2378 2464 et
2407 2408 2828 2480 perspicuitate
2859 2407 3167 2478 respondi.
3203 2408 3429 2479 Scripsi
3475 2409 3651 2464 etiam
3688 2407 3924 2478 grandem

2320 2497 2647 2568 quemdam
2690 2497 2909 2552 librum
2950 2497 3244 2552 adversus
3288 2498 3508 2567 Pelagii
3555 2498 3805 2554 baaresim
3847 2496 3924 2566 (ὁ),

2319 2586 2671 2654 cogentibus
2695 2585 2998 2640 nonnullis
3025 2585 3330 2650 fratribus.
3354 2587 3585 2658 quibus
3615 2593 3800 2641 contra
3827 2600 3924 2653 gra-

2321 2676 2461 2730 tiam
2489 2674 2704 2730 Christi
2735 2675 3082 2744 opinionem
3117 2677 3685 2746 perniciosissimam
3715 2675 3798 2730 ille
3824 2690 3924 2745 per-

2321 2770 2609 2820 suaserat.
2646 2766 2778 2819 Heec
2815 2765 3021 2819 omnia
3061 2765 3108 2818 si
3142 2764 3363 2820 habere
3415 2769 3680 2831 volueris,
3711 2763 3921 2835 aliquem

2321 2853 2485 2908 mitte
2510 2853 2613 2924 qui
2647 2852 2748 2908 tibi
2779 2861 2988 2908 cuncta
3020 2853 3452 2909 describat.Me
3483 2860 3675 2910 autem
3703 2853 3921 2924 permitte

2319 2941 2412 2996 his
2427 2941 2996 3013 vacarequeerendis
3010 2947 3190 3013 atque
3203 2942 3535 3007 dictandis,
3551 2958 3678 3014 qum
3691 2940 3918 3013 quoniam

2323 3029 2523 3085 multis
2550 3037 2690 3084 sunt
2718 3031 3073 3091 necessaria,
3106 3031 3520 3102 praeponenda
3551 3047 3673 3086 esse
3709 3029 3917 3084 arbitror

2317 3118 2395 3174 ad
2412 3119 2582 3174 valde
2601 3133 2829 3190 paucos
2851 3118 3288 3189 pertinentibus
3323 3121 3789 3192 inquisitionibus
3811 3116 3913 3172 tuis.

2765 3225 3099 3280 EPISTOLA
3141 3225 3322 3280 CLXX
3367 3227 3387 3247 ·
3430 3227 3524 3297 (ε).

2321 3314 2578 3382 Alypius
2622 3319 2676 3369 et
2706 3314 3080 3384 Augustinus
3109 3313 3380 3370 Maximo
3417 3316 3633 3371 medico
3671 3325 3841 3368 recens
3864 3306 3916 3362 ab

2394 3403 2611 3458 ariana
2633 3404 2931 3458 heresiad
2945 3403 3117 3473 ﬁdem
3139 3403 3504 3460 catholicam
3530 3417 3800 3464 converso,
3820 3400 3915 3452 hor-

2397 3498 2583 3547 tantes
2607 3498 2668 3545 ut
2694 3493 2927 3547 student
2953 3499 3003 3546 et
3022 3491 3168 3547 alios
3185 3493 3388 3548 eodem
3411 3494 3914 3558 adducereprzser-

2397 3583 2498 3635 tim
2527 3596 2659 3635 cum
2690 3581 3013 3636 nonnullos
3038 3581 3101 3635 in
3123 3595 3386 3638 errorem
3416 3582 3743 3638 adduxisset
3764 3584 3914 3634 aucto-

2393 3669 2569 3724 ritate
2599 3684 2743 3733 sua;
2771 3672 3126 3725 instruentes
3155 3670 3327 3725 iltum
3359 3671 3639 3727 adversus
3661 3684 3745 3726 eos
3765 3665 3847 3737 qui
3863 3661 3914 3716 de

2396 3759 2573 3812 trium
2587 3773 2979 3826 personarum
2989 3758 3190 3814 eadem
3205 3763 3458 3816 essentia
3474 3760 3635 3830 impie
3647 3757 3909 3826 disputant.

2324 3845 2575 3901 Domino
2605 3846 2846 3911 eximio,
2879 3848 3208 3918 meritoque
3236 3848 3582 3905 honorabili
3613 3854 3665 3902 et
3692 3843 3911 3912 religiOSo

2393 3934 2555 3990 fratri
2588 3937 2814 3991 MAXIMO
2843 3938 2884 3993 ².
2917 3940 3156 3993 ALYPIUS
3178 3943 3235 3992 et
3259 3936 3701 4002 Auensrmus,in
3714 3931 3909 3988 Domino

2394 4023 2667 4080 salutem.

2385 4123 2429 4169 1.
2449 4121 2579 4170 Cum
2611 4135 2643 4171 a
2667 4126 2854 4170 sancto
2876 4122 3036 4172 fratre
3057 4127 3109 4172 et
3128 4125 3448 4188 coepiscopo
3471 4128 3650 4188 nostro
3669 4121 3905 4188 Peregl‘jﬂfl-

2319 4184 2384 4233 de
2420 4188 2513 4251 tua
2545 4188 2868 4247 tuorumque
2905 4199 3013 4235 non
3045 4177 3484 4251 ‘corporalihs'edr
3504 4182 3752 4251 spirituali
3781 4177 3907 4227 salute

2318 4248 2584 4310 prmcipue
2615 4261 2997 4310 qumreremus,
3029 4247 3093 4296 de
3121 4247 3212 4298 tua
3235 4249 3454 4310 quidem
3477 4247 3634 4303 laetos,
3655 4247 3718 4310 de
3743 4247 3904 4310 tuorum

2319 4265 2584 4310 perIpue
2615 4265 2997 4309 quaereremus,
3029 4265 3093 4296 ue
3121 4265 3212 4298 tua.
3273 4265 3454 4298 tndem
3477 4265 3634 4303 laetos,
3661 4265 3718 4294 (18
3744 4265 3904 4291 ιυυιυιυ

2319 4323 2443 4374 vero
2472 4310 2649 4374 tristes
2677 4324 2776 4374 nos
2809 4309 2924 4371 ejus
2957 4325 3212 4374 responsa
3235 4265 3501 4368 (iecerunt,
3531 4308 3789 4374 quodnon
3817 4303 3906 4374 $111.17t

2319 4371 2561 4420 Ecclesim
2606 4363 2879 4420 catholica-
2915 4363 3112 4421 salubri
3149 4363 3708 4424 correctione'sociati.
3741 4368 3787 4417 Et
3816 4363 3905 4427 quia
3990 4409 3991 4417 η

2317 4433 2368 4480 id
2409 4437 2512 4498 cito
2557 4434 2794 4498 futurum
2838 4435 3202 4498 sperabamus,
3252 4437 3431 4486 adhuc
3471 4451 3575 4485 non
3614 4429 3902 4498 esse_facluw

2318 4495 2546 4560 multum
2578 4493 2885 4560 {dolemus}
2917 4497 3132 4548 domine
3163 4501 3372 4557 eximie,
3406 4499 3690 4560 meritoque
3725 4493 3900 4542 honora-

2317 4558 2436 4608 bilis
2467 4563 2520 4608 et
2551 4559 2796 4622 religiose
2830 4559 3013 4609 frater.

2375 4692 2389 4720 ¹
2426 4689 2574 4746 Lov.,
2607 4692 2692 4752 qui
2719 4706 2812 4752 per
2836 4706 2999 4750 suum,
3029 4697 3127 4742 etc.
3161 4693 3224 4742 At
3256 4697 3496 4743 nostram
3527 4691 3781 4742 lectionem
3804 4694 3898 4747 prae

2313 4750 2494 4800 ferunt
2518 4750 2644 4806 Mss,
2683 4750 2893 4803 omnes.

2373 4818 2392 4846 ³
2425 4815 2569 4882 Mss,
2602 4817 3019 4882 constanterhic
3053 4820 3105 4866 et
3137 4819 3190 4866 in
3230 4823 3486 4882 sequente
3517 4815 3724 4882 epistola
3766 4806 3897 4882 ρι’ςξξίςο

2313 4881 2438 4944 runt
2464 4891 2677 4944 nomen,
2705 4879 2952 4944 Maximi:
2969 4869 3322 4944 praeterquam
3341 4880 3482 4944 quod
3511 4869 3794 4928 vetustiores
3811 4869 3895 4944 Corr-

2312 4937 2557 5005 beiensis,
2586 4937 2984 5005 Germanensis;
3010 4945 3139 5001 etc.,
3171 4937 3374 4993 hancce
3400 4943 3894 5005 inscriptionempmf

2312 5003 2532 5068 mittunt
2572 5004 2928 5068 :_Sancturum
2955 5006 3143 5068 ﬁli/pii
3173 5012 3216 5054 et
3261 5007 3538 5068 Augustini
3562 5001 3629 5051 'ad
3670 5001 3892 5068 Μαζξωυξη

2310 5065 2556 5112 medic-um
2587 5065 2926 5116 Thenitanum
2944 5061 3410 5116 Eunomianistam.
3441 5070 3677 5116 Attamen
3696 5067 3740 5110 in
3770 5061 3892 5119 Pessi-

2310 5127 2380 5193 dii
2409 5127 2674 5193 lndic_ulo,_
2698 5144 2742 5177 c.
2773 5132 2814 5184 5,
2853 5130 3047 5193 dicitur
3077 5132 3274 5193 scripta
3301 5131 3411 5180 haec
3452 5128 3666 5193 epistola
3687 5124 3745 5193 ad
3759 5119 3893 5193 gus-

2308 5189 2524 5237 minum.
2551 5191 2604 5238 In
2629 5182 2723 5239 Ms.
2747 5182 2846 5246 ρο...
2874 5192 3137 5242 Maximus
3169 5182 3362 5243 dicitur
3387 5182 3600 5241 medicus
3623 5189 3730 5237 civis
3758 5182 3892 5230 Tm"

2307 5256 2480 5300 tonus.

2369 5313 2385 5342 ³
2419 5314 2501 5363 Sic
2528 5319 2758 5378 quatuor
2788 5315 2909 5365 Mss.
2940 5317 3064 5427 [lnon
3091 5333 3190 5367 esse
3217 5320 3406 5381 factum
3438 5317 3669 5368 dolemus,
3699 5305 3821 5368 etC-J-

2369 5377 2388 5395 ⁶
2425 5377 2718 5426 Emendata
2743 5377 2813 5427 ad
2837 5395 2885 5427 a.
2917 5379 2948 5427 b
2976 5416 2985 5427 .
3010 5395 3084 5427 cc.
3117 5381 3200 5427 cb.
3226 5380 3276 5427 ff.
3297 5395 3383 5427 aa.
3411 5394 3506 5427 mr.
3536 5393 3615 5427 vv.
3639 5389 3708 5423 vc.
3733 5371 3819 5418 duo

2305 5367 2718 5486 du'oEméndata
2743 5377 2813 5427 ad
2837 5395 2885 5427 a.
2917 5367 2985 5428 bl.
3010 5395 3084 5429 cc.
3117 5381 3200 5430 cb.
3217 5367 3276 5428 'tl'.
3297 5395 3383 5444 gg.
3411 5394 3506 5428 ωιο,
3536 5393 3615 5432 νγ,
3639 5367 3708 5423 η,
3733 5367 3840 5418 ἀυδς
3858 5367 3885 5406 ι,

2419 5453 2442 5486 ει
2473 5454 2521 5486 ν.

2344 5452 2442 5487 1108
2473 5454 2521 5487 ν.

2369 5504 2438 5574 ζει)
2475 5503 2643 5574 βρίείε
2680 5504 2788 5574 1.97.-
2953 5567 3015 5574 __
3090 5568 3119 5574 _.
3251 5567 3335 5574 __.
3464 5567 3472 5574 .

2365 5554 2436 5626 (bi
2473 5554 2583 5614 Lib.
2605 5566 2668 5614 de
2691 5567 2892 5616 Natura
2917 5567 3174 5624 etGratia,
3199 5567 3266 5618 ad
3283 5567 3566 5616 Timasium
3579 5565 3627 5613 et
3643 5554 3882 5626 ξαερὺμαξξ

2366 5614 2432 5688 id
2461 5627 2693 5693 Aliastits
2727 5614 2895 5693 {qum
2925 5614 3265 5681 iamEt-io—
3284 5614 3426 5686 ér’it,’
3443 5640 3580 5678 nunc
3619 5624 3687 5672 52.
3718 5614 3882 5675 Scril’ta

2301 5687 2438 5740 forte
2459 5703 2545 5740 an.
2573 5691 2686 5739 415.
