4098 6166
140 198 268 256 753

137 323 369 381 beatum
383 323 715 398 Apostolum,
736 345 763 375 α
791 323 1164 395 Unusquisque
1172 323 1233 379 in
1245 340 1341 379 suo
1349 339 1506 379 sensu
1520 323 1762 378 abundet
1776 342 1802 394 ς

133 414 299 470 alius
334 415 547 487 quidem
609 414 706 478 sic,
764 414 912 473 alius
941 419 1118 469 autem
1141 413 1219 468 sic
1250 434 1278 462 ιι
1324 413 1496 485 (Rom.
1552 429 1667 478 xxv,
1726 412 1801 483 5).

136 502 331 572 Certe,
354 503 615 576 quidquid
630 502 738 559 dici
756 504 960 573 potuit,
985 510 1035 558 et
1055 502 1279 557 sublimi
1310 503 1528 573 ingenio
1555 502 1617 556 de
1646 502 1802 556 Scri-

128 598 197 663 pt
205 610 442 649 urorum
455 599 768 647 sanctarum
784 592 1008 647 hauriri
1015 590 1281 661 fontibus,
1297 597 1390 646 ate
1402 592 1633 663 positum
1646 598 1802 661 atque

127 680 437 738 dissertum
465 689 560 737 est.
581 681 699 747 Sed,
730 697 905 754 quaeso
942 681 1317 737 Reuerentiam
1348 687 1511 745 tuam,
1580 697 1800 750 parum-

131 787 246 840 per
263 772 507 843 patiaris
522 789 601 826 me
619 778 771 826 tuum
803 770 1028 825 laudare
1042 770 1338 841 ingenium.
1370 770 1635 825 Nosenim
1652 770 1801 823 inter

129 875 239 913 nos
266 860 600 915 eruditionis
626 876 787 915 causa
815 860 1154 914 disserimus.
1190 860 1463 914 Caeterum
1512 857 1715 924 amuli,
1749 862 1799 912 et

124 948 377 1003 maxime
401 948 669 1013 haeretici,
689 948 738 1002 si
766 948 1016 1004 diversas
1047 947 1195 1003 inter
1222 963 1318 1003 nos
1344 948 1638 1002 sententias
1658 946 1799 1001 vide-

124 1036 284 1108 rint,
301 1038 372 1093 de
382 1038 559 1093 animi
568 1037 1050 1093 calumniabuntur
1062 1054 1288 1092 rancore
1298 1036 1631 1092 descendere.
1648 1036 1799 1092 Mihi

136 1132 333 1182 autem
358 1126 625 1182 decretum
653 1134 727 1181 est
756 1134 803 1182 te
826 1142 1031 1187 amare.
1074 1132 1123 1181 te
1149 1126 1433 1195 suspicere,
1465 1125 1657 1190 colere,
1697 1126 1799 1180 mi-

127 1215 290 1280 rari,
323 1222 519 1287 tuaque
547 1216 694 1271 dicta
713 1218 873 1286 quasi
890 1231 1006 1269 mea
1017 1215 1317 1284 defendere.
1343 1214 1497 1270 Certe
1517 1221 1567 1269 et
1594 1216 1653 1269 in
1680 1215 1797 1269 dia-

128 1303 272 1374 logo,
324 1321 477 1375 quem
516 1320 689 1375 nuper
734 1303 883 1359 edidi
909 1303 1053 1375 (Lib.
1081 1304 1115 1357 3
1149 1303 1402 1359 adversus
1431 1302 1795 1375 Pelagianos),

125 1399 246 1447 tuae
278 1393 673 1458 Beatitudinis,
705 1400 764 1448 ut
791 1393 1015 1464 dignum
1054 1394 1257 1462 fuerat,
1292 1393 1602 1447 recordatus
1629 1410 1745 1447 sum
1774 1409 1796 1448 .'

126 1482 415 1552 magisque
444 1482 628 1537 demus
658 1498 873 1553 operam
897 1488 982 1546 ,ut
1003 1480 1469 1553 perniciosissima
1492 1480 1717 1537 heresis
1735 1481 1797 1536 de

123 1570 374 1626 ecclesiis
382 1572 700 1642 auferatur,
719 1589 838 1643 quae
851 1587 1063 1642 semper
1074 1570 1297 1626 simulat
1309 1571 1681 1641 paenitentiam
1690 1612 1704 1636 ,
1736 1575 1796 1626 ut

124 1659 363 1714 docendi
382 1661 447 1715 in
476 1660 707 1715 ecclesiis
733 1660 922 1716 habeat
944 1660 1260 1731 facultatem
1292 1678 1309 1727 ;
1343 1676 1425 1725 ne,
1451 1660 1504 1714 si
1525 1665 1715 1730 aperta
1743 1676 1796 1715 se

110 1749 258 1805 ‘luee
289 1748 621 1818 prodiderit,
654 1750 805 1821 foras
824 1749 1047 1820 expulsa
1075 1749 1365 1805 moriatur.

198 1839 258 1892 2.
305 1838 525 1894 Sancta
567 1856 629 1893 ac
659 1838 989 1894 venerabiles
1015 1837 1148 1909 ﬁliae
1182 1846 1289 1893 tum
1327 1837 1683 1893 Eustochium
1744 1844 1794 1893 et

124 1927 335 1993 Paula,
367 1932 418 1982 et
444 1945 631 1999 genere
654 1945 750 1983 suo
773 1936 822 1983 et
833 1928 1203 1983 exhortatione
1235 1934 1327 1983 tua
1356 1928 1515 1999 digne
1526 1927 1791 1998 gradiun-

126 2022 251 2079 tur,
284 2016 694 2088 specialiterque
713 2016 957 2073 salutant
978 2016 1381 2072 Beatitudinem
1409 2023 1587 2083 tuam;
1617 2017 1792 2072 omnis

123 2122 339 2177 quoque
357 2106 687 2175 fraternitas
696 2123 813 2178 qum
835 2106 1101 2162 nobiscum
1130 2108 1361 2161 Domino
1374 2107 1659 2163 Saluatori
1674 2123 1789 2161 ser-

123 2195 252 2249 vire
277 2202 528 2250 conatur.
560 2196 814 2251 Sanctum
868 2195 1229 2267 presbyterum
1292 2195 1545 2250 Firmum
1578 2196 1621 2260 ¹,
1647 2212 1789 2250 anno

121 2285 438 2354 praeterito,
466 2284 529 2339 ob
565 2301 677 2340 rem
707 2301 895 2340 earum
939 2286 1261 2346 Ravennam,
1300 2292 1348 2340 et
1377 2284 1503 2339 inde
1534 2283 1789 2354 Africam

122 2372 486 2444 Siciliamque
511 2373 833 2440 direximus,
876 2391 1028 2445 quem
1053 2382 1308 2446 putamus
1328 2374 1447 2444 jam
1486 2375 1546 2428 in
1576 2374 1786 2443 Africa:

118 2462 392 2531 partibus
412 2464 755 2519 commorari.
783 2463 1009 2519 Sanctos
1036 2470 1128 2518 tuo
1151 2462 1487 2518 adhaerentes
1519 2464 1702 2529 lateri,
1727 2470 1787 2518 ut

124 2566 244 2605 meo
270 2551 513 2622 obsequio
541 2551 761 2617 salutes,
794 2568 1004 2622 precor.
1038 2553 1277 2607 Litteras
1300 2568 1502 2624 quoque
1538 2569 1681 2607 meas
1716 2553 1787 2607 ad

124 2647 380 2695 sanctum
409 2640 779 2713 presbyterum
803 2641 1060 2696 Firmum
1090 2641 1277 2695 direxi
1303 2658 1458 2712 ;quae
1486 2641 1621 2697 siad
1643 2648 1691 2696 te
1703 2659 1784 2697 ve-

126 2729 344 2795 nerint,
368 2729 419 2784 ei
448 2728 688 2801 dirigere
709 2748 817 2785 non
844 2731 1110 2801 graveris.
1145 2730 1473 2787 Incolumem
1493 2739 1562 2795 te,
1594 2739 1642 2787 et
1681 2733 1788 2787 mei

124 2834 436 2885 memorem,
494 2819 745 2875 Christus
800 2820 1065 2875 Dominus
1101 2820 1384 2885 custodiat,
1427 2820 1636 2875 domine
1665 2837 1786 2875 vere

126 2914 336 2971 sancte,
395 2914 446 2962 et
484 2908 784 2963 beatissime
833 2925 993 2979 papa.
1059 2911 1122 2963 Et
1180 2909 1382 2963 subter
1408 2913 1472 2963 ιε
1511 2909 1787 2965 Grandem

129 2996 305 3051 latini
344 2999 606 3052 sermonis
626 2998 686 3051 in
717 3004 821 3051 ista
850 2998 1134 3068 provincia
1158 2999 1507 3052 notariorum
1538 2999 1786 3070 patimur

124 3086 418 3156 pepuriam
450 3108 469 3155 ;
495 3093 543 3140 et
574 3086 783 3141 idcirco
813 3088 1098 3157 praeceptis
1121 3088 1228 3141 tuis
1253 3103 1447 3157 parere
1472 3104 1577 3141 non
1605 3104 1785 3158 possu-

120 3190 269 3239 mus,
310 3176 543 3229 maxime
571 3174 631 3229 in
669 3175 901 3229 editione
956 3174 1326 3246 Septuaginta,
1362 3192 1479 3246 qua
1509 3176 1785 3231 asteriscis

122 3261 465 3334 oerubusque
494 3262 757 3318 distincta
793 3269 871 3318 est
897 3282 918 3317 .·
950 3264 1207 3335 pleraque
1235 3265 1378 3318 enim
1408 3264 1616 3334 prioris
1644 3263 1786 3319 labe-

121 3351 227 3416 ris,
260 3351 469 3420 fraude
490 3352 770 3423 cujusdam
796 3352 1099 3408 amisimus.

570 3470 900 3527 EPISTOI.A
941 3469 1211 3526 CLxxur
1242 3468 1341 3542 (a).

120 3593 471 3664 Augustinus
504 3596 734 3660 Donato,
763 3596 910 3651 villae
939 3596 1288 3667 Mutugenna
1325 3596 1382 3650 in
1409 3595 1621 3651 dixcesi
1646 3596 1782 3668 Hip-

203 3685 433 3752 ponensi
458 3685 761 3756 presbytero
790 3684 1095 3749 donatistae,
1110 3686 1205 3755 qui
1214 3686 1398 3755 jussus
1408 3686 1785 3756 comprehendi

195 3785 249 3833 et
274 3775 470 3832 adduci
509 3774 579 3828 ad
602 3773 899 3838 ecclesiam,
929 3781 1149 3829 conatus
1177 3781 1250 3829 est
1276 3774 1383 3829 sibi
1412 3775 1517 3829 vim
1544 3775 1776 3847 inferre,

194 3864 385 3923 suadet
422 3872 484 3919 ut
513 3880 572 3917 re
601 3862 781 3919 sobrie
806 3879 1073 3934 perpensa
1100 3863 1406 3931 resipiscat,
1438 3863 1623 3919 docens
1641 3880 1781 3935 pra-

195 3972 317 4011 vam
343 3954 672 4009 voluntatem
696 3959 833 4007 recte
856 3953 972 4023 cogi
995 3952 1068 4006 ad
1100 3952 1347 4007 meliora.

236 4073 467 4126 Donato
492 4068 837 4139 presbytero
865 4067 1048 4138 partis
1070 4068 1297 4132 Donati,
1326 4068 1671 4124 Auens'rmus

445 4158 769 4228 episcopus
800 4154 1073 4211 Ecclesiae
1112 4155 1444 4212 catholicae.

204 4271 253 4319 ί.
295 4262 351 4319 Si
382 4277 589 4335 posses
611 4260 811 4316 videre
833 4259 1102 4316 dolorem
1117 4260 1314 4315 cordis
1330 4260 1465 4325 mei,
1483 4266 1538 4316 et
1558 4260 1777 4316 sollici-

121 4352 392 4409 tudinem
424 4366 531 4419 pro
546 4349 733 4405 salute
758 4356 877 4412 tua,
895 4348 1162 4404 fortassis
1182 4348 1539 4404 miserereris
1553 4349 1773 4405 animus

118 4447 257 4506 tuae,
277 4439 523 4513 placens
541 4441 657 4493 Deo
676 4436 870 4502 (Eccli.
902 4453 1037 4502 xxx,
1053 4437 1142 4506 24)
1157 4438 1214 4491 in
1238 4438 1544 4493 audiendo
1568 4438 1771 4507 verbo,

120 4546 243 4586 non
257 4534 482 4591 nostro,
501 4528 601 4583 sed
621 4527 813 4599 ipsius
832 4544 845 4594 ;
862 4542 969 4581 nec
983 4526 1110 4597 ejus
1129 4527 1462 4599 Scripturas
1479 4527 1637 4582 sicin
1656 4544 1774 4583 me-

123 4619 317 4675 moria
348 4623 451 4673 tua
469 4616 703 4687 ﬁgeres,
728 4620 790 4670 ut
809 4622 1015 4671 contra
1035 4631 1138 4671 eas
1167 4631 1270 4670 cor
1294 4615 1620 4671 clauderes.
1656 4616 1774 4670 Dis-

120 4708 303 4778 plicet
319 4706 421 4762 tibi
450 4706 595 4778 quia
612 4704 862 4760 traheris
876 4704 955 4759 ad
968 4703 1243 4770 salutem,
1258 4720 1395 4759 cum
1416 4710 1539 4759 tam
1552 4703 1774 4760 multos

120 4802 363 4853 nostros
400 4793 477 4849 ad
506 4792 829 4866 perniciem
864 4792 1380 4857 traxeritis’.0uid
1409 4792 1566 4847 enim
1582 4791 1776 4847 volui-

120 4884 398 4948 mus,nisi
423 4888 477 4940 te
490 4882 936 4954 comprehendi,
952 4889 1007 4937 et
1021 4882 1385 4953 praesentari.
1399 4881 1773 4937 etservarine

121 4990 330 5046 pereas
360 4974 388 5029 ?
413 4971 584 5039 Quod
617 4977 815 5027 autem
843 4970 903 5026 in
931 4986 1179 5042 corpore
1204 4970 1383 5025 laesus
1413 4985 1500 5039 es,
1522 4971 1648 5041 ipse
1668 4970 1773 5026 tibi

178 5103 189 5129 ¹
224 5098 553 5149 Sorbonicus
571 5096 665 5145 Ms.
702 5096 787 5147 bis
822 5096 998 5153 habet,
1032 5095 1348 5153 Firminum,
1377 5096 1582 5146 cteteris
1611 5096 1774 5147 refra-

118 5161 630 5273 Βῳέᾏδὲδόωίιιυηι
659 5226 704 5270 et
729 5221 920 5277 subter,
948 5220 1094 5284 quod
1123 5221 1177 5269 in
1191 5221 1315 5270 Mss.
1343 5220 1613 5285 plerisque
1629 5221 1774 5272 exhi-

120 5286 296 5337 betur.

178 5350 196 5381 ³
225 5348 326 5397 Sic.
359 5347 485 5395 Mss.
517 5347 582 5395 At
595 5345 725 5395 Edd.
754 5346 993 5395 traxeris.

174 5412 205 5445 ⁵
238 5411 383 5460 Hanc
413 5408 745 5471 contulimus
769 5422 892 5471 cum
923 5423 971 5471 α,
1012 5407 1100 5471 bg.
1158 5406 1227 5471 bl.
1258 5421 1303 5471 c.
1336 5422 1416 5457 cc.
1455 5408 1507 5456 tl.
1538 5424 1588 5471 g.
1616 5422 1703 5471 gv.
1730 5408 1771 5471 j.

116 5488 159 5521 r.
188 5487 242 5523 η.
276 5486 320 5522 s.
354 5471 443 5520 vd.
478 5471 692 5521 duobus
722 5470 812 5519 bu.
845 5469 1125 5520 duobus’s.
1160 5470 1373 5519 duobus
1400 5474 1437 5519 t.
1465 5469 1699 5533 quatuor
1722 5469 1771 5520 v.

118 5539 169 5585 et
203 5550 328 5587 cum
356 5536 475 5582 Am.
510 5534 635 5583 Bad.
667 5533 749 5582 Er.
784 5533 911 5582 Lov.

176 5600 250 5660 (ο)
277 5597 435 5661 Alias
455 5597 545 5661 204
584 5613 596 5647 :
632 5610 753 5661 quae
782 5599 964 5646 autem
996 5595 1086 5645 173
1116 5599 1245 5652 erat,
1277 5609 1422 5645 nunc
1456 5597 1533 5645 66.
1571 5595 1777 5659 Scripta

123 5662 268 5712 circa
293 5672 383 5712 an.
418 5660 529 5709 416.

1401 194 1907 255 EPISTOLABUM
1944 196 2234 255 CLASSIS
2274 199 2369 258 Ill.

3461 207 3565 264 754

1910 321 2171 388 tecisisti,
2204 325 2306 398 qui
2331 326 2602 397 jumento
2628 327 2737 383 tibi
2769 343 2907 384 mox
2922 328 3168 386 admoto
3195 331 3277 387 uti
3301 331 3563 401 noluisti,

1912 416 1969 467 et
2016 416 2071 467 te
2122 413 2199 468 ad
2267 419 2480 471 terram
2533 418 2793 484 graviter
2824 416 3088 474 collisisti
3123 435 3138 475 :
3172 435 3315 476 nam
3359 421 3567 494 utique

1911 499 2065 555 alius
2095 501 2197 572 qui
2224 502 2517 558 adductus
2549 510 2635 559 est
2665 511 2880 571 tecum,
2915 505 3141 578 collega
3172 512 3308 562 tuus
3341 508 3562 565 illassus

1911 589 2092 655 venit,
2120 591 2222 662 qui
2252 591 2390 646 talia
2417 593 2528 648 sibi
2556 595 2681 664 ipse
2709 609 2828 649 non
2858 594 3011 648 fecit.

1983 684 2035 734 2.
2068 680 2179 735 Sed
2194 696 2387 751 neque
2402 681 2514 736 hoc
2531 688 2702 747 putas
2723 683 2820 738 tibi
2836 682 2963 737 ﬁeri
2977 683 3275 749 debuisse,
3293 685 3435 755 quia
3458 702 3567 741 ne-

1912 768 2134 824 minem
2162 769 2468 824 existimas
2502 772 2841 839 cogendum
2889 788 3019 827 esse
3062 773 3137 828 ad
3187 774 3440 829 bonum.
3473 777 3566 829 At-

1909 857 2822 930 tendequidApostolusdixerit,
2860 860 2965 925 Qui
2994 862 3352 932 episcopatum
3367 862 3567 916 deside-

1908 952 2018 1010 rat,
2034 945 2224 1001 bonum
2235 964 2366 1018 opus
2377 949 2702 1019 concupiscit
2725 949 2765 1019 (ῐ
2786 949 2924 1003 Tim.
2943 965 3025 1012 Ill,
3044 949 3097 1019 1)
3123 966 3135 1014 ;
3156 955 3210 1005 et
3226 954 3424 1005 tamen
3439 954 3562 1005 tam

1910 1036 2078 1091 multi
2111 1039 2172 1090 ut
2202 1037 2614 1108 episcopatum
2664 1037 3000 1108 suscipiant
3044 1042 3323 1093 tenentur
3376 1039 3562 1105 inviti,

1907 1122 2338 1192 perducuntur,
2373 1124 2777 1189 includuntur,
2799 1126 3567 1198 custodiuntur,patiuntur

1906 1216 2072 1267 tanta
2100 1228 2235 1284 quas
2276 1212 2505 1291 nolunt,
2535 1214 2727 1269 donec
2757 1214 2841 1269 eis
2876 1214 3034 1269 adsit
3068 1214 3345 1270 voluntas
3367 1214 3562 1269 susci-

1910 1299 2109 1370 piendi
2140 1301 2339 1372 operis
2368 1301 2510 1356 boni
2542 1318 2554 1355 :
2611 1307 2841 1374 quanto
2876 1304 3069 1371 magis
3097 1319 3204 1357 vos
3253 1302 3329 1358 ab
3365 1318 3561 1358 errore

1908 1389 2261 1460 pernicioso,
2280 1390 2474 1461 inquo
2488 1390 2656 1446 vobis
2683 1390 2905 1446 inimici
2930 1392 3559 1459 estis,trahendiestis,

1906 1480 1964 1531 et
1988 1476 2324 1532 deducendi
2354 1477 2433 1533 ad
2464 1480 2772 1535 veritatem
2811 1479 2903 1533 vel
2948 1480 3435 1549 cognoscendam
3472 1479 3561 1535 vel

1906 1565 2267 1635 eligendam,
2285 1582 2403 1622 non
2420 1567 2615 1623 solum
2631 1573 2693 1622 ut
2706 1568 2993 1623 honorem
3016 1568 3330 1623 salubriter
3342 1568 3562 1624 hahea-

1907 1654 2004 1719 tis,
2036 1654 2139 1709 sed
2162 1656 2342 1710 etiam
2367 1671 2439 1710 ne
2472 1657 2729 1726 pessime
2746 1656 3004 1727 pereatis
3041 1656 3229 1711 lDicis
3258 1658 3443 1711 Deum
3464 1656 3562 1711 de-

1904 1744 2065 1798 disse
2122 1743 2375 1799 liberum
2417 1744 2726 1800 arbitrium
2762 1762 2774 1811 ;
2810 1744 2944 1799 ideo
3002 1761 3123 1800 non
3180 1744 3399 1800 debere
3427 1744 3561 1813 cogi

1903 1832 2207 1888 hominem
2239 1849 2346 1888 nec
2363 1833 2442 1889 ad
2473 1833 2726 1890 bonum.
2757 1835 2949 1899 Quare
2968 1848 3109 1903 ergo
3132 1833 3215 1889 illi
3239 1834 3312 1888 de
3333 1835 3559 1904 quibus

1905 1937 2086 1994 supra
2100 1921 2556 1991 dixi,coguntur
2577 1922 2654 1977 ad
2677 1922 2905 1978 bonum
2921 1922 3208 1977 ?Attende
3236 1937 3377 1990 ergo
3393 1922 3561 1993 quod

1901 2010 2277 2066 considerare
2309 2025 2427 2066 non
2447 2011 2553 2065 vis.
2579 2010 2717 2066 ldeo
2731 2009 3013 2066 voluntas
3044 2010 3205 2065 bona
3226 2011 3562 2065 misericor-

1900 2098 2050 2154 diter
2076 2098 2461 2169 impenditur,
2489 2104 2548 2154 ut
2566 2097 2724 2154 mala
2752 2098 3024 2153 voluntas
3055 2098 3315 2153 hominis
3342 2097 3563 2168 diriga-

1901 2191 2010 2242 tur.
2047 2190 2196 2243 Nam
2219 2188 2359 2258 quis
2384 2188 2613 2243 nesciat
2635 2202 2744 2243 nec
2774 2187 3053 2243 damnari
3082 2187 3415 2253 hominem,
3445 2187 3558 2243 nisi

1902 2277 2111 2331 merito
2145 2276 2317 2331 malae
2354 2275 2696 2342 voluntatis,
2748 2292 2858 2333 nec
2888 2275 3130 2331 liberari
3171 2276 3284 2332 nisi
3322 2276 3551 2332 bonam

1898 2364 2175 2420 habuerit
2204 2364 2609 2420 voluntatem?
2635 2364 2762 2421 Non
2793 2370 2996 2421 tamen
3018 2364 3154 2420 ideo
3180 2364 3554 2435 quidiligun-

1900 2459 2011 2517 tur,
2040 2453 2211 2509 malae
2245 2469 2367 2508 suae
2402 2452 2693 2509 voluntati
2721 2454 2968 2524 impune
2999 2460 3055 2508 et
3085 2452 3402 2508 crudeliter
3428 2468 3558 2524 per-

1897 2542 2169 2597 mittendi
2204 2546 2346 2597 sunt
2374 2563 2396 2610 ;
2426 2541 2531 2596 sed
2568 2541 2667 2597 ubi
2706 2546 2969 2615 potestas
3021 2541 3214 2605 datur,
3249 2545 3305 2597 et
3335 2557 3370 2597 a
3394 2541 3554 2597 malo

1898 2630 2279 2702 prohibendi,
2307 2635 2365 2684 et
2390 2630 2469 2686 ad
2499 2629 2733 2687 bonum
2758 2630 3034 2702 cogendi.

1968 2723 2018 2776 3.
2050 2722 2193 2775 Nam
2224 2719 2269 2773 si
2298 2718 2573 2775 voluntas
2589 2719 2749 2777 mala
2763 2734 3002 2790 semper
3014 2734 3135 2773 suae
3153 2717 3555 2790 permittenda

1896 2814 1984 2864 est
2011 2808 2262 2863 libertati
2296 2825 2309 2873 ;
2336 2823 2522 2879 quare
2538 2807 2811 2863 Israelita;
2833 2810 3183 2862 recusantes
3204 2813 3260 2862 et
3282 2824 3556 2863 murmu-

1896 2902 2096 2952 rantes
2127 2902 2248 2952 tam
2269 2896 2434 2951 duris
2456 2896 2705 2966 ﬂagellis
2732 2912 2767 2952 a
2796 2896 2957 2951 malo
2975 2895 3472 2966 prohibebantur,
3499 2901 3554 2954 et

1896 2985 1973 3039 ad
2001 2990 2215 3039 terram
2244 2984 2653 3055 promissionis
2669 2983 3231 3055 compellebantur?
3258 2983 3314 3039 Si
3343 2984 3554 3039 volun-

1898 3080 1988 3130 tas
2040 3073 2198 3127 mala
2230 3088 2463 3144 semper
2508 3088 2632 3129 suae
2684 3072 3089 3144 permittenda
3133 3077 3222 3127 est
3251 3071 3505 3127 libertati
3536 3113 3551 3139 ,

1894 3177 2081 3233 quare
2112 3161 2327 3216 Paulus
2352 3176 2471 3216 non
2486 3162 2919 3233 estpermissus
2949 3161 3027 3214 uti
3052 3160 3321 3230 pessima
3343 3161 3552 3216 volun-

1898 3256 2014 3306 tate
2034 3266 2156 3321 qua
2182 3249 2658 3321 persequebatur
2684 3248 3030 3313 Ecclesiam,
3076 3249 3179 3302 sed
3215 3252 3550 3318 prostratus

1894 3344 1986 3394 est
2008 3345 2069 3395 ut
2099 3345 2516 3402 excaecaretur,
2542 3342 2598 3394 et
2626 3342 2960 3393 excaecatus
2986 3342 3074 3393 est
3107 3341 3169 3391 ut
3194 3340 3546 3402 mutaretur,

1895 3433 2162 3484 mutatus
2191 3432 2255 3482 ut
2284 3428 2630 3495 mitteretur,
2667 3427 2886 3483 missus
2920 3431 2983 3481 ut
3012 3426 3215 3498 qualia
3238 3425 3457 3481 fecerat
3484 3426 3544 3481 in

1892 3532 2111 3583 errore,
2143 3518 2283 3573 talia
2321 3532 2425 3589 pro
2479 3517 2718 3572 veritate
2766 3520 3068 3588 pateretur
3096 3516 3125 3572 ἳ
3155 3516 3211 3571 Si
3268 3514 3546 3571 voluntas

1896 3606 2056 3661 mala
2082 3622 2318 3678 semper
2344 3622 2466 3661 suae
2496 3603 2893 3677 permittenda
2911 3608 3000 3659 est
3030 3603 3320 3669 libertati;
3353 3618 3544 3676 quare

1892 3700 2168 3750 monetur
2193 3700 2362 3766 pater
2392 3694 2451 3749 in
2491 3693 2807 3764 Scripturis
2838 3692 3078 3757 sanctis,
3107 3691 3298 3747 ﬁlium
3319 3692 3539 3748 durum

1888 3798 2010 3839 non
2043 3783 2237 3839 solum
2286 3782 2475 3838 verbis
2502 3783 2819 3852 corripere,
2861 3781 2963 3835 sed
2997 3782 3174 3836 etiam
3202 3780 3389 3837 latera
3413 3781 3544 3851 ejus

1891 3872 2162 3938 tundere,
2196 3876 2259 3927 ut
2284 3871 2359 3927 ad
2383 3871 2609 3927 bonam
2648 3868 3032 3940 disciplinam
3065 3874 3310 3925 coactus
3345 3873 3400 3923 et
3438 3868 3549 3924 do-

1888 3962 2068 4017 mitus
2098 3961 2389 4029 dirigatur
2414 3959 2611 4031 (Eccli.
2642 3974 2780 4023 xxx,
2810 3958 2900 4026 l2)
2926 3957 2954 4011 ‘l
2974 3957 3147 4013 Unde
3173 3957 3332 4012 idem
3358 3956 3501 4012 dicit
3528 3972 3542 4012 :

1891 4050 1970 4105 Tu
1990 4049 2203 4122 quidem
2221 4049 2467 4121 percutis
2495 4064 2615 4103 eum
2636 4048 2794 4118 virga
2818 4068 2839 4117 ,-
2862 4047 3103 4101 animam
3128 4052 3307 4101 autem
3333 4046 3446 4116 ejus
3476 4044 3548 4099 li-

1887 4138 2040 4194 beras
2070 4156 2105 4193 a
2134 4137 2678 4209 morte(Prov.xxm,
2708 4137 2813 4208 14).
2846 4136 2900 4192 Si
2919 4135 3076 4191 mala
3092 4134 3362 4191 voluntas
3385 4149 3542 4189 sem-

1886 4244 1993 4300 per
2014 4244 2139 4283 suee
2171 4226 2667 4299 permittendaest
2698 4225 2987 4291 libertati;
3016 4239 3204 4296 quare
3218 4224 3544 4294 corripiun-

1883 4322 1978 4373 tur
2003 4317 2374 4386 negligentes
2406 4321 2695 4386 pastores,
2731 4318 2788 4370 et
2826 4313 3042 4368 dicitur
3073 4314 3154 4368 eis
3183 4329 3196 4367 :
3238 4313 3540 4367 Errantem

1884 4423 2025 4461 ovem
2055 4420 2166 4460 non
2205 4405 2513 4468 revocastis,
2540 4402 2813 4474 perditam
2843 4418 2946 4456 non
2974 4400 3283 4472 requisistis
3312 4400 3535 4469 (Ezech.

1882 4511 2083 4559 xxxxv,
2119 4495 2169 4566 4)
2195 4495 2223 4550 ?
2260 4496 2319 4548 Et
2348 4508 2452 4547 vos
2494 4507 2633 4547 oves
2673 4489 2886 4547 Christi
2934 4488 3093 4554 estis,
3128 4487 3535 4543 characterem

1881 4583 2251 4638 dominicum
2283 4580 2534 4653 portatis
2562 4579 2623 4634 in
2659 4581 3046 4635 Sacramenta
3077 4575 3244 4648 quod
3276 4575 3535 4647 accepis-

1882 4671 1955 4726 tis
1985 4690 2002 4743 ;
2032 4671 2137 4725 sed
2163 4670 2373 4725 erratis
2404 4673 2459 4723 et
2489 4668 2709 4740 peritis.
2729 4668 2854 4721 Non
2869 4665 3001 4721 ideo
3016 4663 3187 4720 vobis
3217 4663 3537 4735 displicea-

1882 4776 2035 4824 mus,
2070 4758 2214 4832 quia
2238 4773 2594 4814 revocamus
2615 4760 2901 4820 errantes,
2922 4759 2975 4810 et
2997 4753 3324 4825 quaerimus
3343 4753 3535 4825 perdi-

1880 4852 1992 4904 tos.
2055 4847 2255 4904 Melius
2328 4847 2489 4901 enim
2551 4844 2808 4901 facimus
2865 4842 3235 4898 voluntatem
3298 4841 3534 4897 Domini

1880 4937 2177 4994 monentis
2229 4940 2287 4989 ut
2319 4950 2428 4990 vos
2460 4933 2536 4989 ad
2586 4934 2714 5005 ejus
2764 4932 2920 4987 ovile
2976 4930 3171 4986 redire
3219 4945 3532 5000 cogamus,

1881 5043 2067 5099 quam
2095 5024 2503 5081 consentimus
2534 5022 2819 5078 voluntati
2852 5022 3053 5077 ovium
3078 5020 3423 5083 errantium,
3470 5021 3536 5074 ut

1882 5116 2075 5188 perire
2100 5130 2207 5168 vos
2226 5113 2666 5186 permittamus.
2700 5110 2824 5167 Noli
2840 5124 2982 5179 ergo
3002 5110 3128 5180 jam
3160 5104 3533 5177 dicerequod

1888 5211 1941 5260 te
1971 5202 2210 5260 assidue
2235 5201 2416 5258 audio
2443 5201 2639 5256 dicere
2676 5217 2689 5256 :
2726 5200 2817 5256 Sic
2854 5197 2990 5253 volo
3029 5209 3249 5259 errare,
3285 5193 3369 5249 sic
3394 5193 3530 5249 volo

1883 5294 2092 5366 perire.
2117 5291 2315 5348 Melius
2344 5292 2504 5345 enim
2534 5305 2643 5345 nos
2673 5288 2788 5343 hoc
2818 5286 3066 5343 omnino
3097 5299 3217 5339 non
3243 5280 3534 5353 permitti-

1885 5398 2044 5447 mus,
2075 5384 2368 5453 quantum
2400 5393 2744 5451 possumus.

1953 5474 2004 5526 4.
2036 5469 2205 5524 Μοάο
2231 5469 2396 5538 quod
2416 5474 2468 5522 te
2491 5466 2550 5521 in
2566 5472 2832 5538 puteum,
2850 5468 2913 5519 ut
2935 5460 3268 5527 morereris,
3290 5459 3523 5526 misisti,

1884 5560 2088 5630 utique
2114 5556 2298 5613 libera
2322 5556 2623 5611 voluntate
2653 5552 2859 5608 fecisti.
2896 5550 3008 5607 Sed
3034 5565 3222 5623 quam
3259 5548 3529 5604 crudeles

1889 5653 2089 5705 essent
2112 5645 2265 5702 servi
2293 5644 2414 5714 Dei,
2434 5644 2478 5698 si
2506 5642 2644 5699 huic
2666 5642 2839 5698 malae
2869 5646 2981 5697 tuae
3003 5640 3292 5697 voluntati
3316 5643 3373 5694 te
3398 5654 3534 5712 per-
