4136 6172
522 202 634 277 755

526 347 843 414 mitterent,
875 352 929 401 et
956 360 1077 401 non
1110 348 1165 400 te
1191 344 1265 399 de
1292 343 1391 399 illa
1422 345 1613 398 morte
1641 338 1959 397 liberarent
1994 332 2006 386 l
2037 329 2172 404 quis

526 452 629 492 eos
659 451 777 490 non
802 434 1010 489 merito
1036 434 1303 505 culparet
1325 432 1498 504 ‘fquis
1516 446 1634 487 non
1659 427 1878 500 impios
1902 427 2057 480 recte
2078 421 2175 492 ju-

526 524 799 579 dicaret?
828 524 892 577 Et
916 526 1117 578 tamen
1148 527 1206 578 tu
1228 527 1279 578 te
1304 521 1506 578 volens
1534 521 1593 575 in
1622 533 1842 589 aquam
1870 510 2080 569 misisti
2111 512 2176 563 ut

527 612 843 667 morereris
872 629 889 677 ;
915 610 995 667 illi
1019 616 1072 667 te
1090 610 1392 667 nolentem
1416 611 1490 666 de
1521 624 1682 680 aqua
1712 605 2073 665 levaverunt,
2101 613 2176 652 ne

526 700 840 754 morereris
875 716 887 755 :
925 705 982 755 tu
1014 699 1200 755 fecisti
1230 699 1560 755 secundum
1592 696 1954 752 voluntatem
1987 692 2175 750 tuam,

528 787 633 843 sed
664 789 722 843 in
736 790 1058 860 perniciem
1077 794 1239 844 tuam
1260 788 1369 854 ;illi
1385 792 1594 843 contra
1611 784 1973 841 voluntatem
1991 783 2177 840 tuam,

529 877 635 933 sed
666 882 909 948 propter
930 878 1182 933 salutem
1202 882 1388 933 tuam.
1423 876 1476 932 Si
1502 890 1643 945 ergo
1662 872 1823 929 salus
1843 872 1953 925 ista
1974 878 2181 937 corpo-

529 965 672 1021 ralis
702 968 788 1021 sic
801 967 1192 1023 custodienda
1214 972 1318 1032 est,
1344 970 1406 1021 ut
1431 964 1686 1021 etiamin
1714 958 2074 1019 nolentibus,
2104 952 2182 1008 ab

530 1055 615 1110 eis
642 1056 746 1125 qui
769 1072 869 1111 eos
890 1056 1165 1125 diligunt,
1185 1061 1448 1110 servetur
1473 1044 2053 1125 ;quantomagisilla
2069 1042 2184 1115 spi-

532 1143 789 1210 ritualis,
814 1143 870 1198 in
889 1144 1061 1215 cujus
1074 1143 1413 1199 desertione
1438 1158 1601 1198 mors
1628 1146 1848 1195 aeterna
1863 1132 2144 1191 metuitur
2166 1130 2179 1185 l

537 1232 897 1302 Quanquam
931 1232 989 1287 in
1017 1232 1132 1287 ista
1164 1237 1355 1287 morte
1387 1247 1576 1302 quam
1603 1229 1705 1284 tibi
1739 1232 1795 1281 tu
1831 1226 1954 1296 ipse
1973 1219 2185 1277 inferre

532 1319 797 1386 voluisti,
822 1336 943 1375 non
969 1320 1165 1375 solum
1202 1320 1279 1376 ad
1312 1326 1570 1391 tempus,
1606 1317 1709 1372 sed
1738 1316 1914 1370 etiam
1940 1312 1998 1366 in
2024 1312 2185 1365 teter-

532 1425 677 1464 num
711 1410 1025 1465 morereris
1055 1432 1067 1477 ;
1100 1410 1245 1481 quia
1274 1410 1380 1464 etsi
1414 1424 1533 1464 non
1559 1407 1636 1463 ad
1666 1405 1938 1470 salutem,
1970 1414 2092 1455 non
2110 1395 2189 1452 ad

536 1498 809 1554 Ecclesia:
837 1515 1070 1570 pacem,
1097 1514 1217 1554 non
1249 1498 1325 1553 ad
1349 1497 1562 1553 Christi
1585 1493 1852 1567 corporis
1880 1490 2188 1553 unitatem,

539 1603 659 1642 non
699 1587 776 1643 ad
813 1593 1085 1643 sanctam
1116 1592 1200 1656 get
1238 1586 1615 1643 individuam
1671 1584 2041 1642 cbaritatem,
2083 1572 2191 1629 sed

538 1676 614 1732 ad
648 1676 811 1732 mala
849 1676 1053 1748 aliqua
1083 1677 1399 1747 cogereris,
1433 1691 1545 1731 nec
1588 1674 1669 1729 sic
1719 1672 1822 1727 tibi
1872 1670 1999 1741 ipse
2028 1681 2189 1722 mor-

539 1770 655 1821 tem
676 1765 891 1820 inferre
917 1764 1198 1821 debuisti.

612 1858 661 1909 5.
698 1853 1017 1909 Considera
1041 1854 1374 1924 Scripturas
1388 1853 1647 1920 divinas,
1679 1849 1978 1906 etdiscute
1998 1859 2194 1917 quan-

538 1947 666 1998 tum
720 1947 912 2013 potes,
958 1947 1015 1998 et
1041 1942 1174 1997 vide
1208 1948 1406 1998 utrum
1462 1941 1578 1997 hoc
1612 1940 1813 1995 fecerit
1849 1934 2063 2009 aliquis
2095 1931 2195 1988 ali-

542 2030 788 2101 quando
816 2032 1113 2101 justorum
1137 2035 1310 2102 atque
1327 2031 1616 2095 fidelium,
1651 2045 1787 2084 cum
1815 2026 1893 2083 ab
1919 2026 2002 2081 eis
2033 2024 2195 2078 tanta

544 2120 705 2176 mala
737 2121 995 2192 perpessi
1029 2122 1164 2186 sint,
1189 2120 1290 2193 qui
1323 2137 1425 2177 eos
1454 2120 1531 2176 ad
1553 2124 1838 2176 aeternum
1868 2114 2194 2185 interitum,

541 2226 662 2264 non
685 2210 760 2265 ad
794 2210 976 2266 vitam
1003 2216 1311 2274 aeternam,
1333 2226 1457 2281 quo
1492 2215 1547 2266 tu
1574 2205 1968 2279 compelleris,
1997 2205 2196 2273 adige-

536 2300 701 2354 bant.
734 2299 944 2354 Audivi
965 2300 1125 2371 quod
1150 2299 1374 2355 dixeris
1397 2297 1738 2370 apostolum
1758 2293 2004 2350 Paulum
2019 2292 2198 2363 signi-

536 2387 749 2443 ﬁcasse
779 2389 893 2443 hoc
928 2388 1050 2443 ﬁeri
1089 2388 1325 2452 debere,
1367 2388 1477 2442 ubi
1512 2387 1612 2451 ait,
1639 2386 1761 2441 Etsi
1787 2383 2198 2438 tradiderocor-

536 2494 635 2549 pus
663 2493 837 2531 meum
867 2485 929 2532 ut
972 2477 1195 2531 ardeam
1228 2478 1269 2548 (Ι
1304 2477 1431 2532 Cor.
1468 2492 1592 2540 xm,
1627 2476 1682 2543 3)
1725 2491 1737 2540 ;
1766 2473 1910 2544 quia
1929 2471 2199 2526 videlicet

532 2566 740 2624 omnia
770 2568 928 2623 bona
966 2566 1226 2629 dicebat,
1259 2581 1395 2638 quae
1420 2564 1549 2619 sine
1575 2563 1860 2619 charitate
1893 2560 2037 2616 nihil
2067 2575 2197 2631 pro-

538 2660 694 2717 sunt,
720 2656 869 2710 sicut
903 2659 1056 2710 sunt
1084 2654 1301 2724 lingua:
1318 2654 1636 2709 hominum
1664 2650 2117 2722 etAngelorum,
2145 2652 2202 2703 et

536 2743 741 2801 omnia
763 2749 1169 2806 sacramenta,
1190 2748 1243 2799 et
1260 2746 1458 2799 omnis
1480 2741 1749 2809 scientia,
1778 2745 1834 2796 et
1852 2739 2049 2796 omnis
2067 2753 2202 2810 pro-

538 2832 761 2905 phetia,
796 2837 851 2888 et
881 2832 1078 2888 omnis
1111 2832 1268 2888 fides
1298 2832 1377 2888 ita
1409 2837 1468 2887 ut
1488 2836 1722 2887 montes
1750 2827 2200 2891 transferantur,

543 2927 600 2977 et
632 2938 831 2977 rerum
850 2938 1097 2977 suarum
1123 2922 1468 2977 distributio
1489 2918 1858 2994 pauperibus
1883 2920 1934 2984 ¹;
1960 2918 2094 2972 ideo
2118 2916 2201 2971 vi-

550 3010 726 3066 detur
756 3011 862 3067 tibi
896 3012 1072 3067 etiam
1100 3011 1215 3067 hoc
1242 3012 1393 3067 inter
1420 3011 1583 3066 bona
1607 3023 1981 3071 numerasse,
2000 3011 2064 3061 ut
2092 3005 2202 3069 sibi

547 3100 803 3172 quisque
828 3100 1045 3157 inferat
1067 3105 1351 3156 mortem.
1386 3099 1501 3155 Sed
1543 3099 1779 3155 attende
1808 3097 2121 3167 diligenter
2148 3100 2205 3152 et

553 3205 814 3259 agnosce
842 3188 1361 3261 quemadmodum
1386 3189 1543 3244 dicat
1561 3185 2063 3259 Scriptura,quod
2086 3191 2204 3239 tra-

553 3279 657 3335 dat
684 3279 940 3351 quisque
967 3295 1142 3333 suum
1176 3294 1394 3350 corpus
1421 3282 1483 3333 ut
1513 3278 1736 3333 ardeat.
1771 3280 1893 3332 Non
1925 3276 2127 3347 utique
2146 3281 2208 3333 ut

553 3368 683 3439 ipse
716 3368 1067 3437 seinignem
1092 3368 1306 3430 mittat,
1329 3366 1575 3437 quando
1588 3370 2046 3438 persequentem
2062 3364 2205 3437 pati-

553 3462 648 3513 tur
665 3457 975 3512 inimicum
996 3473 1009 3523 ;
1041 3456 1144 3512 sed
1159 3455 1412 3528 quando
1436 3456 1486 3510 ei
1504 3456 1857 3528 proponitur
1876 3455 2207 3510 utautmali

556 3546 783 3617 aliquid
814 3545 1012 3610 faciat,
1046 3551 1148 3601 aut
1170 3546 1309 3601 mali
1340 3544 1567 3617 aliquid
1582 3545 1861 3617 patiatur,
1876 3543 2055 3614 eligat
2082 3560 2202 3599 non

554 3635 751 3690 facere
784 3634 945 3689 mala
976 3651 1157 3706 quam
1192 3650 1314 3690 non
1353 3635 1478 3707 pati
1510 3633 1668 3690 mala
1700 3651 1713 3688 :
1746 3638 1925 3705 atque
1965 3633 2043 3689 ita
2074 3649 2206 3689 cor-

552 3739 667 3795 pus
691 3740 867 3779 suum
905 3724 1099 3780 tradat
1126 3723 1186 3779 in
1228 3728 1585 3795 potestatem
1618 3722 2023 3787 interfectoris,
2055 3724 2205 3778 sicut

553 3816 670 3870 tres
701 3812 782 3869 illi
805 3812 917 3868 viri
942 3812 1321 3887 feceruntqui
1345 3830 1587 3870 auream
1619 3817 1877 3869 statuam
1910 3812 2202 3881 cogeban-

551 3906 643 3957 tur
670 3902 944 3969 adorare,
971 3908 1027 3959 et
1048 3904 1163 3959 nisi
1195 3904 1473 3971 facerent,
1498 3903 1843 3959 minabatur
1872 3902 1955 3957 eis
1978 3901 2071 3956 ille
2101 3901 2202 3973 qui

550 3992 823 4064 cogebat,
849 3993 1157 4048 caminum
1177 3993 1333 4061 ignis
1351 3994 1681 4048 ardentem.
1698 3992 1929 4046 Idolum
1951 3990 2203 4046 adorare

549 4080 870 4136 noluerunt
904 4098 917 4147 ;
951 4098 1071 4136 non
1115 4081 1227 4152 ipsi
1263 4098 1327 4136 se.
1355 4082 1412 4136 in
1440 4083 1639 4149 ignem
1671 4082 1956 4135 miserunt
1990 4096 2002 4134 :
2036 4084 2092 4134 et
2122 4085 2202 4134 ta-

551 4185 689 4224 men
716 4170 894 4225 etiam
926 4170 1128 4225 deillis
1144 4170 1226 4225 sic
1240 4171 1522 4241 scriptum
1542 4176 1649 4235 est,
1670 4170 1831 4241 quod
1851 4169 2202 4224 tradiderunt

550 4274 779 4328 corpora
792 4275 908 4323 sua,
936 4264 997 4313 ut
1010 4275 1175 4330 neque
1198 4257 1483 4324 servirent,
1501 4258 1967 4329 nequeadorarent
1994 4258 2161 4313 ullum
2179 4261 2200 4293 ³

549 4347 732 4414 deum,
763 4347 852 4402 sed
873 4348 1047 4402 Deum
1059 4364 1215 4403 suum
1233 4348 1399 4413 (Dan.
1424 4349 1717 4415 111,14-95).
1734 4349 1877 4402 Ecce
1890 4347 2198 4419 quomodo

551 4437 700 4493 dixit
729 4436 1442 4509 Apostolus,Sitradidero
1462 4453 1653 4507 corpus
1677 4454 1847 4491 meum
1874 4442 1935 4490 ut
1958 4437 2197 4491 ardeam.

624 4532 675 4583 6.
707 4527 875 4592 Quod
904 4534 1102 4582 autem
1136 4526 1422 4597 sequitur,
1450 4527 1586 4582 vide
1622 4544 1634 4582 :
1662 4526 1720 4582 Si
1750 4527 2067 4582 charitatem
2094 4545 2199 4581 non

551 4615 786 4679 habeam,
802 4616 947 4671 nihil
958 4616 1094 4671 mihi
1102 4615 1339 4688 prodest.
1358 4616 1445 4671 Ad
1460 4616 1641 4671 istam
1661 4617 2008 4672 charitatem
2025 4632 2199 4671 voca-

549 4704 656 4770 ris,
688 4705 767 4760 ab
805 4706 916 4761 ista
954 4706 1239 4762 charitate
1279 4706 1469 4776 perire
1495 4721 1616 4761 non
1648 4705 1857 4760 sineris
1888 4724 1901 4773 ;
1935 4710 1990 4761 et
2018 4710 2195 4775 putas

553 4793 657 4849 tibi
694 4793 923 4866 aliquid
955 4795 1255 4865 prodesse,
1285 4810 1333 4850 Si
1372 4799 1427 4850 te
1458 4795 1582 4866 ipse
1612 4794 2022 4866 prmeipitesin
2046 4794 2198 4848 inte-

548 4882 751 4949 ritum,
779 4900 916 4939 cum
936 4884 1038 4940 tibi
1057 4884 1200 4939 nihil
1215 4884 1549 4955 prodesset,
1571 4884 1800 4940 etiamsi
1816 4884 2027 4939 alterte
2040 4885 2193 4939 occi-

548 4972 711 5029 deret
737 4973 1037 5029 charitatis
1059 4972 1399 5030 inimicuml
1430 4974 1590 5029 Foris
1617 4978 1821 5028 autem
1848 4973 1925 5029 ab
1939 4972 2196 5028 Ecclesia

545 5062 924 5127 constitutus,
940 5067 995 5118 et
1021 5066 1334 5132 separatus
1367 5078 1404 5117 a
1420 5077 1714 5133 compage
1733 5062 1974 5117 unitatis
1992 5068 2046 5117 et
2071 5063 2197 5117 vin-

547 5151 681 5207 culo
704 5151 1027 5218 charitatis,
1050 5155 1273 5207 aeterno
1306 5150 1598 5222 supplicio
1616 5151 1928 5221 punireris,
1957 5151 2193 5206 etiamsi

546 5256 654 5312 pro
676 5240 1139 5296 Christinomine
1153 5240 1323 5295 vivus
1340 5238 1739 5295 incendereris
1763 5239 1906 5297 :hoc
1932 5240 2191 5294 estenim

546 5329 711 5400 quod
737 5330 817 5385 ait
837 5329 1174 5400 Apostolus,
1192 5328 1319 5384 Etsi
1344 5327 1627 5383 tradidero
1639 5345 1829 5397 corpus
1843 5345 2010 5383 meum
2032 5336 2089 5383 ut
2103 5346 2195 5382 ar-

544 5417 715 5482 deam,
748 5418 1065 5473 charitatem
1076 5424 1253 5474 autem
1268 5436 1374 5473 non
1388 5417 1625 5484 habeam,
1654 5418 1796 5471 nihil
1814 5418 1947 5472 mihi
1958 5418 2189 5489 prodest.

549 5507 777 5562 Revoca
797 5522 937 5578 ergo
974 5508 1243 5563 animum
1275 5507 1348 5563 ad
1379 5523 1592 5563 sanam
1630 5506 2190 5575 considerationem,

609 5659 623 5721 ξ
656 5655 807 5721 fidi,
827 5658 1138 5718 pauperibus
1164 5660 1349 5721 prosit.

607 5719 627 5752 ³
659 5717 756 5767 Ms.
783 5717 1031 5783 quatuor,
1062 5717 1230 5770 illum.

1716 238 1721 241 ι
1795 213 1854 268 S.
1898 199 2281 265 AUGUSTINI
2323 194 2647 255 EPISCOPI

3828 180 3943 238 756

2281 327 2339 382 et
2367 322 2626 378 sobriam
2660 317 3114 390 cogitationem;
3137 312 3373 370 attende
3393 309 3709 380 diligenter
3737 310 3945 363 utrum

2281 411 2358 470 ad
2389 426 2651 469 errorem
2682 415 2739 464 et
2769 407 3138 481 impietatem
3166 402 3422 467 voceris,
3478 405 3537 455 et
3588 405 3794 470 patere
3833 410 3948 468 pro

2280 500 2525 557 veritate
2556 496 2860 571 quaslibet
2894 493 3217 551 molestias.
3239 491 3294 547 Si
3321 495 3522 545 autem
3556 492 3619 542 tu
3651 486 3855 558 potius
3888 485 3950 539 in

2283 605 2480 647 errore
2497 593 2678 660 atque
2701 587 2761 642 in
2782 586 3089 657 impietate
3122 581 3394 649 versaris,
3413 593 3536 651 quo
3554 581 3756 632 autem
3770 589 3955 629 voca-

2282 679 2364 735 ris
2396 678 2477 733 ibi
2507 682 2596 732 est
2626 675 2843 731 veritas
2875 678 2929 729 et
2957 673 3171 743 pietas,
3198 669 3343 741 quia
3373 666 3452 723 ibi
3494 672 3584 721 est
3614 662 3956 720 christiana

2285 767 2485 823 unitas
2515 770 2571 821 et
2598 764 2787 820 sancti
2824 762 3077 833 Spiritus
3112 758 3375 815 charitas
3407 754 3592 828 ;quid
3620 752 3822 810 adhuc
3844 749 3957 806 tibi

2286 872 2420 912 esse
2451 854 2687 911 conaris
2726 851 3005 908 inimicus
3034 848 3063 903 ‘i

2357 946 2410 999 7.
2446 943 2584 999 Ideo
2608 941 2877 1013 praistitit
2898 935 3310 995 misericordia
3335 932 3437 990 Dei
3459 936 3521 988 ut
3546 936 3604 987 et
3619 946 3734 987 nos
3752 934 3813 985 et
3832 928 3958 1000 epi-

2290 1033 2458 1105 scopi
2485 1032 2660 1087 vestri
2690 1036 2813 1086 tam
2844 1026 3139 1100 frequenti
3171 1035 3617 1094 numerosoque
3647 1022 3955 1075 conventu

2291 1121 2711 1191 Carthaginem
2725 1118 3088 1179 veniremus,
3103 1120 3282 1186 atque
3302 1113 3454 1168 inter
3470 1126 3575 1166 nos
3590 1108 3665 1164 de
3682 1108 3821 1179 ipsa
3840 1106 3947 1162 dis.

2292 1212 2571 1268 sensione
2601 1206 3050 1265 ordinatissime
3105 1202 3533 1259 conferremus.
3578 1200 3760 1255 Gesta
3813 1211 3955 1251 con-

2294 1299 2516 1372 scripta
2536 1303 2693 1363 sunt,
2708 1301 2927 1353 nostra;
2941 1294 3118 1350 etiam
3134 1288 3613 1362 subscriptiones
3627 1290 3915 1343 tenentur
3942 1301 3957 1347 ;

2293 1389 2445 1458 lege,
2469 1386 2562 1443 vel
2588 1391 2791 1460 patere
2818 1388 2877 1440 ut
2897 1383 3005 1439 tibi
3034 1382 3330 1454 legantur,
3354 1382 3413 1434 et
3436 1382 3579 1433 tunc
3601 1375 3754 1446 elige
3784 1373 3958 1447 quod

2295 1478 2573 1534 volueris.
2590 1474 2800 1531 Audivi
2824 1473 2988 1546 quod
3011 1471 3226 1527 dixeris
3252 1483 3437 1541 posse
3459 1473 3511 1523 te
3536 1466 3860 1522 nobiscum
3884 1463 3961 1519 de

2296 1568 2440 1641 ipsis
2470 1566 2661 1625 Gestis
2694 1565 2920 1637 aliquid
2945 1578 3141 1634 agere,
3164 1560 3576 1616 siomittamus
3594 1556 3784 1612 verba
3806 1556 3963 1627 epis.

2297 1672 2590 1728 coporum
2624 1651 3095 1719 vestrorum,ubi
3123 1648 3725 1713 dixerunt,Neccausa
3753 1661 3957 1708 causae,

2296 1763 2390 1802 nec
2414 1760 2645 1818 persona
2669 1759 2913 1816 personae
2935 1739 3288 1813 prejudicat.
3316 1738 3447 1793 Haec
3470 1736 3652 1792 verba
3666 1734 3757 1790 vis
3784 1734 3963 1789 omit-

2297 1841 2519 1902 tamus,
2533 1834 2635 1890 ubi
2653 1848 2756 1905 per
2775 1848 2878 1888 eos
2891 1831 3222 1887 nescientes
3236 1828 3453 1883 veritas
3468 1826 3601 1896 ipsa
3622 1826 3829 1880 locuta
3844 1827 3956 1878 est.

2302 1924 2415 1982 Sed
2448 1928 2508 1979 tu
2534 1923 2802 1979 dicturus
2823 1936 2885 1976 es
2905 1920 3001 1975 hic
3025 1935 3129 1974 eos
3152 1921 3471 1982 errasse,et
3489 1912 3549 1970 in
3574 1913 3797 1972 falsam
3825 1926 3962 1967 sen-

2300 2013 2546 2070 tentiam
2569 2010 2868 2067 incautius
2892 2008 3199 2064 cecidisse.
3221 2009 3335 2062 Nos
3351 2009 3551 2061 autem
3566 2003 3829 2059 dicimus
3842 2002 3961 2057 hoc

2301 2117 2405 2158 eos
2431 2116 2640 2156 verum
2671 2094 3501 2167 dixisse,ethocperteipsum
3531 2091 3809 2148 facillime
3824 2105 3962 2162 pro-

2302 2191 2535 2246 bamus.
2567 2189 2622 2245 Si
2648 2189 2809 2244 enim
2839 2185 3109 2258 episcopi
3157 2183 3338 2239 vestri
3367 2182 3538 2238 electi
3573 2181 3651 2236 ab
3679 2179 3961 2235 universa.

2303 2284 2471 2352 parte
2498 2278 2728 2343 Donati,
2763 2275 2864 2349 qui
2896 2290 3144 2330 causam
3173 2272 3444 2328 omnium
3480 2271 3871 2331 sustinerent,
3904 2273 3962 2323 et

2306 2369 2355 2424 si
2400 2367 2544 2439 quid
2572 2367 2830 2435 egissent
2852 2368 3091 2434 gratum
3122 2366 3180 2418 et
3204 2366 3519 2432 acceptum
3548 2358 3743 2414 ceteri
3766 2357 3963 2412 habe-

2303 2461 2454 2525 rent,
2481 2460 2681 2511 tamen
2713 2454 2775 2508 in
2806 2468 2877 2509 eo
2905 2451 3071 2523 quod
3122 2450 3254 2506 illos
3279 2454 3502 2506 temere
3533 2453 3588 2503 et
3635 2462 3760 2502 non
3799 2450 3963 2500 recte

2305 2545 2524 2600 dixisse
2546 2542 2871 2603 arbitraris.
2904 2555 3021 2595 non
3050 2540 3136 2594 vis
3167 2544 3233 2593 ut
3254 2538 3356 2593 tibi
3386 2535 3781 2609 praeiudicent
3813 2551 3829 2599 ;
3863 2549 3962 2590 ve-

2306 2650 2436 2690 rum
2462 2648 2604 2704 ergo
2626 2632 2922 2695 dixerunt,
2952 2629 3092 2701 quia
3113 2646 3206 2684 nec
3230 2645 3389 2683 eausa
3408 2642 3602 2687 cause,
3620 2641 3714 2681 nec
3730 2640 3965 2695 persona

2306 2738 2548 2795 persona
2569 2720 2916 2792 prmjudicat.
2949 2721 3010 2773 Et
3042 2718 3121 2772 ibi
3153 2717 3337 2773 debes
3363 2729 3711 2785 agnoscere,
3740 2712 3890 2784 quia
3916 2712 3969 2766 si

2307 2827 2569 2885 persona
2617 2814 2699 2866 tot
2725 2808 3149 2880 episcoporum
3178 2812 3417 2862 tuorum
3467 2805 3527 2859 in
3580 2803 3695 2858 illis
3730 2809 3966 2874 septem

2310 2899 2762 2956 constitutorum
2831 2911 2953 2951 non
3002 2898 3095 2951 vis
3144 2899 3207 2950 ut
3264 2893 3616 2965 praejudicet
3687 2905 3969 2962 personae

2312 2988 2522 3044 Donati
2566 2985 3050 3058 Mutugennensis
3101 2982 3458 3057 presbyteri,
3500 2985 3729 3053 quanto
3762 2979 3969 3035 minus

2310 3092 2433 3132 non
2464 3075 2640 3130 debet
2668 3073 3059 3145 praejudicare
3103 3071 3400 3128 Caeciliani
3422 3085 3700 3142 persona,
3728 3065 3967 3124 etiamsi

2313 3164 2456 3221 mali
2489 3162 2719 3235 aliquid
2745 3162 2807 3217 in
2838 3162 2937 3218 illo
2967 3166 3125 3217 esset
3153 3162 3481 3224 inventum,
3513 3158 3809 3214 universae
3840 3157 3970 3212 uni-

2312 3254 2416 3311 tati
2441 3252 2671 3319 Christi,
2713 3267 2849 3324 quae
2872 3266 2992 3307 non
3023 3253 3082 3305 in
3120 3266 3239 3306 una
3264 3248 3403 3305 villa
3427 3251 3793 3317 Mutugenna
3816 3261 3966 3301 con-

2312 3342 2590 3406 cluditur,
2626 3341 2731 3395 sed
2763 3344 2886 3395 toto
2920 3345 3210 3395 terrarum
3237 3337 3383 3394 orbe
3412 3336 3771 3392 diffunditur
3796 3334 3825 3389 i

2386 3430 2437 3486 8.
2473 3430 2588 3486 Sed
2610 3444 2747 3485 ecce
2770 3428 3024 3484 facimus
3052 3428 3216 3500 quod
3246 3425 3613 3491 voluisti;sic
3631 3430 3827 3479 tecum
3847 3422 3968 3492 agi-

2311 3536 2466 3585 mus,
2491 3535 2560 3574 ac
2591 3520 2639 3573 si
2670 3534 2795 3573 non
2823 3517 3079 3572 dixerint
3102 3515 3302 3579 vestri,
3331 3517 3441 3571 Nec
3469 3531 3630 3569 causa
3652 3529 3853 3579 causa,
3878 3528 3967 3565 nec

2307 3624 2530 3680 persona
2555 3623 2793 3679 personae
2822 3605 3168 3678 prwjudicat.
3192 3605 3485 3660 Tuinveni
3512 3601 3965 3675 quidillidicere

2308 3696 2643 3759 debuerint,
2678 3711 2815 3751 cum
2844 3695 2926 3749 eis
2958 3693 3194 3764 objecta
3225 3697 3382 3748 esset
3407 3708 3586 3748 causa
3622 3697 3680 3746 et
3704 3706 3966 3763 persona

2310 3784 2613 3849 Primiani,
2640 3785 2743 3856 qui
2771 3783 3156 3839 damnatores
3188 3798 3329 3837 suos
3372 3786 3431 3837 et
3484 3781 3797 3836 damnavit
3825 3796 3964 3835 cum

2308 3870 2554 3941 caeteris,
2587 3878 2642 3929 et
2688 3873 3011 3927 damnatos
3036 3886 3105 3926 ac
3132 3872 3449 3926 detestatos
3494 3870 3550 3924 in
3584 3885 3728 3925 suos
3752 3885 3962 3924 rursus

2307 3962 2564 4018 honores
2579 3961 2855 4033 suscepit,
2872 3966 2927 4016 et
2953 3960 3321 4031 baptismum
3345 3975 3525 4031 quem
3550 3959 3771 4014 mortui
3789 3958 3965 4014 dede-

2309 4057 2442 4107 rant
2465 4052 2628 4124 (quia
2650 4051 2881 4121 deipsis
2902 4050 2962 4105 in
2992 4048 3393 4121 illapraeclara
3420 4049 3713 4104 sententia
3733 4049 3963 4104 dictum

2308 4147 2431 4195 erat
2457 4140 2620 4212 quod
2653 4147 2989 4195 mortuorum
3028 4137 3317 4209 funeribus
3339 4136 3621 4209 plenasint
3655 4137 3852 4191 littora
3874 4136 3960 4210 [In

2307 4229 2611 4301 Bagaitano
2635 4228 2930 4299 concilio]),
2966 4243 3293 4297 agnoscere
3311 4225 3511 4297 potius
3540 4230 3598 4281 et
3624 4232 3961 4297 acceptare,

2306 4334 2491 4390 quam
2524 4317 2845 4375 exsufflare
2901 4322 2958 4373 et
2994 4317 3331 4372 rescindere
3383 4315 3614 4380 maluit,
3651 4320 3963 4386 totumque

2305 4406 2753 4478 dissolvitquod
2771 4405 2924 4462 male
2953 4404 3347 4473 intelligentes
3380 4404 3579 4459 dicere
3610 4403 3835 4467 soletis,
3862 4404 3968 4473 Qui

2306 4494 2621 4566 baptizatur
2666 4512 2700 4548 a
2739 4502 2948 4551 mortuo
2972 4495 3016 4559 ³,
3050 4494 3183 4565 quid
3220 4494 3272 4548 ei
3295 4493 3511 4565 prodest
3542 4492 3825 4547 lavacrum
3854 4494 3964 4562 ejus

2303 4584 2496 4653 (Eccli.
2530 4602 2731 4649 xxx1v,
2764 4588 2854 4651 30)
2886 4585 2913 4641 ?
2937 4584 2995 4638 Si
3026 4599 3166 4653 ergo
3218 4598 3334 4637 non
3360 4583 3646 4648 dicerent,
3670 4581 3786 4637 Nec
3803 4599 3963 4638 causa

2301 4689 2496 4739 causae,
2530 4691 2621 4727 nec
2648 4690 2875 4745 persona
2900 4690 3147 4744 personw
3184 4672 3541 4743 prajudicat,
3580 4672 3663 4726 rei
3698 4677 3965 4726 teneren-

2304 4768 2396 4820 tur
2416 4763 2475 4818 in
2507 4779 2693 4818 causa
2724 4762 3004 4818 Primiani
3038 4778 3050 4817 :
3094 4778 3229 4816 cum
3282 4768 3485 4817 autem
3516 4760 3630 4815 hoc
3660 4762 3961 4825 dixerunt,

2300 4853 2632 4907 immunem
2666 4850 2929 4906 fecerunt
2984 4850 3310 4905 Ecclesiam
3363 4848 3751 4914 catholicam,
3812 4849 3962 4905 sicut

2299 4955 2411 4995 nos
2436 4940 2878 5008 asserebamus,
2913 4956 2947 4994 a
2974 4954 3157 4995 causa
3184 4937 3503 4993 Caeciliani.

2370 5030 2426 5083 9.
2469 5028 2805 5085 Sedcaetera
2835 5028 3215 5097 lege,caatera
3244 5027 3487 5081 discute.
3519 5027 3642 5081 Vite
3666 5031 3869 5081 utrum
3900 5027 3958 5081 in

2300 5117 2498 5188 ipsum
2526 5116 2925 5183 Caecilianum,
2962 5117 3035 5172 de
3063 5116 3236 5187 cujus
3265 5130 3521 5187 persona
3566 5115 3964 5186 praejudicare

2300 5206 2677 5263 conabantur
2709 5207 2996 5268 Ecclesiae,
3030 5204 3256 5277 aliquid
3290 5203 3430 5259 mali
3462 5204 3719 5275 probare
3751 5208 3963 5275 potue-

2301 5295 2434 5350 rint.
2478 5295 2616 5349 Vide
2648 5301 2841 5349 utrum
2877 5310 2992 5349 non
3040 5295 3238 5365 potius
3265 5294 3441 5348 etiam
3486 5308 3586 5364 pro
3623 5292 3724 5347 illo
3776 5293 3964 5347 multa

2301 5384 2615 5453 egerint,ut
2632 5384 2903 5456 pluribus
2922 5383 3453 5454 lectionibus,quas
3466 5388 3669 5437 contra
3684 5398 3749 5436 se
3769 5391 3965 5453 protu-

2300 5472 2490 5528 lerunt
2510 5479 2566 5528 et
2595 5472 3011 5537 recitaverunt,
3029 5488 3273 5527 causam
3305 5472 3435 5541 ejus
3460 5471 3681 5525 bonam
3715 5472 3964 5525 omnino

2364 5599 2378 5629 ί
2410 5596 2497 5646 Hic
2525 5597 2578 5646 in
2604 5596 2834 5655 vulgatis
2858 5597 3197 5659 interiectum
3222 5600 3316 5646 est.
3338 5602 3383 5644 et
3405 5597 3587 5659 iterum
3611 5595 3806 5657 tangit,
3830 5609 3964 5659 mor-7

2302 5662 2461 5723 tuum,
2495 5660 2639 5723 quod
2672 5659 2822 5723 abest
2852 5658 3028 5723 aMss.
3058 5664 3110 5709 et
3132 5658 3608 5723 veroaDonatistis
3622 5658 3957 5721 prater-mitti

2308 5720 2538 5782 solebat,
2575 5736 2659 5776 ex.
2703 5722 2793 5774 lib.
2823 5723 2847 5772 1
2884 5722 3133 5779 Retract.,
3164 5736 3211 5773 c.
3245 5723 3323 5778 21,
3355 5734 3411 5770 n.
3441 5722 3490 5769 3.
