4136 6172
249 225 356 281 757

222 350 612 407 ﬁrmaverint.
644 349 799 419 Lege
828 349 961 415 ista,
996 350 1085 407 vel
1112 349 1525 421 leganturtibi.
1553 346 1878 405 Considera

218 440 446 508 omnia,
476 444 734 495 retracta
762 438 1095 508 diligenter,
1128 445 1186 495 et
1213 440 1363 511 elige
1392 439 1539 512 quid
1566 437 1873 511 sequaris:

217 532 422 586 utrum
457 527 847 583 nobiscumin
867 528 1072 584 Christi
1099 544 1266 600 pace,
1291 528 1350 583 in
1370 528 1641 584 Ecclesiae
1666 526 1877 582 catho-

217 618 347 675 lica:
374 618 618 683 unitate,
643 617 703 673 in
730 617 989 674 fraterna
1017 618 1302 674 charitate
1332 618 1594 686 gaudere
1622 634 1635 683 ;
1668 631 1746 672 an
1767 630 1875 687 pro

216 706 855 772 nefariadissensione,
885 722 995 779 pro
1018 706 1227 763 Donati
1252 712 1437 778 parte,
1455 722 1563 777 pro
1589 704 1876 774 sacrilega

215 795 530 861 divisione,
586 796 1104 867 importunitatem
1153 800 1374 851 nostras
1405 795 1563 851 circa
1601 800 1655 850 te
1694 792 1877 848 dilec-

214 884 398 940 tionis
428 885 655 940 diutius
671 885 983 940 sustinere.

290 999 378 1055 10.
423 999 687 1055 Attendis
712 998 872 1054 enim
902 1004 958 1053 et
1004 1015 1165 1070 saepe
1195 998 1433 1071 repetis,
1478 998 1630 1054 sicut
1667 996 1871 1062 audio,

213 1088 385 1160 quod
416 1089 473 1143 in
500 1087 817 1156 Evangelio
833 1090 1114 1159 scriptum
1133 1096 1218 1143 est
1236 1088 1551 1143 recessisse
1570 1103 1605 1141 a
1624 1085 1875 1141 Domino

212 1178 599 1250 septuaginta
617 1177 1037 1249 discipulos,et
1070 1176 1316 1233 arbitrio
1343 1194 1467 1233 suae
1491 1176 1663 1232 malae
1695 1180 1875 1247 atque

214 1266 420 1339 impiae
450 1266 833 1321 discessionis
886 1265 1068 1322 fuisse
1118 1267 1462 1338 permissos,
1525 1265 1875 1335 ceterisque

211 1356 535 1412 duodecim
550 1356 651 1427 qui
668 1355 1290 1417 remanserant.fuisse
1310 1354 1876 1427 responsum,Num-

212 1445 363 1517 quid
386 1450 438 1501 et
470 1460 564 1501 vos
596 1445 776 1500 vultis
802 1444 890 1500 ire
907 1445 1107 1512 (Joan.
1138 1460 1215 1509 v1,
1239 1444 1449 1512 68)?Et
1472 1459 1591 1498 non
1619 1441 1874 1497 attendis

208 1534 354 1605 quia
388 1541 525 1589 tunc
565 1533 827 1604 primum
876 1532 1134 1588 Ecclesia
1187 1532 1421 1588 novello
1448 1532 1713 1603 germine
1747 1529 1875 1601 pul-

207 1620 463 1685 lulabat,
490 1622 884 1693 nondumque
905 1620 963 1676 in
994 1637 1064 1677 ea
1090 1621 1593 1692 fueratcompleta
1622 1619 1718 1675 illa
1742 1634 1873 1690 pro-

211 1710 516 1782 phetia,Et
533 1711 870 1766 adorabunt
898 1724 1026 1765 eum
1042 1725 1240 1765 omnes
1270 1724 1432 1779 reges
1446 1716 1615 1764 terra
1629 1730 1649 1778 ;
1675 1722 1873 1763 omnes

202 1805 403 1869 gentes
430 1798 684 1855 servient
734 1798 1044 1870 itli(Psal.
1101 1814 1251 1868 LXXI,
1289 1799 1418 1868 it):
1460 1797 1623 1869 quod
1668 1798 1871 1868 utique

204 1893 440 1959 quanto
460 1886 963 1959 magisimpletur,
994 1892 1156 1943 tanto
1172 1887 1397 1955 majore
1423 1887 1601 1941 utitur
1617 1884 1871 1940 Ecclesia

207 1981 530 2049 potestate,
567 1983 624 2031 ut
647 1992 765 2031 non
794 1976 988 2031 solum
1011 1976 1236 2044 invitet,
1265 1975 1363 2030 sed
1387 1976 1567 2031 etiam
1594 1980 1769 2043 cogat
1795 1973 1869 2028 ad

210 2065 467 2120 bonum.
501 2068 770 2121 noctune
805 2064 1091 2120 Dominus
1112 2064 1448 2134 signiﬁcare
1477 2063 1731 2127 volebat,
1765 2062 1870 2134 qui

206 2152 492 2226 quamvis
510 2154 759 2209 haberet
791 2168 1072 2224 magnam
1096 2158 1473 2225 potestatem,
1490 2152 1868 2224 priustamen

206 2243 388 2313 elegit
409 2242 840 2298 commendare
871 2241 1289 2298 humilitatem.
1318 2242 1501 2297 Hocet
1534 2239 1707 2295 inilla
1733 2254 1871 2295 con-

217 2332 355 2387 vivii
386 2332 772 2388 similitudine
800 2332 944 2387 satis
970 2331 1272 2387 evidenter
1292 2330 1575 2392 ostendit,
1600 2329 1695 2384 ubi
1714 2329 1871 2383 misit

206 2421 285 2476 ad
320 2421 622 2488 invitatos,
651 2426 706 2476 et
732 2420 929 2476 venire
949 2420 1287 2489 noluerunt,
1320 2425 1375 2474 et
1403 2420 1477 2474 ait
1505 2435 1676 2474 servo
1711 2435 1723 2473 :
1754 2418 1873 2475 Exi

206 2510 265 2565 in
294 2510 533 2578 plateas
560 2516 614 2566 et
646 2511 803 2566 vicos
824 2510 1102 2571 civitatis,
1129 2515 1181 2565 et
1209 2524 1521 2578 pauperes,
1557 2514 1610 2563 et
1632 2507 1867 2571 debiles,

208 2604 264 2653 et
296 2613 499 2663 σει-οε,
533 2606 587 2654 et
638 2599 885 2655 claudos
934 2598 1207 2654 introduc
1253 2597 1386 2654 huc.
1440 2599 1515 2653 Et
1550 2599 1638 2652 ait
1669 2612 1871 2653 servus

203 2688 466 2756 domino,
493 2688 737 2744 Factum
762 2696 838 2744 est
859 2694 921 2743 ut
949 2688 1273 2756 imperasti,
1298 2692 1351 2743 et
1374 2687 1572 2743 adhuc
1595 2685 1866 2741 locusest.

203 2778 276 2831 Et
310 2776 399 2833 ait
431 2777 705 2833 do-uinus
734 2793 923 2842 servo,
958 2778 1077 2833 Exi
1096 2777 1155 2831 in
1208 2779 1326 2831 vias
1353 2782 1405 2832 et
1429 2791 1605 2844 sepes,
1635 2782 1686 2831 et
1719 2790 1871 2830 com-

202 2866 630 2935 petleintrare.
657 2872 720 2920 ut
744 2866 1277 2935 impleaturdomus
1295 2866 1593 2935 mea(Luc.
1619 2880 1736 2927 xw,
1777 2864 1869 2917 2i-

205 2955 322 3025 23).
349 2954 499 3009 Vide
526 2955 1219 3027 nuncquemadmodum
1248 2956 1321 3009 de
1350 2955 1441 3010 his
1465 2954 1565 3026 qui
1584 2954 1746 3025 prius
1777 2968 1870 3008 ve-

204 3048 449 3111 nerunt,
477 3043 703 3099 dictum
735 3053 844 3109 est,
880 3044 1167 3099 Introduc
1185 3043 1337 3113 huc;
1368 3060 1485 3098 non
1502 3038 1729 3098 dictum
1759 3046 1865 3102 est.

204 3133 492 3202 compelle
521 3145 542 3189 :
573 3131 652 3187 ita
679 3132 1013 3203 signiﬁcata
1046 3141 1184 3188 sunt
1224 3133 1493 3188 Ecclesiae
1542 3130 1870 3204 primordia

204 3220 281 3276 ad
296 3221 417 3276 hoc
429 3221 841 3285 crescentis,ut
858 3226 1053 3277 essent
1070 3222 1223 3276 vires
1243 3221 1423 3276 etiam
1448 3219 1868 3292 compellendi.

207 3308 487 3373 Proinde,
522 3309 663 3380 quia
690 3309 1004 3382 oportebat
1031 3309 1155 3381 ejus
1172 3310 1297 3380 jam
1317 3308 1543 3363 viribus
1564 3313 1619 3363 et
1641 3309 1871 3377 magni-

208 3396 419 3453 tudine
453 3395 735 3452 roborata
760 3396 937 3452 etiam
971 3396 1247 3469 compelli
1271 3396 1543 3452 homines
1575 3395 1645 3451 ad
1671 3396 1871 3451 convi-

205 3486 376 3540 vium
406 3484 612 3541 salutis
639 3490 1303 3558 internie,posteaquam
1324 3485 1545 3541 dictum
1581 3490 1685 3551 est,
1724 3485 1869 3541 Fac-

212 3580 341 3629 tum
375 3578 458 3629 est
481 3574 639 3645 quod
643 3574 897 3643 jussisti.
916 3584 966 3631 et
988 3575 1188 3630 adhuc
1204 3582 1287 3630 est
1311 3576 1472 3630 locus
1488 3574 1871 3647 ;E'xi,inquit,

210 3663 276 3717 in
310 3662 439 3718 vias
470 3670 522 3718 et
544 3678 727 3730 sepes,
756 3670 807 3719 et
836 3664 1122 3732 compelle
1142 3663 1393 3719 intrare.
1427 3665 1801 3734 Quapropter
1828 3664 1874 3718 si

212 3751 608 3806 ambularetis
660 3752 845 3823 quieti
903 3758 1070 3808 extra
1116 3753 1227 3807 hoc
1282 3753 1623 3807 convivium
1669 3751 1876 3807 salutis

212 3845 451 3896 interna:
476 3847 532 3896 et
557 3842 574 3877 ¹
610 3847 830 3897 sanctae
866 3842 1108 3897 unitatis
1162 3841 1451 3906 Ecclesiae,
1496 3848 1782 3913 tanquam
1816 3840 1874 3895 in

215 3929 327 3984 viis
364 3944 467 3983 vos
497 3929 901 3985 inveniremus
933 3916 1143 3997 ;‘nunc
1176 3946 1311 3987 vero
1357 3931 1501 4001 quia
1548 3945 1653 4001 per
1683 3928 1877 3984 mulas

219 4017 385 4073 mala
408 4021 466 4073 et
496 4034 807 4091 saevaqum
828 4018 885 4074 in
916 4025 1146 4075 nostros
1165 4019 1549 4087 committitis,
1584 4025 1877 4090 tanquam

217 4107 806 4179 spinisetasperitate
825 4109 981 4180 pleni
1003 4110 1165 4173 estis,
1198 4125 1301 4163 vos
1332 4108 1694 4179 tanquamin
1724 4106 1872 4179 sepi-

217 4194 335 4250 bus
363 4196 718 4262 invenimus,
752 4202 808 4251 et
834 4198 1053 4252 intrare
1086 4197 1529 4265 compellimus.
1564 4198 1670 4262 Qui
1714 4212 1875 4252 com-

219 4283 481 4354 pellitur,
516 4300 635 4356 quo
666 4301 785 4340 non
811 4286 934 4340 vult
961 4288 1192 4354 cogitur
1220 4304 1231 4353 ;
1258 4286 1361 4340 sed
1381 4302 1519 4341 cum
1554 4286 1874 4351 intraverit,

212 4372 344 4443 jam
361 4372 566 4428 volens
590 4374 874 4444 pascitur.
904 4374 1126 4431 Cohibe
1153 4376 1352 4447 itaque
1386 4381 1507 4430 tam
1532 4375 1878 4446 iniquumet

218 4460 591 4531 impacatum
626 4463 920 4532 animum,
979 4464 1125 4519 utin
1181 4480 1320 4520 vera
1356 4464 1613 4519 Ecclesia
1666 4463 1877 4521 Christi

218 4550 490 4605 invenias
525 4550 787 4606 salutare
808 4552 1173 4608 convivium.

639 4694 976 4751 EPISTOLA
1021 4697 1270 4752 CLXXIV
1301 4698 1318 4717 ‘
1351 4699 1457 4764 (a).

228 4816 277 4870 A
290 4817 602 4887 ugustinus
628 4820 672 4874 A
686 4820 876 4875 urelio
893 4819 1359 4889 Carthaginensi
1369 4822 1658 4889 episcOpo,
1681 4827 1877 4875 trans-

301 4908 536 4960 mittens
567 4907 752 4964 libros
784 4910 856 4964 de
874 4909 1185 4977 Trinitate,
1212 4910 1511 4965 absolutos
1538 4912 1771 4965 demum
1798 4925 1880 4966 se-

298 4995 558 5051 cundum
593 4997 776 5065 ipsius
831 4998 1066 5053 Aurelii
1094 4999 1466 5070 aliorumque
1498 5000 1877 5070 desiderium,

299 5089 352 5137 et
376 5085 735 5140 emendatos.

231 5206 485 5261 Domino
511 5207 880 5275 beatissimo,
906 5214 963 5265 et
983 5210 1383 5267 sincerissima
1398 5212 1679 5267 cliaritate
1710 5228 1877 5267 vene-

299 5392 311 5417 ¹
338 5390 445 5461 _Sic.
463 5392 669 5461 I_.orv.At
684 5397 803 5444 Mss.
824 5396 1129 5459 quindecim
1155 5400 1207 5445 et
1231 5398 1559 5461 antiquiores
1577 5398 1705 5447 Edd.
1733 5399 1884 5448 omit-

232 5455 371 5507 tunt,
399 5456 585 5504 salutis
608 5455 914 5513 aternwﬁet.

304 5520 330 5550 ³*
358 5520 468 5567 Huc
494 5521 734 5569 ascitan
767 5523 794 5569 4
819 5521 1005 5577 Tomo,
1031 5522 1262 5571 ubiolim
1288 5523 1430 5571 edita
1448 5522 1547 5571 fuit
1566 5527 1689 5572 ante
1720 5522 1884 5572 libros

234 5581 347 5632 deT
367 5582 608 5631 rinitate.

296 5646 365 5713 (ᾳ)
420 5646 489 5692 Ex
505 5646 941 5713 toniq3,pra_3ﬁxa
966 5646 1190 5713 librisde
1219 5648 1403 5713 Trinit.
1426 5662 1571 5713 :qum
1600 5652 1778 5698 autem
1798 5649 1881 5697 174

234 5709 371 5767 erat,
404 5720 546 5757 nunc
568 5708 678 5756 238.
706 5708 917 5773 Scripta
945 5710 1152 5759 circiter
1183 5722 1270 5760 an.
1305 5712 1414 5761 416.

1482 214 1996 280 EPISTOLARUM
2036 217 2325 277 CLASSIS
2364 218 2456 274 [ΙΙ.

3533 214 3642 268 758

2058 344 2271 411 rando,
2285 347 2492 400 sancto
2507 341 2669 398 fratri
2692 346 2749 397 et
2764 340 3172 397 consacerdoti
3187 354 3359 412 papas
3377 340 3619 395 Aunemo
3632 352 3646 376 ν

2058 437 2431 496 Ancusrmt's,
2463 434 2523 488 in
2554 431 2807 487 Domino
2831 430 3108 485 salutem.

2055 560 2135 616 De
2167 560 2467 623 Trinitate,
2501 574 2635 630 quis
2672 560 2821 613 Deus
2853 572 3126 613 summus
3154 562 3210 612 et
3232 572 3405 611 verus
3438 560 3543 622 est,
3578 556 3642 610 li-

1986 649 2371 719 brosjuvenis
2386 647 2867 711 inchoavi,senex
2887 645 3402 701 edidi.0miseram
3419 645 3644 716 quippe

1984 736 2099 793 hoc
2130 753 2302 809 opus,
2362 742 2758 807 posteaquam
2802 733 3069 803 comperi
3112 738 3439 804 praereptos
3496 732 3643 787 mihi

1985 841 2117 881 esse
2148 825 2270 881 sive
2302 825 2618 896 subreptos
2650 828 2976 895 antequam
3011 837 3111 876 eos
3143 820 3539 877 absolverem.
3588 824 3644 875 et

1985 918 2354 977 retractatos,
2373 918 2434 968 ut
2448 928 2581 968 mea
2594 911 2902 984 dispositio
2921 911 3130 976 fuerat,
3148 909 3493 981 expolirem.
3516 911 3641 964 Non

1985 1004 2145 1059 enim
2176 1003 2539 1072 singillatim,
2575 1002 2677 1056 sed
2700 1016 2910 1056 omnes
2924 999 3094 1054 simul
3126 1000 3300 1054 edere
3326 1014 3396 1054 ea
3412 998 3641 1054 ratione

1985 1091 2683 1163 decreveram,quoniam
2709 1088 3191 1161 praecedentibus
3206 1092 3640 1158 consequentes

1986 1180 2371 1254 inquisitione
2413 1179 2757 1251 proﬁciente
2788 1182 3124 1233 nectuntur.
3171 1178 3307 1231 Cum
3339 1190 3482 1244 ergo
3534 1190 3640 1245 per

1984 1286 2089 1327 eos
2120 1269 2391 1324 homines
2418 1269 2583 1340 (quia
2612 1267 2964 1339 priusquam
2988 1265 3218 1327 vellem.
3247 1264 3323 1319 ad
3338 1264 3638 1335 quosdam

1984 1361 2219 1417 illorum
2252 1358 2547 1429 pervenire
2577 1356 2922 1428 potuerunt)
2942 1354 3253 1425 dispositio
3286 1370 3421 1409 mea
3436 1353 3641 1425 nequi-

1984 1447 2829 1519 vissetimpleri,interruptam
2849 1444 3234 1500 dictationem
3254 1443 3637 1514 reliqueram,

1983 1538 2256 1608 cogitans
2279 1538 2388 1591 hoc
2418 1537 2615 1607 ipsum
2639 1535 2695 1589 in
2730 1533 3035 1605 aliquibus
3067 1532 3215 1587 meis
3240 1532 3473 1603 scriptis
3501 1547 3639 1586 con-

1981 1626 2169 1699 queri,
2206 1624 2639 1695 utscirent,qui
2664 1628 2926 1694 possent,
2959 1637 3081 1676 non
3121 1637 3156 1676 a
3182 1636 3277 1675 me
3306 1620 3487 1675 fuisse
3514 1636 3641 1676 eos-

1981 1716 2118 1771 dem
2151 1715 2333 1770 libros
2349 1714 2559 1776 editos,
2581 1712 2684 1766 sed
2708 1710 2939 1766 ablatos
2961 1709 3314 1781 priusquam
3348 1708 3494 1763 mihi
3521 1708 3642 1763 edi-

1982 1805 2142 1860 tione
2173 1820 2305 1858 mea
2331 1802 2492 1873 digni
2528 1800 2879 1857 viderentur.
2907 1799 3124 1855 Verum
3162 1797 3483 1853 multorum
3514 1797 3637 1852 fra-

1982 1899 2136 1950 trum
2169 1891 2694 1947 vehementissima
2724 1888 3143 1961 postulatione,
3172 1886 3506 1942 etmaxime
3534 1891 3638 1941 tua

1975 1981 2244 2051 jussione
2276 1980 2644 2051 compulsus,
2691 1992 2845 2049 opus
2877 1982 2999 2032 tam
3031 1974 3420 2039 laboriosum,
3466 1974 3635 2044 adju-

1984 2074 2157 2125 vante
2176 2069 2429 2124 Domino
2452 2068 2760 2122 terminare
2782 2064 2986 2121 curavi
3010 2081 3027 2129 ;
3045 2079 3269 2135 eosque
3283 2062 3635 2118 emendatos

1980 2174 2100 2214 non
2133 2164 2195 2213 ut
2226 2157 2409 2221 volui,
2441 2156 2547 2211 sed
2579 2159 2639 2210 ut
2663 2155 2852 2227 potui,
2882 2168 2955 2208 ne
2984 2153 3061 2208 ab
3091 2152 3206 2207 illis
3237 2152 3341 2224 qui
3368 2150 3634 2222 subrepti

1973 2248 2106 2317 jam
2157 2245 2214 2300 in
2242 2260 2459 2299 manus
2498 2243 2815 2298 hominum
2848 2241 3130 2305 exierant,
3163 2239 3488 2311 plurimum
3517 2239 3635 2294 dis-

1978 2340 2308 2407 creparent.
2334 2332 2704 2389 Venerationi
2721 2336 2835 2387 tum
2858 2328 3162 2403 perﬁlium
3187 2333 3463 2384 nostrum
3494 2344 3633 2383 con-

1978 2426 2304 2480 diaconum
2329 2422 2748 2479 charissimum
2769 2420 2904 2475 misi
2927 2424 2985 2473 et
3000 2417 3362 2489 cuicumque
3389 2417 3633 2473 audien-

1981 2515 2115 2576 dos,
2143 2510 2592 2575 describendos,
2610 2508 3017 2579 legendosque
3042 2506 3312 2578 permisi:
3342 2506 3399 2561 in
3416 2506 3636 2579 quibus

1979 2603 2026 2657 si
2059 2602 2277 2656 servari
2310 2616 2445 2655 mea
2459 2598 2771 2669 dispositio
2796 2596 3106 2669 potuisset,
3126 2600 3325 2651 essent
3353 2594 3630 2666 profecto,

1978 2692 2087 2747 etsi
2119 2689 2358 2745 easdem
2392 2687 2712 2744 sententias
2740 2686 3029 2742 habentes
3054 2684 3239 2740 multo
3262 2691 3459 2739 tamen
3494 2699 3639 2739 eno-

1976 2780 2235 2836 datiores
2254 2783 2433 2850 atque
2448 2777 2766 2848 planiores,
2791 2779 3085 2847 quantum
3117 2789 3314 2829 rerum
3334 2779 3636 2829 tantarum

1977 2868 2464 2941 explicandarum
2496 2864 2814 2920 difﬁcultas
2835 2869 2891 2919 et
2908 2862 3157 2918 facultas
3188 2869 3391 2918 nostra
3411 2868 3637 2935 patere-

1979 2964 2087 3014 tur.
2124 2952 2843 3025 Suntautemquiprimos
2872 2954 3132 3022 quatuor
3153 2950 3243 3005 vel
3258 2950 3636 3022 potiusquin-

1975 3062 2093 3119 que
2125 3045 2304 3101 etiam
2338 3043 2465 3098 sine
2499 3041 2804 3115 prooemiis
2844 3039 3088 3103 habent,
3119 3045 3173 3094 et
3202 3038 3633 3094 duodecim‘um

1977 3135 2103 3190 sine
2134 3138 2400 3189 extrema
2432 3136 2599 3203 parte
2629 3145 2747 3185 non
2780 3144 2999 3202 parva:
3029 3128 3133 3182 sed
3168 3127 3215 3182 si
3242 3128 3323 3181 eis
3360 3127 3489 3182 haec
3514 3127 3630 3182 edi-

1977 3225 2057 3281 tio
2090 3221 2742 3294 potueritinnotescere,
2767 3217 2969 3274 omnia
2994 3217 3039 3271 si
3060 3216 3415 3271 voluerintet
3432 3215 3632 3271 value-

1976 3314 2107 3376 rint,
2146 3309 2576 3374 emendabunt,
2620 3310 2755 3363 Peto
2784 3322 2927 3363 sane
2978 3311 3041 3362 ut
3086 3305 3244 3361 hanc
3295 3304 3631 3376 epistolam,

1979 3416 2251 3457 seorsum
2284 3398 2551 3472 quidem,
2585 3397 2685 3452 sed
2726 3402 2929 3452 tamen
2952 3395 3029 3450 ad
3069 3398 3247 3466 caput
3278 3393 3630 3450 eorumdem

1978 3491 2268 3547 librorum
2296 3488 2513 3560 jubeas
2542 3486 2850 3558 anteponi.
2881 3483 3043 3541 Vale.
3085 3486 3201 3541 Ora
3229 3499 3339 3556 pro
3374 3498 3488 3539 me.

2410 3611 2744 3667 EPISTOLA
2793 3607 3017 3665 CLXXV
3046 3610 3065 3631 α
3098 3608 3201 3679 (a).

1982 3740 2193 3796 Patres
2224 3734 2465 3791 concilii
2485 3731 2989 3803 Carthaginensis,
3013 3732 3356 3789 Innocentio
3369 3730 3642 3801 pontiﬁci

2056 3828 2338 3888 Romano,
2377 3824 2451 3879 de
2492 3822 2641 3878 actis
2680 3822 2966 3878 adversus
3005 3820 3320 3890 Pelagium
3361 3826 3415 3877 et
3452 3820 3641 3877 Celes-

2060 3915 2227 3969 tium.

1989 4024 2243 4081 Domino
2256 4020 2605 4078 beatissimo
2619 4024 2677 4076 et
2696 4017 3464 4081 honorandissimo,sancto
3477 4016 3639 4073 fratri

2045 4114 2367 4169 Innocemw,
2388 4113 2658 4167 AURILIUS,
2692 4109 2964 4165 Nummus,
2985 4107 3331 4164 RUSTICIANUS,
3369 4107 3640 4155 FIDBNTIA-

2045 4209 2157 4253 N08,
2173 4193 2450 4248 Eunomus,
2467 4195 2500 4248 ί,
2533 4193 2787 4241 ANTONIUS
2804 4191 2839 4246 ³,
2861 4190 3160 4245 PALATINUS,
3176 4190 3489 4244 Ansonnus,
3520 4188 3639 4235 Vm-

2045 4290 2268 4331 cmius,
2318 4274 2599 4323 Punumus
2635 4272 2668 4328 ³,
2728 4271 2991 4326 Tuusxus,
3045 4270 3227 4325 Turus,
3288 4269 3574 4318 Pwuomus
3602 4271 3637 4325 ‘,

2047 4354 2579 4411 eroaﬁssrxrurus,
2596 4351 2855 4405 Rusncus,
2878 4350 3313 4407 FORTUNATIANUS,
3334 4341 3486 4395 alius
3518 4346 3640 4397 Ras-

2044 4451 2262 4491 ‘rrrurus,
2311 4436 2615 4488 Auremuus,
2667 4432 2916 4479 Aumvws
2975 4430 3011 4487 ⁸,
3064 4429 3240 4485 qux,
3296 4428 3631 4486 Douanwus,

2056 4521 2378 4570 Ansom'rus,
2391 4514 2661 4568 Ocravms,
2673 4511 2969 4565 Sanos-mus,
2988 4508 3295 4564 Mucamus,
3330 4506 3635 4555 Posraum-

2050 4719 2063 4746 ¹
2100 4712 2232 4764 Bad.
2259 4712 2375 4759 Am.
2396 4708 2480 4757 Er.
2495 4710 2548 4757 et.
2567 4706 2715 4761 Lov.,
2733 4704 2981 4754 Mundius
2999 4703 3325 4760 Rusticanus,
3352 4703 3635 4753 Fidentine.

1986 4781 2051 4827 At
2081 4778 2205 4826 Mss.
2233 4772 2399 4823 Vatic.
2430 4774 2481 4820 et
2510 4769 2691 4818 Gallic.
2732 4780 2944 4816 necnon
2969 4766 3325 4816 Conciliorum
3356 4767 3642 4824 edttiones,

1985 4839 2279 4892 Numidius,
2307 4833 2663 4886 Rusticiamus,
2692 4831 3044 4879 Fidentianus.
3084 4829 3403 4892 Quanquam
3430 4830 3483 4892 in
3516 4830 3640 4892 Rus.

1988 4904 2175 4953 ticiano
2208 4891 2351 4948 haud
2386 4898 2459 4945 ita
2487 4894 2834 4944 consentiunt
2870 4908 2879 4940 :
2940 4906 3065 4956 nam
3106 4891 3344 4956 plerique
3373 4891 3499 4941 Cdd.
3542 4891 3643 4956 hoc

1987 4966 2123 5022 loco,
2160 4961 2425 5013 Rusticus;
2459 4960 2668 5022 postea,
2690 4958 2869 5022 autem
2905 4955 2958 5004 in
3008 4953 3282 5022 [tescripto
3327 4953 3641 5009 lnnocentii,

1986 5018 2213 5092 quievest
2241 5018 2593 5092 h_ic__Epis'tola
2623 5021 2708 5068 181
2750 5018 2967 5092 habent,
3004 5018 3327 5092 Rusticiana.

2045 5075 2215 5138 iﬁMss.
2252 5075 2433 5134 Gallic.
2484 5087 2535 5132 et
2565 5096 2706 5131 unus
2737 5096 2764 5131 e
2796 5081 2965 5132 Vatic.
3010 5080 3269 5144 scriptum
3300 5078 3383 5126 hic
3422 5075 3638 5137 habent,

1990 5152 2303 5201 Antoninus.
2334 5150 2397 5195 At
2426 5147 2479 5195 in
2510 5146 2805 5208 epistslSl,
2831 5144 3077 5192 Antonio.

2049 5216 2066 5244 ³
2096 5211 2293 5263 Concil.
2333 5206 2620 5263 Editiones,
2656 5206 2986 5255 Publicanus.

2050 5280 2067 5306 ⁴
2098 5278 2185 5326 Sic
2220 5274 2342 5323 Mss.
2371 5274 2697 5323 constanter.
2720 5271 2807 5335 ΔΜ
2835 5268 2986 5335 Edd_.,
3016 5264 3375 5335 Pandionias.

2049 5340 2067 5367 ⁵
2090 5336 2428 5387 Bad.Am.Er.
2455 5338 2508 5383 et
2540 5327 3249 5387 Lov.,Animus.Conc.Edd.,
3276 5326 3638 5375 Auimus.Mss.

2027 5415 2146 5450 orro
2178 5399 2411 5462 episcopi
2444 5396 2602 5462 hujus
2635 5407 2835 5462 nomen
2865 5394 2951 5462 hic
2973 5390 3391 5462 prietermittunt
3422 5404 3434 5446 ;
3459 5389 3551 5439 sed
3582 5389 3637 5437 in

1986 5415 2146 5510 ἓοῐτο
2178 5415 2411 5462 episcopi
2445 5415 2602 5458 IIUJus
2638 5415 2835 5466 ιιυιιξυμ
2865 5415 2948 5441 uit:
2977 5415 3391 5462 pi'wiui-iuiuuut.
3422 5428 3434 5446 ,
3459 5415 3551 5439 acu
3582 5415 3616 5437 ιι

2032 5452 3344 5586 Ψὲίεὲεὲἒςῖιῗῗὲἒιίῖἓέ.Ἑῗέἕᾟῗὶιῖτὲῗδᾶεδεν.
3380 5515 3477 5563 Am
3510 5513 3616 5563 Bad

1990 5586 2301 5710 Eliaflivlias
2335 5648 2393 5695 90
2431 5661 2440 5693 :
2479 5658 2594 5707 quae
2630 5646 2809 5691 autem
2854 5643 2943 5690 175
2975 5644 3105 5697 erat,
3134 5654 3277 5690 nunc
3307 5641 3415 5689 239.
3437 5640 3631 5705 Script.

1992 5724 2088 5765 an.
2123 5712 2232 5759 416.
