4136 6172
558 215 670 272 759

615 364 713 399 nus
745 348 777 409 ί,
802 347 1074 398 Crusruws
1095 343 1352 400 ’,νίς-ιω,
1385 333 1537 389 alius
1569 342 1773 399 VICTOR,
1802 341 2015 390 Ιιιυοιυε
2038 341 2075 395 ³,
2106 338 2208 387 ΜΑ-

617 444 814 483 nusus,
840 428 1176 479 Faucruosus,
1193 424 1576 482 Fausrmuuus,
1590 423 2002 482 QUODVULTDEUS,
2017 420 2209 469 Cauno-

618 507 988 562 nxus,Maxmus
1000 542 1010 559 ,
1035 505 1306 560 Msassws,
1322 504 1914 560 Rusrrcusﬁurmusus,
1928 502 2207 554 Pnocuws,

617 589 860 641 Ssvsaus,
879 586 1087 634 Tuom
1106 586 1141 640 ⁴,
1156 584 1455 641 Jmunuus,
1476 584 1808 639 OCTAVIANUS,
1827 584 2204 636 l’msxurus,

620 668 799 717 Burrus
863 667 897 720 ⁸.
945 666 1362 724 Quonvumnsus,
1410 665 1739 720 Pznrasnws,
1790 664 2207 722 Quonvuurnnus,

611 750 918 803 Cnmmus,
951 745 1233 801 Ssavruus,
1266 746 1575 793 Panormus
1588 745 1624 800 ⁸,
1653 745 1970 799 Μωσειιιιυε,
2010 742 2211 790 νεωλκ-

614 844 742 883 nus,
772 827 1022 879 Dmnsus,
1039 825 1374 886 Snunxmus,
1396 825 1672 873 BIZACENUS
1697 826 1732 881 ⁷,
1765 825 2057 879 Garutianus,
2084 822 2213 871 Gan-

621 922 897 961 murws,
931 908 1212 960 INVENTIUS,
1239 905 1544 963 Muonuws,
1586 906 1851 952 INVENTIUS
1870 906 1904 957 ⁸,
1936 902 2208 957 Caumnus,

621 988 924 1042 CYPRIANUS,
971 987 1291 1041 ΛΕΜΙΜΔΝΠΞ,
1350 985 1607 1040 Romus,
1645 986 1948 1037 AFRICANUS,
1986 982 2214 1031 Manent.-

624 1092 785 1135 unus,
818 1071 872 1123 et
903 1066 1092 1122 caeteri
1115 1068 1136 1100 °
1168 1065 1272 1136 qui
1304 1064 1360 1119 iu
1396 1063 1650 1120 concilio
1681 1062 1941 1119 ecclesiae
1975 1060 2213 1118 Cartha-

634 1156 904 1226 ginensis
930 1153 1252 1210 adfuimus.

634 1246 686 1300 1.
732 1244 881 1299 Cum
907 1259 979 1300 ex
1032 1258 1199 1297 more
1226 1240 1305 1297 ad
1333 1240 1867 1312 Carthaginensem
1899 1238 2214 1295 ecclesiam

564 1331 904 1389 solemniter
959 1329 1353 1393 venissemus,
1406 1334 1589 1402 atque
1628 1345 1700 1385 ex
1720 1328 1972 1384 diversis
2019 1327 2216 1382 causis

565 1426 925 1491 congregata
950 1436 1021 1475 ex
1052 1419 1222 1475 nobis
1247 1418 1515 1490 synodus
1546 1418 1883 1483 haberetur,
1918 1431 2218 1488 compres-

562 1510 740 1583 byter
770 1512 973 1564 noster
998 1507 1240 1563 Orosius
1272 1507 1448 1562 nobis
1474 1507 1696 1562 litteras
1729 1512 2076 1561 sanctorum
2106 1505 2219 1560 fra-

566 1604 723 1655 trum
746 1604 802 1653 et
832 1597 1329 1653 consacerdotum
1363 1601 1709 1651 nostrorum
1724 1596 1887 1651 dedit
1913 1593 2139 1650 Herotis
2172 1596 2218 1630 ¹⁰

566 1692 623 1743 et
646 1687 865 1752 Lazari,
908 1702 1163 1758 quarum
1199 1685 1457 1741 formam
1505 1684 1599 1740 his
1643 1685 2060 1740 constituimus
2087 1698 2220 1739 esse

565 1775 967 1831 subdendum.
1004 1773 1103 1828 His
1128 1788 1270 1843 ergo
1299 1773 1483 1839 lectis,
1509 1772 1807 1843 Pelagium
1831 1778 1887 1829 et
1909 1772 2219 1828 Celestium

565 1870 838 1921 auctores
851 1864 1022 1933 argui
1037 1864 1077 1899 ¹¹
1098 1861 1307 1918 nefarii
1322 1868 1649 1934 prorsus,et
1661 1862 1737 1918 ab
1751 1862 2035 1918 omnibus
2046 1861 2221 1917 nobis

564 1952 994 2010 anathemandi
1009 1954 1054 1988 ¹²
1071 1950 1290 2007 erroris
1312 1951 1877 2008 advertimus.Unde
1895 1952 2117 2007 factum
2131 1954 2224 2007 est

565 2049 628 2099 ut
662 2041 1097 2098 recensendum
1118 2045 1485 2112 peteremus;
1515 2040 1658 2111 quid
1688 2046 1823 2097 ante
1838 2041 2010 2095 ferme
2049 2040 2224 2112 quin-

564 2130 901 2204 quennium
923 2145 1102 2201 super
1125 2128 1352 2186 Celestii
1367 2130 1608 2185 nomine
1623 2129 1718 2185 hic
1732 2130 1897 2202 apud
1921 2128 2225 2199 Carthagi-

567 2236 707 2277 nem
730 2219 901 2276 fuerit
925 2220 1236 2289 agitatum.
1254 2220 1382 2285 Quo
1408 2219 1673 2288 recitato,
1700 2220 1851 2274 sicut
1872 2235 1942 2275 ex
1965 2218 2224 2274 subditis

567 2311 871 2367 advertere
902 2308 1548 2381 poteritSanctitastua,
1563 2309 1841 2380 quamvis
1863 2314 1919 2363 et
1933 2308 2223 2379 judicatio

570 2398 891 2455 manifesta
940 2401 1259 2460 constaret,
1290 2412 1413 2468 qua
1439 2396 1537 2452 illo
1598 2402 1860 2469 tempore
1899 2397 2223 2469 episcopali

561 2487 789 2561 judicio
816 2486 1076 2541 excitum
1132 2484 1245 2539 hoc
1294 2488 1526 2540 tantum
1572 2486 1785 2541 vulnus
1842 2486 1916 2541 ab
1970 2486 2227 2542 Ecclesia

570 2576 865 2632 videretur
896 2590 910 2628 :
944 2573 1069 2628 nihi
1120 2572 1385 2628 lominus
1412 2578 1608 2629 tamen
1656 2573 1717 2628 id
1745 2574 2055 2631 communi
2086 2575 2226 2631 deli-

569 2663 874 2720 beratione
905 2661 1268 2726 censuimus,
1293 2660 1643 2732 hujusmodi
1662 2664 2064 2733 persuasionis
2084 2679 2230 2719 auc-

570 2756 747 2819 tores,
778 2750 1058 2824 quamvis
1098 2755 1157 2807 et
1186 2750 1264 2807 ad
1288 2750 1726 2822 presbyterium
1757 2751 1919 2809 idem
1950 2752 2227 2809 Celestius

634 2943 648 2973 ¹
686 2940 843 3005 Apud
865 2940 992 2990 Bad.
1021 2940 1141 3005 Am.
1174 2939 1257 3005 Er.
1291 2940 1439 2996 Lov.,
1482 2940 1869 3005 Rosthumanus.
1906 2942 1964 2990 In
1994 2942 2088 2992 Ms.
2117 2943 2233 2995 Vic-

572 3010 694 3061 tor..
737 3002 1103 3067 Postumanius
1129 3016 1147 3062 ;
1176 3004 1227 3051 in
1278 3017 1387 3053 uno
1435 3018 1463 3052 e
1506 3004 1696 3062 Vatic.,
1746 3004 2095 3055 Pontinianus
2124 3020 2143 3067 ,'
2176 3008 2230 3057 in

569 3067 701 3119 Aliis
737 3066 887 3121 Cdd.,
924 3066 1347 3115 Posthumianus.

633 3135 653 3164 ι
684 3130 767 3193 Sic
792 3130 847 3177 in
868 3130 1092 3193 Mearm,
1120 3129 1172 3176 in
1198 3128 1331 3193 _Edd.
1358 3128 1624 3183 scribitur,
1660 3128 1949 3193 Trispulus.

639 3193 655 3221 ³
691 3192 839 3241 Unus
896 3207 922 3241 e
971 3191 1138 3240 Vatic.
1196 3191 1320 3239 Mss.
1353 3195 1682 3246 constanter,
1735 3191 2015 3241 Leontius.
2053 3194 2228 3251 Gcrm,

574 3268 702 3325 vero
741 3254 903 3303 habet
932 3254 1015 3303 hic
1039 3257 1266 3325 tantum,
1294 3253 1557 3325 _lzt'leutius.
1584 3254 1911 3325 Mox_omnes
1943 3257 2098 3312 Mss.,
2127 3258 2232 3306 Ma-

579 3319 779 3372 rianus,
822 3331 919 3380 pro
954 3329 1061 3379 quo
1094 3316 1245 3371 Edd.,
1283 3315 1552 3363 Mucianus
1578 3316 1659 3364 vel
1694 3316 1943 3366 Macinus.

594 3384 660 3449 --ι
684 3380 980 3449 Sic_omr_1_es
1000 3378 1122 3449 Mss.
1144 3378 1566 3449 constanterzhd
1601 3377 1725 3449 Bad.
1753 3380 1977 3449 Am;_Er.
2007 3385 2059 3430 et
2085 3381 2227 3438 Lov.,

584 3440 1137 3507 Megariuskﬂusticus,
1159 3439 1424 3507 Ruﬁanus,
1460 3440 1809 3507 Proculianus
1844 3443 2075 3507 Thomas,
2103 3458 2231 3507 pra:-

586 3502 834 3553 termisso
861 3503 1041 3550 Severi
1070 3503 1302 3557 nomine,
1335 3502 1479 3557 quod
1510 3504 1563 3551 in
1590 3503 1842 3552 omnibus
1868 3506 1988 3553 Mss.
2022 3502 2232 3556 exhibe-

586 3571 689 3616 tur.
729 3566 803 3613 Ex
839 3564 919 3612 his
954 3565 1113 3628 etiam
1167 3564 1411 3614 nonnulli
1448 3565 1648 3615 habent
1675 3565 1777 3623 hic,
1813 3567 2068 3617 Rusticius
2093 3582 2112 3628 ,'
2141 3570 2234 3619 sed

594 3630 649 3676 in
681 3628 834 3685 epist.
867 3628 978 3685 181,
1013 3626 1239 3675 Rustico.

655 3694 673 3723 ⁵
705 3688 835 3756 Mss.
872 3688 1507 3756 Gallic.hic,}_’rwtextius.
1523 3690 1747 3741 Sextius.
1779 3692 1845 3739 At
1874 3690 1930 3740 in
1955 3692 2119 3756 Epist.
2146 3694 2232 3741 181

590 3752 926 3803 concordant
954 3766 1076 3801 cum
1110 3752 1240 3802 Edd.

654 3816 672 3843 ‘
694 3816 777 3866 Sic
803 3816 925 3864 Mss.
963 3818 1289 3878 constanter,
1326 3818 1547 3878 excepto
1578 3815 1760 3865 codice
1789 3816 1934 3864 Rem.
1973 3816 2235 3873 Ecclesite,

591 3892 699 3941 quo
730 3878 985 3927 scribitur
1016 3877 1316 3926 Pelaianus.
1347 3880 1409 3926 At
1442 3877 1495 3926 in
1524 3878 1775 3941 vulgatis,
1809 3878 2065 3941 Pelagius.

650 3941 666 3969 ⁷
702 3942 852 3991 Edd..
916 3940 1242 3989 Tiasacenus.
1290 3940 1439 3989 Unus
1472 3956 1499 3989 e
1549 3941 1716 3990 Vatic.
1745 3941 1890 3991 Mss..
1939 3942 2093 3991 Bizat

820 3978 852 3999 .,
916 3954 1242 3989 110306813148.
1293 3954 1439 3989 unus
1472 3956 1499 3989 Θ
1555 3954 1716 3990 vattc.
1745 3954 1890 3998 MSS”
1939 3954 2238 3991 βιταιεπω.

590 4002 738 4052 Alter
765 4017 886 4052 cum
919 4002 1107 4052 Gallic.
1132 4003 1348 4057 nostris,
1380 4002 1681 4051 Bizacenus.

651 4068 670 4096 ⁸
702 4067 825 4114 Mss.
853 4066 1020 4113 Vatic.
1051 4065 1177 4119 duo,
1221 4064 1497 4112 Viventius.
1553 4064 1731 4113 Gallic.
1768 4069 1896 4120 tres,
1955 4066 2240 4122 Invenitus,

592 4126 901 4192 _Majorinus,
932 4127 1375 4192 Inve_ntinus,_qui
1395 4130 1577 4192 tamen
1602 4129 1654 4174 in
1687 4128 1849 4192 Epist.
1902 4130 2245 4192 istutroque

589 4188 709 4252 loco
739 4188 938 4252 habent
966 4188 1513 4252 scriptumJnvenito.
1550 4189 1711 4239 Porro
1727 4188 1795 4238 'in
1825 4190 2023 4240 Concil.
2053 4188 2246 4240 Editio-

594 4250 754 4313 nibus
776 4249 1174 4313 Juventius—bis
1202 4251 1414 4313 legitur.

658 4312 675 4341 ⁸
699 4314 762 4376 (In
798 4311 928 4361 Edd.
956 4312 1020 4361 de
1051 4316 1132 4362 est
1155 4316 1205 4361 et
1248 4311 1431 4368 «fateri,
1480 4312 1624 4376 quod
1651 4312 1868 4376 quidem
1898 4315 1950 4362 in
1990 4315 2158 4363 Vatic.
2197 4318 2249 4365 et

596 4374 779 4425 Gallic.
806 4376 928 4424 Mss.
964 4376 1245 4437 reperitur.

659 4440 694 4470 ¹⁰
726 4438 851 4487 Mss.
888 4436 1056 4487 Vatic.
1095 4438 1293 4487 habent
1340 4437 1605 4487 Anerotis.
1641 4437 1770 4487 Edd.
1804 4436 2023 4494 Concil.,
2059 4440 2250 4488 Avero-

598 4496 715 4549 this.
749 4499 873 4549 Bad.
906 4502 1022 4549 Am.
1064 4500 1144 4548 Er.
1183 4504 1235 4549 et
1269 4501 1413 4555 Lov.,
1449 4500 1693 4550 Herodis.
1725 4500 1825 4549 Sed
1856 4503 2033 4550 verius
2064 4502 2246 4552 Gallic.

600 4561 748 4619 Mss.,
778 4562 999 4611 Herotis.
1019 4562 1137 4612 Erat
1164 4562 1247 4611 hic
1268 4563 1859 4620 Arelatensis;Lazarus
1884 4566 2253 4620 vero.Aquen-

601 4626 673 4675 sis
700 4626 763 4689 in
792 4625 961 4689 G_all_ia
990 4625 1272 4689 episcopus
1301 4642 1311 4673 :
1345 4626 1438 4688 qui
1473 4626 1649 4689 ambo,
1685 4627 1796 4675 suis
1828 4628 1966 4689 pulsi
2033 4625 2250 4676 sedibus

599 4701 723 4736 cum
754 4688 806 4735 in
824 4687 1485 4745 Paleastinam‘veniss’ent,
1515 4688 1753 4738 libellum
1772 4687 1960 4739 contra
1979 4689 2100 4739 Pela
2140 4690 2249 4737 ium

600 4743 949 4799 etCelestium
988 4749 1201 4800 Primati
1232 4749 1515 4803 dederunt.
1548 4751 1772 4803 Euloszio
1808 4752 2055 4801 videlicet
2082 4705 2249 4803 gaesa-

859 4765 949 4798 UIIl
988 4765 1201 4800 rrimau
1232 4765 1515 4806 uenerunt.
1548 4765 1772 4806 13010210
1808 4765 2055 4801 νιαθιιοει
2082 4765 2251 4803 υωεδ-

600 4767 949 4799 etuelesuum
988 4767 1201 4800 rrimau
1232 4767 1515 4806 uenerunt.
1548 4767 1772 4815 nuiogio
1808 4767 2055 4801 viaeucet
2082 4767 2251 4803 unasu-

600 4813 793 4877 reensi,
842 4811 996 4877 cujus
1030 4812 1345 4863 auctoritate
1375 4814 1744 4877 Diospolitana
1771 4815 2013 4877 synodus
2042 4828 2128 4864 an.
2162 4816 2252 4863 415

600 4872 869 4923 celebrata
900 4872 1018 4921 fuit.

662 4938 695 5000 ίξ
732 4936 810 5000 l_ta
829 4936 887 5000 _in
920 4935 1173 5000 omnibus
1199 4936 1382 4986 Gallic.
1411 4937 1613 4987 Mss.At
1635 4940 1689 4987 in
1712 4938 1842 4986 Edd.
1871 4939 1936 4987 de
1972 4943 2052 4987 est
2081 4939 2249 5000 argui.

662 4998 698 5031 “
731 4998 887 5058 Edd.,
916 4998 1401 5048 anathematizandi
1430 5013 1450 5059 ;
1478 5004 1527 5049 et
1554 5000 1708 5056 infra,
1737 4998 2254 5058 anathematizarint,

598 5062 734 5116 ipsos
765 5060 1223 5116 anathematizari,
1256 5064 1357 5110 etc.
1386 5063 1449 5110 At
1471 5061 1651 5112 Gallic.
1671 5062 2255 5113 Mss.constanterana-

597 5122 876 5189 themandi,
938 5122 1386 5189 anathemaverint
1425 5128 1482 5189 _e_t
1508 5126 1835 5189 anathemuri
1872 5140 1889 5185 ;
1922 5139 2082 5189 quam
2115 5130 2256 5175 vete-

596 5200 708 5235 rem
745 5186 1029 5236 lectionem
1060 5186 1247 5242 probat
1278 5185 1530 5236 Claudius
1554 5187 1865 5242 Salmasius,
1894 5185 2005 5237 not.
2039 5190 2091 5236 in
2126 5189 2256 5237 Ter-

594 5249 714 5297 tull.
746 5248 842 5303 lib.
883 5249 948 5298 de
973 5248 1155 5307 Pallio,
1179 5262 1223 5298 c.
1255 5250 1300 5305 3,
1334 5249 1400 5298 ad
1418 5248 1549 5298 illud
1573 5268 1590 5293 ι
1622 5251 1860 5299 animata
1892 5252 2126 5300 stamina
2150 5251 2260 5299 vol-

595 5324 687 5385 ves
714 5326 725 5367 ;
757 5326 782 5357 ι
819 5311 903 5359 ubi
930 5313 1135 5385 restitui
1163 5311 1551 5385 vult,“nem¢z_ta,
1580 5326 1642 5360 ex
1666 5313 1827 5385 verbo
1854 5328 2079 5385 nemore,
2111 5314 2255 5385 quod

598 5372 659 5421 tit
687 5387 719 5423 a
752 5387 926 5435 grteco
956 5378 1110 5422 mima
1135 5387 1154 5434 ;
1183 5375 1338 5423 sicuti
1369 5388 1401 5424 a
1428 5376 1630 5435 plasma
1654 5375 1925 5435 plasmare,
1973 5388 2005 5424 a
2035 5372 2256 5424 chrisma

598 5435 1176 5501 chrismare,_asagma
1205 5452 1440 5500 sagmare
1463 5451 1480 5496 ;
1509 5452 1617 5501 quo
1648 5442 1818 5501 pactp
1850 5442 2009 5501 etiam
2041 5438 2257 5487 Veteres

602 5496 850 5546 observat
881 5496 1078 5548 dixisse
1102 5500 1169 5549 ab
1204 5496 1477 5549 anathema
1508 5496 1840 5549 anathemare
1921 5500 2058 5549 hanc
2081 5501 2255 5549 lectio-

600 5571 728 5607 nem
755 5558 882 5609 alibi
916 5562 1255 5612 retinuerunt
1285 5562 1411 5613 Lov.
1448 5563 1555 5619 Er.,
1592 5566 1693 5613 etc.

1832 207 1899 263 S.
1942 198 2330 261 AUGUSTINI
2370 197 2689 257 EPISCOPI

3813 209 3900 266 160

2314 329 2525 397 postea
2582 324 2927 393 pervenisse
2958 323 3208 386 dicatur,
3242 323 3355 380 nisi
3409 324 3533 382 haec
3586 330 3905 400 apertissime

2313 414 2851 478 enathemaverint,
2884 413 3019 485 ipso
3064 414 3438 469 anathemari
3486 423 3754 488 oportere,
3791 422 3906 476 utsi

2313 504 2581 573 ipsorum
2616 519 2737 558 non
2790 502 3064 574 potuerit,
3108 502 3322 558 saltem
3344 518 3543 558 eorum
3595 506 3690 577 qui
3729 506 3796 561 ab
3841 510 3907 563 eis

2315 592 2544 664 decepti
2574 596 2712 647 sunt
2739 591 2824 647 vel
2852 591 3048 663 decipi
3096 597 3369 663 possunt,
3410 594 3640 665 cognita
3667 600 3910 653 sententia

2315 698 2452 756 qum
2477 682 2534 737 in
2561 696 2663 736 eos
2695 680 2816 736 lata
2846 685 2956 746 est,
2991 681 3215 736 sanitas
3228 688 3589 751 procuretur.

2388 776 2439 824 2.
2474 771 2594 825 Hoc
2614 769 2815 841 itaque
2829 775 3085 838 gestum,
3101 768 3346 824 domine
3366 768 3558 836 frater,
3578 776 3779 827 sancite
3799 774 3913 829 Cha-

2317 859 2471 916 ritati
2498 864 2611 914 tua;
2632 857 3035 913 intimandum
3063 857 3373 923 duximus,
3402 864 3465 913 ut
3488 861 3711 917 statutis
3740 866 3913 918 nostris

2318 948 2745 1007 mediocritatis
2758 948 2940 1002 etiam
2955 946 3298 1019 apostolicae
3315 948 3479 1004 Sedis
3493 949 3821 1005 adhibeatur
3838 968 3915 1006 au-

2320 1038 2576 1101 ctoritas.
2607 1052 2715 1108 pro
2756 1036 2979 1092 tuenda
3011 1037 3201 1093 salute
3230 1037 3573 1101 multorum,
3606 1044 3657 1094 et
3684 1053 3916 1110 quorum-

2321 1127 2464 1184 dam
2498 1125 2884 1197 perversitate
2907 1126 3087 1181 etiam
3113 1126 3479 1198 corrigenda.
3507 1125 3573 1182 Id
3602 1128 3749 1183 enim
3772 1134 3918 1197 agunt

2322 1218 2414 1273 isti
2441 1214 2889 1273 damnabilibus
2911 1215 3423 1288 disputationibus
3457 1216 3598 1282 suis,
3634 1222 3691 1272 ut
3719 1232 3824 1273 non
3844 1218 3917 1273 de-

2324 1304 2645 1369 fendendo,
2675 1302 2779 1359 sed
2808 1304 3003 1375 potius
3031 1304 3091 1359 in
3113 1304 3461 1376 superbiam
3492 1305 3821 1375 sacrilegam
3846 1323 3918 1361 ex-

2325 1393 2585 1450 tollendo
2610 1392 2866 1448 liberum
2892 1392 3227 1459 arbitrium,
3257 1392 3491 1449 nullum
3519 1393 3832 1467 relinquant
3853 1394 3919 1451 lo-

2325 1499 2462 1539 cum
2478 1483 2682 1553 gratiaa
2704 1481 2821 1545 Dei,
2836 1497 2961 1553 qua
2982 1481 3285 1538 christiani
3308 1499 3542 1548 sumus,
3565 1499 3682 1554 qua
3701 1484 3919 1555 etipsum

2327 1576 2542 1628 nostra:
2564 1570 2883 1626 voluntatis
2906 1570 3218 1627 arbitrium
3233 1587 3370 1627 vere
3394 1571 3459 1627 ﬁt
3484 1572 3748 1636 liberum,
3764 1572 3880 1626 dum
3895 1588 3920 1627 a

2327 1660 2659 1717 carnalium
2682 1660 3302 1731 concupiscentiarum
3331 1660 3732 1717 dominatione
3758 1660 3922 1716 libera-

2328 1757 2442 1814 tur,
2472 1750 2705 1805 dicente
2745 1749 3024 1818 Domino,
3048 1748 3113 1805 Si
3140 1765 3237 1805 vos
3260 1750 3426 1818 ﬁlius
3455 1750 3795 1815 liberaverit,
3817 1758 3921 1805 tunc

2328 1853 2463 1896 vere
2494 1838 2667 1894 liberi
2696 1837 2857 1893 eritis
2905 1838 3103 1905 (Joan.
3150 1853 3266 1904 Vlll,
3306 1838 3398 1908 36)
3438 1856 3451 1905 ;
3502 1837 3659 1911 quod
3691 1838 3922 1893 auxilium

2329 1927 2481 1983 ﬁdes
2500 1926 2796 1997 impetrat,
2828 1942 2964 1998 quas
2981 1926 3138 1982 estin
3164 1926 3390 1982 Christo
3411 1928 3549 1982 Jesu
3581 1926 3809 1982 Domino
3826 1942 3927 1981 nos-

2330 2020 2419 2071 tro
2456 2018 2497 2070 ¹.
2544 2016 2641 2070 Isti
2673 2020 2877 2071 autem
2914 2019 3207 2080 asserunt,
3257 2014 3410 2071 sicut
3448 2031 3488 2070 a
3548 2014 3808 2070 fratribus
3853 2014 3925 2085 qui

2331 2104 2512 2160 etiam
2559 2120 2766 2160 eorum
2800 2104 2983 2159 libros
3029 2102 3321 2172 legerunt,
3364 2104 3767 2174 cognovimus,
3808 2104 3926 2157 ineo

2335 2193 2432 2249 Dei
2454 2193 2711 2263 gratiam
2727 2192 3165 2264 deputandam,
3183 2192 3348 2265 quod
3362 2192 3543 2248 talem
3574 2192 3813 2247 hominis
3838 2190 3929 2246 ius-

2334 2282 2488 2338 tituit
2517 2281 2857 2353 creavitque
2884 2286 3184 2346 naturam,
3231 2297 3367 2353 quae
3400 2297 3509 2353 per
3542 2281 3821 2354 propriam
3846 2295 3929 2333 vo-

2333 2371 2621 2426 luntatem
2651 2370 2840 2440 legem
2876 2370 2973 2425 Dei
3004 2371 3193 2442 possit
3214 2370 3487 2442 implere,
3508 2372 3626 2425 sive
3644 2366 3931 2425 naturaliter

2336 2461 2395 2514 in
2428 2459 2605 2515 corde
2631 2457 3058 2531 conscriptam,
3087 2459 3209 2514 sive
3232 2459 3291 2514 in
3320 2458 3529 2515 litteris
3547 2459 3739 2513 datam
3773 2473 3785 2512 :
3811 2472 3932 2512 eam-

2335 2548 2474 2604 dem
2496 2564 2739 2619 quoque
2756 2547 2947 2617 legem
2981 2547 3059 2602 ad
3083 2549 3333 2617 gratiam
3362 2549 3463 2604 Dei
3488 2547 3781 2619 pertinere,
3807 2542 3931 2616 quod

2335 2637 2497 2692 illam
2550 2638 2702 2692 Deus
2732 2636 2790 2692 in
2823 2636 3186 2708 adjutorium
3220 2637 3571 2693 hominibus
3601 2636 3749 2693 dedit
3794 2634 3926 2705 (Isai.

2340 2742 2460 2791 vui,
2493 2731 2581 2793 20,
2615 2742 2729 2782 sec.
2766 2727 2939 2797 LXX).

2410 2819 2461 2871 3.
2498 2815 2661 2872 illam
2694 2831 2835 2871 vero
2861 2814 3117 2884 gratiam
3146 2831 3290 2888 qua,
3326 2820 3387 2872 ut
3415 2815 3641 2871 dictum
3670 2821 3767 2880 est,
3792 2812 3937 2868 chris-

2340 2904 2478 2961 tiani
2494 2922 2521 2959 s
2532 2904 2818 2975 umus,cuj
2830 2921 2896 2958 us
2908 2904 3228 2977 Apostolus
3243 2904 3606 2975 praedicator
3618 2909 3637 2941 ³
3650 2902 3933 2967 est,dicens,

2344 2994 2733 3050 Condelector
2753 2993 2903 3049 enim
2936 2993 3046 3063 legi
3062 2994 3167 3049 Dei
3193 2994 3523 3050 secundum
3540 2993 3843 3050 interiorem
3864 2989 3937 3044 ho-

2342 3082 2554 3138 minem
2582 3102 2601 3139 :
2630 3082 2796 3137 video
2820 3089 3018 3137 autem
3049 3082 3234 3138 aliam
3267 3082 3447 3153 legem
3478 3083 3540 3138 in
3560 3080 3812 3141 membris
3829 3077 3935 3132 meis

2340 3177 2768 3242 repugnantem
2803 3171 2920 3241 legi
2949 3171 3159 3227 mentis
3192 3187 3353 3236 mea,
3392 3180 3450 3228 et
3482 3158 3845 3241 captiuantem
3871 3180 3937 3220 me

2338 3261 2445 3317 sub
2490 3262 2615 3331 lege
2655 3260 2899 3329 peccati,
2933 3276 3058 3331 quae
3088 3266 3171 3317 est
3212 3260 3273 3315 in
3318 3262 3600 3317 membris
3629 3262 3774 3315 meis.
3796 3257 3936 3312 Miser

2340 3366 2447 3421 ego
2475 3350 2645 3406 homo
2672 3350 2839 3421 lquis
2869 3366 2955 3405 me
2977 3349 3248 3407 liberabit
3278 3349 3351 3405 de
3376 3365 3621 3419 corpore
3647 3346 3831 3404 mortis
3854 3344 3934 3399 liu-

2329 3442 2435 3509 jus
2456 3440 2484 3494 ‘l
2510 3440 2719 3495 Gratia
2747 3438 2855 3493 Dei
2864 3454 2971 3506 per
2993 3440 3190 3494 Jesum
3212 3437 3519 3494 Christum
3538 3438 3822 3494 Dominum
3838 3447 3935 3487 nos-

2340 3536 2495 3584 trum
2513 3527 2699 3597 (Rom.
2722 3544 2814 3591 vu,
2849 3527 3058 3593 22-25),
3085 3527 3293 3583 nolunt
3324 3528 3576 3583 omnino
3595 3537 3930 3597 cognoscere;

2343 3618 2448 3672 sed
2480 3633 2588 3671 nec
2625 3623 2825 3688 aperte
2876 3617 3120 3689 quidem
3176 3631 3532 3689 oppugnare
3571 3615 3778 3671 audent
3816 3607 3931 3669 :sed

2342 3706 2487 3778 quid
2511 3705 2673 3761 aliud
2695 3712 2902 3776 agunt,
2931 3722 3067 3760 cum
3100 3706 3452 3761 hominibus
3487 3704 3820 3761 animalibus
3842 3711 3933 3754 nou

2345 3795 2500 3867 perci
2512 3795 2954 3866 pientibusquaa
2968 3802 3106 3850 sunt
3120 3794 3369 3866 Spiritus
3385 3796 3486 3850 Dei
3500 3795 3546 3863 (l
3561 3794 3829 3857 δοκιμῇ)
3841 3801 3937 3860 per-

2347 3882 2598 3938 suadere
2617 3899 2733 3939 non
2759 3890 3012 3952 cessant,
3037 3882 3113 3937 ad
3140 3884 3517 3955 operandam
3550 3877 3937 3957 perﬁciendam-

2347 3987 2463 4043 que
2498 3971 2792 4041 justitiam
2824 3976 2880 4026 et
2932 3971 3026 4026 Dei
3071 3971 3358 4026 mandata
3403 3969 3757 4042 complenda
3789 3963 3937 4019 solam

2349 4060 2459 4115 sibi
2491 4061 2821 4115 humanam
2865 4059 3136 4115 sufﬁcere
3168 4076 3342 4132 posse
3372 4069 3646 4115 naturam
3679 4059 3706 4115 ἳ
3734 4071 3835 4111 non
3873 4055 3939 4104 nl-

2352 4148 2660 4205 tendentes
2682 4149 2847 4222 quod
2887 4149 3177 4221 scriptum
3204 4156 3309 4215 est,
3343 4150 3607 4215 Spiritus
3636 4148 3858 4216 adjuvat
3878 4140 3943 4194 in-

2348 4239 2691 4307 ﬁrmitatem
2720 4246 2983 4295 nostram
3000 4239 3192 4307 (Rom.
3212 4255 3332 4303 Vlll,
3346 4239 3435 4311 26)
3463 4256 3477 4305 ;
3502 4239 3711 4303 et,Non
3725 4228 3941 4293 volentis,

2351 4344 2535 4399 neque
2559 4328 2877 4391 currentis,
2898 4327 3001 4384 sed
3021 4327 3348 4384 miserentis
3369 4334 3453 4383 est
3485 4328 3593 4384 Dei
3616 4327 3721 4396 (Id.
3753 4340 3823 4387 ix,
3855 4322 3943 4380 16);

2352 4423 2409 4473 et
2428 4416 2594 4488 quod
2617 4432 2801 4473 unum
2827 4432 3040 4485 corpus
3065 4432 3265 4473 sumus
3287 4417 3351 4471 in
3377 4416 3633 4479 Christo,
3652 4409 3851 4484 singuli
3871 4421 3947 4462 au-

2355 4516 2466 4561 tem
2493 4506 2647 4561 alter
2666 4505 2916 4562 alterius
2940 4506 3201 4561 membra
3229 4522 3255 4571 ,°
3279 4506 3557 4563 habentes
3583 4505 3733 4560 dona
3761 4501 3948 4557 diversa

2353 4594 2675 4651 secundum
2689 4596 2952 4664 gratiam
2976 4610 3107 4666 qua
3132 4594 3277 4650 data
3300 4594 3560 4651 estnobis
3584 4593 3689 4664 (Id.
3722 4584 3947 4653 xu,5,6l;

2357 4690 2433 4747 et,
2468 4682 2675 4738 Gratia
2698 4682 2804 4738 Dei
2821 4682 3024 4737 sumid
3039 4683 3198 4753 quod
3217 4700 3366 4747 sum,
3387 4690 3443 4738 et
3467 4683 3658 4752 gratia
3674 4683 3790 4749 ejus
3812 4676 3865 4729 in
3884 4682 3950 4723 me

2358 4787 2546 4828 vacua
2574 4787 2692 4826 non
2719 4771 2863 4841 fuit,
2889 4771 2984 4827 sed
3014 4771 3422 4827 abundantius
3467 4770 3729 4828 omnibus
3756 4766 3862 4821 illis
3886 4760 3949 4812 la-

2362 4860 2569 4917 boravi
2596 4883 2614 4931 ,-
2639 4876 2757 4915 non
2784 4876 2880 4931 ego
2911 4867 3129 4925 autem,
3156 4860 3257 4916 sed
3268 4862 3473 4928 gratia
3501 4860 3607 4915 Dei
3636 4870 3835 4914 mecum
3856 4872 3873 4921 ,'
3892 4851 3949 4906 είς

2362 4950 2601 5007 Gratias
2633 4950 2760 5013 Deo,
2776 4949 2878 5019 qui
2893 4948 3052 5004 dedit
3066 4949 3230 5004 nobis
3253 4950 3559 5005 victoriam
3575 4963 3681 5015 per
3696 4940 3947 4999 Dominum

2360 5044 2626 5094 nostrum
2651 5039 2849 5093 Iesum
2866 5037 3162 5093 Christum
3190 5040 3229 5102 tl
3246 5038 3374 5094 Cor.
3397 5054 3489 5101 xv,
3529 5037 3747 5104 t0,57);
3768 5026 3950 5092 et,N0ﬂ

2362 5129 2502 5201 quia
2532 5128 2729 5183 idonei
2749 5143 2952 5182 sumus
2984 5128 3243 5198 cogitare
3270 5127 3504 5199 aliquid
3524 5125 3690 5197 quasi
3710 5136 3778 5177 es:
3801 5114 3952 5173 nobis-

2362 5216 2645 5286 met,ipsis
2661 5216 3155 5283 ;sedsufﬁcientia
3169 5223 3371 5271 nostra
3387 5232 3458 5272 ex
3469 5217 3583 5271 Deo
3594 5220 3674 5270 est
3687 5210 3748 5282 (ll
3764 5207 3877 5264 Cor.
3891 5217 3950 5257 ιιι.

2363 5307 2446 5375 5);
2472 5312 2529 5383 et
2549 5305 2848 5360 Habemus
2874 5305 3222 5360 thesaurum
3249 5304 3426 5360 istum
3440 5307 3499 5359 in
3530 5303 3679 5359 vasis
3691 5293 3949 5369 ﬁctilibus.

2372 5501 2381 5509 υ
2423 5440 2435 5470 ¹
2472 5438 2612 5509 Mss._
2641 5437 2791 5485 Corb.
2825 5440 2891 5509 et.
2912 5437 3087 5509 Cera).
3123 5438 3419 5509 omittunt:
3448 5435 3589 5509 Quod
3610 5430 3839 5509 ausilium
3859 5422 3952 5487 ﬁdes

2364 5501 2613 5561 impetrat
2631 5514 2740 5562 qua:
2769 5506 2837 5548 est
2874 5501 2929 5571 in
2961 5499 3313 5571 Christo_J¢su
3342 5502 3561 5549 Domino
3592 5501 3772 5545 nostra.

2422 5564 2439 5591 ²
2475 5563 2599 5612 Mss.
2624 5566 2733 5611 tres
2767 5562 2947 5611 Gallic.
2989 5576 2999 5610 :
3042 5562 3203 5611 Tessis
3232 5568 3322 5612 est.
