4136 6172
285 238 385 297 761

283 370 349 419 ut
371 360 689 421 eminentia
704 361 941 417 virtutis
970 360 1044 416 sit
1066 359 1180 425 Dei,
1200 365 1254 416 et
1268 374 1389 415 non
1409 373 1486 415 ea:
1508 356 1674 413 nobis
1691 356 1759 428 (II
1791 356 1928 412 Cor.

278 469 355 517 Iv,
400 454 456 524 7)
493 470 506 518 ;
555 457 611 507 et
655 450 1121 506 innumerabilia
1151 449 1312 515 talia,
1345 464 1481 519 quas
1514 446 1588 502 de
1618 445 1931 516 Scripturis

275 542 559 599 omnibus
599 541 645 595 si
668 540 944 611 colligere
971 538 1244 602 velimus,
1281 543 1515 608 tempus
1546 538 1563 571 ί
1600 550 1722 590 non
1761 534 1931 590 suffi-

276 632 371 687 cit.
406 631 469 687 Et
493 644 766 685 veremur
787 644 861 683 ne
891 626 1055 699 apud
1088 632 1140 682 te
1170 626 1283 681 ista
1308 626 1441 698 ipsa
1454 638 1932 680 commemoran-

276 721 379 790 do,
412 736 549 792 quas
583 719 807 789 majore
834 716 1026 787 gratia
1062 716 1138 770 de
1175 714 1324 771 Sede
1354 714 1684 785 apostolica
1712 712 1929 783 praedi-

276 826 403 874 cas,
450 809 929 864 inconvenienter
971 804 1165 860 facere
1198 803 1519 858 videamur
1566 819 1579 857 :
1634 800 1739 856 sed
1796 801 1929 856 ideo

270 899 545 961 facimus,
578 896 722 969 quia
743 911 814 951 eo
835 910 959 966 quo
985 892 1335 949 inﬁrmiores
1358 908 1567 946 sumus
1585 893 1606 925 ³
1621 934 1635 956 ,
1653 905 1924 961 quaqua-

270 1003 510 1042 versum
564 986 820 1057 quisque
852 988 1121 1039 nostrum
1165 981 1345 1036 verbo
1392 981 1491 1035 Dei
1540 976 1927 1051 praedicando

270 1079 514 1147 putatur
539 1072 836 1137 attentior,
866 1069 1133 1126 crebrius
1172 1084 1275 1125 eos
1314 1068 1578 1140 patimur
1606 1068 1665 1121 in
1708 1082 1818 1123 nos
1872 1070 1929 1121 et

272 1163 568 1220 audacius
600 1161 1002 1231 insurgentes.

342 1239 396 1290 4.
421 1234 478 1290 Si
510 1249 653 1305 ergo
681 1226 953 1303 Pelagius
981 1230 1426 1302 episcopalibus
1456 1229 1648 1284 Gestis
1699 1242 1836 1301 quas
1864 1226 1926 1281 in

269 1322 507 1380 Oriente
532 1320 804 1377 confecta
853 1319 1133 1375 dicuntur
1174 1319 1276 1389 (a),
1309 1318 1489 1374 etiam
1527 1322 1640 1373 tuae
1674 1317 1927 1372 Venera-

266 1412 413 1468 tioni
426 1415 591 1482 juste
610 1411 771 1465 visus
793 1410 964 1465 fuerit
989 1407 1300 1466 absolutus
1334 1428 1346 1473 ;
1374 1422 1539 1462 error
1563 1410 1765 1462 tamen
1799 1406 1926 1476 ipse

269 1506 329 1556 et
361 1502 659 1573 impietas,
692 1515 822 1572 quas
842 1499 970 1570 jam
1004 1497 1225 1554 multos
1262 1500 1585 1552 assertores
1614 1494 1928 1565 habet,per

267 1590 508 1646 diversa
557 1589 878 1660 dispersos,
948 1588 1127 1644 etiam
1182 1586 1531 1642 auctoritate
1586 1582 1925 1656 apostolica;

266 1679 437 1735 Sedis
468 1677 917 1734 anathemanda
947 1682 1054 1732 est.
1091 1674 1617 1733 Consideretenim
1635 1673 1925 1730 Sanctitas

267 1775 391 1833 tua,
426 1774 481 1823 et
506 1766 909 1839 pastoralibus
948 1765 1124 1822 nobis
1149 1764 1549 1835 compatiatur
1578 1762 1921 1826 visceribus,

262 1872 457 1928 quam
474 1857 547 1912 sit
565 1856 912 1927 pestiferum
933 1862 990 1911 et
1010 1853 1242 1911 exitiale
1271 1853 1484 1909 ovibus
1506 1852 1741 1918 Christi,
1758 1851 1924 1923 quod

262 1947 520 2002 istorum
565 1946 889 2015 sacrilegas
937 1943 1374 2015 disputationes
1412 1940 1747 1997 necessario
1789 1956 1924 1996 con-

262 2034 554 2106 sequitur,
600 2038 798 2090 utnec
850 2048 1023 2089 orare
1052 2032 1386 2088 debeamus
1418 2046 1493 2086 ne
1539 2029 1831 2085 intremus
1861 2028 1923 2085 in

260 2123 674 2191 tentationem,
708 2122 873 2195 quod
901 2120 1182 2177 Dominus
1236 2126 1293 2176 et
1317 2119 1646 2191 discipulos
1690 2117 1925 2174 monuit

259 2212 486 2283 (Matth.
528 2229 689 2278 xxvn,
728 2214 838 2278 41),
873 2217 931 2267 et
970 2210 1167 2283 posuit
1213 2212 1273 2265 in
1304 2210 1571 2266 oratione
1602 2224 1789 2280 quam
1820 2208 1923 2264 do-

260 2301 389 2357 cuit
416 2302 523 2373 (Id.
558 2318 634 2366 vn,
673 2302 789 2373 t3);
816 2306 919 2358 aut
944 2316 1017 2357 ne
1043 2299 1285 2357 deﬁciat
1320 2298 1464 2354 fides
1495 2303 1719 2361 nostra,
1756 2297 1922 2369 quod

262 2406 377 2460 pro
403 2391 677 2462 apostolo
725 2390 898 2447 Petro
948 2406 1009 2445 se
1047 2405 1294 2460 rogasse
1339 2389 1466 2459 ipse
1518 2392 1770 2442 testatus
1837 2392 1924 2442 est

260 2480 429 2551 (Luc.
458 2496 600 2549 χιιι,
632 2481 743 2553 32).
780 2480 833 2535 Si
857 2480 1016 2536 enim
1038 2479 1167 2535 haec
1194 2476 1585 2550 possibilitate
1607 2481 1923 2541 naturw,et

261 2568 513 2624 arbitrio
565 2569 886 2625 voluntatis
935 2568 995 2623 iu
1025 2571 1325 2641 potestate
1374 2571 1514 2622 sunt
1548 2565 1921 2636 constituta;

257 2658 401 2729 quis
427 2673 547 2714 non
571 2674 641 2714 ea
671 2659 867 2714 videat
897 2674 931 2713 a
961 2656 1216 2713 Domino
1237 2656 1492 2712 inaniter
1514 2656 1653 2726 peti,
1684 2653 1923 2710 etfalla-

260 2748 412 2803 citer
450 2748 628 2812 orari,
674 2764 813 2804 cum
857 2748 1090 2804 orando
1130 2751 1459 2819 poscuntur
1507 2760 1642 2816 quae
1697 2748 1923 2801 natura:

260 2841 490 2892 nostra
524 2836 653 2907 jam
676 2837 757 2892 ita
786 2836 1041 2893 condita:
1065 2834 1502 2890 sufﬁcientibus
1522 2832 1751 2889 viribus
1774 2833 1923 2889 obti-

260 2930 483 2980 nentur
510 2926 538 2980 ?
561 2942 667 2981 nec
697 2926 976 2981 debuisse
1007 2924 1202 2980 dicere
1226 2924 1544 2979 Dominum
1565 2924 1787 2988 Jesum,
1831 2922 1925 2978 Vi-

258 3015 452 3085 gilate
503 3020 556 3071 et
607 3020 814 3083 orate,-
842 3014 948 3070 sed
983 3012 1425 3078 tantummodo,
1464 3012 1714 3083 Vigilate
1736 3028 1810 3069 ne
1833 3013 1922 3068 in-

261 3106 432 3159 tretis
462 3104 525 3159 in
559 3104 936 3161 tentationem
968 3101 1118 3158 ?nec
1154 3102 1505 3159 beatissimo
1531 3103 1697 3157 Petro
1725 3102 1923 3173 primo

260 3192 714 3263 Apostolorum,
740 3192 970 3263 Rogavi
1021 3206 1131 3259 pro
1159 3200 1232 3261 te,
1286 3190 1413 3255 sed,
1459 3206 1678 3246 moneo
1723 3197 1796 3256 te,
1830 3190 1921 3247 vel

262 3281 500 3351 impero
528 3296 597 3337 ac
630 3282 911 3353 praecipio
939 3297 1013 3337 ne
1035 3280 1271 3349 deﬁciat
1298 3280 1443 3347 ﬁdes
1476 3287 1579 3335 tua
1611 3279 1639 3335 ‘t

341 3366 394 3415 ὅ.
426 3361 861 3417 Contradicitur
889 3361 1329 3417 etiamistorum
1357 3360 1734 3416 contentione
1747 3360 1924 3417 bene-

264 3450 632 3506 dictionibus
677 3452 908 3521 nostris,
942 3458 1003 3506 ut
1056 3452 1359 3506 incassum
1413 3466 1593 3521 super
1629 3450 1921 3522 populum

266 3540 467 3595 dicere
501 3540 812 3595 videamur
840 3538 1137 3611 quidquid
1151 3540 1283 3594 eisa
1304 3538 1553 3595 Domino
1576 3555 1916 3611 precamur,

270 3636 335 3683 ut
365 3634 521 3683 recte
552 3644 622 3684 ac
653 3629 746 3700 pie
780 3628 1032 3684 vivendo
1063 3628 1143 3683 illi
1170 3628 1445 3699 placeant
1478 3644 1492 3691 ;
1526 3628 1619 3683 vel
1648 3628 1746 3685 illa
1786 3646 1921 3702 quae

267 3733 382 3789 pro
413 3716 694 3773 fidelibus
740 3724 1015 3788 precatur
1055 3717 1392 3789 Apostolus,
1435 3716 1671 3771 dicens:
1718 3719 1921 3775 Flecte

266 3820 465 3878 genua
497 3820 625 3862 mea
655 3806 735 3862 ad
762 3808 991 3863 Patrem
1028 3806 1263 3861 Domini
1290 3806 1482 3861 nostri
1503 3805 1641 3862 Jesu
1674 3806 1917 3874 Christi,

268 3910 470 3966 exque
492 3895 680 3951 omnis
691 3897 1023 3964 paternitas
1038 3897 1097 3950 in
1119 3896 1280 3950 czslis
1310 3899 1363 3951 et
1386 3895 1448 3950 in
1473 3900 1637 3951 terra
1650 3896 1914 3953 nomina-

266 3990 460 4048 tur,ut
477 3986 573 4041 det
590 3984 749 4041 vobis
761 3985 1086 4041 secundum
1100 3984 1340 4041 divitias
1350 3984 1558 4055 gloriae
1572 4000 1689 4040 sua
1704 3985 1922 4043 virtute

266 4073 647 4130 corroborari
655 4089 764 4142 per
775 4074 1065 4142 Spiritum
1079 4073 1477 4143 ejus(Eph.1u,
1492 4076 1601 4129 t4-l
1616 4074 1757 4144 6).Si
1776 4090 1919 4145 ergo

267 4162 630 4217 voluerimus
646 4161 1058 4218 benedicendo
1075 4178 1255 4233 super
1277 4162 1570 4235 populum
1592 4163 1810 4227 dicere,
1836 4165 1920 4219 Da

264 4249 403 4315 illis,
456 4252 724 4315 Domine,
775 4252 987 4306 virtute
1048 4251 1423 4307 corroborari
1474 4264 1576 4322 per
1634 4252 1917 4322 Spiritum

263 4343 433 4393 tuum
464 4358 476 4406 ;
512 4340 763 4395 istorum
790 4338 964 4395 nobis
995 4339 1321 4410 disputatio
1349 4340 1717 4405 contradicit,
1761 4339 1922 4395 affir-

263 4443 441 4483 mans
470 4430 671 4497 negari
701 4428 957 4484 liberum
984 4428 1321 4494 arbitrium,
1347 4428 1396 4483 si
1427 4428 1543 4484 hoc
1574 4446 1609 4484 a
1629 4430 1747 4485 Deo
1779 4446 1919 4501 pos-

264 4517 414 4571 citur
450 4518 613 4588 quod
656 4518 717 4571 in
746 4522 953 4573 nostra
980 4523 1064 4573 est
1114 4523 1401 4589 potestate
1432 4537 1443 4575 :
1501 4518 1729 4574 Virtute
1764 4522 1917 4576 enim

264 4605 643 4662 corroborari
666 4606 717 4661 si
729 4607 1026 4677 volumus,
1061 4606 1673 4678 inquiunt,possumus
1703 4624 1773 4665 ea
1785 4625 1918 4677 pos-

263 4694 547 4751 sibilitate
573 4702 825 4758 naturae,
858 4711 1036 4766 quam
1096 4711 1256 4751 nunc
1285 4711 1405 4751 non
1437 4697 1781 4765 accipimus,
1816 4698 1919 4755 sed

266 4799 397 4839 cum
433 4799 780 4840 crearemur
801 4784 1159 4853 accepimus.

339 4869 391 4920 6.
416 4864 699 4921 Parvulos
720 4865 899 4920 etiam
918 4871 1159 4936 propter
1173 4863 1423 4920 salutem
1447 4880 1580 4938 quae
1608 4880 1709 4937 per
1721 4866 1918 4923 Salva-

271 4957 455 5008 torem
487 4954 786 5009 Christum
817 4953 1013 5022 datur,
1056 4953 1442 5025 baptizendos
1469 4958 1706 5023 negant,
1730 4970 1799 5010 ac
1832 4954 1916 5010 sic

264 5058 362 5097 eos
388 5043 686 5099 mortifera
717 5043 1115 5099 istadoctrina
1148 5043 1203 5098 in
1233 5049 1920 5116 mternumnecant,pro-

266 5131 563 5187 mittentes
590 5132 822 5187 etiamsi
846 5148 965 5188 non
991 5132 1719 5203 baptizantur,habituros
1732 5134 1915 5191 vitam

265 5226 572 5283 aeternam,
600 5237 709 5275 nec
740 5221 1031 5292 pertinere
1057 5222 1133 5276 ad
1165 5237 1267 5277 eos
1294 5222 1367 5276 de
1398 5223 1616 5294 quibus
1630 5223 1919 5279 Dominus

266 5310 365 5373 ait,
419 5310 585 5366 Venit
614 5309 768 5365 enim
799 5310 986 5366 Filius
1018 5312 1272 5367 hominis
1298 5327 1562 5383 quaerere
1587 5319 1640 5367 et
1685 5312 1921 5369 salvare

266 5400 427 5470 quod
453 5399 710 5466 perierat
741 5400 907 5469 (Luc.
937 5415 1056 5465 xix,
1116 5400 1206 5470 10)
1240 5417 1253 5465 ;
1297 5400 1441 5472 quia
1473 5401 1588 5465 isti,
1618 5402 1915 5472 inquiunt,

266 5503 387 5544 non
414 5489 743 5556 perierant,
792 5504 897 5544 nec
945 5496 1026 5545 est
1070 5489 1229 5560 quod
1269 5489 1331 5544 in
1382 5491 1461 5545 eis
1491 5492 1780 5554 salvetur,
1828 5492 1921 5547 vel

330 5598 345 5630 ί
381 5596 507 5645 Bad.
544 5597 665 5649 Am.
705 5596 786 5645 Er.
814 5600 866 5646 et
899 5596 1103 5649 Concil.
1142 5596 1303 5652 Edd.,
1337 5601 1519 5647 tomus.

329 5661 349 5693 ⁸
374 5659 524 5724 Unus
543 5673 572 5708 e
598 5660 749 5724 Yatic
776 5660 919 5724 Mss,
954 5674 1051 5724 quo
1086 5660 1359 5724 inferiores
1385 5674 1583 5716 sumus.

332 5724 404 5785 (α)
432 5722 593 5775 Gesta
609 5721 988 5791 Diospolitana?
1007 5721 1220 5789 synodi.

1536 228 2036 288 EPISTOLARUM
2077 229 2370 292 CLASSIS
2410 236 2506 294 ΙΙΙ.

3594 236 3702 294 ’762

2042 362 2209 414 tanto
2237 362 2430 429 pretio
2462 363 2803 420 redimatur
2830 382 2851 419 :
2877 362 3020 434 quia
3046 362 3198 419 nihil
3226 369 3305 420 est
3332 362 3395 418 in
3422 362 3502 419 eis
3528 363 3701 419 vitia-

2041 452 2187 511 tum,
2213 449 2368 507 nihil
2393 457 2625 507 tenetur
2663 453 2771 507 sub
2804 451 3022 506 diaboli
3050 457 3342 520 potestate
3368 451 3696 519 captivum,

2041 550 2143 591 nec
2168 553 2279 604 pro
2310 540 2389 594 eis
2410 540 2583 608 fusus
2609 546 2690 596 est
2716 541 2967 609 sanguis
2994 539 3097 610 qui
3112 540 3288 608 fusus
3317 541 3379 594 in
3408 539 3697 594 remissio-

2038 640 2169 680 nem
2199 627 2421 697 legitur
2445 635 2825 697 peccatorum
2856 628 3102 696 (Matth.
3138 644 3288 693 xxvn,
3322 630 3437 697 28).
3500 628 3700 697 Quan-

2039 729 2226 785 quam
2259 732 2363 787 per
2409 717 2784 788 baptismum
2832 717 3042 773 Christi
3083 717 3261 771 etiam
3305 716 3695 787 parvulorum

2036 802 2163 858 ﬁeri
2195 804 2695 877 redemptionem,
2723 806 2781 860 in
2811 805 3011 860 libello
3026 821 3137 859 suo
3168 806 3454 861 Celestius
3484 804 3543 860 in
3560 806 3698 860 Car-

2040 891 2375 961 thaginensi
2428 894 2676 950 ecclesia
2717 895 2847 967 jam
2881 893 3196 949 confessus
3236 899 3361 949 est:
3392 894 3495 948 sed
3524 892 3695 949 multi

2035 981 2138 1053 qui
2162 997 2372 1038 eorum
2400 984 2928 1055 perhibenturesse
2954 982 3048 1038 vel
3069 982 3249 1037 fuisse
3263 980 3696 1052 discipuli,htec

2036 1070 2430 1143 malaquibus
2458 1072 3207 1128 fundamentachristianaa
3236 1071 3373 1126 ﬁdei
3400 1076 3696 1125 conantur

2034 1164 2312 1224 evertere,
2347 1176 2735 1233 quacumque
2768 1165 3047 1232 possunt,
3079 1160 3381 1215 affirmare
3423 1174 3546 1214 non
3572 1174 3699 1214 ces-

2036 1252 2189 1302 sant.
2222 1247 2386 1303 Unde
2417 1249 2645 1305 etiamsi
2688 1250 2956 1319 Pelagius
3001 1249 3401 1320 Celestiusque
3444 1247 3695 1303 correcti

2035 1342 2192 1404 sunt,
2221 1337 2310 1393 vel
2341 1354 2403 1392 se
2436 1339 2547 1394 ista
2580 1354 2899 1411 nunquam
2916 1338 3173 1393 sensisse
3201 1337 3431 1402 dicunt,
3457 1343 3514 1392 et
3536 1352 3699 1409 quaa-

2035 1440 2295 1499 cumque
2316 1428 2536 1497 scripta
2567 1432 2776 1483 contra
2806 1444 2907 1483 eos
2938 1427 3171 1499 prolata
3187 1427 3401 1483 fuerint
3425 1442 3537 1481 sua
3568 1442 3697 1483 esse

2034 1519 2273 1586 negant,
2334 1530 2443 1571 nec
2497 1522 2585 1571 est
2649 1516 3176 1589 quemadmodum
3236 1515 3309 1569 de
3376 1515 3695 1571 mendacio

2034 1604 2467 1660 convincantur
2498 1621 2511 1659 :
2545 1604 2893 1674 generaliter
2923 1609 3124 1659 tamen
3155 1604 3525 1676 quicumque
3550 1605 3699 1676 dog-

2035 1691 2277 1747 matizat
2323 1698 2379 1747 et
2411 1692 2670 1748 afﬁrmat
2720 1692 3055 1747 humanam
3115 1691 3230 1746 sibi
3259 1691 3337 1747 ad
3386 1690 3634 1746 vitanda
3673 1693 3690 1728 ¹

2034 1787 2298 1852 peccata,
2339 1787 2393 1837 et
2434 1782 2534 1837 Dei
2570 1781 2861 1837 mandata
2885 1779 3165 1836 facienda
3197 1779 3470 1834 sufﬁcere
3516 1793 3691 1851 posse

2033 1876 2336 1937 naturam,
2368 1876 2424 1926 et
2465 1886 2535 1926 eo
2568 1870 2746 1926 modo
2774 1870 2977 1940 gratiae
3012 1870 3131 1933 Dei,
3177 1885 3313 1941 quas
3346 1875 3690 1924 sanctorum

2031 1960 2360 2014 evidentius
2389 1959 2762 2015 orationibus
2793 1958 3151 2019 declaratur,
3195 1957 3577 2012 adversarius
3604 1956 3689 2010 in-

2032 2048 2306 2115 venitur;
2339 2054 2396 2103 et
2422 2048 2790 2120 quicumque
2822 2051 3003 2115 negat
3017 2044 3300 2117 parvulos
3329 2061 3434 2115 per
3464 2045 3689 2117 baptis-

2033 2152 2201 2191 mum
2227 2136 2434 2192 Christi
2466 2153 2502 2193 a
2530 2135 2861 2206 perditione
2892 2134 3152 2197 liberari,
3186 2138 3243 2189 et
3269 2133 3524 2188 salutem
3560 2147 3692 2203 per-

2032 2225 2227 2296 cipere
2267 2225 2720 2297 sempiternam,
2767 2224 3092 2280 anathema
3143 2222 3234 2277 sit.
3279 2222 3689 2293 Qumcumque

2034 2320 2233 2371 autem
2263 2314 2379 2370 alia
2407 2314 2491 2370 eis
2521 2314 2909 2385 objiciuntur,
2930 2327 3049 2366 non
3078 2310 3427 2366 dubitamus
3441 2312 3688 2366 Venera-

2033 2404 2255 2459 tionem
2287 2408 2474 2467 tuam,
2508 2418 2648 2458 cum
2694 2404 2866 2457 Gesta
2897 2399 3265 2473 episcopalia
3296 2402 3683 2470 perspexerit,

2030 2508 2168 2564 quas
2193 2492 2251 2547 in
2280 2492 2513 2549 Oriente
2544 2492 2602 2546 in
2627 2492 2841 2546 eadem
2864 2505 3048 2545 causa
3077 2488 3351 2543 confecta
3379 2487 3688 2553 dicuntur,

2032 2582 2092 2637 id
2128 2580 2533 2652 judicaturam
2573 2580 2734 2635 unde
2762 2594 2974 2634 omnes
3032 2579 3092 2633 in
3130 2578 3228 2633 Dei
3275 2578 3685 2635 misericordia

2032 2671 2429 2742 gaudeamus.
2475 2670 2590 2725 Ora
2636 2684 2743 2740 pro
2799 2668 2995 2731 nobis,
3068 2666 3313 2722 domine
3350 2665 3691 2723 beatissime

2075 2763 2259 2815 ana'.

2032 2762 2259 2831 Papa”.

2461 2845 2794 2901 EPISTOLA
2820 2845 3063 2900 CLXXVI
3084 2848 3115 2881 π’
3136 2844 3251 2914 (a).

2037 2956 2370 3013 Milevitani
2380 2953 2621 3011 concilii
2635 2955 2843 3009 Patres
2869 2952 3228 3017 Innocentio,
3246 2950 3319 3007 de
3345 2951 3690 3007 cohibendis

2514 3042 2860 3112 Pelagianis
2887 3039 3199 3097 haereticis.

2032 3150 2285 3206 Domino
2343 3147 2693 3203 beatissimo
2749 3144 3083 3216 meritoque
3121 3143 3470 3211 venerabili,
3516 3148 3570 3199 et
3628 3144 3689 3199 in

2105 3240 2331 3296 Christo
2344 3237 2702 3293 honorando
2722 3236 2897 3307 Papaa
2918 3235 3242 3291 Innocnx'no.
3270 3233 3567 3290 Sui/must,
3586 3233 3685 3282 Vs-

2092 3335 2346 3375 mens,
2365 3320 2634 3372 Armenius,
2657 3316 2905 3373 Daunus,
2925 3317 3245 3370 Κεετιτστυε,
3266 3314 3536 3369 Lucmus,
3556 3314 3685 3361 Amr-

2093 3416 2220 3455 rws,
2255 3402 2585 3451 AUGUSTINUS.
2626 3396 2980 3453 Pucaunns‘,
3008 3396 3257 3451 SBVBRUS,
3280 3396 3612 3445 FORTUNATUS
3646 3395 3684 3451 ⁸,

2094 3482 2380 3538 Possmws,
2397 3479 2650 3533 Nova-rus,
2679 3477 2952 3532 Summus,
2970 3477 3314 3531 Maurumms,
3342 3476 3461 3531 Lso,
3480 3474 3686 3523 FAUSTI-

2096 3562 2626 3615 NIANUS.CRBSCONIUS,
2648 3558 2868 3613 Munus,
2891 3557 3150 3605 Laronius
3170 3556 3205 3612 ⁸,
3234 3556 3687 3611 FORTUNATUS,DO-

2094 3656 2267 3699 unus,
2289 3641 2614 3695 PONTICANUS,
2639 3637 2970 3691 Sarnanmus,
2995 3636 3328 3685 Camsromus
3350 3636 3385 3692 ⁷,
3404 3636 3683 3691 Houoaws,

2099 3722 2294 3775 anws,
2348 3720 2666 3773 Ansom'rns,
2718 3717 3013 3773 Pnocsssus,
3044 3715 3371 3772 Casscomns,
3404 3716 3682 3770 Sscunnvs,

2094 3798 2862 3861 FBLIX,ASIATICUS,RUFINIANUS
2883 3796 2919 3851 ³,
2944 3796 3467 3856 Ελσετικυεβειινυε,
3492 3796 3686 3844 Tma-

2092 3880 2547 3937 TIUS,CRBSCONIUS,
2570 3878 2894 3934 Βηωτῐυε,
2916 3876 3239 3935 Quwuws,
3258 3876 3520 3931 Lucanus,
3545 3876 3687 3923 Sam-

2092 3976 2186 4009 rws
2222 3961 2501 4010 Faue-rusus
2522 3958 2555 4015 ’,
2582 3958 3120 4017 CRESCONIUS,VICTOR,
3153 3956 3458 4006 Gronmws
3486 3957 3540 4015 ¹⁰,
3562 3956 3683 4004 Pos-

2091 4055 2334 4096 swoxms.
2372 4041 2666 4088 Aaromuvs
2687 4040 2741 4094 “,
2776 4036 3687 4095 InnocenrxusImssmwsﬁaascn-

2091 4138 2199 4171 'nns
2229 4125 2281 4177 ¹¹,
2314 4121 2489 4176 Ε’ἑωχ,
2508 4119 3051 4175 Λατοκισείῆνιστοιι,
3073 4118 3397 4175 Ηοιηοιυιτυε,
3430 4117 3685 4173 Donuca,

2091 4232 2105 4263 ¹
2140 4228 2292 4287 Edd.,
2328 4227 2394 4275 ad
2423 4226 2691 4275 vincenda.
2714 4226 2871 4281 Mss..
2904 4224 2971 4273 ad
3000 4223 3235 4287 vitanda.

2095 4292 2113 4321 ³
2141 4285 2554 4339 Μεεξϐαιιὶοαηί
2585 4292 2768 4338 carent
2801 4288 2883 4337 his
2916 4286 3202 4350 postremis
3236 4285 3433 4341 verbis,
3467 4299 3614 4342 ora,e
3641 4300 3686 4335 c.

2091 4356 2110 4387 ³
2131 4352 2490 4403 Conciliorum
2526 4352 2806 4405 editiones,
2836 4348 3080 4399 Silvanus
3108 4348 3293 4397 Senex.

2092 4419 2109 4445 ⁸
2139 4415 2314 4470 Deest,
2346 4414 2656 4470 Placentius,
2685 4414 2739 4461 in
2773 4413 2903 4461 Mss.
2937 4415 3062 4461 octo
3092 4410 3396 4459 Gallicanis.

2091 4480 2108 4506 ³
2138 4478 2265 4526 Mss.
2292 4477 2445 4525 Gerv.
2479 4479 2529 4524 et
2557 4476 2781 4530 Gemm.,
2821 4474 3098 4522 Fortunas.

2090 4539 2563 4610 f__Mss."quinque,
2588 4537 2838 4590 Litorius.
2876 4534 3195 4588 Casalensis,
3224 4532 3500 4581 Lictorius.
3525 4531 3682 4583 Conc.

2028 4602 2172 4651 Editt
2184 4643 2195 4654 .
2208 4639 2222 4658 ,
2270 4600 2523 4648 Victorius
2536 4642 2546 4653 .

2089 4664 2107 4693 ⁷
2126 4656 2251 4713 Mss.
2294 4665 2517 4725 septem,
2554 4665 2606 4710 et
2635 4660 2832 4725 Concil.
2858 4659 3015 4708 Editt.
3041 4660 3159 4717 sic.,
3190 4656 3685 4708 Cresconius.Casa-

2028 4726 2192 4775 lensis
2219 4723 2404 4779 codei,
2440 4723 2747 4773 Crisconius.

2087 4788 2106 4817 ³
2136 4788 2197 4859 In
2219 4788 2377 4859 Conc.
2417 4786 2581 4843 Edd.,
2605 4785 2814 4847 Ruﬁnus
2839 4796 2861 4845 ;
2889 4787 2942 4834 et
2976 4782 3116 4834 infra
3139 4796 3238 4847 pro
3270 4781 3456 4842 Servo,
3500 4782 3683 4832 scribi-

2028 4855 2133 4906 tur,
2164 4850 2392 4902 Servius.

2028 4975 2039 4985 _
2087 4915 2105 4945 °
2140 4912 2197 4961 In
2236 4911 2434 4985 concil.
2458 4910 2625 4985 .Eddz
2656 4908 2741 4985 hic
2772 4909 3039 4959 omitittur
3099 4908 3381 4957 Faustinus
3408 4920 3428 4967 ;
3458 4906 3683 4970 ejusque

2025 4975 2147 5025 loco
2177 4976 2412 5030 ponitur,
2449 4973 2569 5022 item
2592 4972 2837 5026 Sabinus,

2088 5039 2125 5070 ¹⁰
2149 5030 2277 5087 Mss.
2329 5037 2499 5086 Vatic.
2541 5041 2647 5086 tres
2704 5038 2756 5085 et
2781 5035 2964 5086 Gallic.
2994 5038 3217 5098 septem,
3240 5044 3449 5082 necnon
3480 5030 3682 5080 Concil.

2028 5099 2180 5154 Edd.,
2196 5162 2203 5163 ί
2220 5100 2509 5163 Gigantius.

2088 5164 2122 5195 ¹¹
2160 5158 2417 5212 Μεεῖάυο
2448 5162 2639 5217 Vatic.,
2676 5159 2955 5216 Possidius,
2982 5158 3261 5208 Antonius.

2090 5227 2127 5259 ιι
2146 5225 2203 5273 ln
2228 5224 2575 5277 Concil.Edd.
2615 5227 2667 5273 et
2696 5224 2747 5271 in
2780 5222 2962 5272 Gallic.
2983 5222 3337 5285 Msssseptem
3358 5217 3512 5285 deest
3538 5216 3687 5285 Cres-

2027 5289 2236 5397 :entius,
2270 5301 2368 5337 nec
2398 5288 2709 5337 nominatur
2754 5284 3042 5334 Prwsidius
3076 5282 3179 5331 nisi
3199 5279 3415 5339 'semel,‘
3445 5283 3568 5344 post
3594 5279 3684 5329 Pe-

2052 5365 2183 5397 rum.

2052 5365 2183 5397 rum.

2090 5412 2205 5483 “.ln
2231 5411 2431 5461 Concil.
2458 5410 2594 5459 Edd.
2623 5412 2674 5459 et
2705 5409 2759 5457 in
2794 5408 2922 5460 Mss.
2960 5405 3203 5470 pluribus
3220 5407 3545 5462 constanter,
3578 5406 3680 5453 An-

2029 5478 2441 5598 ‘ozul‘ttei'ognita
2465 5533 2531 5583 ad
2562 5548 2610 5581 a.
2646 5532 2733 5595 bg.
2758 5531 2829 5581 bl.
2867 5545 2913 5581 c.
2945 5530 3029 5580 ch.
3066 5528 3125 5579 Π.
3158 5543 3325 5643 εῂεν.
3361 5543 3414 5578 n.
3451 5542 3501 5581 s.
3532 5529 3613 5580 sb.
3642 5532 3681 5580 t.

2029 5596 2103 5643 th.
2137 5611 2217 5643 vc.
2255 5598 2390 5643 duos
2417 5611 2457 5643 r.
2490 5598 2723 5643 nuatuor
2752 5609 2800 5641 ν.
2838 5598 2891 5643 et
2920 5594 2985 5643 ad
3020 5593 3141 5642 Am.
3219 5591 3305 5643 ad.
3340 5592 3420 5643 Er.
3456 5593 3582 5643 Lov.

2029 5596 2103 5645 th.
2137 5611 2217 5647 vc.
2255 5591 2390 5647 duos
2417 5611 2457 5645 r.
2490 5591 2723 5659 quatuo'r
2752 5609 2800 5641 ν.
2838 5594 2985 5659 θιίαά
3020 5593 3141 5642 Am.
3162 5591 3305 5643 Bad.
3327 5592 3420 5659 ‘EAr.
3456 5593 3582 5659 L_ov.

2090 5660 2161 5732 (α.)
2197 5660 2341 5732 Alias
2374 5662 2434 5708 92
2473 5655 2635 5732 :qute
2659 5660 2839 5708 autem
2870 5658 2961 5707 176
2991 5660 3121 5714 erat,
3148 5669 3293 5707 nunc
3320 5656 3433 5706 240.
3475 5655 3681 5722 Scripta

2026 5722 2189 5789 paulo
2222 5726 2346 5789 post
2372 5722 2731 5789 superiorem.
