4136 6172
463 231 471 272 5
493 216 600 273 763

565 342 785 398 PBTRUB,
818 341 1115 397 Prussmws,
1159 339 1484 396 Cnsscoruvc,
1512 338 1814 397 LAHPADIUS,
1854 338 2134 386 Durnium

555 438 622 479 ex
648 421 897 478 concilio
929 419 1282 484 Milevitano,
1319 420 1376 473 in
1412 420 1661 474 Domino
1689 419 1964 475 salutem.

561 545 831 612 l.Quiate
847 543 1134 599 Dominus
1149 545 1350 613 gratim
1367 561 1488 599 sum
1503 544 1800 616 prmcipuo
1817 557 2059 597 munere
2074 542 2130 595 in

486 635 634 690 Sede
665 632 911 704 apostoli
923 649 991 687 ca
1004 632 1337 699 collocavit,
1363 633 1660 704 talemque
1676 633 1893 687 nostris
1910 636 2133 701 tempo-

483 723 647 777 ribus
671 721 1219 792 prmstitit,utnobis
1245 722 1438 792 potius
1458 722 1532 776 ad
1562 721 1803 792 culpam
1826 718 2135 789 negligen-

482 810 576 866 tim
601 810 816 876 valeat,
846 810 1734 880 siapudtuamVenerationem,
1763 825 1895 881 qum
1912 823 2016 879 pro
2032 809 2136 862 Ec-

484 899 666 955 clesia
697 899 1075 970 suggerenda
1109 904 1266 962 sunt,
1311 899 1696 964 tacuerimus,
1738 913 1923 970 quam
1973 912 2042 951 ea
2073 902 2134 951 tu

485 989 682 1060 possis
708 988 801 1043 vel
835 988 1138 1044 fastidiose
1165 987 1256 1042 vel
1289 988 1656 1059 negligenter
1685 988 1985 1058 accipere;
2009 1001 2134 1040 ma-

487 1078 620 1146 gnis
649 1077 924 1149 periculis
961 1076 1332 1132 inﬁrmorum
1351 1077 1758 1133 membrorum
1773 1075 1979 1130 Christi
2004 1089 2137 1145 pas-

488 1166 732 1222 toralem
760 1164 1833 1236 diligentiam,qumsumus,adhibere
1850 1162 2133 1235 digneris.

475 1357 478 1359 _
558 1285 611 1335 2.
640 1281 1039 1353 Novaquippe
1064 1279 1642 1335 hmresisetnimium
1663 1279 1990 1351 perniciosa
2015 1282 2139 1331 ten-

489 1375 570 1426 tat
591 1385 904 1442 assurgere
932 1370 1314 1425 inimicorum
1331 1373 1535 1439 gratim
1552 1369 1817 1434 Christi‘,
1847 1368 1949 1440 qui
1965 1365 2138 1421 nobis

486 1461 665 1516 etiam
698 1460 1067 1514 dominicam
1125 1460 1454 1514 orationem
1490 1457 1688 1528 impiis
1722 1456 2140 1528 disputationi-

488 1547 603 1603 bus
634 1554 928 1603 conantur
959 1547 1212 1605 auferre.
1245 1549 1392 1602 Cum
1421 1547 1580 1602 enim
1615 1547 1903 1602 Dominus
1925 1545 2140 1599 docue-

486 1635 564 1690 rit
595 1641 656 1689 ut
684 1635 978 1700 dicamus,
1014 1634 1260 1690 Dimitte
1284 1635 1447 1689 nobis
1501 1633 1696 1689 debita
1730 1640 1954 1698 nostra,
1985 1633 2140 1686 sicut

489 1731 543 1781 et
574 1740 677 1780 nos
709 1724 1060 1779 dimittimus
1091 1724 1451 1779 debitoribus
1505 1723 1756 1785 nostris;
1812 1721 1902 1776 isti
1935 1722 2142 1780 dicunt

490 1829 670 1886 posse
699 1812 997 1867 hominem
1029 1813 1088 1866 in
1107 1812 1219 1866 hac
1245 1813 1387 1878 vita,
1416 1811 1724 1883 prmceptis
1748 1811 1841 1866 Dei
1866 1809 2139 1879 cognitis,

491 1902 567 1958 ad
585 1906 812 1957 tantam
835 1900 1261 1972 perfectionem
1279 1901 1517 1970 justitim
1543 1901 1671 1954 sine
1698 1899 1998 1969 adjutorio
2014 1913 2143 1968 gra-

492 1992 586 2047 tim
619 1989 964 2058 Salvatoris,
999 2006 1103 2061 per
1133 1990 1327 2045 solum
1357 1989 1609 2045 liberum
1643 1989 1958 2043 voluntatis
1989 1987 2144 2042 arbi—

494 2080 673 2136 trium
704 2079 1034 2150 pervenire,
1071 2085 1132 2133 ut
1162 2077 1212 2133 ei
1244 2095 1364 2134 non
1397 2081 1469 2133 sit
1490 2079 1616 2148 jam
1650 2077 2047 2133 necessarium
2062 2075 2145 2130 di-

493 2185 644 2232 cere,
680 2167 910 2224 Dimitte
939 2167 1105 2223 nobis
1135 2167 1330 2224 debita
1375 2178 1603 2224 nostra.
1637 2167 1784 2222 Illud
1818 2182 1953 2222 vero
1983 2164 2144 2237 quod

494 2258 781 2330 sequitur,
810 2258 901 2314 Ne
926 2273 1030 2312 nos
1062 2257 1295 2327 inferas
1321 2258 1383 2312 in
1413 2258 1792 2313 tentationem
1809 2257 2050 2328 (Matth.
2070 2271 2144 2322 v1,

499 2353 582 2412 l2,
618 2348 730 2419 l3),
762 2363 884 2404 non
916 2347 996 2402 ita
1022 2345 1490 2416 intelligendum,
1541 2351 1831 2417 tanquam
1872 2345 2146 2400 divinum

495 2437 858 2506 adjutorium
885 2452 1129 2507 poscere
1149 2435 1479 2490 debeamus
1494 2451 1566 2489 ne
1599 2434 1655 2489 in
1688 2439 2002 2506 peccatum
2029 2440 2148 2489 ten-

496 2525 884 2596 tatiidecidam
896 2542 961 2579 us
979 2542 991 2589 ;
1009 2525 1110 2578 sed
1125 2524 1309 2578 hocin
1327 2530 1527 2578 nostra
1539 2539 1666 2578 esse
1682 2524 1942 2593 positum
1958 2529 2149 2593 potes-

497 2619 633 2677 tate,
668 2619 722 2668 et
755 2612 830 2666 ad
850 2613 965 2667 hoc
985 2611 1358 2682 implendum
1375 2611 1564 2666 solam
1589 2611 1858 2667 sufﬁcere
1883 2611 2149 2666 volunta-

503 2706 615 2756 tem
650 2701 916 2756 hominis
952 2717 963 2750 :
1003 2707 1288 2771 tanquam
1322 2701 1536 2756 frustra
1569 2701 1886 2771 Apostolus
1917 2700 2148 2765 dixerit,

502 2791 634 2846 Non
663 2791 909 2846 volentis
932 2805 1118 2860 neque
1135 2790 1451 2854 currentis,
1475 2791 1577 2847 sed
1595 2791 1922 2846 miserentis
1951 2797 2032 2846 est
2051 2791 2152 2846 Dei

503 2881 691 2951 (Rom.
721 2896 796 2944 ix,
826 2881 914 2949 16)
929 2872 962 2948 ’;
993 2884 1069 2943 et,
1104 2879 1326 2935 Fidelis
1358 2881 1532 2944 Deus,
1575 2880 1677 2950 qui
1702 2895 1820 2934 non
1851 2880 2152 2948 permittet

504 2985 603 3026 vos
635 2969 857 3024 tentari
887 2984 1064 3036 super
1091 2969 1153 3022 id
1180 2968 1339 3039 quod
1360 2969 1641 3038 potestis;
1687 2968 1790 3024 sed
1815 2969 1991 3037 faciet
2019 2984 2152 3024 cum

507 3059 824 3115 ten—latione
841 3059 1016 3114 etiam
1036 3059 1282 3122 exitum,
1308 3065 1368 3112 ut
1390 3059 1622 3126 possitis
1644 3058 1932 3114 sustinere
1951 3058 1995 3129 (ι
2021 3058 2151 3114 Cor.

505 3149 684 3215 x,13).
701 3149 937 3202 Frustra
949 3147 1125 3201 etiam
1149 3147 1432 3201 Dominus
1445 3146 1656 3201 dixerit
1674 3147 1947 3216 apostolo
1961 3147 2153 3214 Petro,

507 3237 737 3306 Rogavi
761 3251 874 3305 pro
906 3242 980 3300 te,
1013 3251 1086 3292 ne
1115 3235 1350 3302 deﬁciat
1381 3236 1524 3301 ﬁdes
1552 3243 1655 3290 tua
1691 3236 1836 3303 (Luc
1866 3238 2109 3308 xxu,3'2)
2137 3253 2151 3302 ;

509 3331 564 3380 et
593 3323 874 3380 omnibus
907 3325 1049 3388 suis,
1108 3324 1376 3394 Vigilate,
1410 3331 1463 3379 et
1496 3331 1680 3390 orate,
1723 3339 1797 3379 ne
1836 3324 2068 3380 intretis
2095 3327 2157 3383 in

510 3415 892 3471 tentationem
918 3412 1155 3482 (Matth.
1184 3428 1348 3475 xxvx,
1372 3413 1493 3484 4t);
1526 3412 1701 3468 sihoc
1734 3418 1921 3468 totum
1952 3419 2037 3468 est
2061 3431 2161 3485 po-

513 3502 733 3558 testatis
762 3501 1075 3565 ,humanm.
1131 3501 1348 3556 Pueros
1395 3518 1638 3574 quoque
1692 3502 1999 3572 parvulos,
2032 3505 2160 3558 etsi

511 3590 689 3645 nullis
721 3591 1080 3645 innoventur
1115 3590 1450 3645 christianm
1483 3592 1685 3660 gratim
1738 3593 2158 3659 Sacramentis,

512 3679 824 3735 habituros
855 3679 1032 3735 vitam
1067 3685 1375 3745 mternam,
1405 3696 1666 3752 nequam
1692 3682 2160 3753 prmsumptione

513 3770 898 3832 contendunt,
927 3774 1290 3826 evacuantes
1321 3771 1486 3842 quod
1508 3771 1650 3825 dicit
1676 3771 2015 3842 Apostolus,
2048 3773 2164 3826 Per

515 3874 697 3914 unum
730 3857 1020 3915 hominem
1061 3865 1361 3928 peccatum
1393 3860 1645 3915 intravit
1675 3861 1738 3915 in
1767 3860 2079 3925 mundum,
2108 3866 2163 3917 et

512 3963 622 4016 per
637 3954 943 4015 peccatum
976 3963 1154 4014 mors,
1186 3953 1238 4004 et
1262 3949 1347 4002 ita
1375 3948 1436 4003 in
1485 3964 1682 4004 omnes
1716 3948 1978 4006 homines
2033 3964 2164 4016 per-

518 4036 776 4100 transiit,
809 4039 868 4090 in
900 4052 1014 4106 quo
1043 4051 1239 4092 omnes
1263 4038 1855 4107 peccaverunt(Rom.
1879 4054 1935 4103 v,
1972 4038 2086 4109 l2);
2110 4044 2167 4092 et

519 4123 633 4179 alio
659 4123 812 4187 loco,
844 4124 1004 4179 Sicut
1058 4125 1118 4177 in
1146 4125 1336 4179 Adam
1370 4141 1566 4181 omnes
1611 4126 1973 4190 moriuntur,
2002 4127 2085 4182 sic
2110 4133 2163 4182 et

520 4214 582 4267 in
617 4212 850 4268 Christo
872 4228 1064 4269 omnes
1091 4213 1549 4282 viviﬁcabuntur
1579 4214 1619 4285 (Ι
1656 4216 1788 4270 Cor.
1823 4231 1917 4280 xv,
1948 4214 2057 4283 22).

593 4322 642 4374 3.
662 4320 728 4374 Ut
741 4333 881 4387 ergo
903 4319 1018 4374 alia
1031 4319 1380 4374 omittamus
1394 4334 1529 4390 qum
1543 4326 1751 4374 contra
1769 4325 2007 4376 sanctas
2023 4321 2169 4377 Scri-

520 4411 724 4480 pturas
744 4408 1002 4480 plurima
1027 4408 1353 4475 disserunt;
1377 4408 1505 4464 hmc
1526 4409 1759 4463 interim
1783 4408 1924 4472 duo,
1949 4409 2167 4480 quibus

521 4498 768 4554 omnino
787 4503 971 4554 totum
991 4497 1154 4570 quod
1178 4497 1474 4554 christiani
1496 4514 1705 4552 sumus
1733 4498 1996 4553 nituntur
2009 4514 2171 4554 ever-1

523 4591 659 4649 tere,
685 4603 815 4658 qum
841 4586 1039 4642 ﬁdelia
1063 4587 1246 4642 corda
1267 4588 1782 4656 sustineant’,non
1805 4602 1932 4642 esse
1954 4602 2167 4657 rogan-

523 4676 668 4731 dum
700 4679 883 4731 Deum
907 4681 968 4731 ut
993 4683 1198 4732 contra
1224 4677 1448 4747 peccati
1473 4677 1700 4731 malum
1728 4681 1905 4748 atque
1923 4678 1996 4732 ad
2023 4694 2169 4750 ope-

523 4765 776 4819 randam
799 4764 1086 4835 justitiam
1101 4766 1383 4820 sitnoster
1403 4765 1662 4835 adjutor,
1681 4769 1737 4820 et
1759 4782 1876 4821 non
1893 4767 2170 4838 opitulari

524 4852 788 4925 parvulis
803 4854 878 4908 ad
892 4855 1381 4925 consequendam
1405 4856 1581 4909 vitam
1605 4859 1887 4910 mternam
1903 4856 2170 4912 christia-

527 4958 618 4997 nm
649 4942 855 5011 gratim
889 4943 1374 4997 Sacramentum:
1432 4943 1558 4998 hmc
1589 4944 1962 4999 insinuantes
1993 4960 2172 5014 apos-

525 5030 700 5087 tolico
724 5031 944 5102 pectori
973 5037 1092 5095 tuo,
1112 5046 1228 5084 non
1245 5045 1398 5100 opus
1425 5030 1723 5086 habemus
1747 5032 1934 5087 multa
1952 5032 2168 5099 dicere,

526 5119 1209 5192 ettantamimpietalem
1247 5119 1442 5174 verbis
1488 5134 2174 5192 exaggerare,cumpro-

528 5209 623 5264 cul
644 5210 825 5265 dubio
841 5217 892 5265 te
909 5211 988 5265 ita
1004 5215 1413 5280 permoveant,
1427 5214 1484 5263 ut
1506 5208 1582 5263 ab
1601 5209 1684 5263 eis
1707 5210 2173 5278 corrigendis,ne

526 5297 702 5353 latius
729 5302 993 5370 serpant,
1025 5298 1361 5368 multosque
1393 5297 1821 5362 contaminent,
1865 5298 1949 5352 vel
1974 5301 2173 5370 potius

529 5385 892 5451 interimant,
925 5388 1072 5442 dum
1105 5403 1206 5443 eos
1234 5386 1346 5442 sub
1377 5387 1620 5442 nomine
1652 5385 1882 5457 Christi,
1917 5403 1951 5442 a
1984 5388 2174 5457 gratia

594 5554 608 5585 ί
639 5552 764 5624 Bad.
787 5555 901 5624 An).
924 5558 976 5603 et
993 5555 1082 5608 Er.
1119 5555 1217 5624 ςβι
1237 5555 1457 5624 nimium
1472 5555 1759 5624 perniciosa
1783 5560 2050 5619 tempestas
2068 5572 2175 5606 sur-

529 5618 1002 5683 gere_i_n_imicorum
1034 5619 1215 5678 gratim
1240 5618 1437 5669 Christi
1465 5619 1633 5683 capit,

595 5681 613 5712 ³
635 5676 789 5734 Edd.,
817 5676 1085 5728 sustinent.

1766 215 1829 271 S.
1873 210 2262 270 AUGUSTINI
2303 210 2626 271 EPISCOPI
3767 205 3860 261 764

2243 335 2449 391 Christi
2483 336 2719 409 penitus
2745 333 3023 399 alienant,
3074 327 3326 386 omnino
3350 324 3730 383 dissimulare
3758 341 3865 382 non

2241 427 2462 496 possis.

2313 518 2365 569 4.
2403 515 2586 585 Hujus
2615 517 2818 570 autem
2848 505 3340 584 perniciosissimi
3372 505 3587 561 erroris
3617 507 3868 560 auctores

2242 618 2374 658 esse
2400 604 2787 675 perhibentur
2800 601 3074 673 Pelagius
3088 604 3144 654 et
3157 596 3462 659 Celestius,
3476 608 3631 664 quos
3647 593 3870 664 quidem

2244 691 2300 747 in
2326 692 2584 748 Ecclesia
2609 691 2810 748 sanari
2830 689 3155 753 malumus,
3169 702 3357 759 quam
3370 685 3686 756 desperata
3699 681 3872 737 solute

2242 781 2322 836 ab
2352 781 2607 837 Ecclesio
2635 780 2973 845 resecari,si
3004 776 3331 833 necessitas
3363 773 3530 829 nulla
3555 770 3871 842 compellat.

2243 871 2505 935 Quorum
2536 886 2710 939 unus,
2755 869 2816 924 id
2844 875 2930 924 est
2953 866 3255 930 Celestius,
3279 862 3461 920 etiam
3493 861 3571 917 ad
3600 859 3874 932 presbyte-

2243 959 2398 1015 rium
2426 960 2486 1016 in
2515 961 2648 1015 Asia
2669 959 2884 1015 dicitur
2898 953 3495 1030 pervenissezdequo
3525 955 3659 1006 ante
3674 965 3876 1020 paucos

2245 1065 2438 1104 annos
2467 1049 2611 1121 quid
2645 1053 2884 1120 gestum
2911 1045 3107 1110 fuerit,
3135 1042 3430 1101 Sanctitas
3453 1046 3561 1096 tua
3576 1038 3651 1094 de
3665 1037 3876 1094 Cartha-

2246 1139 2473 1208 ginensi
2517 1137 2773 1194 Ecclesia
2814 1136 3026 1192 melius
3060 1132 3381 1188 instruitur.
3426 1129 3695 1198 Pelagius
3735 1143 3873 1190 vero,

2247 1227 2396 1282 sicut
2409 1225 2821 1298 aquibusdam
2841 1223 3120 1280 fratribus
3137 1219 3355 1278 nostris
3367 1220 3560 1273 missm
3575 1217 3876 1289 loquuntur

2246 1316 2531 1386 epistolm,
2557 1314 2944 1386 Jerosolymis
2974 1312 3330 1368 constitutus
3346 1306 3672 1363 nonnullos
3703 1305 3875 1360 fallere

2248 1405 2531 1460 asseritur
2557 1422 2569 1460 :
2607 1409 3023 1459 verumtamen
3039 1400 3226 1456 multo
3243 1397 3465 1470 plures.
3492 1395 3598 1467 qui
3613 1395 3739 1466 ejus
3762 1409 3876 1449 sen-

2249 1511 2351 1548 sus
2378 1493 2720 1563 diligentius
2748 1493 3035 1562 indagare
3065 1491 3404 1561 potuerunt,
3439 1487 3730 1540 adversus
3759 1498 3876 1538 eum

2248 1599 2357 1654 pro
2389 1583 2577 1652 gratia
2607 1580 2818 1637 Christi
2858 1589 2913 1636 et
2935 1578 3241 1634 catholicm
3266 1574 3406 1630 ﬁdei
3438 1571 3879 1629 veritatecontli-

2249 1677 2420 1742 gunt;
2455 1671 2558 1727 sed
2591 1671 2888 1743 prmcique
2921 1673 3166 1725 sanctus
3221 1665 3378 1720 ﬁlius
3433 1669 3593 1729 tuus,
3635 1662 3800 1718 frater
3833 1666 3879 1716 et

2249 1761 2703 1832 compresbyter
2729 1764 2931 1815 noster
2962 1757 3368 1827 Hieronymus.

2323 1849 2494 1905 5.Sed
2514 1845 3003 1916 arbitramur,adj
3017 1850 3229 1900 uvante
3246 1841 3658 1898 misericordia
3677 1839 3878 1896 Domini

2251 1938 2348 1992 Dei
2376 1937 2558 1992 nostri
2587 1937 2689 2008 qui
2723 1943 2775 1991 te
2805 1941 2861 1990 et
2882 1949 3084 2004 regere
3102 1931 3607 1993 consulentem,et
3636 1934 3878 1983 orantem

2251 2025 2535 2082 exaudire
2565 2026 2862 2094 dignetur,
2908 2022 3246 2078 auctoritati
3292 2019 3637 2075 Sanctitatis
3672 2023 3797 2083 tum,
3819 2016 3878 2070 de

2251 2121 2598 2170 sanctarum
2633 2113 3072 2185 Scripturarum
3106 2110 3460 2166 auctoritate
3510 2107 3879 2177 depromptm,

2253 2203 2484 2259 facilius
2506 2219 2609 2258 eos
2632 2202 2735 2274 qui
2762 2209 2881 2257 tam
2907 2215 3190 2272 perversa
3202 2204 3258 2253 et
3273 2198 3609 2270 perniciosa
3629 2195 3877 2256 sentiunt,

2254 2309 2381 2348 esse
2403 2308 2696 2357 cessuros,
2727 2291 2878 2346 utde
2908 2291 3272 2346 correctione
3305 2287 3506 2359 potius
3537 2301 3734 2342 eorum
3766 2298 3881 2337 con-

2256 2382 2644 2453 gratulemur,
2662 2397 2848 2453 quam
2877 2379 3296 2436 contristemur
3323 2372 3881 2440 interitu.Quodlibet

2255 2477 2456 2527 autem
2503 2471 2612 2541 ipsi
2644 2470 2885 2537 eligant,
2929 2475 3079 2524 certe
3113 2467 3202 2522 vel
3254 2465 3404 2531 aliis,
3437 2480 3592 2537 quos
3623 2462 3879 2534 plurimos

2257 2563 2531 2631 possunt,
2549 2559 2595 2613 si
2627 2559 2704 2613 ab
2735 2559 2819 2613 eis
2851 2556 3279 2623 dissimuletur,
3310 2554 3435 2609 suis
3467 2553 3692 2625 laqueis
3719 2550 3879 2621 impli-

2258 2665 2414 2714 care,
2443 2648 2627 2702 cernit
2657 2647 3085 2702 Venerabilitas
3121 2651 3216 2700 tua
3244 2646 3536 2699 instanter
3563 2649 3618 2698 et
3649 2640 3879 2696 celeriter

2258 2736 2715 2810 providendum.
2750 2737 2882 2791 Hmc
2904 2737 2979 2791 ad
3007 2733 3389 2791 Sanctitatem
3420 2740 3583 2787 tuam
3608 2731 3678 2784 de
3716 2725 3884 2784 conci-

2260 2827 2337 2882 lio
2365 2825 2651 2880 Numidim
2678 2821 3585 2895 scriptadireximus,imitantes
3616 2817 3881 2885 Carthagi-

2261 2915 2460 2971 nensis
2495 2913 2796 2969 Ecclesiae1
2831 2920 2885 2968 et
2907 2910 3392 2980 Carthaginensis
3436 2908 3746 2981 provincim
3777 2918 3882 2959 coe-

2264 3006 2540 3077 piscopos
2587 3009 2839 3065 nostros,
2879 3017 3031 3073 quos
3090 3001 3165 3055 ad
3214 2999 3428 3056 Sedem
3502 2995 3880 3069 apostolicam.

2262 3109 2448 3165 quam
2467 3093 2678 3147 beatus
2704 3090 2989 3156 illustras,
3014 3089 3086 3144 de
3107 3090 3219 3145 hac
3233 3104 3419 3143 causa
3433 3087 3729 3158 scripsisse
3743 3097 3882 3138 com-

2264 3182 2528 3254 perimus
2550 3186 2590 3235 ³.
2641 3182 2706 3234 Et
2743 3180 2869 3235 alia
2915 3193 3098 3234 manu
3124 3198 3143 3234 .-
3190 3179 3412 3233 Memor
3472 3175 3674 3239 nostri,
3709 3173 3762 3228 in
3804 3168 3882 3225 Dei

2267 3272 2459 3341 gratia
2484 3271 2780 3341 augearis,
2805 3269 3049 3323 domine
3083 3266 3426 3322 beatissime
3459 3265 3773 3334 meritoque
3798 3274 3879 3312 ve-

2267 3359 2572 3424 nerabilis,
2605 3365 2657 3414 et
2689 3359 2748 3413 in
2775 3357 3000 3413 Christo
3032 3354 3386 3411 honorande
3424 3357 3626 3410 sancte
3655 3355 3820 3406 Pater.

2673 3490 3007 3547 EPlSTOLA
3045 3488 3318 3543 CLXXVII
3350 3490 3368 3510 θ
3411 3487 3525 3560 (a).

2269 3615 2545 3671 Aurelius
2575 3615 2799 3684 aliique
2827 3617 2941 3669 tres
2973 3628 3095 3669 una
3122 3628 3255 3668 cum
3275 3611 3612 3681 Augustino
3643 3605 3879 3675 episcopi.

2341 3705 2422 3761 ad
2456 3704 2861 3759 Innocentium
2893 3702 2965 3757 de
2981 3703 3574 3772 Pelagio,retegentes
3603 3698 3773 3767 ipsius
3795 3694 3882 3747 ha:-

2343 3794 2538 3860 resim,
2569 3806 2815 3863 eamque
2838 3793 2914 3848 ab
2943 3790 3271 3860 apostolica
3299 3789 3448 3846 Sede
3476 3785 3755 3858 proscribi
3777 3795 3881 3852 pos-

2347 3883 2626 3939 tutantes.

2275 4000 2526 4056 Domino
2580 3997 2946 4063 beatissimo,
3009 3996 3337 4068 meritoque
3397 3989 3883 4050 honorandissimo

2347 4087 2508 4143 fratri
2541 4087 2867 4142 INNOCENTIO
2896 4086 3399 4157 Papm,AquLius,
3429 4089 3682 4146 ALvrius,
3716 4085 3885 4133 Ausus-

2345 4193 2523 4241 TlNUS,
2557 4178 2820 4240 Evonius,
2848 4180 2904 4230 et
2935 4178 3238 4238 Possmius,
3275 4173 3333 4228 in
3367 4172 3614 4228 Domino
3648 4168 3880 4224 salutem.

2349 4300 2401 4352 1.
2436 4300 2511 4353 De
2541 4297 2807 4353 conciliis
2839 4296 3078 4352 duobus
3103 4296 3426 4366 provincim
3443 4285 3886 4361 Carthaginensis

2277 4393 2449 4458 atque
2481 4386 2772 4442 Numidiae
2803 4387 2878 4440 ad
2910 4391 3075 4440 tuam
3105 4385 3492 4440 Sanctitatem
3525 4399 3561 4438 a
3590 4397 3699 4437 non
3731 4388 3886 4450 parvo

2278 4477 2698 4547 episcoporum
2725 4490 2975 4530 numero
2996 4472 3606 4544 subscriptaslitteras
3623 4467 3888 4525 missimus

2279 4571 2486 4620 contra
2507 4564 2780 4619 inimicos
2796 4563 3000 4633 gratim
3029 4562 3264 4626 Christi,
3283 4562 3384 4634 qui
3407 4560 3710 4617 conﬁdunt
3730 4556 3781 4610 in
3802 4553 3888 4605 vir-

2282 4659 2402 4710 tute
2434 4670 2564 4719 sua,
2595 4659 2650 4707 et
2680 4653 2936 4708 Creatori
2965 4656 3167 4706 nostro
3196 4648 3647 4722 quodammodo
3676 4645 3852 4699 dicunt
3879 4640 3889 4676 τ

2280 4746 2358 4797 Tu
2394 4759 2501 4797 nos
2523 4742 2706 4796 fecisti
2737 4741 3015 4796 homines
3043 4740 3278 4810 ;justos
3305 4744 3504 4793 autem
3532 4737 3641 4808 ipsi
3673 4750 3770 4788 nos
3787 4727 3889 4784 feci-

2280 4831 2564 4895 mus.Qui
2593 4836 2870 4885 naturam
2897 4829 3231 4883 humanam
3265 4828 3400 4883 ideo
3427 4826 3629 4882 dicunt
3655 4823 3888 4878 liberam,

2345 4996 2547 5066 ‘S_ic_in
2584 4995 2707 5066 Mss.
2748 4999 2812 5044 At
2857 4997 2907 5044 in
2933 4994 3164 5059 vulgatis
3189 4994 3471 5049 omittitur,
3512 4984 3887 5051 Carthaginem“

2285 5059 2540 5114 Ecclesia,
2569 5061 2669 5107 etc.

2346 5123 2364 5150 ³
2400 5122 2621 5184 Reliqua
2657 5121 2818 5170 verba
2848 5120 3045 5170 absunt
3075 5131 3107 5169 a
3141 5118 3309 5167 Vatic.
3350 5122 3400 5168 et
3448 5116 3629 5166 Gallic.
3669 5112 3783 5161 Mss.
3808 5102 3888 5154 Sed

2285 5186 2626 5220 ronprinntnr
2654 5184 2704 5220 in
2735 5183 2987 5220 nmnihnq
3018 5182 3123 5220 ΗΑΛ
3193 5195 3219 5220 ρι
3251 5181 3444 5220 αιιίινὶιις
3467 5179 3584 5220 Had-
3613 5180 3724 5220 Am-
3756 5172 3823 5220 Er.
3850 5169 3890 5213 εί

2284 5179 2626 5247 reperiuntur
2653 5184 2706 5231 in
2735 5183 2987 5231 omnibus
3016 5182 3148 5254 Edd:
3193 5195 3219 5230 e
3251 5181 3444 5253 quibus
3466 5179 3584 5228 Bad.
3613 5180 3724 5247 A_m.
3747 5179 3823 5242 lar.
3850 5179 3887 5213 et

2288 5247 2418 5299 Lov.
2462 5246 2675 5302 habent,
2723 5261 2778 5292 in
2813 5245 2974 5293 Deum
3009 5251 3182 5307 gratia
3216 5257 3470 5306 augear".
3508 5237 3711 5291 Conc:l.,
3739 5249 3786 5280 ιη
3814 5231 3887 5277 Do-

2287 5309 2438 5363 mini,
2474 5309 2552 5357 vel
2592 5310 2645 5355 in
2681 5308 2772 5355 Dei
2804 5309 2996 5369 gratia.

2349 5373 2378 5403 ’⁸⁵
2406 5357 2484 5419 Ad
2527 5371 2663 5419 hanc
2695 5357 3086 5419 emeundandam
3123 5369 3204 5416 usi
3232 5381 3420 5416 sumus
3445 5367 3496 5414 t1.
3531 5365 3610 5431 th:
3644 5357 3828 5431 ἀυρὺυδ
3847 5365 3882 5431 :-

2289 5437 2410 5486 Am,
2438 5433 2562 5481 Bad.
2603 5432 2684 5480 Er.
2725 5433 2848 5481 Lov.
2885 5459 2937 5469 -—
2978 5433 3033 5479 lu
3073 5432 3196 5479 Mss.
3247 5443 3450 5480 necnon
3482 5431 3531 5476 in
3569 5421 3883 5490 Conciligrullt

2289 5482 2613 5544 editionibus
2649 5496 2858 5557 prmfert
2886 5495 3090 5543 huncce
3111 5493 3356 5542 titulum:
3387 5489 3609 5553 Epistola
3640 5482 3881 5548 familiam

2289 5559 2509 5620 quinque
2533 5559 2881 5618 episcoporum
2911 5558 2978 5605 ad
3007 5558 3366 5604 Innocentium
3399 5566 3644 5620 papam.“
3715 5603 3804 5620 nd:

2351 5603 2591 5680 (arma;
2621 5603 2721 5667 95’?
2745 5603 3078 5682 quamam
3109 5603 3196 5668 177
3221 5603 3352 5674 erat,
3388 5603 3528 5666 riuhc
3567 5613 3668 5661 2H.
3715 5603 3885 5664 Scripta

2292 5682 2433 5734 circa
2466 5682 2608 5732 idem
2647 5686 2883 5747 tempus.
