4098 6166
244 201 365 259 765

249 338 329 381 ne
361 328 633 398 quierant
675 321 1076 379 Liberatorem
1106 336 1121 389 ;
1154 323 1290 381 ideo
1320 323 1573 389 salvam,
1609 328 1671 379 ut
1700 338 1911 395 super-

248 414 446 469 ﬂuum
480 411 750 483 judicent
785 410 1180 467 Salvatorem.
1213 415 1464 469 Tantum
1497 412 1660 469 enim
1704 412 1909 468 dicunt

248 501 570 568 valentem,
587 506 650 556 ut
670 500 793 556 suis
814 500 1038 556 viribus
1069 501 1252 556 semel
1272 500 1332 556 in
1353 500 1582 570 origine
1604 516 1725 555 sum
1748 516 1907 555 crea-

249 590 433 645 tionis
458 589 738 659 acceptis,
772 589 954 660 possit
987 605 1092 661 per
1118 589 1374 645 liberum
1405 589 1737 655 arbitrium,
1764 588 1909 644 nihil

250 677 500 735 ulterius
528 678 850 749 adjuvante
877 678 1033 733 illius
1058 679 1249 750 gratia
1278 678 1380 751 qui
1403 678 1908 743 creavit,domare

250 773 307 822 et
347 767 725 837 exstinguere
763 782 975 822 omnes
1015 766 1396 839 cupiditates,
1437 766 1909 838 tentationesque

249 871 559 927 superare;
582 855 871 927 multique
887 870 1094 911 eorum
1108 854 1758 924 iusurguntadversum
1773 871 1906 920 nos,

248 946 307 997 et
328 940 533 996 dicunt
547 941 766 996 animm
781 946 1013 1007 nostrm,
1031 940 1167 997 Non
1189 947 1268 996 est
1282 941 1446 996 salus
1460 940 1556 995 illi
1574 939 1635 997 in
1652 941 1765 996 Deo
1783 941 1909 1011 ejus

249 1030 439 1101 (Psal.
470 1046 550 1094 ιιι,
566 1030 641 1101 3).
660 1028 902 1085 Familia
921 1044 1063 1098 ergo
1090 1029 1301 1085 Christi
1322 1045 1459 1101 qum
1480 1028 1642 1092 dicit,
1660 1029 1910 1097 Quando

248 1119 549 1187 inﬁrmor,
578 1125 718 1175 tunc
738 1117 917 1188 fortis
946 1133 1075 1175 sum
1107 1118 1176 1188 (ll
1211 1118 1337 1174 Cor.
1362 1133 1461 1182 xii,
1486 1122 1587 1184 10),
1617 1123 1672 1173 et
1701 1118 1796 1173 cui
1827 1117 1912 1173 di-

252 1209 333 1263 cit
364 1208 651 1264 Dominus
677 1208 829 1276 ejus,
856 1206 1031 1263 Salus
1064 1213 1169 1262 tua
1203 1222 1306 1277 ego
1339 1222 1467 1262 sum
1496 1206 1677 1276 (Psal.
1712 1222 1907 1275 xxxiv,

250 1296 331 1369 3),
362 1312 657 1367 suspenso
687 1296 887 1361 corde,
906 1312 1045 1351 cum
1073 1296 1283 1351 timore
1307 1299 1365 1351 et
1396 1302 1651 1351 tremore
1678 1295 1913 1366 adjuto—

250 1386 414 1442 rium
448 1384 681 1441 Domini
709 1386 886 1441 etiam
921 1400 1025 1456 per
1055 1384 1403 1441 charitatem
1433 1388 1549 1440 tum
1582 1385 1910 1439 Veneratio-

250 1474 347 1531 nis
379 1479 708 1546 exspectat.

324 1567 377 1619 2.
398 1562 750 1618 Audivimus
768 1562 928 1619 enim
949 1561 1160 1618 essein
1184 1560 1330 1617 urbe
1352 1564 1562 1627 Roma,
1578 1560 1681 1616 ubi
1699 1560 1793 1616 ille
1811 1561 1913 1615 diu

253 1651 854 1723 vixit,nonnullosqui
866 1651 1108 1707 diversis
1122 1651 1320 1707 causis
1334 1651 1383 1705 ei
1400 1649 1611 1707 favean
1623 1649 1911 1721 t,quidam

253 1740 653 1814 scilicet,quia
669 1742 752 1797 eis
767 1740 905 1798 talia
924 1741 1293 1812 persuasisse
1308 1740 1651 1811 perhibetur
1665 1741 1679 1774 ¹
1692 1739 1915 1811 ,plures

250 1831 539 1903 vero,qui
566 1846 701 1886 eum
732 1830 875 1886 talia
894 1828 1111 1885 sentire
1139 1844 1260 1885 non
1291 1828 1541 1884 credunt
1552 1828 1913 1900 ;prmsertim

252 1920 401 1992 quia
432 1919 490 1975 in
522 1920 771 1985 Oriente,
790 1918 892 1975 ubi
919 1918 1098 1988 degit,
1130 1918 1305 1973 Gesta
1334 1916 1734 1974 ecclesiastica
1760 1916 1918 1972 facta

254 2025 387 2065 esse
399 2006 1053 2080 jactantur(a),quibus
1070 2011 1313 2078 putatur
1330 2023 1461 2062 esse
1476 2010 1791 2078 purgatus:
1817 2005 1916 2062 ubi

254 2098 504 2172 quidem
532 2097 580 2152 si
602 2096 870 2169 episcopi
891 2112 1032 2152 eum
1053 2095 1415 2151 catholicum
1435 2096 1915 2167 pronuntiarunt,

254 2203 379 2243 non
413 2186 491 2243 ob
518 2186 679 2242 aliud
706 2184 932 2241 factum
963 2201 1095 2241 esse
1118 2184 1486 2241 credendum
1516 2184 1751 2251 est,nisi
1775 2183 1919 2255 quia

255 2291 319 2330 se
348 2274 501 2330 dixit
520 2273 623 2329 Dei
656 2273 905 2345 gratiam
929 2272 1216 2339 conﬁteri,
1235 2274 1383 2328 etita
1406 2288 1583 2343 posse
1607 2271 1918 2327 hominem

256 2378 372 2419 suo
403 2362 610 2419 labore
636 2378 705 2418 ac
732 2362 1036 2418 voluntate
1061 2362 1220 2432 juste
1256 2362 1471 2425 vivere,
1496 2366 1557 2416 ut
1578 2360 1655 2415 ad
1677 2360 1788 2415 hoc
1817 2359 1919 2415 ad-

242 2452 271 2524 .j
284 2451 456 2508 uvari
488 2452 589 2506 Dei
620 2452 812 2522 gratia
828 2467 949 2507 non
980 2456 1245 2521 negaret.
1263 2451 1358 2506 His
1380 2450 1539 2505 enim
1558 2448 1777 2504 auditis
1798 2464 1920 2504 ver-

257 2542 376 2611 bis,
409 2540 684 2596 catholici
715 2540 1005 2596 antistites
1051 2538 1277 2596 nullam
1308 2539 1485 2595 aliam
1534 2538 1632 2593 Dei
1664 2538 1918 2607 gratiam

256 2630 589 2698 intelligere
611 2629 1077 2701 potuerunt,nisi
1093 2644 1281 2700 quam
1303 2629 1361 2683 in
1389 2628 1571 2684 Libris
1587 2628 1685 2683 Dei
1704 2626 1918 2695 legere,

260 2724 317 2775 et
343 2718 583 2791 populis
608 2718 1047 2789 Deiprmdicare
1078 2722 1694 2773 consueverunt:eam
1718 2716 1922 2787 utique

258 2808 335 2863 de
368 2824 492 2880 qua
521 2807 661 2863 dicit
688 2806 1179 2879 Apostolus,Non
1205 2806 1444 2861 irritam
1464 2806 1629 2875 facio
1660 2805 1918 2875 gratiam

258 2898 388 2953 Dei.
413 2898 568 2954 Nam
599 2897 650 2951 si
667 2912 778 2965 per
806 2897 1013 2965 Legem
1025 2895 1290 2966 justitia,
1319 2910 1459 2965 ergo
1486 2894 1755 2950 Christus
1783 2908 1919 2964 gra-

258 2986 331 3042 tis
366 2992 636 3041 mortuus
663 2992 745 3041 est
772 2984 995 3056 (Galat.
1029 3000 1089 3049 ιι,
1126 2984 1253 3052 21);
1287 2982 1414 3037 sine
1444 2982 1633 3037 dubio
1663 2982 1921 3053 gratiam

210 3088 215 3093 '
258 3090 384 3147 qua
407 3074 810 3143 justiﬁcamur
835 3071 914 3127 ab
943 3072 1347 3144 iniquitate,et
1371 3086 1494 3143 qua
1515 3070 1820 3125 salvamur
1842 3069 1920 3125 ab

257 3163 629 3227 inﬁrmitate,
645 3177 765 3217 non
791 3176 914 3233 qua
944 3161 1123 3216 creati
1147 3177 1357 3215 sumus
1387 3175 1527 3215 cum
1554 3160 1799 3231 propria
1825 3174 1921 3214 vo-

256 3251 508 3307 luntate.
524 3253 668 3307 Nam
694 3250 741 3305 si
761 3248 1190 3305 intellexissent
1210 3247 1291 3303 illi
1305 3247 1567 3319 episcopi
1589 3263 1722 3303 eam
1748 3246 1919 3301 illum

258 3340 458 3397 dicere
488 3340 763 3409 gratiam,
790 3354 976 3410 quam
1001 3339 1179 3393 etiam
1210 3354 1346 3393 cum
1375 3336 1575 3408 impiis
1601 3336 1917 3401 habemus,

260 3444 402 3484 cum
422 3428 644 3500 quibus
670 3427 942 3483 homines
968 3442 1178 3481 sumus
1201 3442 1215 3491 ;
1236 3440 1455 3497 negare
1477 3440 1618 3480 vero
1643 3441 1775 3480 eam
1797 3440 1921 3496 qua

260 3517 567 3572 christiani
594 3520 647 3571 et
672 3514 775 3571 ﬁlii
809 3513 903 3569 Dei
934 3514 1322 3586 sumus;quis
1346 3528 1486 3567 eum
1514 3513 1803 3583 patienter
1822 3527 1918 3567 ca-

261 3606 620 3661 tholicorum
662 3604 1039 3660 sacerdotum
1074 3618 1196 3657 non
1235 3603 1493 3658 dicimus
1527 3602 1776 3668 audiret,
1810 3600 1919 3657 sed

260 3702 399 3751 ante
430 3694 636 3750 oculos
663 3710 803 3748 suos
833 3692 1045 3747 ferret?
1074 3693 1447 3763 Quapropter
1477 3706 1597 3747 non
1630 3689 1917 3763 culpandi

261 3791 402 3839 sunt
435 3781 685 3853 judices,
732 3782 877 3852 quia
905 3781 1306 3835 ecclesiastica
1345 3779 1778 3835 consuetudine
1810 3795 1915 3834 no-

263 3888 401 3928 men
427 3872 632 3944 gratim
665 3871 1002 3935 audierunt,
1036 3870 1364 3925 nescientes
1394 3869 1539 3941 quid
1570 3867 1918 3939 hujusmodi

260 3961 537 4018 homines
565 3960 655 4015 vel
685 3959 744 4015 in
778 3975 898 4014 sum
925 3957 1205 4013 doctrinm
1234 3957 1421 4025 libris,
1456 3958 1548 4013 vel
1578 3959 1635 4013 in
1669 3972 1919 4013 suorum

264 4049 454 4107 solent
485 4048 733 4105 auribus
765 4062 1065 4119 spargere.

333 4144 386 4196 3.
405 4140 535 4194 Non
558 4137 734 4209 igitur
748 4137 822 4192 de
848 4152 968 4192 uno
996 4134 1371 4208 Pelagio,qui
1398 4134 1523 4206 jam
1551 4134 1698 4191 forte
1725 4150 1923 4191 corre-

262 4234 395 4285 ctus
426 4226 713 4300 est,quod
741 4227 966 4282 utinam
989 4226 1069 4281 ita
1085 4227 1158 4280 sit
1174 4242 1187 4291 ;
1203 4225 1307 4280 sed
1325 4224 1398 4279 de
1418 4230 1535 4280 tam
1558 4224 1778 4290 multis,
1794 4224 1922 4295 qui-

262 4317 377 4374 bus
414 4316 744 4389 loquaciter
780 4314 1298 4379 contendentibus,
1332 4320 1387 4369 et
1430 4314 1699 4369 infirmas
1742 4318 1921 4385 atque

262 4406 589 4463 incruditas
625 4406 855 4460 animas
887 4404 1043 4458 velut
1075 4403 1303 4458 vinctas
1340 4407 1359 4438 ⁸
1396 4402 1793 4467 trahentibus,
1828 4402 1921 4456 tir-

266 4511 398 4551 mas
424 4500 627 4550 autem
657 4500 713 4548 et
738 4493 799 4549 in
825 4492 943 4548 ﬁde
969 4491 1209 4547 stabiles
1230 4492 1364 4563 ipsa
1385 4492 1761 4547 contentione
1791 4490 1923 4546 fati-

266 4582 570 4657 gantibus,
587 4597 1022 4653 usquequaque
1047 4581 1175 4649 jam
1198 4580 1375 4651 plena
1398 4585 1535 4635 sunt
1563 4579 1789 4635 omnia.
1809 4583 1925 4635 Aut

265 4688 404 4743 ergo
427 4689 462 4728 a
488 4676 590 4727 tua
616 4672 1000 4727 Veneratione
1017 4669 1337 4725 acciendus
1355 4675 1443 4725 est
1471 4672 1743 4734 Romam,
1760 4673 1816 4723 et
1836 4667 1923 4722 di-

270 4761 518 4832 ligenter
562 4760 1021 4829 interrogandus
1066 4774 1251 4829 quam
1292 4758 1452 4813 dicat
1494 4758 1769 4827 gratiam,
1802 4772 1922 4829 qua

270 4849 537 4915 fateatur,
564 4848 608 4905 si
630 4854 831 4904 tamen
849 4847 978 4919 jam
1001 4847 1275 4915 fateatur,
1292 4850 1368 4902 ad
1393 4862 1513 4901 non
1546 4846 1921 4918 peccandum

261 4938 537 5011 justeque
553 4938 870 4993 vivendum
886 4936 1162 4991 homines
1178 4935 1274 5006 adj
1288 4935 1579 5005 uvari;aut
1594 4936 1705 4989 hoc
1720 4935 1922 5006 ipsum

328 5065 357 5127 ¹ν
376 5061 527 5127 Apud
548 5060 671 5127 Bad.
690 5062 807 5109 Am.
831 5060 914 5127 Er.
939 5060 1064 5127 Lov_.
1088 5060 1359 5127 e_t_Cop_cil.
1387 5059 1670 5127 editiones,
1695 5059 1816 5127 quia
1836 5073 1923 5109 vos

266 5126 394 5175 talia
405 5123 721 5189 persuasisse
739 5123 1021 5189 perhibent.
1038 5123 1096 5171 In
1116 5123 1210 5189 Ms.
1231 5123 1426 5189 Vatic.,
1443 5123 1564 5189 quia
1579 5123 1923 5189 ne_bi_s..._pei_--

265 5184 484 5237 hibetur.
518 5184 760 5250 Fortasse
784 5186 1090 5250 legendum,
1119 5186 1240 5250 quia
1264 5186 1427 5238 vobis.
1454 5184 1607 5234 Certe
1636 5184 1919 5246 Pelagiani,

267 5252 340 5300 uti
360 5252 543 5299 narrat
565 5247 992 5313 Possidiusc.18,
1007 5263 1033 5294 α
1058 5247 1334 5313 perfidiam
1352 5262 1504 5295 suam
1524 5260 1791 5313 persuam
1812 5260 1922 5295 am-

264 5331 288 5358 «
327 5313 584 5361 hitionem
605 5309 942 5360 conabantur
964 5309 1286 5373 persuadere
1307 5314 1504 5359 sanctm
1528 5309 1676 5358 Sedi:
1702 5327 1726 5354 ιι
1748 5322 1921 5373 neque

264 5375 510 5425 absimile
538 5388 665 5423 vero
692 5378 773 5423 est
789 5370 1053 5434 jactatum
1075 5372 1239 5421 fuisse
1272 5374 1337 5421 ab
1369 5374 1497 5434 ipsis
1519 5385 1645 5434 eam
1664 5385 1719 5420 se
1744 5370 1817 5419 illi
1840 5370 1921 5420 re-

263 5440 379 5500 ipsa
404 5438 751 5501 persuasisse.
780 5433 1024 5483 Attamen
1049 5433 1423 5498 amplectimur
1447 5434 1606 5482 aliam
1639 5433 1919 5482 lectionem

265 5515 329 5549 ex
361 5502 452 5547 Ms.
486 5502 653 5548 Oxon.
687 5499 1033 5547 substitutam
1056 5511 1087 5546 a
1117 5499 1172 5545 lt.
1200 5498 1251 5544 Ρ.
1271 5497 1571 5555 Quesnelio.
1596 5498 1678 5544 cui
1704 5497 1923 5555 vulgata

265 5515 329 5549 ex
361 5512 452 5547 ms.
486 5512 653 5548 uxon.
687 5512 1033 5547 substitutam
1056 5512 1087 5546 a
1117 5512 1172 5545 ιι.
1202 5512 1251 5544 ιι.
1271 5512 1571 5555 uuesneuo.
1596 5512 1678 5544 cui
1704 5512 1919 5557 vulgata

263 5563 420 5612 lectio
450 5562 837 5611 contumeliosa
868 5562 921 5609 in
954 5560 1255 5609 Romanum
1282 5562 1587 5622 pontiﬁcem
1622 5558 1919 5607 videbatur.

324 5629 343 5660 ²
379 5625 503 5674 Bad.
535 5627 647 5674 Am.
682 5624 761 5673 Er.
792 5627 843 5673 et
869 5622 1015 5678 Lov.,
1039 5620 1348 5671 convinctas.
1377 5623 1442 5669 At
1466 5620 1610 5678 Mss.,
1642 5624 1855 5670 vinctas.

328 5689 401 5751 (a)
436 5688 595 5739 Gesta
624 5685 1003 5752 Diospolitanm
1034 5684 1249 5750 synodi.

1502 197 2005 259 EPISTOLARUM
2044 200 2330 260 CLASSIS
2368 202 2466 259 III.

3566 194 3675 251 706

2016 339 2155 381 cum
2196 342 2267 383 eo
2306 343 2412 399 per
2448 328 2674 384 litteras
2724 324 3030 396 agendum
3075 338 3087 378 :
3120 328 3179 380 et
3219 338 3358 380 cum
3398 322 3674 379 inventus

2017 412 2190 471 fuerit
2208 416 2364 472 hanc
2389 417 2585 473 dicere
2606 432 2791 488 quam
2813 414 2987 471 docet
3008 413 3410 469 ecclesiastica
3426 417 3482 467 et
3500 426 3674 482 apos-

2017 503 2192 560 tolica
2238 506 2473 569 veritas,
2523 510 2663 562 tunc
2711 504 2837 558 sine
2888 502 3008 557 ullo
3050 500 3332 573 scrupulo
3384 500 3670 563 Ecclesim,

2017 592 2144 648 sine
2174 593 2422 650 latibulo
2462 592 2870 663 ambiguitatis
2907 591 3081 646 ullius
3124 590 3531 646 absolvendus
3562 592 3671 653 est,

2019 685 2159 737 tunc
2187 687 2275 737 est
2300 698 2508 738 revera
2537 682 2611 737 de
2641 682 2771 753 ejus
2807 679 3159 750 purgatione
3187 677 3599 748 gaudendum.

2087 773 2141 825 4.
2191 770 2322 827 Sive
2343 771 2500 826 enim
2534 770 2785 840 gratiam
2817 768 3032 823 dixerit
3060 782 3192 822 esse
3233 766 3485 821 liberum
3515 764 3676 821 arbi-

2018 858 2221 925 trium,
2247 859 2368 915 sive
2392 860 2645 932 gratiam
2674 873 2803 913 esse
2826 855 3235 911 remissionem
3265 857 3673 924 peccatorum,

2021 948 2145 1003 sive
2167 948 2420 1017 gratiam
2451 946 2743 1017 esselegis
2770 948 3134 1017 prmceptum
3153 959 3166 1006 ;
3188 942 3331 997 nihil
3352 955 3557 997 eorum
3590 941 3677 995 di-

2020 1036 2115 1102 cit,
2135 1052 2270 1108 qum
2298 1052 2401 1108 per
2426 1034 3039 1091 subministrationem
3063 1031 3311 1103 Spiritus
3337 1029 3525 1085 sancti
3549 1045 3677 1100 per-

2020 1125 2293 1181 tinentad
2310 1124 2827 1197 concupiscentias
2841 1118 3674 1190 tentationesquevincendas,

2020 1229 2202 1287 quem
2227 1214 2519 1269 ditissime
2549 1212 2831 1269 etfuditin
2858 1226 2967 1266 nos
2992 1211 3130 1280 (Tit.
3153 1207 3440 1278 111,6),qui
3469 1221 3677 1263 ascen-

2020 1303 2107 1358 dit
2131 1303 2189 1357 in
2213 1302 2454 1369 caelum,
2474 1308 2531 1358 et
2559 1301 2869 1373 captivans
2894 1299 3300 1370 captivitatem
3332 1296 3494 1351 dedit
3514 1295 3676 1352 dona

2020 1391 2657 1462 hominihus(Eph.iv,
2675 1391 2748 1461 8).
2768 1388 2909 1444 Hinc
2926 1386 3086 1441 enim
3114 1400 3358 1440 oramus
3386 1389 3449 1439 ut
3474 1398 3677 1453 pecca-

2021 1482 2219 1535 torum
2252 1482 2635 1534 tentationem
2668 1492 2948 1549 superare
2980 1475 3307 1546 possimus,
3333 1480 3392 1528 ut
3422 1471 3674 1543 Spiritus

2025 1569 2145 1632 Dei,
2170 1568 2327 1623 unde
2361 1568 2579 1638 pignus
2611 1567 2954 1637 accepimus
2975 1564 3041 1635 (ll
3072 1564 3280 1626 Cor.ii,
3302 1560 3676 1631 22),adjuvet

2024 1656 2429 1711 infirmitatem
2450 1660 2711 1711 nostram
2737 1655 2928 1724 (Rom.
2946 1668 3063 1717 vui,
3078 1652 3192 1721 26).
3211 1649 3320 1715 Qui
3336 1654 3535 1705 autem
3551 1651 3682 1703 orat

2024 1751 2080 1801 et
2108 1745 2265 1809 dicit,
2293 1745 2395 1805 Ne
2414 1760 2519 1799 nos
2542 1743 2772 1813 inferas
2804 1745 2865 1798 in
2896 1741 3297 1804 tentationem,
3326 1753 3447 1793 non
3480 1737 3681 1808 utique

2024 1834 2083 1889 id
2110 1840 2318 1890 oratut
2346 1834 2531 1889 homo
2559 1832 2653 1897 sit,
2671 1832 2835 1903 quod
2858 1835 2945 1886 est
2975 1834 3220 1894 natura;
3244 1842 3438 1898 neque
3461 1825 3522 1881 id
3549 1828 3683 1880 orat

2024 1928 2090 1978 ut
2122 1922 2343 1978 habeat
2382 1921 2635 1977 liberum
2680 1920 3013 1985 arbitrium,
3060 1916 3224 1990 quod
3264 1916 3389 1986 jam
3432 1914 3679 1984 accepit,

2025 2027 2163 2068 cum
2195 2015 2492 2067 crearetur
2524 2009 2661 2081 ipsa
2707 2014 2953 2073 natura;
2998 2021 3192 2077 neque
3222 2009 3352 2060 orat
3381 2002 3681 2058 remissio-

2026 2116 2164 2156 nem
2183 2097 2737 2171 peccatorum,quia
2756 2098 2870 2153 hoc
2894 2094 3168 2167 superius
3185 2093 3422 2157 dicitur,
3438 2090 3685 2147 Dimitte

2026 2188 2193 2246 nobis
2213 2188 2409 2245 debita
2432 2192 2636 2245 nostra
2648 2187 2889 2259 (Matth.
2911 2201 2985 2249 vr,
3006 2183 3196 2254 13,12)
3215 2199 3227 2247 ;
3247 2196 3439 2252 neque
3461 2184 3592 2236 orat
3620 2182 3683 2233 ut

2027 2279 2282 2349 accipiat
2310 2276 2664 2333 mandatum
2691 2291 2704 2330 :
2730 2275 2833 2329 sed
2862 2274 3036 2345 plane
3058 2278 3187 2327 orat
3218 2278 3278 2325 ut
3308 2268 3490 2327 faciat
3516 2282 3684 2324 man-

2027 2366 2238 2422 datum
2270 2368 2311 2421 ¹.
2348 2367 2405 2421 Si
2445 2366 2607 2421 enim
2646 2364 2708 2419 in
2740 2363 3125 2420 tentationem
3167 2359 3446 2414 inductus
3485 2356 3681 2419 fuerit,

2026 2455 2141 2511 hoc
2171 2459 2279 2521 est,
2311 2456 2371 2511 in
2405 2454 2723 2510 tentatione
2753 2451 3052 2518 defecerit,
3078 2449 3217 2505 facit
3242 2449 3446 2519 utique
3477 2461 3684 2517 pecca-

2029 2550 2155 2599 tum
2186 2544 2351 2616 quod
2380 2549 2469 2598 est
2496 2547 2705 2599 contra
2738 2540 3116 2597 mandatum.
3140 2539 3281 2595 Orat
3304 2551 3445 2605 ergo
3474 2539 3536 2590 ut
3563 2549 3683 2589 non

2028 2633 2382 2705 peccet,hoc
2403 2638 2489 2687 est
2520 2648 2591 2687 ne
2613 2631 2755 2703 quid
2778 2630 2956 2686 faciat
2984 2625 3321 2698 mali,quod
3353 2640 3459 2696 pro
3487 2622 3685 2678 Corin-

2030 2722 2166 2778 thiis
2183 2727 2312 2777 orat
2332 2720 2649 2793 Apostolus
2674 2719 2913 2782 Paulus,
2936 2718 3175 2773 dicens:
3200 2714 3455 2771 Oramus
3484 2718 3681 2769 autem

2028 2812 2110 2867 ad
2137 2813 2455 2867 Dominum
2486 2826 2559 2865 ne
2588 2809 2726 2880 quid
2750 2806 2992 2878 faciatis
3021 2807 3171 2861 mali
3199 2805 3267 2875 (ll
3293 2804 3429 2859 Cor.
3458 2816 3579 2870 xm,
3604 2802 3683 2870 τ).

2030 2900 2194 2955 Unde
2218 2900 2358 2956 satis
2381 2902 2631 2970 apparet
2650 2897 2812 2969 quod
2837 2896 2911 2950 ad
2932 2910 3051 2950 non
3076 2892 3470 2965 peccandum,
3495 2890 3555 2945 id
3576 2895 3684 2955 est,

2029 2988 2106 3044 ad
2124 3004 2244 3043 non
2263 2987 2418 3044 male
2441 2984 3089 3057 faciendum,quamvis
3102 2998 3233 3036 esse
3249 2996 3368 3035 non
3382 2978 3687 3034 dubitetur

2029 3077 2337 3133 arbitrium
2360 3075 2699 3140 voluntatis,
2715 3079 2915 3130 tamen
2938 3073 3069 3142 ejus
3092 3074 3354 3141 potestas
3382 3082 3501 3122 non
3521 3064 3685 3120 sufﬁ-

2027 3167 2164 3232 ciat,
2182 3167 2295 3221 nisi
2312 3166 2630 3235 adjuvetur
2651 3162 2991 3218 inﬁrmitas.
3007 3163 3145 3232 Ipsa
3161 3159 3338 3227 igitur
3351 3153 3685 3220 oratio,cla—
3740 3226 3748 3237 ἱ

2026 3256 2264 3313 rissima
2291 3262 2375 3312 est
2400 3256 2601 3326 gratim
2636 3251 3164 3309 testiﬁcatiozhanc
3189 3248 3283 3303 ille
3309 3246 3680 3308 conﬁteatur,

2027 3352 2085 3402 et
2117 3363 2253 3402 eum
2288 3345 2690 3415 gaudebimus
2720 3343 2842 3398 sive
2877 3346 3132 3403 rectum,
3161 3339 3282 3393 sive
3316 3339 3673 3391 correctum.

2103 3441 2151 3492 5.
2190 3433 2617 3504 Distinguenda
2642 3439 2728 3488 est
2756 3431 2869 3497 lex,
2896 3434 2952 3485 et
2982 3428 3323 3498 gratia.Lex
3350 3424 3561 3496 jubere
3583 3436 3687 3477 no-

2029 3523 2133 3586 vit,
2154 3525 2345 3593 gratia
2368 3524 2602 3594 juvare.
2626 3525 2739 3577 Nec
2764 3521 2858 3576 lex
2878 3519 3133 3590 juberet,
3160 3515 3271 3571 nisi
3296 3518 3450 3570 esset
3480 3512 3689 3567 volun-

2031 3620 2148 3681 tas;
2178 3629 2287 3668 nec
2314 3614 2502 3681 gratia
2528 3612 2785 3682 juvaret,
2812 3609 2860 3663 si
2894 3612 2984 3663 sat
3013 3608 3169 3661 esset
3200 3600 3690 3659 voluntas.Jube-

2031 3709 2122 3757 tur
2168 3708 2228 3757 ut
2272 3701 2607 3756 habeamus
2659 3698 3039 3760 intellectum,
3088 3694 3171 3750 uti
3218 3692 3454 3757 dicitur,
3486 3690 3689 3747 Nolite

2029 3807 2146 3849 esse
2170 3792 2323 3847 sicut
2345 3805 2527 3862 equus
2548 3796 2599 3846 et
2626 3788 2845 3851 mulus,
2866 3784 3073 3857 quibus
3100 3798 3219 3838 non
3247 3789 3327 3837 est
3349 3780 3687 3835 intellectus

2030 3880 2217 3947 (Psal.
2244 3895 2398 3945 xxxi,
2436 3880 2525 3949 9);
2554 3883 2609 3933 et
2635 3882 2832 3932 tamen
2863 3889 3108 3930 oramus
3135 3876 3197 3926 ut
3223 3869 3561 3925 habeamus
3592 3866 3687 3922 in-

2030 3969 2348 4035 tellectum,
2383 3968 2484 4023 ubi
2515 3966 2747 4029 dicitur,
2780 3966 2873 4020 Da
2901 3961 3052 4018 mihi
3084 3960 3448 4016 intellectum
3476 3962 3542 4012 ut
3573 3956 3689 4011 dis-

2031 4075 2162 4116 cam
2198 4058 2485 4114 mandatu
2530 4063 2634 4111 tua
2672 4054 2856 4127 (Psal.
2909 4053 3104 4115 cxviii,
3152 4048 3294 4119 125).
3334 4046 3578 4102 Jubetur
3627 4048 3690 4099 ut

2031 4147 2361 4203 habeamus
2393 4145 2773 4217 sapientiam,
2796 4142 2890 4198 ubi
2911 4141 3143 4205 dicitur,
3165 4136 3347 4193 Stulti
3363 4132 3688 4206 aliquando

2031 4238 2219 4305 sapite
2242 4237 2433 4307 (Psal.
2454 4234 2682 4306 cxm,8)
2704 4250 2718 4301 ;
2742 4239 2797 4287 et
2825 4237 3021 4287 tamen
3040 4233 3243 4285 oratur
3269 4232 3331 4282 ut
3355 4224 3689 4281 habeamus

2033 4326 2416 4398 sapientiam,
2445 4324 2545 4379 ubi
2576 4322 2808 4385 dicitur,
2841 4319 2901 4375 Si
2923 4321 3054 4391 quis
3084 4324 3283 4374 autem
3322 4320 3579 4371 vestrum
3600 4315 3689 4367 in-

2030 4417 2191 4486 diget
2228 4413 2541 4483 sapientia,
2583 4411 2839 4480 postulet
2870 4424 2905 4464 a
2946 4409 3084 4471 Deo,
3128 4404 3230 4476 qui
3271 4403 3378 4459 dat
3419 4400 3689 4457 omnibus

2031 4506 2371 4575 afﬂuenter,
2404 4509 2454 4557 et
2485 4517 2606 4556 non
2640 4499 3045 4566 improperat,‘
3073 4493 3125 4549 ei
3154 4492 3399 4548 dabitur
3420 4489 3473 4545 ei
3504 4488 3523 4524 ί
3556 4487 3690 4575 (Ja-

2032 4574 2160 4650 σοὺί
2188 4609 2225 4657 ι,
2258 4593 2339 4659 5).
2370 4590 2620 4645 Jubctur
2652 4592 2712 4642 ut
2739 4585 3077 4641 habeamus
3102 4578 3550 4641 continentiam,
3583 4574 3689 4631 ubi

2031 4682 2268 4745 dicitur,
2298 4680 2435 4737 Sint
2465 4675 2651 4733 lumbi
2680 4674 2856 4732 vestri
2882 4670 3190 4741 praecincti
3220 4669 3389 4740 (Luc.
3422 4681 3523 4731 xu,
3550 4664 3684 4736 35);

2031 4777 2083 4827 et
2116 4777 2315 4827 tamen
2342 4784 2589 4824 oramus
2625 4770 2689 4821 ut
2730 4763 3069 4820 habeamus
3099 4756 3550 4819 continentiam,
3582 4752 3689 4809 ubi

2030 4860 2265 4924 dicitur,
2286 4858 2428 4915 Cum
2450 4857 2657 4913 scirem
2674 4854 2810 4927 quia
2832 4867 3000 4909 nemo
3022 4855 3209 4920 potest
3223 4863 3341 4905 esse
3362 4846 3685 4903 continens,

2031 4951 2148 5006 nisi
2169 4950 2324 5004 Deus
2356 4948 2538 5010 det,et
2558 4944 2661 5000 hoc
2686 4946 2875 5013 ipsum
2908 4945 3037 4998 erat
3057 4938 3384 5009 sapientis,
3411 4934 3560 4991 scire
3586 4945 3688 4985 cu-

2020 5042 2125 5110 jus
2151 5043 2293 5095 esset
2319 5037 2427 5093 hoc
2452 5036 2669 5091 donum
2689 5055 2711 5103 ;
2729 5032 2854 5089 adii
2882 5030 3222 5096 Dominum,
3250 5033 3303 5082 et
3336 5024 3687 5110 deprecatus

2030 5105 2158 5182 sum
2186 5122 2607 5197 (Sap.vni,21).
2636 5124 2936 5177 Postremo
2959 5133 3031 5173 ne
3058 5116 3311 5171 nimium
3336 5111 3585 5197 longum
3611 5105 3688 5161 sit

2030 5194 2245 5271 cuncta
2266 5210 2883 5286 percurrere,jubetur
2901 5211 2961 5261 ut
2975 5220 3095 5260 non
3118 5201 3413 5258 faciamus
3431 5194 3681 5261 malum,

2092 5376 2105 5402 ¹
2142 5373 2370 5421 Deerant
2400 5370 2542 5434 apud
2574 5367 2703 5434 ,Bad.
2741 5362 2984 5434 Am._E_r.
3036 5363 3089 5409 et
3116 5359 3247 5408 Lov.
3283 5353 3684 5434 vestististhmc,

2028 5436 2111 5484 sed
2136 5416 2541 5496 ﬂagiﬁiii
2554 5416 2710 5495 faciat
2736 5427 3036 5477 mandatum
3061 5437 3079 5482 ;
3107 5434 3225 5485 qum
3255 5433 3317 5468 ex
3352 5418 3522 5467 Vatic.
3553 5416 3678 5470 Mss.

2028 5502 2810 5619 reitiiziiucng'subsequentem
2836 5549 3135 5619 ρεξςίοάυτξιι
3158 5550 3453 5619 ,υῑζαξηίῐυθ
3478 5541 3533 5592 in
3566 5542 3687 5619 βψ

2024 5604 2365 5671 tenus—editis
2390 5604 2537 5682 parte
2564 5604 2738 5682 priore
2771 5604 3034 5682 mutilam,
3062 5610 3209 5660 sicin
3240 5604 3511 5674 integrum
3536 5604 3684 5655 resti-

2026 5688 2187 5735 tuunt
2218 5684 2348 5735 Mss.
2390 5676 2645 5732 Vaticfet
2674 5676 2951 5729 Fuxensis.
