4098 6166
485 189 595 244 767

479 314 581 370 ubi
613 314 845 379 dicitur,
875 313 1110 369 Declina
1130 327 1166 368 a
1193 312 1383 380 malo,-
1406 315 1460 368 et
1477 315 1674 367 tamen
1697 317 1902 368 oratur
1923 317 1985 366 ut
2004 328 2126 368 non

482 404 767 460 faciamus
815 402 1063 464 malum,
1105 400 1207 455 ubi
1253 401 1482 466 dicitur,
1518 401 1769 457 Oramus
1807 407 2002 458 autem
2048 402 2128 457 ad

479 493 791 548 Dominum
806 506 878 545 ne
894 490 1038 561 quid
1054 490 1295 560 faciatis
1311 491 1475 546 mali.
1492 491 1658 545 .lubet
1673 507 1738 546 ur
1754 497 1813 546 ut
1832 491 2127 546 faciamus

481 583 729 645 bonum,
759 579 858 633 ubi
887 579 1120 642 dicitur,
1155 580 1395 634 Declina
1426 595 1460 634 a
1494 581 1670 645 malo,
1704 587 1756 636 et
1784 582 1884 649 [ac
1912 580 2126 635 bonum

479 670 661 741 (Psal.
697 684 894 731 xxxvr,
930 669 1133 737 27);et
1156 676 1353 723 tamen
1386 675 1590 723 oratur
1621 677 1682 722 ut
1707 669 1999 724 faciamus
2027 672 2128 722 bo-

478 773 646 820 num,
667 758 767 811 ubi
789 757 1023 819 dicitur,
1038 757 1174 811 Non
1197 772 1488 812 cessamus
1507 774 1618 826 pro
1637 758 1795 813 vobis
1816 764 2051 813 orantes
2073 762 2128 812 et

474 849 847 915 postulantes
871 864 886 900 :
912 852 1090 916 atque
1113 847 1260 900 inter
1289 853 1522 910 caetera,
1544 863 1677 918 quae
1702 863 1808 918 pro
1837 847 1949 901 illis
1976 852 2125 912 orat,

478 935 644 1001 dicit,
669 936 740 991 Ut
759 934 1073 991 ambuletis
1093 935 1271 1003 digne
1287 936 1400 989 Deo
1416 935 1476 989 in
1495 951 1664 992 omne
1677 936 2129 1006 beneplacitum,

477 1024 539 1078 in
572 1025 732 1079 omni
775 1039 948 1093 opere
990 1031 1040 1078 et
1078 1039 1339 1079 sermone
1371 1025 1518 1080 bono
1553 1026 1802 1094 (Coloss.
1852 1045 1887 1088 ι,
1929 1029 1979 1092 9,
2020 1029 2126 1097 t0).

481 1112 640 1168 Sicut
661 1128 800 1181 ergo
819 1112 1204 1182 agnoscimus
1220 1113 1605 1177 voluntatem,
1627 1129 1762 1168 cum
1786 1115 1912 1168 haec
1927 1116 2129 1184 praeci-

482 1200 748 1274 piuntur;
765 1201 847 1255 sic
864 1200 1057 1272 etipse
1071 1206 1360 1270 agnoscat
1375 1202 1650 1271 gratiam,
1667 1219 1801 1257 cum
1827 1208 2123 1273 petuntur.

549 1290 600 1344 6.
618 1291 877 1345 Misimus
891 1289 1250 1345 Reverentia:
1266 1296 1376 1345 tute
1392 1290 1821 1363 librum,quem
1836 1293 2129 1348 dederunt

476 1379 725 1450 quidam
754 1378 1008 1450 religiosi
1038 1384 1092 1435 et
1121 1380 1356 1435 honesti
1387 1381 1795 1436 adolescentes
1823 1383 1976 1436 servi
2004 1381 2125 1451 Dei,

477 1483 737 1539 quorum
754 1469 930 1522 etiam
955 1468 1202 1524 nomina
1223 1485 1343 1524 non
1366 1474 1630 1525 tacemus
1647 1488 1659 1538 ;
1675 1486 1816 1525 nam
1838 1472 2129 1526 Timasius

478 1561 534 1610 et
557 1556 814 1611 Jacobus
843 1563 1157 1616 vocantur:
1184 1558 1306 1628 qui,
1325 1560 1476 1612 sicut
1501 1559 2127 1628 audivimus,eletiam

479 1659 658 1699 nosse
707 1644 987 1714 dignaris,
1025 1645 1210 1717 ipsius
1255 1647 1474 1715 Pelagii
1506 1647 1912 1703 exhortatione
1956 1664 2124 1721 spem

478 1748 662 1804 quam
680 1732 980 1788 habebant
999 1734 1057 1788 in
1083 1735 1300 1790 saeculo
1325 1737 1781 1806 reliquerunt,et
1809 1752 1967 1791 nunc
1989 1753 2128 1792 cou-

480 1821 732 1876 tinentes
749 1823 864 1876 Deo
877 1822 1274 1887 serviunt.Qui
1295 1839 1432 1878 cum
1445 1824 1656 1878 eodem
1677 1841 1869 1881 errore
1883 1826 2125 1880 tandem

479 1909 805 1979 aliquando
828 1926 932 1981 per
948 1911 1448 1984 qualemcumque
1470 1929 1714 1983 operam
1736 1919 1998 1970 nostram
2021 1918 2124 1970 Do-

479 1997 644 2053 mino
675 1997 999 2066 inspirante
1045 1999 1390 2070 caruissent,
1426 2002 1796 2072 protulerunt
1842 2003 2121 2059 eumdem

479 2086 954 2156 librum,Pelagii
980 2103 1106 2142 esse
1128 2087 1412 2154 dicentes,
1438 2095 1492 2144 et
1512 2094 1574 2144 ut
1593 2091 1644 2145 ei
1667 2092 2127 2163 responderetur

476 2173 783 2246 impendio
811 2183 1191 2245 rogaverunt.
1227 2179 1469 2234 Factum
1491 2184 1606 2245 est;
1629 2180 1704 2234 ad
1733 2180 1972 2236 eosdem
2002 2198 2127 2237 res-

479 2263 665 2335 cripta
697 2270 783 2320 est
813 2265 949 2336 ipsa
980 2267 1292 2337 responsio
1323 2268 1406 2339 (a)
1444 2285 1456 2323 :
1490 2275 1734 2339 agentes
1761 2272 1983 2340 gratias
2007 2287 2126 2325 res-

475 2353 803 2424 cripserunt
822 2354 922 2425 (b).
945 2357 1267 2427 Utrumque
1281 2357 1571 2424 misimus,
1587 2364 1640 2413 et
1659 2360 1752 2413 cui
1771 2375 2122 2430 responsum

478 2447 586 2509 est,
613 2446 668 2497 et
697 2444 860 2513 quod
883 2459 1238 2514 responsum
1255 2449 1342 2499 est
1369 2462 1380 2499 :
1407 2451 1462 2500 et
1482 2462 1555 2500 ne
1579 2447 1830 2502 nimium
1860 2465 2126 2503 essemus

478 2531 738 2595 onerosi,
768 2531 939 2600 signa
969 2530 1219 2586 fecimus
1247 2532 1339 2586 his
1375 2533 1522 2588 locis
1565 2535 1663 2589 ubi
1705 2537 1962 2606 petimus
2001 2537 2122 2590 ins-

479 2617 678 2688 picere
708 2635 825 2672 non
865 2621 1147 2689 graveris,
1179 2623 1698 2692 quemadmodum
1740 2625 1848 2679 sibi
1891 2625 2126 2696 objecta

476 2706 811 2777 quaestione
836 2707 999 2780 quod
1020 2709 1274 2777 gratiam
1302 2711 1396 2765 Dei
1424 2713 1778 2781 negaret,ita
1794 2713 2124 2784 respondit,

481 2799 542 2849 ut
571 2811 705 2850 eam
737 2812 864 2850 esse
894 2813 1014 2852 non
1045 2799 1262 2853 diceret
1292 2799 1408 2855 nisi
1447 2807 1727 2856 naturam
1766 2803 1824 2856 in
1856 2818 1976 2873 qua
2015 2818 2126 2858 nos

477 2884 747 2939 condidit
777 2885 949 2940 Deus.

548 2979 599 3026 7.
634 2973 689 3028 Si
729 2981 926 3029 autem
963 2975 1124 3030 hunc
1155 2991 1282 3031 esse
1321 2994 1499 3032 suum
1533 2979 1750 3034 librum
1795 2984 1986 3049 negat.
2023 2987 2124 3037 aut

476 3062 686 3117 eadem
713 3063 772 3117 in
798 3063 950 3119 libro
981 3065 1130 3131 loca,
1159 3081 1277 3121 non
1309 3069 1756 3135 contendimus;
1784 3070 2125 3126 anathemet

477 3166 566 3216 ea,
595 3156 650 3206 et
678 3151 838 3207 illam
867 3153 1220 3210 conﬁteatur
1251 3156 1622 3226 apertissime
1654 3158 1905 3226 gratiam
1937 3174 2122 3230 quam

473 3239 742 3296 doctrina
756 3241 1076 3298 christiana
1089 3243 1460 3300 demonstrat
1474 3250 1529 3300 et
1543 3247 1827 3317 praedicat
1841 3263 1969 3302 esse
1995 3263 2125 3318 pro-

474 3328 663 3400 priam
693 3330 1332 3403 Christianorum,qute
1364 3349 1481 3388 non
1509 3341 1596 3390 est
1621 3341 1855 3400 natura,
1873 3337 1972 3391 sed
2002 3352 2124 3408 qua

475 3416 738 3473 salvatur
757 3425 998 3474 natura:
1018 3435 1152 3490 quas
1175 3427 1448 3476 naturam
1472 3439 1590 3478 non
1609 3424 1854 3479 auribus
1872 3431 2121 3481 sonante

474 3505 748 3561 doctrina
778 3507 870 3561 vel
907 3507 1108 3578 aliquo
1139 3509 1489 3580 adjumento
1523 3511 1736 3568 visibili
1768 3513 1938 3577 fovet,
1972 3516 2123 3569 sicut

472 3595 770 3666 plantator
797 3596 1253 3666 quodammodo
1283 3605 1339 3655 et
1369 3599 1640 3672 irrigator
1670 3603 2032 3659 extrinsecus
2063 3606 2077 3639 ¹
2102 3623 2119 3675 ;

474 3685 574 3739 sed
602 3684 1148 3742 subministratione
1176 3689 1439 3759 spiritus,
1460 3696 1516 3745 et
1535 3691 1765 3747 occulta
1797 3693 2124 3748 misericor-

468 3772 590 3840 dia,
619 3772 917 3830 sicutfacit
941 3774 1033 3830 ille
1055 3776 1156 3848 qui
1175 3779 1274 3833 dat
1298 3779 1728 3836 incrementum
1754 3783 1904 3836 Deus
1922 3783 1968 3851 (Ι
1988 3783 2117 3837 Cor.

467 3878 547 3927 ιιι,
571 3863 648 3934 7).
681 3863 795 3918 Etsi
827 3863 987 3919 enim
1017 3867 1283 3937 quadam
1319 3883 1438 3923 non
1466 3869 1867 3939 improbanda
1892 3870 2120 3928 ratione

466 3951 677 4007 dicitur
709 3953 897 4022 gratia
941 3954 1038 4008 Dei
1079 3971 1200 4026 qua
1238 3957 1415 4011 creati
1465 3974 1696 4024 sumus,
1747 3964 1806 4012 ut
1851 3960 2121 4015 nonnihil

467 4057 759 4104 essemus,
791 4056 901 4095 nec
927 4042 1008 4097 ita
1039 4059 1306 4099 essemus
1335 4045 1562 4116 aliquid
1594 4052 1654 4101 ut
1680 4047 1936 4103 cadaver
1957 4049 2121 4120 quod

469 4143 589 4184 non
621 4129 897 4194 vivit,aut
923 4131 1102 4186 arbor
1120 4148 1255 4203 quae
1281 4148 1400 4187 non
1428 4133 1737 4200 sentit,aut
1757 4153 1936 4207 pecus
1957 4137 2119 4208 quod

468 4231 588 4271 non
621 4216 912 4289 intelligit,
935 4219 1038 4273 sed
1069 4220 1480 4293 homines.qui
1503 4228 1559 4277 et
1584 4231 1941 4289 essemus,et
1969 4226 2121 4282 vive-

466 4319 686 4376 remus,
718 4311 771 4361 et
801 4308 1176 4375 sentiremus,
1211 4315 1265 4365 et
1296 4310 1776 4381 intelligeremus,
1812 4321 1865 4367 et
1904 4315 1976 4370 de
2007 4315 2121 4370 hoc

466 4397 632 4450 tanto
663 4395 950 4452 beneﬁcio
977 4397 1230 4454 Creatori
1255 4405 1457 4454 nostro
1483 4402 1703 4469 gratias
1724 4417 1900 4471 agere
1928 4402 2119 4460 valea-

467 4499 623 4549 mus;
645 4486 801 4540 unde
820 4485 1032 4541 merito
1054 4493 1109 4542 et
1125 4488 1236 4544 ista
1261 4489 1449 4558 gratia
1466 4490 1580 4547 dici
1606 4497 1816 4562 potest,
1833 4495 1976 4564 quia
2000 4508 2119 4548 non

464 4576 929 4645 praecedentium
957 4577 1294 4648 aliquorum
1327 4579 1624 4635 bonorum
1655 4597 1903 4653 operum
1935 4582 2118 4637 meri-

467 4663 558 4729 tis,
595 4664 699 4719 sed
730 4665 988 4734 gratuita
1021 4667 1117 4722 Dei
1153 4668 1414 4723 bonitate
1446 4669 1669 4727 donata
1699 4677 1789 4726 est
1828 4689 1840 4727 :
1882 4671 1999 4727 alia
2030 4677 2120 4727 est

467 4758 666 4809 tamen
689 4770 810 4825 qua
833 4755 1233 4826 prtedestinati
1253 4773 1460 4814 vocam
1471 4759 1884 4829 ur,justiﬁcam
1895 4777 1980 4825 ur,
1998 4761 2118 4830 glo-

465 4841 792 4908 riﬁcamur,
829 4849 892 4898 ut
937 4843 1126 4899 dicere
1163 4847 1484 4916 possimus,
1512 4847 1577 4903 Si
1608 4850 1760 4904 Deus
1784 4865 1895 4918 pro
1926 4850 2114 4914 nobis,

468 4933 598 5004 quis
624 4938 832 4988 contra
851 4930 992 4986 nos?
1014 4933 1129 5000 Qui
1147 4935 1301 4990 Filio
1322 4951 1426 4990 suo
1440 4937 1679 5005 proprio
1697 4953 1814 4992 non
1835 4939 2114 5006 pepercit,

465 5022 569 5078 sed
594 5037 706 5090 pro
762 5022 932 5078 nobis
973 5023 1242 5079 omnibus
1279 5024 1532 5079 tradidit
1579 5040 1707 5081 eum
1754 5027 1941 5098 (Rom.
1994 5043 2115 5090 vm,

473 5112 561 5177 31,
612 5115 720 5175 32).

527 5275 541 5305 ¹
577 5273 703 5322 Lov.
733 5286 744 5321 :
769 5272 1022 5323 Solvatur
1049 5276 1259 5328 natura,
1275 5286 1379 5319 non
1402 5272 1613 5320 auribus
1638 5278 1851 5320 sonante
1878 5273 2115 5324 doctrina

466 5335 544 5383 vel
564 5336 735 5398 aliquo
759 5337 1056 5397 adjumento
1091 5335 1291 5383 visibili
1309 5335 1434 5383 sicut
1455 5335 1723 5396 plantatur
1747 5335 2116 5397 quodammodo

468 5402 512 5444 et
539 5398 795 5460 irrigatur
819 5400 1144 5447 extrinsecus.
1185 5398 1309 5446 Bad.
1345 5399 1460 5446 Am.
1503 5399 1613 5453 lin,
1644 5399 1877 5460 solvatur
1905 5404 2113 5454 natura,

467 5472 573 5524 non
598 5461 829 5524 auribus,
862 5465 962 5509 etc.
995 5462 1093 5510 Sed
1126 5461 1315 5509 melior
1347 5460 1504 5510 lectio
1535 5460 1628 5508 Ms.
1665 5459 1832 5509 Vatic.
1861 5460 1928 5512 ad
1955 5476 2115 5524 quem

466 5519 611 5586 hunc
640 5522 817 5586 locum
848 5524 1246 5586 castigavimus.

533 5584 604 5645 (a)
641 5583 753 5645 Lib.
790 5585 855 5632 de
885 5583 1086 5634 Natura
1118 5589 1171 5634 et
1198 5585 1337 5634 Grat.

533 5643 604 5704 (b)
637 5643 806 5708 Epist.
844 5647 951 5692 168.

1750 186 1811 243 S.
1851 185 2237 244 AUGUSTINI
2277 187 2602 245 EPISCOPI
3753 185 3839 242 768

2306 316 2354 369 8.
2380 315 2459 370 De
2485 314 2598 370 hac
2621 313 2813 385 gratia
2834 311 3087 385 quaestio
3113 309 3470 379 vertebatur,
3485 309 3718 381 quando
3737 310 3846 366 aliis

2234 419 2387 475 quos
2423 403 2690 473 Pelagius
2723 402 2980 473 graviter
3005 399 3342 456 offendebat
3371 403 3549 472 atque
3581 398 3847 465 turbabat,

2233 492 2546 548 dicebatur
2567 494 2618 547 ei
2649 492 2812 564 quod
2846 507 2980 547 eam
3015 490 3139 544 suis
3165 487 3666 560 disputationibus
3686 503 3850 560 oppu-

2235 587 2462 651 gnaret,
2495 581 2719 652 quibus
2759 585 3051 636 assereret
3082 594 3203 634 non
3248 575 3442 632 solum
3479 576 3555 631 ad
3589 575 3852 639 facienda,

2233 685 2440 724 verum
2481 671 2658 724 etiam
2691 669 2760 723 ad
2802 667 3169 740 perﬁcienda
3201 665 3488 721 mandata
3527 663 3740 729 divina,
3769 680 3856 736 per

2232 756 2485 812 liberum
2503 757 2816 813 arbitrium
2828 757 3164 812 humanam
3181 754 3293 809 sibi
3308 752 3577 808 sufﬁcere
3590 759 3855 809 naturam-

2238 848 2394 900 Hanc
2415 847 2748 917 apostolica
2770 846 3040 901 doctrina
3063 845 3316 913 gratiam
3331 858 3451 897 non
3468 841 3854 897 immeritoisto

2236 936 2477 990 nomine
2507 935 2787 1007 appellat,
2814 951 2935 1007 qua
2967 933 3274 988 salvamur
3310 937 3364 985 et
3389 930 3774 1002 justiﬁcamur
3800 947 3855 986 ex

2235 1024 2354 1079 ﬁde
2381 1024 2703 1080 Christi.De
2729 1025 2844 1079 hac
2871 1023 3162 1093 scriptum
3189 1027 3295 1086 est,
3315 1022 3451 1076 Non
3472 1021 3704 1075 irritam
3725 1020 3859 1086 facio

2235 1113 2490 1183 gratiam
2507 1113 2636 1168 Dei.
2659 1113 2816 1169 Nam
2837 1112 2888 1166 si
2906 1127 3013 1180 per
3027 1113 3232 1180 Legem
3245 1109 3484 1180 iustitia
3499 1122 3521 1177 ,'
3538 1123 3674 1177 ergo
3692 1107 3860 1162 Chris-

2233 1209 2327 1256 tus
2338 1202 2528 1271 gratis
2545 1209 2811 1256 mortuus
2825 1201 3139 1269 est(Galat.
3156 1214 3213 1261 Il,
3229 1201 3289 1252 2t
3305 1203 3322 1266 )
3339 1214 3351 1252 :
3368 1198 3445 1252 de
3473 1198 3584 1252 hac
3607 1197 3860 1267 scriptum

2234 1297 2342 1357 est,
2369 1290 2654 1346 Evacuati
2682 1289 2816 1346 estis
2846 1305 2882 1345 a
2915 1288 3175 1356 Christo,
3210 1288 3312 1358 qui
3331 1288 3393 1341 in
3431 1288 3578 1355 Lege
3597 1285 3862 1354 justiﬁca-

2231 1380 2414 1450 mini;
2433 1395 2469 1434 a
2490 1379 2685 1450 gratia
2711 1378 3009 1434 excidistis
3036 1377 3148 1449 (Id.
3170 1393 3222 1442 v,
3241 1377 3324 1448 4):
3347 1378 3422 1430 de
3459 1375 3572 1429 hac
3604 1375 3858 1444 scriptum

2234 1475 2343 1533 est,
2365 1469 2432 1524 Si
2451 1475 2641 1524 autem
2660 1469 2881 1538 gratia,
2889 1470 3020 1536 jam
3047 1482 3166 1521 non
3189 1481 3264 1520 ea:
3287 1464 3567 1532 operibus
3585 1485 3604 1532 ,-
3622 1463 3860 1533 alioquin

2231 1558 2433 1626 gratia
2452 1560 2582 1627 jam
2608 1573 2725 1612 non
2749 1567 2832 1612 est
2854 1556 3056 1627 gratia
3078 1556 3362 1627 (Rom.x1,
3383 1553 3444 1622 6)
3461 1568 3474 1605 :
3491 1552 3565 1606 de
3581 1552 3689 1606 hac
3710 1553 3862 1623 scrip-

2234 1652 2359 1700 tum
2394 1653 2500 1709 est,
2529 1647 2605 1701 Ei
2647 1652 2841 1702 autem
2873 1645 2975 1716 qui
2999 1649 3286 1712 operatur
3313 1655 3533 1698 merces
3563 1655 3678 1694 non
3703 1640 3859 1710 impu-

2235 1741 2403 1790 tatur
2429 1736 2752 1791 secundum
2783 1735 3065 1805 gratiam,
3099 1732 3204 1788 sed
3230 1731 3562 1787 secundum
3589 1728 3822 1784 debitum
3846 1743 3862 1777 .-

2233 1824 2288 1880 ei
2318 1831 2514 1880 autem
2540 1825 2645 1894 qui
2669 1839 2787 1878 non
2818 1828 3122 1891 operatur,
3153 1821 3425 1876 credenti
3447 1824 3644 1874 autem
3669 1817 3724 1871 in
3755 1832 3858 1872 eum

2233 1914 2337 1983 qui
2355 1914 2649 1983 justiﬁcat
2673 1911 2938 1982 impium,
2960 1917 3282 1977 reputatur
3302 1909 3451 1976 ﬁdes
3473 1909 3598 1976 ejus
3618 1907 3694 1962 ad
3711 1906 3860 1976 justi-

2235 2002 2376 2058 tiam
2409 2002 2524 2073 (Id.
2561 2017 2632 2069 ιν,
2657 2002 2709 2067 4,
2736 2002 2821 2071 5);
2848 2008 2903 2055 et
2931 1999 3118 2055 multa
3148 1997 3284 2060 alia,
3314 2014 3455 2069 quae
3485 1994 3690 2050 melius
3720 1999 3858 2064 potes

2233 2091 2359 2162 ipse
2394 2091 2755 2154 meminisse,
2785 2095 2840 2144 et
2867 2088 3190 2157 intelligere
3232 2085 3605 2158 prudentius,
3639 2090 3690 2138 et
3731 2083 3861 2137 illus-

2234 2181 2378 2235 trius
2409 2180 2752 2251 praedicare.
2788 2178 2952 2232 Illam
2985 2192 3122 2232 vero
3149 2177 3406 2245 gratiam
3439 2191 3565 2246 qua
3593 2172 3758 2228 creati
3784 2187 3861 2224 su-

2237 2285 2369 2324 mus
2396 2269 2690 2335 homines,
2718 2266 2949 2322 etiamsi
2974 2266 3053 2321 ita
3083 2264 3514 2336 appellandam
3546 2277 3661 2317 non
3686 2261 3860 2316 imme-

2233 2358 2344 2412 rito
2367 2356 2774 2426 intelligimus,
2797 2355 3016 2410 mirum
3041 2360 3126 2409 est
3145 2360 3342 2409 tamen
3364 2354 3409 2407 si
3434 2353 3516 2407 ita
3534 2348 3859 2422 appellatam

2235 2447 2292 2500 in
2327 2446 2459 2501 ullis
2493 2445 2769 2515 legitimis
2793 2443 3174 2516 propheticis,
3199 2441 3583 2513 evangelicis,
3612 2436 3860 2510 apostoli-

2234 2536 2439 2606 cisque
2475 2535 2697 2590 Litteris
2730 2533 3007 2602 legimus.

2306 2629 2358 2680 9.
2384 2626 2527 2678 Cum
2560 2625 2757 2694 itaque
2780 2623 2853 2677 de
2882 2625 2993 2677 hac
3015 2621 3205 2691 gratia
3233 2619 3584 2675 Christianis
3617 2615 3859 2672 ﬁdelibus

2235 2713 2661 2784 catholicisque
2693 2711 3024 2774 notissima,
3042 2710 3119 2765 illi
3146 2710 3508 2781 objiceretur
3536 2707 3788 2779 quaestio,
3808 2708 3854 2757 ut

2234 2817 2366 2856 eam
2399 2816 2751 2872 oppugnare
2782 2799 3265 2869 desineret;quid
3293 2804 3382 2852 est
3408 2797 3572 2869 quod
3601 2810 3728 2850 cum
3752 2795 3856 2846 haec

2236 2891 2345 2946 sibi
2363 2892 2420 2945 in
2443 2890 2596 2945 libro
2619 2905 2728 2944 suo
2757 2888 2996 2944 velutad
3009 2897 3278 2943 versante
3294 2901 3553 2957 persona
3580 2884 3724 2938 idem
3747 2882 3853 2951 ipse

2234 2979 2571 3051 objecisset,
2604 2985 2662 3032 ut
2688 2995 2749 3032 se
2780 2977 3201 3048 respondendo
3234 2973 3694 3048 purgaret,nihil
3723 2968 3856 3024 aliud

2234 3067 2561 3139 respondit,
2579 3066 2691 3122 nisi
2725 3073 2998 3122 naturam
3022 3066 3202 3120 creati
3232 3065 3496 3119 hominis
3522 3062 3729 3117 referre
3750 3073 3858 3128 gra-

2235 3158 2382 3212 tiam
2420 3157 2748 3220 Creatoris;
2790 3160 2971 3228 atque
3006 3155 3087 3210 ita
3129 3169 3192 3208 se
3231 3155 3453 3217 dicere,
3489 3153 3616 3207 sine
3644 3151 3857 3222 peccato

2234 3246 2462 3317 impleri
2491 3261 2667 3317 posse
2688 3243 2978 3316 justitiam
2999 3259 3103 3315 per
3128 3243 3383 3298 liberum
3411 3240 3714 3296 arbitrium
3739 3249 3852 3291 cum

2235 3335 2532 3406 adjutorio
2559 3334 2777 3388 divinae
2798 3331 3198 3404 gratiae,quod
3223 3334 3375 3386 Deus
3405 3331 3520 3386 hoc
3541 3326 3754 3384 dederit
3774 3325 3854 3378 ho-

2236 3423 2379 3478 mini
2405 3424 2540 3495 ipsa
2564 3422 2957 3494 possibilitate
2984 3419 3376 3476 naturte?Cui
3404 3419 3614 3475 merito
3643 3429 3854 3486 respon-

2235 3515 2425 3577 detur,
2441 3512 2602 3581 Ergo
2620 3517 2964 3567 evacuatum
2990 3516 3070 3566 est
3085 3509 3440 3564 scandalum
3460 3504 3849 3570 crucis(Galta.

2235 3618 2288 3670 ν,
2320 3604 2338 3654 1
2358 3601 2426 3670 t).
2454 3602 2610 3670 Ergo
2635 3599 2908 3655 Christus
2927 3601 3114 3668 gratis
3137 3603 3408 3652 mortuus
3431 3603 3536 3653 est.
3554 3596 3699 3648 Num
3719 3592 3848 3647 enim

2234 3691 2279 3744 si
2310 3705 2425 3744 non
2459 3694 2783 3743 moreretur
2809 3695 3050 3758 propter
3070 3686 3284 3741 delicta
3309 3691 3529 3750 nostra,
3547 3691 3600 3738 et
3625 3696 3850 3747 resurge-

2232 3785 2319 3834 ret
2349 3785 2585 3850 propter
2611 3777 3098 3847 justiﬁcationem
3137 3781 3403 3830 nostram
3437 3777 3620 3846 (Rom.
3661 3787 3726 3837 iv,
3754 3769 3844 3838 25),

2233 3883 2341 3922 nec
2364 3867 2732 3923 ascendisset
2753 3867 2809 3921 in
2836 3865 3045 3930 altum,
3078 3869 3135 3920 et
3154 3863 3468 3934 captivans
3490 3860 3847 3933 captivitatem

2231 3956 2399 4012 daret
2446 3957 2606 4011 dona
2649 3954 3017 4018 hominibus,
3065 3954 3177 4008 ista
3237 3959 3466 4008 naturae
3525 3947 3848 4022 possibilitas

2231 4061 2414 4118 quam
2449 4045 2731 4108 defendit,
2762 4044 2820 4098 in
2849 4042 3198 4098 hominibus
3231 4057 3350 4096 non
3377 4041 3582 4097 esset?

2309 4138 2388 4189 l0.
2426 4135 2512 4188 An
2542 4134 2686 4189 forte
2720 4133 2816 4188 Dei
2845 4131 3197 4188 mandatum
3223 4131 3450 4198 deerat,
3484 4135 3538 4184 et
3569 4127 3694 4183 ideo
3718 4122 3844 4180 Chri-

2231 4227 2357 4278 stus
2389 4227 2659 4278 mortuus
2691 4222 2814 4278 est?
2841 4221 3114 4293 lmojam
3147 4224 3203 4275 et
3228 4219 3338 4274 hoc
3364 4224 3491 4273 erat
3523 4213 3845 4275 sanctum,el

2225 4313 2475 4384 justum,
2509 4316 2565 4366 et
2594 4311 2821 4366 bonum
2854 4310 2965 4373 (Id.
3002 4325 3098 4373 νη,
3121 4309 3204 4379 12)
3232 4308 3390 4377 :jam
3418 4307 3637 4362 dictum
3667 4303 3842 4362 fuerat,

2228 4403 2360 4458 Non
2389 4401 2755 4468 concupisces
2776 4399 2988 4465 (Exod.
3008 4414 3106 4461 xx,
3140 4398 3220 4467 t7)
3240 4413 3251 4452 :
3273 4397 3398 4467 jam
3418 4395 3638 4450 dictum
3662 4391 3840 4448 fuerat,

2229 4490 2446 4561 Diliges
2466 4489 2810 4557 proximum
2857 4496 3021 4542 tuum
3051 4491 3335 4556 tanquam
3377 4487 3624 4554 teipsum
3660 4476 3836 4551 (Leuit.

2227 4595 2345 4642 XIX,
2379 4581 2483 4648 l8),
2515 4579 2569 4632 in
2605 4594 2726 4649 quo
2758 4592 3030 4631 sermone
3067 4575 3385 4646 Apostolus
3414 4587 3651 4629 omnem
3681 4569 3840 4635 legem

2227 4667 2370 4723 dicit
2396 4667 2623 4737 impleri
2656 4666 2843 4737 (Rom.
2877 4681 2988 4730 xui,
3015 4664 3090 4735 9).
3122 4667 3186 4718 Et
3214 4663 3502 4734 quoniam
3531 4658 3639 4716 nisi
3665 4655 3840 4721 diligat

2231 4760 2435 4825 Deum,
2465 4771 2643 4810 nemo
2674 4755 2861 4825 diligit
2891 4753 3179 4825 seipsum,
3213 4752 3348 4807 ideo
3397 4750 3670 4805 Dominus
3699 4740 3838 4838 iniis-

2225 4846 2464 4901 duobus
2495 4843 2807 4916 praeceptis
2838 4848 3020 4898 totam
3047 4843 3258 4911 Legem
3286 4831 3839 4911 Prophetasquedicit

2226 4935 2483 5006 pendere
2514 4933 2754 5003 (Matth.
2797 4947 2932 4996 xxu,
2983 4931 3166 5000 37-40)
3212 4945 3392 5001 :quae
3422 4928 3540 4983 duo
3583 4924 3837 4997 praecepta

2220 5025 2346 5092 jam
2374 5029 2542 5078 erant
2573 5020 2919 5077 hominibus
2954 5020 3237 5074 divinitus
3275 5019 3434 5073 data.
3466 5023 3547 5072 An
3587 5019 3833 5069 aeternum

2225 5112 2538 5183 prmmium
2582 5109 2826 5181 justitiae
2856 5107 3223 5180 promissum
3253 5106 3518 5162 nondam
3553 5098 3710 5157 erat?
3738 5095 3834 5192 Hoc

2226 5200 2350 5271 ipse
2382 5216 2498 5256 non
2533 5199 2674 5254 dicit
2703 5198 2803 5270 qui
2853 5199 2910 5252 in
2942 5196 3063 5251 suis
3106 5195 3330 5251 Litteris
3374 5194 3566 5266 posuit
3597 5190 3754 5245 etiam
3772 5190 3828 5280 in

2224 5287 2429 5343 Vetere
2459 5291 2836 5343 Testamento
2868 5301 3118 5355 regnum
3142 5284 3431 5339 caelorum
3462 5297 3585 5336 esse
3614 5288 3832 5349 promis-

2225 5395 2358 5432 sum
2391 5377 2591 5448 (Hebr.
2626 5376 2728 5445 x1).
2775 5376 2832 5430 Si
2879 5390 3020 5444 ergo
3065 5390 3139 5429 ao
3187 5371 3522 5427 faciendam
3559 5363 3828 5438 perﬁcien-

2224 5466 2486 5535 damque
2506 5463 2957 5535 justitiam,jam
2987 5466 3115 5517 erat
3141 5467 3368 5515 naturae
3402 5454 3828 5530 possibilitasper

2223 5554 2478 5609 liberum
2511 5553 2842 5618 arbitrium,
2868 5552 2994 5623 jam
3028 5555 3153 5606 erat
3183 5549 3353 5618 Legis
3389 5549 3483 5603 Dei
3512 5537 3825 5632 sanctumst

2219 5645 2451 5723 justum
2496 5643 2852 5714 bonumque
2885 5640 3257 5710 mandatum,
3293 5638 3424 5711 jam
3462 5640 3579 5694 erat
3615 5639 3823 5706 promis-
