4098 6166
254 144 369 203 769

259 287 403 327 sum
435 268 746 342 praemium
781 266 1216 338 sempiternum
1244 281 1417 336 ;ergo
1447 266 1708 321 Christus
1734 263 1920 334 gratis

256 364 543 415 mortuus
570 362 681 413 est.

348 450 428 503 Η.
464 449 610 515 Ergo
643 461 835 517 neque
866 460 970 517 per
1003 445 1214 513 Legem
1260 441 1512 513 justitia,
1564 457 1761 513 neque
1816 455 1919 511 per

256 545 491 593 naturas
525 533 1018 607 possibilitatem,
1049 532 1154 587 sed
1187 548 1259 587 ex
1285 532 1402 586 ﬁde
1427 537 1483 585 et
1505 530 1667 587 dono
1700 529 1797 584 Dei
1818 544 1922 599 per

253 629 462 682 Jesum
491 624 787 680 Christum
813 620 1133 677 Dominum
1154 624 1449 684 nostrum,
1484 634 1671 673 unum
1700 616 1920 672 media-

263 720 460 771 torem
501 712 599 767 Dei
624 717 681 765 et
717 710 1031 765 hominum
1062 708 1113 777 (Ι
1139 709 1287 763 Tim.
1320 722 1378 773 ιι,
1409 708 1503 776 5);
1553 706 1656 777 qui
1693 705 1805 760 nisi
1857 705 1917 759 in

258 800 636 875 plenitudine
668 798 949 870 temporis
976 802 1248 852 mortuus
1272 802 1429 850 esset
1449 797 1684 867 propter
1703 793 1921 848 delicta

261 899 492 955 nostra,
520 896 575 944 et
605 882 1767 957 resnrrexissetpropterjustiﬁcationem
1785 898 1918 937 nos-

263 987 446 1044 tram,
478 977 740 1050 profecto
771 982 829 1031 et
858 976 1242 1045 antiquorum
1270 973 1422 1028 ﬁdes
1452 979 1844 1027 evacuaretur
1866 976 1920 1025 et

261 1072 489 1124 nostra.
534 1064 669 1121 Fide
696 1079 836 1119 vero
881 1066 1193 1126 evacuata,
1239 1075 1374 1133 quas
1422 1058 1652 1115 homini
1689 1058 1921 1129 justitia

178 1221 185 1224 ,
260 1162 592 1218 remaneat,
624 1169 762 1208 cum
787 1151 984 1222 justus
1010 1166 1077 1205 ex
1102 1150 1219 1205 ﬁde
1254 1152 1408 1204 vivat
1433 1148 1687 1220 (Habac.
1718 1163 1778 1213 ιι,
1807 1148 1861 1218 4)
1892 1146 1921 1199 ‘I

262 1248 344 1302 Ex
372 1260 496 1317 quo
527 1244 684 1298 enim
718 1256 822 1313 per
854 1255 1039 1294 unum
1068 1239 1377 1295 hominem
1404 1242 1717 1309 peccatum
1743 1238 1922 1291 intra-

262 1334 415 1389 vitin
430 1331 745 1395 mundum,
759 1332 817 1385 et
830 1343 935 1399 per
947 1335 1259 1398 peccatum
1275 1341 1455 1395 mors,
1471 1332 1527 1381 et
1541 1328 1622 1380 ita
1634 1325 1694 1379 in
1710 1340 1922 1379 omnes

264 1421 543 1479 homines
581 1417 946 1490 pertransiit,
999 1416 1061 1470 in
1111 1430 1235 1487 quo
1288 1429 1501 1469 omnes
1531 1418 1923 1484 peccaverunt

264 1512 450 1584 (Rom.
479 1526 532 1573 v,
561 1507 644 1580 l2)
674 1523 688 1562 :
712 1506 919 1578 procul
940 1504 1126 1559 dubio
1151 1520 1188 1559 a
1212 1519 1461 1574 corpore
1488 1502 1694 1558 mortis
1718 1501 1919 1574 hujus.

267 1600 371 1656 ubi
396 1598 514 1656 alia
544 1596 636 1653 lex
666 1601 962 1666 repugnat
981 1593 1095 1663 legi
1124 1592 1363 1657 mentis,
1385 1591 1689 1646 neminem
1710 1590 1924 1645 libera-

268 1690 352 1744 vit
379 1692 483 1743 aut
502 1686 835 1741 liberatsua
847 1681 1231 1754 possibilitas,
1246 1696 1383 1752 qua:
1395 1679 1624 1751 perdita
1638 1679 1925 1748 Redemp-

267 1783 394 1834 tore
420 1774 668 1844 indiget,
681 1771 884 1828 saucia
904 1769 1211 1825 Salvatore
1236 1785 1250 1835 ;
1280 1768 1384 1824 sed
1410 1768 1601 1839 gratia
1614 1766 1712 1822 Dei
1731 1782 1836 1838 per
1859 1766 1924 1820 ﬁ-

267 1866 408 1922 dem
452 1865 628 1919 unius
668 1860 1013 1916 mediatoris
1045 1859 1145 1914 Dei
1183 1864 1241 1914 et
1287 1858 1623 1924 hominum,
1664 1856 1924 1910 hominis

270 1954 481 2012 Christi
504 1954 645 2007 Jesu
671 1950 785 2023 (Id.
819 1964 919 2015 vii,
942 1948 1125 2020 2l-25)
1152 1963 1165 2001 :
1197 1947 1302 2019 qui
1330 1954 1387 2002 et
1408 1948 1559 2001 Deus
1588 1960 1727 2000 cum
1749 1950 1922 2009 esset,

269 2043 581 2100 hominem
612 2040 747 2096 fecit
773 2055 788 2104 ;
828 2044 886 2093 et
918 2052 1169 2092 manens
1198 2039 1371 2102 Deus,
1404 2036 1588 2091 homo
1617 2034 1809 2089 factus
1834 2048 1925 2089 re-

270 2122 558 2204 fecit’ipse
587 2129 748 2202 quod
777 2128 929 2183 fecit.

349 2226 430 2277 t2.
460 2221 609 2277 Puto
634 2225 834 2275 autem
864 2214 1029 2288 quod
1059 2230 1197 2271 eum
1227 2214 1424 2281 lateat,
1458 2213 1640 2270 ﬁdem
1689 2212 1925 2279 Christi,

270 2327 410 2384 quae
437 2315 645 2383 postea
669 2307 730 2363 in
752 2305 1174 2362 revelationem
1201 2302 1380 2369 venit,
1408 2304 1468 2358 in
1486 2303 1719 2359 occulto
1744 2302 1927 2357 fuisse

275 2397 648 2471 temporibus
677 2401 915 2468 patrum
941 2398 1323 2459 nostrorum;
1357 2408 1459 2463 per
1499 2407 1685 2464 quam
1726 2399 1927 2448 tamen

272 2490 455 2545 etiam
483 2485 599 2558 ipsi
627 2486 724 2540 Dei
757 2484 950 2553 gratia
978 2482 1207 2537 liberati
1229 2488 1389 2544 sunt,
1412 2482 1781 2553 quicumque
1802 2497 1929 2536 om-

269 2578 453 2634 nibus
475 2574 722 2631 humani
744 2573 978 2643 generis
1017 2570 1388 2643 temporibus
1434 2569 1673 2626 liberari
1724 2575 1927 2642 potue-

269 2672 433 2730 runt,
455 2663 687 2721 occulto
706 2661 934 2734 judicio
962 2660 1081 2723 Dei,
1113 2675 1234 2725 non
1276 2665 1477 2715 tamen
1527 2659 1926 2731 vituperabili.

275 2755 443 2811 Unde
501 2752 645 2809 dicit
693 2749 1040 2823 Apostolus,
1091 2749 1387 2805 Habentes
1416 2756 1612 2806 autem
1654 2747 1928 2818 spiritum

272 2843 434 2913 ﬁdei,
463 2842 665 2914 utique
689 2839 971 2895 eumdem
997 2854 1179 2911 quem
1210 2845 1263 2893 et
1284 2837 1386 2903 illi,
1426 2838 1749 2894 secundum
1772 2836 1933 2908 quod

275 2931 559 3001 scriptum
582 2937 685 2995 est,
716 2928 976 2993 Credidi,
995 2929 1239 2996 propter
1260 2926 1410 2997 quod
1436 2933 1489 2983 et
1513 2928 1740 2982 locutus
1760 2941 1890 2981 sum
1911 2941 1931 2991 ;

280 3029 335 3079 et
358 3038 461 3077 nos
487 3020 804 3087 credimus,
823 3023 1073 3087 propter
1103 3016 1261 3088 quod
1280 3022 1332 3071 et
1369 3015 1666 3087 loquimur
1686 3016 1774 3087 (Il
1795 3016 1932 3072 Cor.

282 3126 362 3176 1v,
395 3110 479 3180 t3)
509 3125 523 3163 :
557 3108 696 3163 inde
727 3114 815 3163 est
838 3106 1003 3178 quod
1033 3104 1113 3161 ait
1142 3106 1268 3176 ipse
1298 3105 1597 3170 Mediator,
1625 3106 1934 3161 Abraham

274 3206 443 3272 pater
471 3203 661 3254 vester
688 3197 1021 3265 concupivit
1051 3194 1240 3250 videre
1268 3193 1420 3250 diem
1452 3208 1641 3249 meum
1662 3210 1686 3257 ,°
1710 3200 1762 3250 et
1789 3194 1933 3261 vidit

282 3296 334 3345 et
350 3288 587 3359 gavisus
616 3289 698 3342 est
727 3285 932 3355 (Joan.
984 3299 1102 3349 vui,
1159 3283 1247 3354 56)
1279 3304 1291 3337 :
1327 3282 1467 3337 inde
1506 3282 1939 3339 Melchisedech

281 3377 515 3450 prolato
546 3380 923 3432 sacramento
956 3388 1171 3427 mensa:
1199 3371 1541 3441 dominicae,
1586 3375 1750 3428 novit
1778 3377 1941 3428 teter-

282 3482 431 3523 num
460 3466 589 3536 ejus
615 3462 1015 3519 sacerdotium
1037 3463 1054 3496 ¹
1074 3460 1332 3532 ﬁgurare
1358 3460 1524 3529 (Gen.
1545 3461 1793 3532 nv,18).

357 3559 437 3615 t3.
469 3555 600 3609 Jam
634 3568 774 3608 vero
804 3551 948 3608 data
976 3551 1036 3605 in
1080 3551 1301 3606 Litteris
1330 3551 1507 3620 Lege,
1563 3566 1749 3623 quam
1796 3550 1939 3607 dicit

281 3643 595 3717 Apostolus
621 3641 994 3696 subintrasse
1013 3645 1075 3694 ut
1096 3639 1434 3695 abundaret
1451 3639 1757 3705 delictum,
1780 3646 1837 3696 et
1862 3641 1936 3696 de

279 3748 402 3806 qua
430 3732 590 3795 dicit,
623 3730 682 3785 Si
713 3744 851 3798 ergo
882 3743 958 3785 ea:
985 3728 1139 3798 Lege
1169 3728 1501 3794 hedaeritas,
1524 3728 1655 3797 jam
1684 3744 1804 3785 non
1863 3742 1938 3786 ea:

278 3820 659 3890 promissione
681 3816 936 3873 Abrahae
955 3823 1149 3873 autem
1174 3832 1283 3886 per
1303 3819 1811 3885 repromissionem
1842 3817 1938 3874 do-

285 3911 451 3966 navit
480 3911 656 3965 Deus.
687 3906 842 3974 Quid
860 3912 1058 3962 autem
1083 3908 1178 3962 tea:
1206 3906 1233 3961 ‘I
1275 3906 1772 3977 Transgressionis
1796 3921 1937 3977 gra-

287 4000 371 4055 tia
405 3998 713 4067 proposita
738 4001 841 4063 est,
885 3996 1071 4051 donec
1091 3995 1313 4051 veniret
1338 4009 1528 4051 semen
1560 3996 1658 4051 cui
1684 3995 1938 4063 promis-

284 4104 414 4144 sum
435 4094 540 4154 est,
562 4085 901 4157 dispositum
911 4100 1019 4155 per
1032 4086 1282 4155 Angelos
1296 4085 1358 4140 in
1379 4100 1559 4139 manu
1576 4084 1935 4141 Mediatoris.

283 4177 579 4233 Mediator
620 4181 817 4231 autem
860 4174 1037 4229 unius
1066 4188 1181 4229 non
1209 4178 1290 4229 est
1314 4190 1335 4238 ;
1372 4174 1524 4229 Deus
1552 4176 1750 4230 autem
1782 4188 1938 4229 unus

286 4273 387 4322 est.
442 4266 571 4321 Lex
616 4278 753 4334 ergo
790 4263 1078 4319 adversus
1122 4262 1417 4331 promissa
1458 4262 1568 4319 Dei
1603 4260 1632 4316 7
1658 4262 1849 4318 Absit.
1879 4260 1941 4317 Si

288 4358 445 4411 enim
474 4355 619 4410 data
656 4362 796 4409 esset
830 4352 928 4408 tea:
954 4365 1087 4422 qua:
1108 4356 1303 4420 posset
1333 4350 1658 4419 viviﬁcare,
1699 4351 1940 4408 omnino

287 4458 364 4502 ex
412 4444 563 4513 Lege
612 4448 755 4498 esset
796 4443 1059 4511 justitia.
1118 4440 1236 4497 Sed
1278 4441 1569 4497 conclusit
1619 4440 1940 4511 Scriptura

288 4532 490 4589 omnia
554 4531 662 4587 sub
721 4535 985 4599 peccato,
1046 4535 1110 4584 ut
1165 4529 1476 4599 promissio
1531 4544 1608 4587 ea:
1632 4530 1751 4598 ﬁde
1800 4530 1940 4587 Jesu

290 4620 515 4679 Christi
523 4621 772 4676 daretur
781 4618 1150 4675 credentibus
1163 4620 1230 4688 (G
1237 4622 1382 4674 atat.
1399 4635 1481 4684 ιιι,
1498 4619 1682 4691 18-22)
1698 4640 1722 4690 ,ο
1740 4634 1942 4675 nonne

287 4712 433 4766 satis
461 4710 793 4765 ostenditur
815 4708 932 4763 hoc
961 4714 1160 4763 actum
1183 4723 1315 4762 esse
1336 4723 1441 4778 per
1465 4708 1703 4778 Legem,
1727 4716 1789 4763 ut
1810 4722 1943 4780 pec-

289 4808 486 4855 catum
517 4804 961 4869 agnosceretur,
989 4804 1045 4853 et
1087 4798 1576 4868 praevaricatione
1626 4804 1943 4867 augeretur

295 4888 423 4959 (Ubi
441 4889 709 4944 enimtex
726 4902 846 4942 non
859 4893 1086 4953 est,nec
1113 4887 1612 4955 praevaricatione
1641 4886 1830 4957 (Rom.
1862 4902 1940 4953 iv,

293 4979 378 5050 15)
407 4996 426 5050 ;
451 4984 506 5034 et
534 4978 618 5032 sic
645 4979 937 5032 adversus
971 4976 1278 5031 victoriam
1309 4977 1535 5047 peccati
1564 4976 1645 5032 ad
1672 4976 1941 5032 divinam

289 5069 563 5137 gratiam,
591 5081 728 5139 quas
754 5067 814 5121 in
838 5065 1339 5138 promissionibus
1362 5070 1469 5135 est,
1489 5066 1941 5136 coniugaretur:

287 5165 465 5229 atque
495 5157 574 5212 ita
612 5156 724 5211 Lex
754 5170 875 5211 non
917 5160 1076 5210 esset
1120 5155 1413 5210 adversus
1455 5155 1753 5228 promissa
1800 5158 1942 5224 Dei;

285 5249 432 5321 quia
456 5246 593 5302 ideo
624 5260 729 5317 per
754 5244 919 5301 illam
949 5245 1015 5299 ﬁt
1046 5245 1305 5316 cognitio
1334 5245 1584 5316 peccati,
1614 5252 1672 5301 et
1700 5261 1772 5301 ex
1803 5262 1945 5318 prai-

290 5337 645 5393 varicatione
669 5334 837 5407 Legis
866 5334 1241 5390 abundantia
1261 5335 1510 5406 peccati,
1540 5340 1602 5390 ut
1629 5334 1705 5391 ad
1732 5334 1946 5393 libera-

288 5425 512 5483 tionem
542 5430 892 5497 quairantur
921 5424 1349 5495 promissiones
1373 5422 1494 5489 Dei,
1515 5424 1680 5495 quod
1702 5431 1792 5480 est
1813 5439 1946 5495 gra-

348 5644 365 5678 ⁸
397 5642 458 5693 In
486 5641 585 5693 Ms.
621 5638 810 5700 ναις..
843 5639 1173 5705 sacriﬁcium.

1509 132 2013 197 EPISTOLABUM
2040 135 2332 194 CLASSIS
2359 136 2461 192 ΙΙΙ.

3562 144 3670 202 770

2029 262 2109 319 tia
2138 262 2234 317 Dei
2260 278 2274 327 ;
2304 267 2361 318 et
2380 261 2624 333 incipiat
2643 277 2770 317 esse
2792 262 2850 318 in
2871 262 3117 320 homine
3131 264 3382 337 justitia,
3405 283 3527 325 non
3546 286 3675 339 sua,

2030 351 2136 407 sed
2168 352 2285 416 Dei,
2328 351 2442 405 hoc
2468 356 2558 406 est
2586 350 2727 406 data
2766 350 2927 407 dono
2970 353 3115 409 Dei?

2104 438 2186 503 14.
2214 437 2404 506 Quam
2438 440 2617 494 etiam
2662 454 2821 494 nunc
2869 440 3118 511 quidam
3179 444 3518 513 ignorantes
3578 448 3684 505 Dei

2016 527 2338 600 justitiam,
2370 527 2522 583 sicut
2551 532 2608 583 et
2654 531 2797 583 tunc
2844 528 2919 583 de
2957 529 3172 585 Judaais
3204 532 3428 589 dictum
3479 542 3584 609 est,
3627 547 3679 595 et

2025 632 2194 672 suam
2212 617 2464 673 volentes
2483 616 2848 682 constituere,
2851 619 3098 686 iustitiae
3119 621 3225 676 Dei
3244 638 3364 678 non
3375 635 3513 681 sunt
3531 627 3677 684 sub-

2016 705 2166 775 jecti
2196 705 2310 775 (Id.
2338 722 2396 771 x,
2428 711 2500 767 3).
2532 706 2635 760 Per
2666 707 2878 777 Legem
2910 708 3133 780 quippe
3159 716 3215 765 et
3241 710 3323 769 illi
3368 714 3686 784 justificari

2029 810 2093 849 se
2109 794 2490 860 arbitrantur,
2515 793 2845 849 sufﬁciente
2859 794 2971 849 sibi
2984 796 3060 851 ad
3074 813 3208 853 eam
3222 802 3678 860 custodiendam

2026 882 2210 939 libero
2235 882 2478 951 arbtrio,
2516 882 2630 937 hoc
2674 889 2780 949 est,
2824 883 3052 953 justitia
3078 902 3185 942 sua
3211 889 3442 958 prolata
3473 908 3538 947 ex
3576 908 3677 949 na-

2028 977 2162 1031 tura
2189 972 2495 1037 humana;
2528 986 2647 1027 non
2674 972 2898 1028 donata
2929 988 3001 1028 ex
3033 975 3224 1043 gratia
3248 976 3474 1049 divina,
3506 996 3682 1053 prop-

2030 1068 2114 1116 ter
2135 1060 2301 1132 quod
2327 1059 2554 1130 justitia
2583 1061 2679 1115 Dei
2710 1060 2944 1115 dicitur.
2997 1063 3163 1119 Unde
3206 1067 3347 1123 item
3392 1068 3682 1140 scriptum

2029 1156 2147 1206 est:
2180 1150 2295 1204 Per
2323 1148 2531 1218 Legem
2572 1151 2726 1205 enim
2762 1151 3017 1220 cognitio
3054 1155 3304 1221 peccati.
3345 1157 3524 1214 Nunc
3570 1175 3682 1216 au-

2030 1245 2142 1294 tem
2172 1238 2298 1293 sine
2322 1238 2473 1307 Lege
2490 1238 2735 1306 justitia
2764 1238 2868 1294 Dei
2895 1241 3281 1309 manifestata
3325 1252 3429 1313 est,
3477 1252 3685 1318 testiﬁ-

2029 1334 2166 1384 cata
2191 1342 2302 1395 per
2326 1327 2535 1396 Legem
2566 1332 2619 1382 et
2650 1327 2987 1396 Prophetas
3010 1330 3124 1399 (Id.
3152 1348 3230 1397 ιιι,
3263 1333 3351 1399 20,
3382 1336 3495 1408 2t).
3532 1340 3678 1395 Cum

2030 1415 2191 1482 dicit,
2214 1415 2592 1483 manifestata
2612 1422 2693 1470 est
2714 1429 2739 1485 ,'
2756 1417 3012 1473 ostendit
3032 1421 3175 1490 quia
3191 1428 3245 1476 et
3264 1426 3405 1479 tunc
3416 1432 3560 1494 erat,
3577 1428 3684 1483 sed

2030 1510 2321 1576 tanquam
2343 1502 2440 1557 illa
2468 1502 2669 1574 pluvia
2697 1520 2883 1575 quam
2896 1505 3133 1563 Gedeon
3154 1510 3513 1581 impetravit,
3545 1522 3684 1572 tunc

2030 1592 2191 1648 velut
2219 1591 2278 1646 in
2313 1590 2522 1645 vellere
2562 1593 2816 1657 occulta,
2845 1608 3005 1649 nunc
3026 1601 3230 1651 autem
3257 1604 3409 1657 velut
3439 1603 3498 1657 in
3521 1619 3685 1669 area,

2033 1680 2348 1736 manifesta
2362 1678 2572 1749 (Judic.
2591 1695 2667 1744 Vl,
2682 1680 2887 1751 36-40).
2904 1681 3050 1738 Cum
3067 1699 3207 1756 ergo
3221 1687 3336 1742 Lex
3351 1689 3477 1745 sine
3491 1694 3685 1761 gratia

2032 1784 2153 1825 non
2190 1785 2348 1824 mors
2365 1768 2587 1840 peccati
2603 1769 3052 1839 potuissetesse,
3071 1777 3173 1829 sed
3194 1777 3405 1844 virtus;
3428 1780 3511 1835 sic
3523 1781 3685 1839 enim

2032 1858 2258 1914 dictum
2284 1862 2390 1921 est,
2422 1856 2680 1912 Acuteus
2719 1861 2919 1914 mortis
2945 1868 3468 1933 peccatum,virtus
3490 1878 3687 1929 autem

2028 1946 2261 2018 peccati
2287 1946 2413 2001 Lex
2442 1948 2484 2015 (l
2516 1947 2649 2002 Cor.
2679 1962 2771 2014 xv,
2797 1948 2888 2019 56)
2919 1964 2932 2003 :
2963 1951 3111 2006 sicut
3140 1954 3494 2024 confugiunt
3516 1961 3688 2016 multi

2033 2050 2071 2092 a
2097 2033 2246 2090 facie
2276 2035 2580 2104 regnantis
2611 2036 2863 2106 ‘peccati
2891 2036 2971 2092 ad
2990 2041 3245 2108 gratiam
3280 2044 3437 2100 velut
3466 2047 3526 2102 in
3548 2064 3689 2106 area

2034 2140 2195 2180 nunc
2236 2128 2556 2194 patentem,
2590 2122 2669 2179 ita
2718 2125 2893 2194 pauci
2944 2126 3023 2181 ad
3074 2143 3210 2185 eam
3264 2133 3691 2204 confugiebant

2034 2211 2194 2268 velut
2213 2211 2274 2267 in
2298 2210 2507 2267 vellere
2535 2217 2673 2267 tunc
2694 2211 3003 2272 latentem.
3026 2216 3159 2273 Hec
3188 2235 3328 2277 vero
3354 2228 3683 2296 temporum

2034 2300 2372 2356 distributio
2402 2299 2650 2355 refertur
2680 2300 2759 2356 ad
2797 2300 3173 2361 altitudinem
3203 2308 3547 2369 divitiarum
3595 2332 3686 2372 sa-

2036 2389 2273 2461 pientiai
2303 2392 2359 2442 et
2384 2388 2643 2443 scientiae
2670 2387 2791 2453 Dei,
2825 2389 2900 2445 de
2929 2406 3052 2463 qua
3080 2393 3307 2452 dictum
3338 2404 3425 2456 est
3450 2416 3465 2456 :
3501 2402 3690 2469 Quam

2034 2475 2443 2533 inscrutabitia
2469 2482 2608 2531 sunt
2627 2477 2871 2545 judicia
2888 2480 3031 2551 ejus,
3048 2489 3102 2537 et
3123 2482 3563 2558 investigabites
3582 2492 3690 2549 viae

2037 2568 2164 2637 ejus
2200 2565 2391 2637 (Rom.
2431 2581 2514 2629 ιι,
2546 2565 2615 2622 33
2645 2565 2704 2637 )l

2113 2656 2196 2711 l5.
2230 2656 2605 2726 Quapropter
2633 2655 2683 2709 si
2712 2661 2768 2711 et
2792 2662 2929 2713 ante
2955 2661 3193 2731 tempus
3231 2662 3422 2735 Legis,
3456 2672 3511 2724 et
3544 2673 3693 2726 tem.

2040 2760 2183 2816 pore
2212 2743 2347 2816 ipso
2381 2742 2549 2815 Legis
2565 2744 2759 2816 justos
2781 2752 2979 2816 patres
3013 2763 3081 2802 ex
3105 2748 3222 2807 ﬁde
3255 2754 3538 2824 viventes,
3572 2775 3693 2816 non

2039 2832 2409 2905 possibilitas
2448 2836 2675 2888 natura:
2712 2834 2968 2890 infirmas
3004 2846 3061 2892 et
3092 2838 3310 2911 indiges
3338 2848 3357 2878 ³
3385 2861 3455 2900 ac
3478 2848 3694 2905 vitiatas

2039 2927 2097 2978 et
2118 2921 2233 2977 sub
2256 2926 2501 2992 peccato
2520 2921 2901 2989 venundatae,
2926 2924 3029 2979 sed
3052 2927 3147 2981 Dei
3171 2930 3365 2997 gratia
3387 2949 3491 3003 per
3510 2936 3693 2995 ﬁdem

2037 3009 2401 3081 justiﬁcabat
2420 3029 2445 3079 ;
2470 3013 2527 3063 et
2542 3024 2703 3063 nunc
2717 3011 2931 3066 eadem
2948 3011 3006 3066 in
3021 3022 3295 3085 apertum
3304 3022 3433 3089 jam
3447 3026 3692 3081 veniens

2043 3098 2303 3155 revelata
2318 3096 2634 3168 justiﬁcat:
2658 3099 3002 3156 anathemet
3022 3117 3162 3173 ergo
3182 3105 3456 3178 Pelagius
3479 3114 3701 3186 scripta

2044 3203 2175 3253 sua,
2206 3186 2306 3241 ubi
2345 3193 2546 3242 contra
2570 3202 2727 3252 eam,
2764 3188 2869 3243 etsi
2909 3204 3032 3245 non
3071 3206 3178 3263 per
3227 3200 3692 3270 contumaciam,

2045 3279 2247 3332 tamen
2267 3290 2370 3347 per
2385 3275 2786 3345 ignorantiam
2808 3276 3095 3350 disputat,
3122 3284 3575 3353 possibilitatem
3601 3292 3702 3349 de-

2045 3364 2227 3421 fendo
2275 3370 2504 3421 naturas
2548 3365 2626 3420 ad
2668 3365 2961 3423 vincenda
2983 3375 3249 3440 peccata,
3300 3378 3355 3431 et
3393 3376 3703 3451 implenda

2046 3454 2377 3519 mandata;
2411 3459 2515 3509 aut
2553 3453 2601 3509 si
2639 3470 2712 3509 ea
2755 3470 2869 3511 sua
2906 3472 3035 3513 esse
3076 3468 3275 3531 negat,
3317 3472 3421 3522 aut
3468 3469 3703 3543 scriptis

2045 3542 2167 3599 suis
2196 3542 2271 3598 ab
2312 3541 2570 3597 inimicis
2623 3542 2748 3597 suis
2801 3543 2946 3599 dicit
2974 3545 3249 3606 immissa
3275 3570 3405 3623 qum
3434 3573 3544 3613 sua
3568 3541 3701 3616 esse

2045 3638 2246 3701 negat,
2279 3630 2623 3686 anathemet
2642 3646 2712 3687 ea
2744 3636 2943 3688 tamen
2969 3643 3023 3690 et
3054 3636 3299 3695 damnet
3318 3648 3566 3713 paterna
3595 3663 3701 3704 ex-

2046 3719 2385 3776 hortatione
2414 3724 2471 3773 et
2500 3720 2847 3776 auctoritate
2879 3723 3295 3784 Sanctimoniie
3321 3737 3454 3787 tuae.
3499 3735 3557 3790 Si
3582 3737 3703 3794 vult

2047 3823 2208 3878 ergo,
2237 3822 2564 3863 onerosum
2587 3808 2698 3863 sibi
2719 3814 2776 3864 et
2791 3811 3187 3881 perniciosum
3207 3818 3481 3875 Ecclesiae
3511 3823 3703 3883 discat

2048 3894 2401 3953 scandalum
2427 3896 2661 3952 auferre
2685 3913 2700 3964 ;
2727 3898 2894 3969 quod
2923 3901 3280 3961 scandalum
3322 3910 3621 3967 auditores
3642 3920 3701 3970 et

2046 3986 2107 4042 in
2134 4000 2481 4058 perversum
2527 3984 2842 4042 dilectores
2885 3988 3015 4059 ejus
3057 4006 3496 4069 usquequaque
3527 4017 3701 4073 spar-

2048 4090 2185 4145 gere
2215 4089 2336 4130 non
2358 4074 2692 4145 quiescunt.
2725 4075 2784 4131 Si
2808 4077 2975 4134 enim
2994 4085 3385 4151 cognoverint
3414 4093 3698 4149 eumdem

2045 4163 2288 4234 librum,
2333 4178 2516 4235 quem
2559 4162 2717 4220 illius
2761 4165 2851 4221 vel
2894 4174 3105 4239 putant
3146 4188 3275 4229 esse
3317 4175 3405 4232 vel
3459 4188 3701 4249 norunt,

2049 4253 2476 4326 episcoporum
2508 4252 2936 4311 catholicorum
2958 4260 3329 4330 auctoritate,
3358 4273 3414 4320 et
3436 4272 3700 4328 maxime

2052 4341 2388 4399 Sanctitatis
2411 4347 2545 4408 tum,
2568 4357 2753 4414 quam
2773 4347 2935 4416 apud
2962 4361 3101 4403 eum
3128 4366 3259 4407 esse
3285 4353 3532 4425 majoris
3554 4374 3705 4430 pon-

2050 4432 2207 4487 deris
2247 4431 2495 4486 minime
2532 4432 2901 4500 dubitamus,
2936 4436 3015 4491 ab
3045 4437 3260 4496 eodem
3297 4442 3430 4513 ipso
3456 4448 3703 4506 anathe-

2050 4525 2284 4576 matuni
2313 4524 2493 4590 atque
2523 4519 2902 4590 damnatum,
2933 4539 3054 4579 non
3085 4541 3188 4583 eos
3218 4527 3461 4587 ulterius
3492 4536 3702 4594 existi-

2054 4624 2292 4698 mamus
2310 4622 2588 4676 ausuros,
2604 4608 2910 4680 loquendo
2927 4618 3134 4671 contra
3151 4619 3405 4687 gratiam
3422 4624 3542 4691 Dei,
3562 4641 3697 4698 qum

2052 4696 2313 4753 revelata
2328 4702 2413 4750 est
2424 4712 2529 4768 per
2546 4698 2889 4768 passionem
2902 4706 2957 4755 et
2968 4705 3462 4767 resurrectionem
3488 4696 3699 4773 Christi

2052 4788 2299 4858 pectora
2337 4784 2539 4840 ﬁdelia
2585 4792 2641 4840 et
2682 4786 3029 4860 simpliciter
3065 4792 3395 4856 christiana
3427 4803 3700 4873 turbare;

2053 4873 2160 4929 sed
2185 4873 2381 4946 potius
2408 4873 2729 4945 adjuvante
2750 4878 3163 4940 misericordia
3180 4887 3434 4954 Domini,
3464 4907 3709 4949 concer-

2054 4964 2319 5020 tantibus
2350 4964 2670 5021 nobiscum
2724 4966 3010 5025 charitate
3048 4988 3117 5028 ac
3148 4975 3363 5045 pietate
3392 4978 3706 5050 ﬂagranti-

2053 5052 2169 5109 bus
2199 5053 2574 5110 orationibus
2623 5055 2760 5124 tuis,
2804 5073 2926 5113 non
2974 5061 3168 5118 solum
3217 5072 3275 5120 ut
3312 5065 3371 5121 in
3410 5075 3704 5130 aeternum

2053 5142 2232 5208 beati,
2266 5158 2474 5199 verum
2504 5143 2683 5201 etiam
2709 5145 2856 5216 justi
2882 5153 2937 5204 et
2968 5152 3157 5206 sancti
3184 5152 3319 5220 sint,
3356 5170 3477 5212 non
3499 5160 3560 5215 in
3590 5177 3703 5219 sua

2054 5232 2289 5299 virtute,
2313 5233 2418 5288 sed
2438 5234 2497 5288 in
2528 5233 2741 5290 eadem
2761 5240 2953 5305 gratia
2972 5239 3322 5298 conﬁsuros.
3356 5246 3518 5302 Unde
3540 5257 3596 5305 et
3619 5253 3699 5308 ad

2055 5321 2253 5393 ipsum
2299 5323 2587 5394 scriptam
2629 5323 2708 5379 ab
2757 5340 2877 5381 uno
2927 5332 3198 5384 nostrum
3251 5333 3591 5405 epistolam,
3624 5342 3703 5399 ad

2054 5426 2237 5483 quem
2268 5426 2373 5483 per
2401 5413 2731 5484 quemdam
2761 5414 3109 5471 orientalem
3139 5419 3485 5493 diaconum,
3504 5428 3697 5487 civem

2118 5517 2133 5584 ξ
2158 5515 2304 5584 [Inus
2326 5531 2357 5584 ρ
2383 5516 2550 5567 Vatic.
2573 5517 2725 5584 Mss,
2741 5522 3104 5584 repugnantis.

2115 5578 3164 5666 ἶηθέἒίιὲῗ;’-ῗὲἓίι.ίέ⁸ἔ²ἱὲζξίῗί,Αίιηίιίὲνι
3201 5594 3255 5642 θί
3285 5592 3430 5653 λίθεοι
3460 5595 3657 5666 indiga

2054 5640 2168 5692 sive
2190 5642 2416 5708 antiqua
2436 5643 2704 5695 scribendi
2730 5640 2958 5713 ratione,
2987 5640 3235 5717 indigum.
