4098 6166
469 168 570 222 771

468 295 669 348 autem
722 288 1184 360 Hipponensem,
1230 284 1524 351 tanquam
1576 277 1949 351 purgationis
2003 292 2128 333 suas

465 378 751 451 quaedam
782 378 1005 446 scripta
1031 368 1383 433 transmisit,
1410 374 1526 424 tuus
1550 366 1903 423 Beatitudini
1930 366 2129 437 potius

470 468 833 523 credidimus
867 459 1273 530 dirigendam,
1321 458 1539 512 melius
1575 456 1916 527 judicantes
1947 462 2002 511 et
2034 471 2130 527 pe-

468 561 654 612 tentes
700 560 763 608 ut
791 566 925 607 eam
958 550 1009 604 ei
1058 548 1292 603 mittere
1336 546 1466 617 ipse
1495 546 1801 615 digneris:
1847 546 1929 600 sic
1967 546 2127 599 enim

462 660 597 699 eam
630 642 822 710 legere
848 639 1044 709 potius
1076 652 1199 691 non
1232 634 1687 703 dedignabitur,
1723 634 1919 702 magis
1942 632 2002 687 in
2031 631 2130 687 illa

464 747 602 788 eum
634 729 737 801 qui
770 726 951 790 misit,
983 740 1168 798 quam
1205 723 1307 794 qui
1339 722 1576 792 scripsit
1610 721 1948 777 attendens.

545 823 627 875 16.
662 817 811 873 Illud
842 832 984 870 vero
1015 813 1181 885 quod
1208 812 1419 866 dicunt
1445 826 1623 881 posse
1654 811 1964 865 hominem
1997 823 2130 864 esse

466 910 598 965 sine
631 912 898 980 peccato,
933 912 986 959 et
1029 901 1327 957 mandata
1370 899 1468 954 Dei
1514 898 1686 954 facile
1737 898 2033 954 custodire
2081 897 2129 952 si

467 998 621 1063 velit,
663 994 943 1068 quamvis
991 1008 1131 1047 cum
1165 991 1277 1045 hoc
1328 1004 1430 1060 per
1482 987 1845 1059 adjutorium
1897 986 2127 1057 gratiae,

466 1103 603 1160 quas
630 1091 830 1142 tamen
867 1098 968 1154 per
992 1078 1472 1135 incarnationem
1502 1077 1798 1147 L’uigeniti
1823 1076 1951 1147 ejus
1964 1091 2131 1131 reve-

465 1176 588 1232 lata
626 1182 805 1245 atque
836 1172 1059 1227 donata
1089 1174 1198 1233 est,
1233 1167 1471 1232 dicitur,
1506 1164 1870 1221 tolerabilius
1898 1164 2015 1219 dici
2048 1165 2127 1219 vi-

467 1266 679 1320 deatur
708 1280 720 1317 :
753 1267 951 1317 tamen
976 1259 1269 1329 quoniam
1302 1271 1422 1311 non
1450 1254 1746 1310 immerito
1769 1269 2010 1309 movere
2029 1270 2131 1326 po—

466 1359 598 1419 test,
636 1351 734 1407 ubi
766 1356 819 1406 et
867 1348 1116 1420 quando
1148 1361 1254 1417 per
1304 1345 1584 1399 eamdem
1617 1344 1874 1412 gratiam
1906 1342 1967 1397 id
2006 1342 2127 1397 efﬁ-

465 1441 730 1499 ciaturin
752 1438 947 1502 nobis,
976 1443 1038 1492 ut
1060 1437 1186 1490 sine
1212 1434 1331 1489 ullo
1358 1448 1603 1505 prorsus
1634 1438 1881 1502 peccato
1904 1431 2127 1498 simus;

467 1538 665 1587 utrum
695 1530 752 1583 in
782 1528 896 1583 hac
927 1525 1047 1580 vita
1082 1524 1333 1596 quando
1360 1538 1498 1577 caro
1526 1521 1894 1593 concupiscit
1923 1521 2132 1575 adver-

468 1636 571 1674 sus
588 1617 861 1689 spiritum
890 1615 1117 1683 (Galat.
1154 1629 1217 1676 v,
1248 1614 1359 1681 l7),
1386 1626 1463 1665 an
1490 1626 1631 1665 vero
1657 1612 1714 1664 in
1744 1609 1845 1665 illa
1873 1624 2011 1664 cum
2031 1610 2130 1677 ﬁet

464 1724 654 1766 sermo
678 1706 783 1779 qui
802 1706 1059 1773 scriptus
1088 1708 1191 1768 est,
1227 1700 1335 1758 Ubi
1360 1706 1465 1766 est,
1494 1716 1673 1765 mors,
1710 1699 1953 1755 victoria
1975 1706 2079 1755 tua
2103 1698 2131 1753 ?

466 1798 566 1855 ubi
594 1804 697 1862 est,
730 1811 908 1861 mors,
940 1794 1182 1848 aculeus
1217 1798 1351 1845 tuus
1392 1791 1419 1846 ?
1465 1789 1722 1845 Aculeus
1746 1791 1899 1845 enim
1926 1789 2131 1845 mortis

470 1892 553 1945 est
584 1892 891 1957 peccatum
944 1882 992 1953 (Ι
1037 1883 1174 1938 Cor.
1206 1896 1307 1946 xv,
1343 1879 1541 1950 54-56)
1577 1896 1590 1945 ;
1624 1878 1974 1947 diligentius
2003 1893 2134 1950 per-

465 1975 844 2033 tractandum
874 1978 1112 2043 propter
1138 1969 1293 2026 alios
1328 1968 1636 2040 quosdam
1662 1969 1764 2039 qui
1796 1972 2129 2033 senserunt,

466 2072 643 2137 atque
668 2065 727 2118 in
757 2064 883 2117 suis
904 2060 1107 2116 litteris
1139 2060 1447 2113 memoriae
1467 2057 1927 2124 mandaverunt,
1949 2057 2131 2111 etiam

466 2156 526 2210 in
554 2154 670 2210 hac
691 2154 806 2208 vita
831 2168 961 2205 esse
992 2164 1170 2220 posse
1200 2148 1510 2203 hominem
1539 2146 1669 2201 sine
1703 2148 1971 2217 peccato,
2008 2160 2129 2200 non

466 2246 543 2300 ab
575 2243 739 2298 initio
771 2239 1083 2296 activitatis
1110 2253 1254 2303 suae,
1291 2236 1396 2291 sed
1425 2236 1820 2291 conversione
1853 2250 1888 2289 a
1923 2249 2134 2310 pecca‘

466 2334 540 2389 tis
563 2332 640 2388 ad
651 2330 968 2403 justitiam,
996 2333 1051 2382 et
1074 2328 1243 2383 avita
1270 2325 1531 2396 reproba
1562 2324 1638 2379 ad
1672 2323 1895 2379 bonam
1923 2325 2124 2379 vitam.

471 2423 564 2480 Sic
594 2422 755 2478 enim
805 2418 1220 2473 intellexerunt
1253 2414 1417 2486 quod
1449 2413 1523 2468 de
1555 2414 1836 2468 Zacliaria
1867 2418 1920 2467 et
1952 2412 2135 2467 Elisa—

466 2511 610 2567 beth
640 2509 929 2580 scriptum
960 2513 1072 2570 est,
1098 2503 1453 2559 ambulasse
1490 2518 1593 2556 eos
1624 2505 1685 2556 in
1715 2502 1983 2557 omnibus
2002 2503 2133 2571 jus-

469 2598 891 2670 tiﬁcationibus
910 2593 1154 2649 Domini
1168 2593 1294 2648 sine
1310 2591 1575 2663 querela.
1597 2590 1714 2645 Hoc
1727 2590 1892 2661 quod
1904 2590 2129 2644 dictum

467 2684 1117 2758 est,sinequereta;sine
1136 2688 1378 2753 peccato
1396 2680 1612 2735 dictum
1625 2685 2130 2751 acceperunt,non

469 2777 714 2850 quidem
744 2778 1055 2846 negantes,
1087 2772 1233 2827 limo
1278 2771 1480 2838 etiam,
1528 2768 1694 2841 quod
1724 2768 1852 2824 aliis
1894 2768 2039 2824 locis
2069 2768 2129 2823 in

467 2867 673 2923 litteris
692 2881 899 2921 eorum
925 2862 1246 2926 invenitur,
1270 2859 1368 2931 pie
1395 2858 1747 2914 conﬁtentes
1768 2858 2130 2932 adjutorium

467 2956 672 3028 gratiae
706 2954 939 3010 Domini
967 2951 1177 3019 nostri,
1209 2964 1329 3005 non
1362 2964 1467 3020 per
1492 2947 1825 3004 naturalem
1856 2948 2128 3019 spiritum

466 3044 752 3110 hominis,
790 3042 898 3097 sed
926 3056 1033 3113 per
1066 3036 1464 3111 principalem
1500 3037 1779 3108 Spiritum
1825 3037 1922 3091 Dei
1968 3036 2128 3108 (Am-

468 3135 622 3192 bros.
650 3136 716 3189 in
756 3134 900 3187 Luc.
933 3148 968 3196 ι,
1021 3130 1099 3201 6).
1142 3128 1257 3193 Qui
1288 3142 1509 3199 parum
1542 3125 1819 3181 videntur
1856 3124 2132 3181 conside-

465 3240 633 3282 rasse
654 3224 854 3295 ipsum
882 3219 1231 3275 Zachariam
1261 3216 1451 3272 fuisse
1485 3215 1690 3286 utique
1721 3214 2125 3279 sacerdotem;

465 3329 675 3371 omnes
704 3317 905 3368 autem
948 3315 1091 3364 tunc
1138 3305 1487 3361 sacerdotes
1538 3318 1783 3358 necesse
1823 3302 2132 3360 habebant

464 3419 538 3459 ex
582 3403 712 3473 lege
754 3401 857 3455 Dei
898 3397 1174 3471 primitus
1208 3410 1317 3467 pro
1347 3392 1615 3465 peccatis
1650 3393 1771 3447 suis
1796 3391 2007 3447 oﬂerre
2035 3408 2129 3448 sa-

466 3492 777 3555 criﬁcium,
812 3486 1027 3543 deinde
1052 3500 1165 3557 pro
1192 3483 1403 3556 populi
1429 3482 1640 3554 (Levit.
1673 3497 1745 3546 1x,
1774 3481 1827 3545 7,
1864 3488 1915 3537 et
1948 3480 2121 3537 Hebr.

466 3596 568 3647 vn,
609 3582 722 3649 27).
755 3580 916 3633 Sicut
943 3590 1084 3645 ergo
1112 3589 1271 3629 nunc
1300 3587 1405 3644 per
1449 3569 1731 3627 orationis
1771 3569 2125 3626 sacriﬁcium

466 3668 884 3725 convincimur
905 3681 1028 3721 non
1060 3679 1190 3719 esse
1216 3664 1342 3717 sine
1374 3667 1643 3733 peccato,
1665 3659 2125 3732 quoniamjussi

465 3774 674 3814 sumus
699 3757 915 3821 dicere,
957 3754 1204 3809 Dimitte
1232 3752 1398 3807 nobis
1434 3750 1639 3806 debita
1669 3755 1919 3814 nostra;
1955 3748 2033 3803 ita
2071 3754 2127 3804 et

463 3854 603 3904 tunc
633 3861 739 3919 per
763 3842 1058 3901 sacriﬁcia
1080 3841 1463 3897 victimarum
1494 3838 1851 3895 animalium
1883 3838 2128 3893 convin-

462 3937 751 3993 cebantur
770 3934 1109 3990 sacerdotes
1136 3932 1262 3985 sine
1281 3932 1523 4001 peccato
1552 3943 1674 3984 non
1710 3942 1859 3992 esse,
1891 3926 1992 3999 qui
2016 3941 2124 3997 pro

462 4028 582 4082 suis
612 4026 869 4097 peccatis
894 4021 1268 4093 jubebantur
1299 4018 1538 4074 offerre.

533 4118 623 4171 17.
654 4112 823 4178 Quod
847 4112 895 4164 si
932 4125 1024 4164 res
1058 4109 1141 4163 ita
1173 4123 1234 4162 se
1262 4106 1469 4171 habet,
1502 4111 1564 4161 ut
1597 4121 1698 4176 per
1718 4105 1970 4174 gratiam
2002 4104 2125 4161 Sal-

464 4202 687 4258 vatoris
715 4198 1101 4271 proficiamus
1128 4195 1375 4268 quidem
1406 4196 1465 4249 in
1494 4194 1609 4249 hac
1640 4194 1781 4256 vita,
1814 4192 2124 4248 deﬁciente

468 4290 813 4363 cupiditate,
848 4291 1147 4343 crescente
1172 4284 1457 4340 charitate
1483 4298 1495 4349 ;
1528 4281 1899 4353 perﬁciamur
1924 4288 2123 4339 autem

469 4382 531 4437 in
550 4379 651 4436 illa
663 4379 799 4444 vita,
819 4376 1146 4449 cupiditate
1160 4372 1469 4441 exstincta,
1488 4370 1772 4427 charitate
1789 4370 2120 4441 completa:

469 4469 735 4543 profecto
764 4467 911 4524 illud
933 4466 1101 4539 quod
1137 4462 1247 4520 scri
1259 4478 1432 4535 psum
1463 4466 1568 4527 est,
1604 4460 1715 4528 Qui
1742 4466 1921 4515 natus
1942 4465 2026 4515 est
2050 4475 2126 4516 ex

466 4561 608 4626 Deo,
642 4575 760 4615 non
788 4562 992 4627 peccat
1034 4556 1078 4624 (Ι
1108 4554 1284 4610 Joan.
1319 4568 1397 4621 ιιι,
1444 4552 1519 4623 9),
1564 4548 1895 4605 secundum
1929 4550 2124 4621 ipsam

467 4650 819 4705 charitatem
851 4647 1078 4701 dictum
1132 4649 1237 4709 est,
1272 4656 1407 4714 qum
1452 4639 1580 4696 sola
1608 4654 1731 4694 non
1775 4643 2001 4711 peccat.
2034 4639 2124 4694 Ad

468 4737 838 4793 nativitatem
882 4735 1109 4807 quippe
1155 4748 1291 4804 quae
1336 4747 1409 4785 ex
1443 4733 1557 4786 Deo
1613 4734 1720 4794 est,
1749 4729 2023 4798 augenda
2068 4733 2125 4784 et

466 4824 833 4901 perﬁcienda
876 4825 1131 4896 pertinet
1168 4820 1482 4887 charitas;
1533 4835 1653 4873 non
1701 4833 1771 4873 ea
1816 4834 1952 4891 quae
2011 4820 2119 4874 mi-

466 4917 714 4975 nuenda
734 4920 821 4971 est
852 4921 909 4970 et
938 4909 1350 4969 consumenda
1392 4908 1689 4979 cupiditas
1714 4924 1729 4960 :
1752 4923 1887 4979 quas
1920 4914 2120 4963 tamen

466 5006 761 5081 quamdiu
778 5008 867 5061 est
892 5004 949 5059 in
984 5000 1267 5057 membris
1291 4997 1534 5061 nostris,
1564 4997 1692 5065 lege
1714 4996 1981 5067 quadam
2013 5012 2121 5052 sua

464 5102 763 5171 repugnat
792 5093 907 5163 legi
943 5090 1195 5158 mentis;
1228 5087 1327 5142 sed
1360 5092 1537 5143 natus
1575 5100 1648 5139 ex
1677 5086 1793 5139 Deo
1831 5100 1940 5139 nec
1983 5086 2123 5140 obe-

464 5187 635 5244 diens
667 5183 979 5242 desideriis
1014 5180 1167 5251 ejus,
1201 5192 1310 5233 nec
1341 5174 1641 5231 exhibens
1695 5172 1974 5227 membra
2014 5190 2122 5229 sua

467 5290 637 5332 arma
665 5270 995 5346 iniquitatis
1043 5273 1307 5343 peccato,
1345 5267 1545 5337 potest
1578 5262 1795 5325 dicere,
1824 5262 1958 5317 Jam
2000 5278 2119 5318 non

468 5378 571 5431 ego
602 5380 814 5433 operor
831 5361 1010 5425 illud,
1036 5358 1138 5415 sed
1164 5357 1323 5414 illud
1343 5354 1500 5426 quod
1532 5351 1767 5408 habitat
1796 5350 1859 5406 in
1883 5365 1973 5407 me
1993 5366 2120 5421 pec-

469 5459 667 5507 catum
698 5454 887 5521 (Rom.
918 5466 1015 5515 vu,
1042 5449 1174 5538 2D).
1331 5534 1340 5538 _
1410 5531 1423 5538 _
1540 5530 1569 5538 __
1614 5534 1623 5538 _
1863 5527 1898 5538 η

544 5542 628 5593 18.
653 5540 766 5593 Sed
778 5553 1027 5610 quoquo
1039 5536 1223 5593 modo
1243 5550 1307 5591 se
1328 5531 1524 5589 habea
1535 5530 1668 5587 tista
1686 5530 1962 5600 quaestio,
1978 5530 2122 5601 quia

468 5628 582 5691 etsi
600 5642 727 5686 non
748 5626 1046 5682 invenitur
1060 5626 1242 5682 homo
1259 5624 1320 5681 in
1334 5624 1442 5681 hac
1460 5621 1577 5680 vita
1606 5618 1697 5677 sin
1709 5634 1743 5675 e
1761 5623 2030 5692 peccato,
2054 5620 2117 5678 id

1847 150 2234 209 AUGUSTINI
2276 151 2599 209 EPISCOPI
3747 165 3831 221 τη

2237 280 2433 332 tamen
2469 277 2685 333 dicitur
2714 293 2893 350 posse
2932 278 3055 335 ﬁeri
3088 294 3194 351 per
3215 280 3575 351 adjutorium
3599 284 3779 353 gratiis
3799 289 3846 344 et

2238 365 2485 433 Spiritus
2515 365 2636 432 Dei,
2656 367 2817 438 quod
2840 370 2903 422 ut
2930 367 3034 422 fiat
3063 367 3408 424 conandum
3439 375 3616 441 atque
3633 387 3848 442 poscen-

2235 452 2381 508 dum
2414 460 2523 521 est,
2566 454 2948 511 tolerabiliter
2987 456 3044 511 in
3077 472 3148 511 eo
3176 457 3433 529 quisque
3463 457 3680 515 fallitur
3718 478 3732 527 ;
3759 480 3851 520 nec

2235 541 2538 599 diabolica
2566 544 2865 615 impietas,
2900 543 3003 599 sed
3034 561 3195 600 error
3238 546 3541 601 humanus
3570 555 3653 604 est
3682 552 3852 608 elabo-

2236 630 2425 684 randa
2452 632 2791 702 etoptanda
2815 630 3137 698 afﬁrmare,
3166 633 3395 689 etiamsi
3426 636 3587 705 quod
3627 636 3857 697 afﬁrmat

2236 734 2354 773 non
2381 719 2568 790 possit
2603 720 2914 775 ostendere
2956 737 2969 775 :
3012 720 3073 776 id
3115 722 3275 777 enim
3305 722 3493 779 credit
3534 723 3657 780 ﬁeri
3686 742 3854 797 posse,

2236 808 2399 878 quod
2418 813 2570 862 certe
2596 807 2906 863 laudabile
2928 816 3015 864 est
3042 808 3207 865 velle.
3241 811 3419 866 Nobis
3442 819 3644 869 autem
3668 815 3858 873 sufﬁcit

2235 896 2400 967 quod
2438 896 2635 952 nullus
2674 898 2731 952 in
2786 898 3042 954 Ecclesia
3070 900 3167 955 Dei
3202 899 3470 955 ﬁdelium
3503 904 3772 972 reperitur
3810 907 3858 962 in

2235 984 2503 1056 quolibet
2544 992 2821 1056 provectu
2853 986 3318 1060 excellentiaque
3344 989 3609 1060 justitiaa,
3640 994 3737 1064 qui
3765 995 3857 1050 sibi

2236 1073 2450 1129 audeat
2476 1074 2672 1129 dicere
2712 1090 2832 1131 non
2860 1077 3260 1132 necessariam
3307 1081 3707 1149 precationem
3746 1099 3859 1140 ora-

2236 1162 2411 1217 tionis
2440 1162 2780 1229 dominicaa,
2814 1164 3051 1221 Dimitte
3093 1165 3258 1221 nobis
3291 1167 3491 1223 debita
3531 1177 3729 1224 nostra
3762 1189 3784 1237 ,'
3816 1180 3861 1229 et

2236 1252 2394 1307 dicat
2414 1268 2476 1306 se
2493 1267 2612 1307 non
2632 1252 2849 1309 habere
2870 1258 3203 1324 peccatum,
3226 1270 3299 1311 ne
3315 1255 3586 1327 seipsum
3608 1258 3858 1331 decipiat,

2236 1345 2291 1396 et
2319 1339 2535 1396 veritas
2562 1342 2621 1396 in
2645 1357 2714 1396 eo
2741 1357 2862 1397 non
2890 1343 2962 1398 sit
2992 1344 3038 1413 (Ι
3061 1344 3235 1399 Joan.
3269 1361 3309 1412 ι,
3349 1346 3427 1415 8).
3456 1349 3728 1417 quamvis
3751 1350 3858 1420 jam

2236 1429 2363 1484 sine
2394 1430 2636 1501 querela
2667 1431 2842 1487 vivat.
2881 1433 3005 1487 Non
3037 1431 3198 1487 enim
3224 1434 3667 1507 qualecumque
3704 1440 3858 1496 etiam

2238 1518 2575 1573 tentationis
2599 1519 2901 1587 humanm,
2937 1521 3041 1576 sed
3073 1536 3255 1592 grave
3278 1528 3594 1593 peccatum
3608 1532 3692 1581 est
3716 1530 3858 1600 quod

2237 1606 2297 1661 in
2328 1607 2632 1678 querelam
2675 1609 2848 1663 venit.

2317 1695 2395 1751 19.
2424 1697 2643 1752 Caetera
2666 1713 2803 1770 quas
2841 1697 2921 1753 illi
2951 1698 3189 1768 objecta
3209 1706 3366 1769 sunt,
3391 1703 3548 1759 sicut
3574 1704 3749 1760 Gestis
3772 1706 3861 1762 de-

2237 1784 2405 1841 fensa
2434 1786 2774 1856 perviderit,
2801 1786 2881 1842 ita
2910 1786 2984 1842 de
3010 1787 3102 1842 his
3130 1790 3336 1859 procul
3368 1792 3558 1850 dubio
3585 1798 3684 1849 tua
3707 1797 3862 1850 Beati-

2239 1874 2381 1929 tudo
2417 1874 2729 1944 judicabit.
2767 1875 2935 1931 Dabit
2962 1892 3105 1932 sane
3135 1878 3308 1933 nobis
3340 1881 3585 1938 veniam
3626 1885 3861 1940 suavitas

2238 1963 2552 2018 mitissima
2590 1964 2786 2019 cordis
2818 1966 2921 2027 tui,
2961 1965 3127 2036 quod
3160 1968 3545 2037 prolixiorem
3578 1972 3860 2042 epistolam

2237 2051 2503 2107 fortassis
2532 2068 2715 2124 quam
2744 2052 2926 2108 velles
2960 2059 3072 2109 tum
3095 2054 3370 2111 misimus
3402 2059 3729 2115 Sanctitati.
3755 2064 3861 2118 Non

2238 2140 2397 2195 enim
2429 2140 2681 2195 rivulum
2706 2146 2975 2196 nostrum
2997 2148 3095 2197 tuo
3123 2142 3290 2213 largo
3322 2145 3470 2201 fonti
3498 2149 3767 2217 augendo
3784 2166 3859 2205 re-

2239 2227 2547 2283 fundimus
2578 2245 2592 2285 z
2620 2229 2723 2284 sed
2748 2229 2809 2285 in
2837 2230 2951 2285 hac
2976 2246 3097 2285 non
3128 2237 3326 2288 tamen
3356 2250 3547 2305 parva
3568 2238 3860 2293 tentatione

2239 2318 2540 2388 temporis,
2576 2317 2735 2372 unde
2753 2334 2861 2373 nos
2887 2318 3093 2373 liberet
3124 2321 3218 2375 cui
3239 2321 3521 2389 dicimus,
3554 2326 3644 2381 Ne
3671 2342 3767 2381 nos
3787 2328 3861 2382 in-

2234 2406 2396 2474 fera:
2420 2407 2483 2461 in
2512 2407 2907 2469 tentationem,
2939 2414 3134 2463 utrum
3160 2410 3337 2466 etiam
3366 2418 3591 2479 noster,
3615 2414 3741 2470 licet
3761 2416 3858 2470 exi-

2236 2510 2414 2563 guus,
2451 2510 2525 2549 ex
2548 2494 2762 2551 eodem
2794 2511 2916 2567 quo
2946 2497 3124 2553 etiam
3170 2506 3307 2556 tuus
3348 2500 3692 2571 abundans,
3725 2520 3858 2560 ema-

2234 2590 2336 2640 net
2366 2584 2558 2655 capite
2590 2584 2969 2655 ﬂuentorum,
2999 2586 3114 2642 hoc
3157 2603 3195 2643 a
3233 2594 3285 2644 te
3332 2591 3581 2661 probari
3611 2593 3856 2648 volumus

2236 2672 2471 2744 tuisque
2484 2674 2781 2744 rescriptis
2806 2673 2880 2730 de
2898 2677 3204 2732 communi
3228 2680 3682 2752 participatione
3708 2684 3859 2738 unius

2236 2763 2438 2832 gratias
2468 2760 2785 2819 consolari.

2646 2888 2977 2943 EPISTOLA
3001 2888 3295 2946 CLXXVIII
3325 2892 3341 2907 '
3368 2892 3474 2965 (a).

2230 3002 2604 3085 Augustinus
2630 3002 2888 3068 Hilario,
2904 3004 2977 3059 de
2998 3006 3326 3073 Pelagiana
3348 3008 3562 3066 haeresi
3580 3010 3785 3067 duobus
3807 3010 3857 3066 in

2635 3091 2847 3161 Africa
2876 3092 3142 3149 conciliis
3166 3095 3484 3154 damnata.

2237 3198 2490 3255 Domino
2504 3197 2878 3263 beatissimo,
2904 3204 2959 3254 et
2971 3202 3030 3255 in
3045 3200 3253 3257 Christi
3282 3204 3535 3262 veritate
3549 3205 3857 3263 venerando

2306 3286 2468 3343 fratri
2492 3292 2547 3343 et
2570 3287 2984 3345 consacerdoti
3018 3291 3246 3349 HILARIO
3279 3292 3384 3363 (b),
3422 3294 3783 3361 Ausus-rusus,
3809 3296 3857 3350 in

2308 3375 2563 3431 Domino
2577 3376 2852 3432 salutem.

2315 3497 2360 3546 1.
2387 3491 2762 3547 Honorabilis
2782 3491 2940 3547 ﬁlius
2958 3500 3159 3550 noster
3175 3496 3473 3553 Palladius
3498 3515 3633 3555 cum
3655 3500 3723 3555 de
3746 3515 3858 3555 nos.

2237 3585 2326 3636 tro
2371 3580 2561 3636 littore
2590 3581 2918 3649 navigaret,
2952 3581 3309 3640 beneficium
3354 3589 3660 3658 poscendo
3693 3590 3854 3660 magis

2236 3668 2422 3734 dedit,
2452 3674 2513 3725 ut
2551 3685 2671 3725 non
2712 3669 2908 3726 solum
2944 3688 3077 3727 eum
3112 3674 3465 3743 Benignitati
3498 3682 3634 3742 tuas,
3676 3692 3852 3733 verum

2235 3759 2411 3814 etiam
2457 3757 2751 3829 meipsum
2804 3758 2920 3814 luis
2961 3761 3329 3817 orationibus
3373 3765 3851 3829 commendarem,

2236 3846 2477 3902 domine
2491 3846 2856 3913 beatissime,
2877 3850 3004 3903 etin
3017 3849 3229 3906 Christi
3245 3852 3538 3910 charitate
3553 3855 3853 3910 venerande

2236 3935 2433 3992 frater.
2468 3936 2639 4001 Quod
2665 3951 2803 3992 cum
2847 3937 3019 4003 facio,
3054 3938 3317 4010 profecto
3358 3948 3415 3997 et
3453 3942 3740 3999 Sanctitas
3772 3948 3852 3997 tua

2234 4024 2409 4080 faciet
2432 4024 2597 4096 quod
2637 4024 2711 4080 de
2746 4030 2801 4080 te
2832 4027 3015 4081 ambo
3034 4029 3482 4099 praesumimus.
3515 4033 3654 4099 Quae
3683 4038 3852 4087 autem

2236 4113 2395 4168 circa
2434 4128 2542 4167 nos
2573 4113 2709 4177 sint,
2739 4116 3032 4185 quoniam
3064 4116 3186 4172 scio
3211 4117 3597 4176 dilectionem
3626 4126 3852 4175 vestram

2233 4216 2344 4274 pro
2376 4201 2566 4266 nobis,
2601 4202 2749 4257 sicut
2778 4207 2839 4258 et
2861 4209 3129 4259 nostram
3171 4221 3280 4276 pro
3320 4207 3493 4263 vobis
3524 4225 3650 4265 esse
3674 4207 3855 4264 sollici-

2235 4296 2381 4357 tam,
2413 4306 2449 4345 a
2495 4295 2824 4346 memorato
2864 4292 3156 4361 perlatore
3196 4294 3401 4351 audiet
3428 4298 3714 4353 Sanctitas
3750 4303 3850 4351 tua.

2235 4379 2666 4435 Verumtamen
2684 4379 2849 4451 quod
2876 4382 3136 4437 maxime
3151 4386 3561 4441 necessarium
3588 4392 3671 4441 est
3690 4383 3854 4442 brevi-

2235 4474 2320 4523 ter
2348 4467 2569 4522 dicam.
2598 4470 2757 4523 Nova
2802 4470 3081 4540 quasdam
3114 4471 3359 4528 hmresis
3400 4474 3640 4531 inimica
3677 4476 3850 4544 gratim

2235 4555 2660 4612 Cbristicontra
2684 4557 3002 4613 Ecclesium
3026 4559 3234 4617 Christi
3259 4568 3511 4619 conatur
3528 4578 3848 4634 exsurgere;

2291 4696 2321 4728 "'
2356 4696 2939 4770 Hanc_emendavimus
2973 4700 3039 4770 ad
3075 4701 3146 4770 bl.
3180 4702 3260 4752 cb.
3301 4703 3357 4754 if.
3397 4719 3485 4770 gg.
3515 4721 3613 4756 rm.
3643 4721 3715 4756 vc.
3741 4716 3848 4769 qua-

2228 4762 2351 4808 tuor
2386 4773 2436 4808 v.
2479 4762 2529 4807 et
2564 4760 2631 4809 ad
2663 4762 2783 4813 Am.
2820 4761 2944 4810 Bad.
2984 4764 3064 4810 Er.
3096 4764 3223 4813 Lov.

2293 4821 2623 4896 gajAALasﬂ‘i
2658 4837 2812 4896 :quua
2843 4830 3023 4896 autem
3056 4826 3145 4875 I78
3161 4831 3290 4887 erat,
3324 4842 3467 4880 nunc
3490 4832 3542 4880 in
3572 4830 3847 4896 Appendice

2229 4888 2328 4951 est_
2344 4886 2424 4951 111Σ
2435 4884 2666 4951 __Scr_ipta_
2684 4884 2873 4934 eodem
2906 4891 3161 4951 tempore.

2290 4946 2360 5006 (b)
2390 4945 2643 4995 Hilarium
2658 4949 2838 5004 istum,
2854 4950 2938 4997 cui
2956 4945 3307 5001 consacerdoti
3321 4954 3546 5004 salutezn
3567 4956 3702 5009 dicit.
3723 4954 3767 5002 id
3780 4957 3846 5001 est

2226 5009 2564 5080 coepiscopo,
2580 5012 2734 5080 juxta
2757 5012 2851 5059 Ms.
2876 5012 3648 5080 Corbeiensisinscriptionem,
3676 5018 3843 5080 quippe

2226 5030 2734 5072 υυυμιδυυμυ,]ιιχιᾶ
2757 5030 2851 5059 ms.
2876 5030 3207 5063 uornelensw
3234 5030 3648 5079 inscriptionem,
3676 5030 3843 5125 quippe

2226 5070 2631 5139 id_muneri_s__in
2667 5076 3040 5124 transmarinis
3075 5076 3317 5139 partibus
3342 5082 3655 5129 sustinuisse
3682 5079 3793 5128 intel
3816 5080 3844 5125 i-

2228 5133 2371 5204 gitur
2403 5133 2603 5205 ex‘aliis
2642 5133 3324 5205 AugustiqiveqrbisLhaud
3352 5142 3610 5192 immerito
3641 5142 3842 5205 suspice-

2228 5196 2299 5267 r'is
2332 5195 2579 5267 eumdem
2617 5195 2831 5267 esse’_ac
2868 5199 3127 5267 Hilarium
3158 5202 3569 5267 Narbonensem,
3612 5205 3673 5254 ad
3705 5195 3839 5267 q'uem

2226 5257 2470 5329 Zosimus
2500 5261 2796 5329 anno__§t_t7_
2825 5263 3052 5329 scripsit.
3086 5264 3363 5329 Credimus
3396 5257 3565 5329 porro'
3603 5257 3839 5315 diversum

2227 5333 2359 5376 esse,
2398 5322 2612 5393 tummab
2640 5322 2835 5371 Hilario
2867 5322 3185 5393 A_relatensi._
3216 5329 3315 5393 qui
3338 5322 3695 5393 episcopatum
3733 5330 3838 5393 ante

2226 5384 2549 5451 annum/‘28
2576 5397 2683 5451 non
2706 5388 2947 5451 suscepit
2975 5392 3122 5451 ;rtum
3139 5388 3205 5438 ab
3233 5384 3434 5441 Hilario
3459 5384 3568 5441 viro
3591 5392 3729 5444 laico,
3759 5387 3834 5451 qui

2226 5446 2591 5513 Augustinum
2615 5447 2792 5513 ipsum
2823 5446 2901 5513 de
2927 5449 3207 5513 Pelagiana.
3224 5451 3406 5502 haeresi
3432 5457 3483 5502 in
3509 5455 3675 5503 Sicilia
3695 5446 3836 5501 emer-

2228 5512 2386 5576 gente
2427 5510 2706 5576 certiorem
2753 5509 2981 5576 faciebat
3012 5509 3107 5576 per
3134 5514 3354 5572 litteras.
3409 5519 3690 5566 circiteran.
3718 5514 3795 5560 414
3826 5523 3835 5557 :

2227 5570 2428 5682 (χώρεε
2457 5583 2580 5619 cum
2616 5572 2730 5629 iste,
2766 5575 2851 5646 cui
2883 5570 3028 5646 nunc
3060 5578 3324 5634 scribitur,
3346 5570 3683 5643 Pelagianam
3700 5576 3835 5625 hatre-

2227 5645 2330 5681 sun
2401 5636 2623 5682 actenus
2642 5648 2935 5682 neseivrsse
2967 5638 3235 5682 Videntur-
3768 5674 3769 5677 η

2227 5636 2330 5681 sim
2362 5636 2623 5684 hactenus
2642 5636 2935 5687 nescivisse
2967 5638 3235 5699 videatur.
3352 5692 3359 5699 ,
3483 5636 3511 5643 ’
3768 5674 3769 5677 η
