4098 6166
217 107 335 164 773

221 233 334 288 sed
355 231 623 287 nondum
641 230 942 286 evidenter
965 229 1042 286 ab
1067 230 1324 288 Ecclesia
1351 236 1632 302 separata
1656 232 1743 284 est
1760 244 1771 281 :
1787 226 1896 282 ho.

230 323 469 378 minum
493 320 822 392 scilicetqui
846 325 1076 374 tantum
1095 319 1320 375 audent
1343 319 1895 375 intirmitatihuma-

232 425 333 466 me
367 410 620 464 tribuere
648 409 956 480 potestatis
980 410 1022 476 ¹,
1057 413 1115 463 ut
1146 407 1260 463 hoc
1287 409 1480 463 solum
1509 408 1586 464 ad
1621 407 1717 462 Dei
1759 419 1895 474 gra-

225 499 373 555 tiam
394 500 687 569 pertinere
709 495 1262 568 contendant,quod
1279 511 1415 551 cum
1439 496 1627 551 libero
1649 492 1892 550 arbitrio

225 595 289 643 et
320 604 441 643 non
483 586 771 658 peccandi
802 585 1192 656 possibilitate
1232 585 1409 640 creati
1443 601 1676 654 sumus,
1709 588 1762 637 et
1790 580 1890 636 Dei

225 677 522 732 mandata
553 691 688 748 quae
712 692 745 729 a
776 673 949 729 nobis
979 673 1368 744 implerentur
1385 673 1729 744 accepimus
1752 690 1764 730 :
1785 686 1892 724 caa-

225 769 426 820 terum
467 765 544 819 ad
590 764 802 818 eadem
841 763 1131 818 mandata
1165 763 1459 818 servanda
1489 768 1542 816 et
1582 759 1892 831 implenda

225 853 396 908 nullo
419 852 624 908 divino
647 850 948 924 adjutorio
976 867 1083 906 nos
1114 865 1307 920 egere.
1324 849 1735 906 Necessariam
1752 863 1891 903 vero

224 942 408 998 nobis
439 957 563 996 esse
594 941 1011 996 remissionem
1043 943 1449 1011 peccatorum,
1477 939 1621 1011 quia
1651 953 1722 993 ea
1754 952 1892 1008 quas

224 1048 258 1086 ε
290 1031 468 1087 nobis
485 1031 542 1086 in
561 1030 922 1101 praeteritum
948 1027 1260 1084 malefacta
1273 1034 1431 1094 sunt,
1454 1029 1672 1083 intecta
1698 1027 1892 1082 facere

228 1136 357 1177 non
387 1120 673 1176 valemus.
692 1119 985 1176 Cavendis
1006 1124 1208 1174 autem
1228 1119 1438 1173 futuris
1459 1117 1892 1188 vincendisque

227 1209 514 1280 peccatis,
542 1208 946 1278 omnibusque
992 1206 1420 1262 tentationibus
1470 1207 1683 1261 virtute
1715 1220 1890 1277 supe-

228 1298 460 1360 randis,
495 1298 624 1352 sine
657 1296 774 1352 ullo
805 1297 1089 1367 deinceps
1118 1295 1418 1366 adjutorio
1445 1295 1635 1366 gratia
1659 1293 1757 1349 Dei
1792 1310 1892 1349 na-

233 1387 413 1443 turali
441 1385 824 1458 possibilitate
847 1385 1181 1440 humanam
1207 1384 1478 1439 sufﬁcere
1501 1383 1890 1440 voluntatem.

231 1479 351 1532 Nec
365 1473 925 1548 parvulosindigere
945 1475 1136 1544 gratia
1151 1473 1625 1545 Salvatoris,qua
1639 1488 1743 1544 per
1763 1473 1812 1543 ej
1825 1488 1893 1526 ns

229 1567 608 1639 baptismum
629 1581 664 1619 a
689 1562 1374 1635 perditioneliberentur,
1390 1579 1460 1618 eo
1472 1563 1637 1635 quod
1659 1562 1890 1618 nullum

229 1671 309 1712 ex
345 1655 534 1710 Adam
562 1653 904 1722 contagium
933 1651 1339 1707 damnationis
1367 1653 1729 1708 attraxerint.

306 1776 361 1827 2.
388 1772 577 1837 Quam
608 1769 727 1824 sint
751 1768 878 1824 hec
901 1767 1142 1822 inimica
1167 1769 1369 1836 gratia:
1392 1769 1658 1839 Dei,quaa
1681 1783 1784 1839 per
1804 1767 1892 1824 Je-

231 1878 375 1917 sum
407 1860 704 1916 Christum
739 1857 1055 1912 Dominum
1089 1863 1362 1912 nostrum
1394 1857 1665 1912 humano
1692 1859 1892 1927 generi

229 1951 470 2008 indulta
517 1956 624 2013 est,
657 1955 713 2003 et
758 1945 1277 2019 quemadmodum
1325 1947 1500 2001 totius
1546 1944 1684 2000 ﬁdei
1713 1947 1894 2001 chris-

231 2043 415 2097 tianaa
437 2039 830 2093 fundamenta
851 2041 1105 2090 evertere
1131 2035 1474 2099 moliantur,
1504 2035 1770 2106 pervidet
1791 2052 1894 2092 no-

229 2130 473 2186 biscum
491 2125 920 2182 Venerabilitas
940 2130 1154 2179 vestra.
1173 2127 1372 2195 Neque
1395 2124 1557 2195 apud
1577 2141 1677 2179 vos
1700 2130 1894 2182 tacere

230 2217 576 2279 debuimus,
612 2219 676 2269 ut
702 2213 993 2284 ejusmodi
1021 2212 1312 2274 homines,
1349 2228 1503 2284 quos
1532 2212 1768 2284 quidem
1801 2230 1896 2269 sa-

234 2304 371 2361 nari
401 2306 459 2360 in
496 2301 770 2366 Ecclesia,
794 2317 980 2373 quam
1012 2317 1081 2356 ex
1109 2299 1210 2356 illa
1237 2301 1488 2356 resecari
1515 2303 1707 2370 magis
1735 2302 1895 2357 volu-

233 2411 380 2449 mus
407 2400 462 2447 et
490 2396 794 2463 optamus,
817 2407 960 2445 cura
993 2389 1275 2461 pastorali
1297 2390 1576 2444 caveatis.
1600 2391 1730 2446 Jam
1756 2407 1894 2446 enm

233 2499 381 2539 cum
409 2482 518 2538 ista
539 2479 880 2545 scriberem,
909 2494 1386 2548 cognoveramus
1409 2479 1466 2533 in
1485 2478 1733 2534 ecclesia
1763 2480 1894 2534 Car-

236 2571 584 2643 thaginensi
611 2569 902 2624 adversus
919 2583 1020 2624 eos
1043 2567 1405 2638 episcOpalis
1431 2567 1662 2622 concilii
1694 2567 1897 2623 condi-

233 2667 370 2717 tum
391 2661 571 2714 fuisse
588 2658 915 2723 decretum,
936 2672 1040 2728 per
1058 2655 1376 2728 epistolam
1396 2662 1603 2712 sancto
1642 2663 1698 2712 et
1723 2672 1897 2711 vene-

230 2749 416 2806 rabili
454 2752 620 2819 Papae
656 2748 996 2801 Innocentio
1026 2745 1406 2816 dirigendum
1457 2750 1477 2780 ²
1511 2762 1525 2810 ;
1576 2753 1631 2800 et
1671 2761 1778 2800 nos
1821 2745 1896 2800 de

233 2837 496 2894 concilio
517 2836 801 2892 Numidia:
834 2836 910 2890 ad
946 2834 1224 2890 eamdem
1251 2834 1644 2907 apostolicam
1683 2834 1894 2890 Sedem

226 2927 366 3000 jam
407 2925 674 2982 similiter
699 2926 1148 2996 scripseramne.

311 3044 366 3097 3.
387 3044 609 3099 Omnes
627 3041 786 3095 enim
803 3040 906 3112 qui
922 3056 1085 3110 spem
1103 3038 1398 3094 habemus
1413 3038 1474 3093 in
1492 3038 1738 3105 Christo,
1757 3038 1897 3094 huic

233 3133 534 3207 pestifera;
574 3131 869 3203 impietati
899 3129 1188 3196 resistere,
1232 3145 1488 3201 eamque
1527 3129 1898 3184 concorditer

233 3224 532 3280 damnare
554 3226 609 3278 et
631 3220 1018 3276 anathemate
1039 3218 1333 3274 debemus
1359 3235 1371 3272 :
1395 3234 1526 3291 quae
1548 3217 1898 3274 contradicit

234 3313 422 3368 etiam
450 3309 821 3366 orationibus
850 3311 1087 3377 nostris,
1111 3308 1443 3363 concedens
1465 3306 1704 3379 quidem
1726 3313 1788 3361 ut
1807 3306 1898 3360 di-

236 3417 469 3466 camus,
503 3399 741 3456 Dimitte
762 3397 918 3453 nobis
942 3397 1137 3453 debita
1163 3404 1389 3462 nostra,
1418 3396 1569 3452 sicut
1598 3403 1649 3452 et
1672 3411 1776 3452 nos
1801 3395 1894 3450 di-

238 3491 529 3548 mittimus
544 3488 904 3545 debitoribus
921 3484 1369 3556 nostris(Matth.
1388 3501 1464 3549 v1,
1484 3486 1567 3558 t2)
1577 3498 1600 3557 ;
1619 3494 1675 3540 et
1691 3485 1804 3541 hoc
1818 3485 1901 3541 ita

240 3579 600 3643 concedens,
632 3583 692 3632 ut
723 3581 950 3633 asserat
969 3575 1276 3632 hominem
1303 3575 1362 3631 in
1393 3575 1502 3630 hoc
1531 3573 1899 3646 corruptibili

239 3684 490 3740 corpore
522 3666 687 3739 quod
726 3670 1016 3737 aggravat
1053 3665 1342 3730 animam,
1388 3679 1560 3735 posse
1602 3664 1726 3718 suis
1770 3664 1902 3718 viri-

240 3761 359 3816 bus
395 3759 472 3815 ad
513 3764 741 3814 tantam
775 3756 1064 3827 justitiam
1099 3757 1426 3827 pervenire,
1461 3760 1522 3811 ut
1562 3771 1756 3828 neque
1786 3755 1900 3810 hoc

243 3849 325 3905 illi
366 3848 441 3903 sit
487 3847 684 3903 dicere
734 3845 1162 3910 necessarium,
1215 3844 1452 3900 Dimitte
1501 3843 1665 3899 nobis
1713 3843 1901 3900 debita

244 3943 466 3993 nostra.
501 3935 646 3992 Illud
672 3951 808 3991 vero
829 3935 993 4006 quod
1023 3933 1311 4005 sequitur,
1339 3934 1426 3990 Ne
1453 3949 1558 3988 nos
1591 3934 1814 4002 inferas
1837 3934 1900 3988 in

244 4027 625 4084 tentationem
648 4025 752 4087 (Ib.
788 4027 870 4089 l2,
901 4023 1011 4094 13),
1033 4038 1155 4078 non
1183 4023 1267 4077 sic
1284 4022 1585 4094 accipiunt
1610 4027 1900 4096 tanquam

247 4119 400 4172 Deus
420 4114 686 4172 orandus
700 4115 770 4168 sit
786 4129 908 4186 quo
922 4128 1032 4168 nos
1052 4113 1127 4167 ad
1153 4112 1529 4182 superandas
1549 4113 1901 4168 tentationes

246 4205 490 4276 adjuvet
516 4209 920 4274 peccatorum,
947 4199 1050 4256 sed
1073 4216 1146 4255 ne
1173 4200 1496 4272 quisquam
1523 4201 1753 4256 irruens
1779 4217 1904 4256 cor-

247 4294 529 4367 poraliter
542 4308 652 4347 nos
669 4292 974 4346 humanus
993 4305 1169 4345 casus
1193 4287 1447 4358 afﬂigat;
1470 4290 1760 4361 quoniam
1777 4306 1900 4361 pec-

249 4389 516 4439 catorum
561 4381 913 4436 tentationes
954 4379 1186 4434 vincere
1224 4378 1305 4434 ita
1343 4377 1416 4433 sit
1442 4379 1570 4449 jam
1606 4380 1664 4434 in
1703 4392 1904 4438 nostra

248 4473 509 4545 positum
535 4473 842 4540 potestate,
871 4466 1252 4539 possibilitate
1274 4472 1522 4534 naturae,
1550 4473 1610 4523 ut
1630 4467 1744 4524 hoc
1774 4469 1905 4524 ina-

249 4557 854 4630 niterimpetrandum
867 4556 1230 4613 orationibus
1244 4556 1618 4611 arbitremur.
1634 4557 1763 4612 Non
1777 4573 1907 4628 pos-

251 4667 463 4707 sumus
495 4664 613 4704 una
637 4646 890 4719 epistola
915 4647 1077 4701 brevi
1106 4649 1310 4701 omnia
1332 4645 1419 4700 vel
1449 4646 1705 4716 plurima
1726 4651 1904 4702 tantae

253 4739 576 4812 impietatis
625 4742 986 4806 argumenta
1035 4735 1326 4804 colligere,
1389 4735 1715 4806 pressertim
1763 4737 1907 4807 quia

257 4845 390 4884 cum
430 4830 540 4884 ista
571 4826 1033 4890 conscriberem,
1076 4825 1400 4895 perlatores
1434 4824 1768 4894 navigaturi
1812 4842 1907 4881 me

258 4919 563 4974 immorari
583 4917 804 4971 diutius
833 4931 956 4970 non
988 4913 1281 4970 sinebant.
1308 4913 1450 4968 Puto
1477 4920 1677 4970 autem
1701 4930 1910 4971 onero-

254 5025 388 5064 sum
417 5024 512 5064 me
543 5023 662 5062 non
696 5006 877 5060 fuisse
911 5004 1132 5060 sanctis
1164 5003 1437 5058 sensibus
1471 5004 1603 5070 tuis,
1636 5006 1799 5075 quod
1832 5005 1906 5062 de

256 5103 420 5154 tanto
462 5097 640 5159 malo,
685 5094 972 5166 omnique
1011 5092 1320 5164 vigilantia
1361 5095 1403 5163 ¹,
1444 5093 1696 5150 Domino
1735 5095 1910 5167 adju-

254 5193 450 5253 vante,
486 5185 748 5255 vitando,
783 5189 976 5240 tacere
1007 5198 1130 5238 non
1161 5184 1346 5254 potui.

319 5401 424 5472 ‘_ln
454 5399 580 5448 Mss.
611 5397 898 5462 plerisque,
927 5396 1246 5460 inﬁrmitatis
1271 5395 1507 5445 humanae
1531 5397 1753 5448 tribuere
1771 5405 1911 5462 pote-

253 5467 517 5590 ug‘tovp
536 5522 1204 5590 Innocentiodirigeadam;
1221 5527 1264 5571 et
1282 5535 1391 5570 nos.
1411 5522 1476 5572 At
1498 5521 1628 5571 Edd.
1645 5525 1913 5590 antiquio-

255 5601 339 5639 res
365 5592 417 5638 et
445 5587 570 5637 Mss.
596 5591 701 5636 tres
728 5585 918 5643 Vatic.,
948 5585 1292 5649 dirigentium.

1493 93 2005 158 EPISTOLARUM
2045 95 2338 154 CLASSIS
2379 96 2476 153 ΙΙΙ.

3546 105 3653 161 774

2434 225 2766 282 EPlSTOLA
2797 225 3040 284 CLXXIX
3073 228 3091 246 ·
3116 229 3222 301 (α).

2003 345 2374 415 Augustinus
2401 347 2626 402 Joanni
2653 347 2921 416 episcopo
2959 351 3472 421 Jerosolymitano,
3506 355 3654 412 rele-

2073 441 2208 503 gent
2225 435 2452 504 Pelagii
2467 436 2731 492 haeresim
2749 444 3083 493 contentum
3100 439 3160 493 in
3175 442 3296 510 ejus
3317 441 3468 496 libro
3486 458 3651 514 quem

2075 522 2187 590 ipsi
2200 525 2549 578 transmittit
2568 539 2690 579 una
2709 541 2839 580 cum
2861 525 3010 580 libro
3027 528 3099 582 de
3113 529 3353 585 Natura
3373 536 3427 585 et
3445 532 3654 586 Gratia

2075 625 2111 666 a
2138 625 2196 666 se
2235 619 2437 666 contra
2467 612 2644 666 istum
2677 613 2978 669 elaborato
3010 637 3028 684 ,-
3069 622 3271 684 petens
3302 617 3553 673 vicissim
3587 625 3651 673 ut

2072 698 2268 755 mittat
2308 698 2468 755 Gesta
2517 702 2909 760 ecclesiastica
2951 704 3372 772 Diospolitanae
3413 707 3647 776 synodi,

2072 788 2283 859 quibus
2305 790 2578 860 Pelagius
2606 799 2900 860 purgatus
2919 807 3032 847 esse
3056 794 3424 862 perhibetur.

2004 911 2256 968 Domino
2290 912 2659 983 beatissimo,
2691 930 2760 968 ac
2793 915 3002 971 merito
3032 916 3356 972 venerabili
3399 918 3559 973 fratri
3601 924 3656 974 et

2073 1001 2429 1073 coepiscopo
2453 1004 2672 1069 101mm,
2701 1003 3070 1069 AUGUSTINUS,
3102 1005 3159 1060 in
3196 1006 3449 1062 Domino
3491 1007 3656 1062 salu-

2074 1096 2213 1145 tem.

2078 1218 2124 1267 t.
2160 1213 2464 1278 Quodtute
2499 1215 2834 1270 Sanctitatis
2867 1215 3089 1287 scripta
3113 1233 3232 1272 non
3265 1219 3474 1284 merui,
3509 1219 3654 1273 nihil

2001 1305 2197 1359 audeo
2228 1319 2580 1359 succensere
2613 1326 2626 1358 :
2661 1304 2870 1359 melius
2902 1306 3059 1360 enim
3094 1306 3449 1376 perlatorem
3477 1308 3654 1364 credo

2002 1393 2285 1457 defuisse,
2309 1409 2493 1464 quam
2520 1408 2612 1446 me
2639 1393 2965 1464 suspicora
2985 1400 3080 1450 tua
3099 1395 3488 1452 Veneratione
3515 1413 3656 1453 con-

2003 1488 2318 1553 temptum,
2348 1483 2585 1536 domine
2610 1482 2969 1547 beatissime,
2995 1491 3048 1538 et
3068 1487 3278 1540 merito
3302 1487 3656 1541 venerabilis

2003 1573 2200 1628 frater.
2228 1575 2391 1626 Nunc
2420 1586 2557 1625 vero
2582 1571 2870 1640 quoniam
2896 1589 3136 1628 servum
3159 1573 3258 1628 Dei
3285 1575 3527 1639 Lucam,
3555 1591 3657 1646 per

2001 1678 2182 1733 quem
2198 1661 2310 1716 ista
2322 1660 2529 1729 direxi,
2552 1659 2666 1714 cito
2683 1663 2944 1732 comperi
2966 1677 3096 1716 esse
3111 1663 3458 1728 rediturum,
3476 1679 3655 1732 agam

2004 1750 2279 1815 Domino,
2321 1756 2373 1804 et
2411 1756 2524 1804 tuae
2565 1749 2918 1819 benignitati
2953 1751 3161 1805 uberes
3205 1752 3444 1820 gratias,
3481 1753 3528 1806 si
3560 1769 3656 1807 me

2003 1840 2204 1895 litteris
2235 1838 2416 1893 fueris
2447 1839 2678 1894 visitare
2710 1839 3017 1908 dignatus.
3046 1839 3346 1910 Pelagium
3374 1858 3513 1897 vero
3545 1842 3657 1897 fra-

2001 1933 2148 1982 trem
2177 1933 2467 1990 nostrum,
2492 1928 2681 1982 ﬁlium
2701 1933 2890 1991 tuum,
2915 1943 3095 1998 quem
3119 1929 3298 1984 audio
3320 1930 3485 2000 quod
3508 1930 3655 1986 mul-

2006 2023 2128 2073 tum
2152 2015 2368 2086 diligis,
2392 2017 2548 2071 hanc
2569 2015 2649 2070 illi
2667 2031 2924 2087 suggero
2949 2017 3232 2072 exhibeas
3248 2018 3652 2085 dilectionem,

2003 2114 2066 2161 ut
2096 2107 2369 2161 homines
2420 2106 2522 2176 qui
2553 2120 2690 2159 eum
2723 2111 3014 2160 noverunt
3037 2111 3094 2160 et
3119 2105 3429 2176 diligenter
3458 2109 3656 2162 audie-

2003 2201 2156 2258 runt,
2192 2209 2310 2249 non
2341 2195 2418 2249 ab
2444 2209 2515 2248 eo
2542 2198 2705 2249 tuam
2736 2194 3117 2248 Sanctitatem
3147 2195 3484 2250 existiment
3508 2195 3652 2252 falli.

2073 2288 2124 2338 2.
2142 2287 2285 2339 Nam
2302 2283 2548 2355 quidam
2567 2299 2638 2336 ex
2656 2281 2962 2352 discipulis
2974 2283 3104 2352 ejus
3129 2283 3537 2340 adolescentes
3553 2285 3657 2340 ho-

2004 2372 2344 2428 nestissime
2358 2373 2498 2435 nati,
2514 2371 2862 2426 etinstitutis
2876 2371 3223 2426 liberalibus
3237 2373 3469 2439 eruditi,
3487 2389 3657 2445 spem

2003 2478 2189 2534 quam
2205 2461 2509 2516 habebant
2521 2461 2580 2514 in
2596 2460 2836 2524 saeculo,
2853 2459 2981 2530 ejus
2997 2461 3404 2516 exhortatione
3418 2462 3656 2517 dimise-

2004 2556 2196 2615 runt”,
2222 2555 2275 2605 et
2298 2567 2358 2604 se
2380 2550 2455 2606 ad
2487 2551 2582 2604 Dei
2609 2549 2916 2604 servitium
2940 2549 3415 2604 contulerunt.ln
3433 2551 3656 2622 quibus

2007 2645 2204 2696 tamen
2236 2655 2374 2693 cum
2405 2639 2829 2709 apparuissent
2858 2638 3143 2709 quaedam
3176 2654 3337 2693 sanae
3368 2639 3656 2695 doctrinas

2006 2729 2404 2791 adversantia,
2421 2743 2556 2798 quae
2577 2726 2890 2782 Salvatoris
2907 2726 3219 2796 Evangelio
3233 2729 3587 2792 continetur,
3604 2733 3661 2784 et

2006 2816 2349 2888 apostolicis
2365 2815 2743 2870 sermonibus
2755 2814 3172 2880 declaratur,id
3185 2822 3420 2871 estcum
3438 2816 3492 2872 in
3504 2817 3662 2872 veni-

2005 2910 2210 2961 rentur
2230 2907 2441 2960 contra
2469 2904 2565 2958 Dei
2587 2904 2838 2973 gratiam
2865 2903 3444 2976 disputare,propter
3473 2921 3659 2976 quam

2006 2994 2310 3051 christiani
2335 3009 2563 3061 sumus,
2579 2997 2634 3046 et
2659 2992 2718 3045 in
2739 3007 2863 3062 qua
2886 2991 3094 3062 spiritu
3113 3007 3184 3046 ex
3205 2992 3323 3047 ﬁde
3347 3008 3517 3063 spem
3535 2994 3554 3064 j
3569 3011 3658 3047 us-

2007 3084 2147 3140 titiae
2161 3087 2602 3153 exspectamus,
2618 3086 2674 3135 et
2684 3080 3194 3135 admonitionibus
3210 3082 3429 3136 nostris
3444 3082 3662 3154 incipe-

2006 3178 2136 3229 rent
2166 3171 2499 3235 emendari;
2533 3169 2824 3224 dederunt
2854 3169 2998 3224 mihi
3029 3169 3267 3234 librum,
3302 3185 3482 3240 quem
3504 3171 3661 3241 ejus-

2006 3262 2144 3318 dem
2183 3259 2397 3329 Pelagii
2441 3274 2571 3314 esse
2610 3258 2908 3326 dixerunt,
2949 3262 3230 3327 rogantes
3269 3265 3330 3312 ut
3369 3260 3420 3313 ei
3461 3259 3660 3330 potius

2005 3350 2434 3422 responderem
2474 3365 2486 3404 :
2537 3347 2702 3419 quod
2742 3353 3140 3419 posteaquam
3175 3346 3294 3402 vidi
3332 3363 3428 3403 me
3467 3346 3659 3403 facere

2006 3440 2242 3504 debere,
2269 3443 2332 3494 ut
2356 3454 2426 3494 eo
2449 3438 2632 3493 modo
2653 3452 2815 3492 error
2840 3438 2966 3508 ipse
2989 3436 3250 3492 nefarius
3275 3436 3350 3492 de
3375 3436 3660 3492 cordibus

2006 3545 2214 3585 eorum
2247 3527 2562 3600 perfectius
2603 3526 2953 3591 auferretur,
2986 3525 3100 3595 legi
3131 3531 3310 3598 atque
3341 3526 3654 3598 respondi.

2078 3622 2128 3674 3.
2159 3620 2221 3672 In
2253 3618 2366 3672 hoc
2395 3616 2548 3670 libro
2577 3614 2668 3669 ille
2699 3615 2798 3669 Dei
2827 3615 3081 3684 gratiam
3110 3631 3230 3670 non
3259 3615 3524 3687 appellat
3548 3615 3663 3671 nisi

2008 3713 2307 3771 naturam,
2339 3721 2460 3776 qua
2489 3703 2674 3759 libero
2710 3703 2954 3758 arbitrio
2981 3703 3201 3758 conditi
3232 3720 3464 3759 sumus.
3495 3704 3660 3759 Illam

2007 3810 2358 3866 vero,qnam
2372 3792 2870 3848 innumerabilins
2887 3792 3238 3846 testimoniis
3252 3799 3458 3847 sancta
3475 3792 3667 3862 Scrip-

2008 3892 2140 3940 tura
2169 3882 2574 3947 commendat,
2606 3897 2678 3936 ea
2710 3896 2818 3935 nos
2843 3880 3306 3951 justiﬁcari,hoc
3333 3886 3440 3946 est,
3463 3882 3662 3951 justos

2008 3973 2129 4028 ﬁeri
2162 3971 2410 4036 docens,
2443 3976 2498 4026 et
2523 3971 2582 4024 in
2614 3969 2778 4024 omni
2808 3984 2986 4040 opere
3026 3968 3209 4036 bono,
3243 3970 3368 4025 sive
3398 3969 3658 4040 agendo,

2008 4064 2132 4118 sive
2145 4059 2632 4133 perﬁciendo,Dei
2646 4058 3053 4114 misericordia
3060 4057 3080 4129 j
3094 4059 3281 4124 uvari;
3296 4057 3461 4130 quod
3484 4058 3664 4114 etiam

2009 4153 2308 4208 orationes
2334 4155 2677 4204 sanctorum
2692 4147 3066 4219 apertissime
3084 4148 3426 4213 ostendunt,
3443 4148 3666 4220 quibus

2009 4257 2080 4297 ea
2095 4244 2376 4312 petuntur
2393 4255 2427 4294 a
2442 4238 2715 4303 Domino,
2731 4253 2866 4309 quae
2883 4237 3311 4309 praecipiuntur
3325 4238 3624 4293 aDomino
3650 4259 3662 4290 :

2010 4331 2167 4386 hanc
2184 4345 2325 4399 ergo
2348 4330 2599 4399 gratiam
2625 4344 2744 4382 non
2764 4327 2959 4382 solum
2983 4334 3150 4391 tacet,
3167 4327 3271 4382 sed
3288 4327 3340 4381 ei
3368 4328 3668 4382 contraria

2012 4419 2199 4475 multa
2225 4418 2507 4490 loquitur.
2523 4416 2723 4471 Atﬂrm
2735 4423 2791 4471 at
2811 4416 2991 4479 enim,
3009 4417 3507 4486 vehementerque
3529 4431 3666 4469 con-

2013 4508 2219 4571 tendit,
2237 4522 2340 4578 per
2362 4505 2556 4560 solum
2581 4504 2831 4558 liberum
2859 4505 3168 4558 arbitrium
3193 4503 3306 4557 sibi
3327 4503 3659 4558 humanam

2011 4595 2283 4650 sufﬁcere
2299 4610 2474 4665 posse
2497 4598 2770 4648 naturam
2800 4593 2876 4647 ad
2899 4592 3274 4662 operandam
3292 4591 3590 4662 justitiam
3613 4596 3668 4648 et

2011 4684 2217 4739 omnia
2245 4681 2344 4737 Dei
2381 4681 2666 4737 mandata
2704 4681 3020 4736 servanda.
3058 4679 3222 4736 Unde
3252 4680 3390 4753 quis
3422 4696 3540 4736 non
3575 4681 3665 4736 vi-

2012 4773 2172 4842 deat,
2192 4788 2328 4827 cum
2356 4769 2636 4827 eumdem
2659 4769 2878 4825 librum
2904 4770 3125 4841 legerit,
3145 4770 3665 4841 quemadmodum

2012 4865 2394 4933 oppugnetur
2422 4861 2612 4930 gratia
2645 4859 2851 4923 Dei,de
2881 4876 3004 4931 qua
3028 4859 3170 4914 dicit
3192 4859 3526 4930 Apostolus,
3553 4858 3668 4912 Mi-

2013 4966 2108 5006 ser
2149 4967 2246 5022 ego
2279 4950 2482 5006 homo!
2506 4951 2636 5021 quis
2663 4964 2751 5004 me
2789 4949 3062 5005 liberabit
3090 4949 3161 5005 de
3193 4964 3436 5018 corpore
3459 4946 3664 5002 mortis

2017 5040 2240 5109 hujus?
2289 5039 2494 5095 Gratia
2532 5038 2640 5094 Dei
2679 5053 2788 5106 per
2816 5039 3129 5093 Dominum
3171 5043 3440 5092 nostrum
3472 5036 3666 5092 Iesum

2076 5147 2090 5174 ¹
2127 5146 2247 5195 Am.
2287 5145 2410 5194 Bad.
2448 5145 2531 5193 Er.
2566 5148 2618 5192 et
2646 5145 2711 5193 ali
2755 5148 2848 5193 uot
2874 5144 3018 5200 Mss,
3048 5143 3277 5192 omnium
3306 5142 3602 5205 vigilantia.

2077 5209 2094 5238 ³
2127 5210 2209 5255 δὶα
2233 5208 2485 5255 emendat
2511 5209 2680 5255 codex
2714 5160 2900 5255 3atic..
2934 5220 3057 5255 nam
3090 5208 3142 5254 in
3177 5205 3308 5254 Edd.
3342 5205 3602 5255 legebatui

2077 5209 2094 5238 ³
2127 5210 2209 5257 δὶα
2233 5208 2485 5258 emendat
2511 5209 2680 5257 codex
2714 5205 2900 5262 Vatic.,
2934 5220 3057 5256 nam
3090 5208 3142 5254 in
3177 5205 3308 5254 Edd.
3342 5205 3622 5268 legebatur
3653 5218 3664 5255 :

2014 5272 2228 5320 Eruditi
2267 5287 2416 5334 quam
2449 5271 2700 5319 habebant
2741 5271 2797 5318 in
2834 5270 3009 5318 steculo
3061 5269 3465 5318 exhortationem
3510 5268 3669 5316 dimi-

2015 5341 2295 5448 “angina
2312 5395 2452 5458 apud
2483 5396 2608 5445 Lov.
2636 5408 2700 5444 ex
2733 5394 2828 5442 Ms.
2859 5393 3024 5443 Vatic.
3059 5395 3115 5443 in
3143 5406 3250 5456 quo
3283 5393 3398 5443 solo
3438 5408 3471 5444 a
3508 5393 3663 5443 nobis

2018 5462 2439 5585 Γθῗξῖἳιῗξέέδε
2473 5536 2484 5569 :
2512 5535 2630 5583 qua:
2661 5523 2838 5569 autem
2867 5519 2954 5568 179
2986 5522 3116 5578 erat,
3145 5533 3289 5569 nunc
3321 5522 3429 5570 150.
3463 5519 3674 5586 Scripta.

2017 5587 2158 5636 circa
2182 5587 2325 5635 idem
2355 5588 2589 5649 tempus.
