4098 6166
499 93 605 147 775

507 217 805 272 Christum
836 217 1021 287 (Rom.
1055 230 1151 282 vn,
1177 216 1268 277 24,
1292 214 1413 281 25);
1437 216 1494 267 et
1522 210 1724 266 nullus
1767 211 1936 266 locus
1962 208 2166 262 divino

502 305 824 376 adjutorio,
843 305 1232 374 relinquatur,
1265 307 1505 372 propter
1523 300 1682 372 quod
1706 307 1946 354 orantes
1969 297 2165 350 dicere

504 394 853 458 debeamus,
889 393 972 447 Ne
1003 405 1107 446 nos
1143 391 1374 460 inferas
1408 392 1469 443 in
1517 390 1897 446 tentationem
1929 383 2166 456 (Matth.

504 498 579 545 vx,
605 483 694 552 13)
731 497 744 546 ;
778 480 901 534 sine
929 495 1111 534 causa
1141 480 1321 533 etiam
1352 477 1639 532 Dominus
1682 476 1958 546 apostolo
2001 475 2167 527 Petro

503 570 723 624 dixisse
755 571 1045 633 videatur,
1067 568 1292 637 Rogavi
1320 582 1430 636 pro
1455 573 1528 636 te,
1548 583 1620 622 ne
1636 566 1871 637 deﬁciat
1894 563 2038 632 ﬁdes
2065 566 2167 615 tua

504 659 668 725 (Luc.
700 673 841 721 χχιι,
870 659 984 727 32),
1011 656 1059 711 si
1087 656 1200 711 hoc
1229 663 1417 710 totum
1453 656 1510 710 in
1545 655 1718 710 nobis
1755 653 1916 708 nullo
1947 649 2167 708 auxilio

503 747 623 813 Dei,
657 747 760 801 sed
792 751 1086 817 potestate
1114 745 1435 799 voluntatis
1469 743 1794 814 impletur?

573 839 624 890 4.
658 836 753 890 His
783 836 980 906 itaque
1010 834 1523 904 disputationibus
1552 833 1838 902 perversis
1860 837 1915 885 et
1943 829 2163 900 impiis,

501 940 623 980 non
643 924 835 978 solum
853 923 1279 978 contradicitur
1301 921 1672 976 orationibus
1695 921 1931 984 nostris,
1947 918 2168 990 quibus

502 1029 539 1069 a
574 1015 821 1068 Domino
857 1013 1110 1083 petimus
1141 1011 1436 1083 quidquid
1472 1017 1708 1065 sanctos
1744 1009 1982 1080 petiisse
2024 1007 2164 1074 legi-

504 1120 638 1158 mus
657 1110 708 1158 et
739 1107 1038 1167 tenemus;
1058 1117 1262 1156 verum
1287 1103 1465 1154 etiam
1488 1098 2006 1154 benedictionibus
2032 1111 2170 1150 nos-

501 1192 606 1247 tris
639 1191 950 1252 resistitur,
973 1189 1215 1260 quando
1231 1204 1412 1258 super
1441 1187 1737 1259 pOpulum
1766 1186 2044 1249 dicimus,
2064 1200 2171 1254 op-

498 1286 692 1336 tantes
724 1280 807 1334 eis
833 1286 889 1334 et
922 1282 1236 1350 poscentes
1267 1293 1302 1332 a
1335 1276 1611 1341 Domino,
1632 1281 1691 1330 ut
1718 1291 1822 1330 eos
1857 1274 2168 1330 abundare

498 1369 748 1424 faciatin
773 1368 1056 1423 charitate
1085 1366 1363 1432 invicem,
1382 1371 1436 1419 et
1460 1367 1518 1419 in
1546 1379 1759 1419 omnes
1785 1364 1828 1434 (l
1863 1362 2061 1418 Thess.
2086 1379 2165 1427 ιιι,

506 1461 680 1527 l2),et
708 1457 806 1511 det
826 1457 911 1510 eis
938 1454 1276 1510 secundum
1308 1454 1547 1508 divitias
1570 1452 1770 1520 gloriae
1799 1467 1922 1505 suae
1957 1450 2168 1505 virtute

500 1545 869 1600 corroborari
913 1559 1015 1614 per
1048 1545 1329 1613 Spiritum
1367 1542 1495 1612 ejus
1532 1542 1772 1612 (Ephes.
1814 1557 1892 1606 ιιι,
1942 1540 2024 1609 t6)
2056 1555 2068 1602 ;
2103 1544 2159 1594 et

501 1634 748 1705 impleat
775 1649 876 1688 eos
905 1633 1068 1687 omni
1098 1631 1340 1702 gaudio,
1385 1637 1438 1685 et
1475 1646 1618 1699 pace
1655 1631 1712 1684 in
1759 1629 2079 1692 credendo,
2113 1633 2171 1685 et

502 1723 810 1778 abundent
840 1722 899 1776 in
928 1738 1052 1792 spe,
1085 1729 1140 1774 et
1170 1720 1439 1790 potentia
1473 1719 1721 1788 Spiritus
1757 1718 1950 1772 sancti
1978 1719 2165 1786 (Rom.

502 1829 599 1880 xv,
624 1813 734 1880 13).
755 1810 970 1881 thuid
998 1811 1083 1863 eis
1111 1810 1221 1862 ista
1254 1807 1534 1878 petimus,
1561 1823 1696 1878 quas
1723 1807 1960 1877 populis
1987 1821 2024 1860 a
2053 1805 2172 1860 Do-

503 1903 668 1955 mino
699 1900 938 1970 petiisse
984 1897 1334 1968 Apostolum
1375 1897 1673 1958 novimus,
1715 1897 1763 1949 si
1795 1895 1920 1964 jam
1955 1899 2170 1950 natura

497 1997 724 2052 nostra,
758 1994 958 2042 creata
981 2003 1118 2040 cum
1153 1986 1341 2039 libero
1369 1985 1637 2048 arbitrio,
1667 1984 1871 2038 omnia
1900 1984 2023 2038 haec
2053 1982 2166 2037 sibi

498 2084 692 2150 potest
725 2092 838 2132 sua
869 2076 1174 2130 voluntate
1203 2080 1487 2146 praestare
1508 2074 1534 2128 ‘I
1568 2075 1774 2144 utquid
1810 2073 1989 2127 etiam
2023 2071 2168 2126 dicit

497 2167 656 2221 idem
688 2167 812 2236 ipse
863 2163 1212 2235 Apostolus,
1247 2163 1542 2232 Quotquot
1593 2161 1742 2218 enim
1795 2160 2030 2229 Spiritu
2070 2161 2168 2215 Dei

501 2263 791 2325 aguntur,
821 2254 884 2308 hi
905 2253 1021 2320 ﬁlii
1040 2258 1180 2306 sunt
1207 2251 1349 2319 Dei;
1371 2252 1416 2304 si
1449 2251 1658 2322 spiritu
1688 2255 1915 2305 naturas
1949 2253 2164 2303 nostra:

502 2346 758 2414 agimur,
786 2349 846 2397 ut
879 2341 1213 2396 efﬁciamur
1243 2340 1346 2394 ﬁlii
1381 2338 1524 2394 Dei?
1550 2339 1757 2409 utquid
1788 2337 1930 2392 dicit
1961 2336 2167 2391 simili-

502 2439 604 2496 ter,
628 2432 885 2501 Spiritus
911 2432 1168 2499 adjuvat
1192 2429 1600 2497 inﬁrmitatem
1628 2435 1890 2481 nostram
1913 2427 2161 2489 (Id.vm,

504 2523 590 2586 14,
613 2522 734 2590 26);
757 2522 802 2573 si
825 2525 1040 2573 natura
1064 2525 1265 2571 nostra
1293 2517 1376 2570 sic
1403 2522 1605 2570 creata
1626 2522 1731 2584 est,
1749 2523 1811 2569 ut
1841 2513 2064 2584 Spiritu
2087 2514 2162 2568 ad

507 2625 690 2680 opera
711 2607 952 2678 justitiaa
981 2622 1099 2660 non
1123 2605 1390 2674 indigeat
1417 2605 1689 2674 adjuvari
1710 2603 1735 2657 ίί
1753 2603 1961 2674 utquid
1985 2603 2164 2673 scrip-

504 2703 633 2753 tum
663 2704 767 2760 est,
796 2695 1024 2750 Fidelis
1050 2701 1247 2749 autem
1271 2695 1443 2754 Deus,
1469 2693 1571 2763 qui
1595 2709 1714 2747 non
1737 2693 2036 2761 permittet
2064 2707 2162 2746 vos

505 2786 725 2842 tentari
748 2800 926 2852 super
951 2784 1014 2839 id
1042 2784 1202 2854 quod
1221 2783 1594 2851 potestis,sed
1619 2782 1798 2850 faciet
1825 2797 1954 2836 cum
1990 2785 2164 2837 tenta-

506 2876 661 2932 tione
685 2875 862 2930 etiam
893 2873 1142 2938 exitum,
1177 2880 1239 2926 ut
1267 2873 1504 2939 possitis
1534 2873 1830 2927 sustinere
1857 2870 1901 2940 (Ι
1935 2870 2067 2925 Cor.
2101 2887 2160 2938 x,

505 2965 627 3033 13);
660 2965 707 3018 si
729 2964 858 3033 jam
892 2963 972 3017 ita
997 2961 1220 3016 conditi
1249 2977 1479 3025 sumus,
1514 2966 1576 3015 ut
1607 2959 1834 3015 viribus
1863 2959 2032 3014 liberi
2063 2975 2161 3014 ar-

505 3055 657 3110 bitrii
708 3053 1018 3108 universas
1076 3050 1428 3106 tentationes
1480 3050 1830 3106 sustinendo
1881 3063 2162 3120 superare

503 3143 808 3216 possimus
838 3141 864 3198 ?

577 3237 629 3288 5.
672 3231 823 3297 Quid
866 3229 1138 3301 pluribus
1189 3243 1367 3297 agam
1409 3227 1573 3298 apud
1611 3227 1994 3282 Sanctitatem
2035 3242 2162 3280 ves-

501 3325 656 3378 tram
670 3317 1204 3391 ‘i’quandoquidem
1222 3333 1314 3371 me
1328 3331 1651 3371 onerosum
1665 3317 1854 3370 sentio
1870 3331 1883 3379 ;
1899 3315 2162 3371 maxime

503 3410 648 3483 quia
679 3425 783 3480 per
810 3409 1189 3476 interpretem
1223 3405 1396 3460 audis
1421 3404 1644 3460 litteras
1675 3419 1861 3458 meas.
1888 3404 1945 3459 Si
1971 3403 2162 3472 diligi-

504 3498 578 3553 tis
627 3497 949 3566 Pelagium,
988 3494 1192 3564 diligat
1235 3508 1338 3548 vos
1371 3495 1549 3547 etiam
1595 3492 1746 3563 ipse,
1792 3492 1913 3546 imo
1964 3492 2159 3560 magis

508 3586 774 3655 seipsum
799 3589 890 3650 ;et
915 3600 1036 3638 non
1064 3598 1168 3638 vos
1202 3582 1387 3638 fallat.
1413 3585 1560 3636 Cum
1588 3583 1748 3636 enim
1780 3579 1998 3635 auditis
2021 3596 2160 3636 eum

504 3673 768 3729 conﬁteri
794 3675 1047 3743 gratiam
1070 3673 1166 3728 Dei
1193 3678 1249 3727 et
1270 3671 1634 3742 adjutorium
1665 3671 1784 3738 Dei,
1802 3670 2021 3741 putatis
2048 3671 2161 3725 hoc

504 3779 643 3819 eum
674 3763 869 3818 dicere
900 3762 1062 3834 quod
1092 3767 1148 3816 et
1180 3777 1286 3816 vos
1312 3760 1415 3831 qui
1444 3761 1733 3816 catholica
1763 3759 1969 3827 regula
2003 3758 2158 3830 sapi-

507 3854 599 3920 tis,
632 3853 922 3925 quoniam
954 3851 1102 3923 quid
1132 3851 1192 3906 in
1219 3850 1370 3905 libro
1394 3866 1503 3905 suo
1530 3847 1828 3919 scripserit
1850 3849 2160 3917 ignoratis.

502 3943 743 4014 Propter
775 3943 910 4006 hoc,
943 3942 1144 4011 ipsum
1185 3939 1404 3994 librum
1439 3937 1592 4005 misi,
1629 3943 1685 3992 et
1723 3952 1925 3992 meum
1958 3952 2080 4007 quo
2110 3936 2162 3992 ei

501 4030 975 4100 respondi;unde
993 4028 1310 4099 perspiciat
1324 4026 1748 4080 Venerabilitas
1763 4031 2160 4098 vestra,quam

502 4119 758 4188 gratiam
791 4117 879 4172 vel
907 4117 1274 4188 adjutorium
1309 4115 1406 4169 Dei
1431 4114 1608 4179 dicat,
1634 4115 1880 4186 quando
1904 4115 1984 4169 illi
2017 4115 2162 4185 obji-

503 4209 654 4263 citur
695 4207 856 4278 quod
907 4206 1112 4276 gratiae
1167 4205 1262 4258 Dei
1313 4210 1368 4258 et
1421 4202 1720 4272 adjutorio
1776 4204 2158 4259 contradicat.

504 4295 760 4352 Proinde
789 4295 1042 4350 ostende
1082 4293 1161 4348 illi
1192 4291 1486 4355 docendo,
1516 4299 1572 4347 et
1616 4291 1932 4357 hortando,
1965 4301 2024 4346 et
2052 4307 2162 4364 pro

502 4387 633 4457 ejus
663 4386 872 4451 salute,
910 4400 1041 4456 qua:
1077 4384 1136 4437 in
1167 4382 1397 4437 Christo
1430 4397 1558 4436 esse
1589 4380 1784 4445 debet,
1817 4380 2067 4444 orando,
2102 4386 2164 4436 ut

505 4491 639 4532 eam
687 4475 788 4529 Dei
846 4475 1099 4545 gratiam
1155 4471 1528 4535 conﬁteatur,
1585 4485 1770 4541 quam
1832 4469 2164 4540 probantur

504 4565 694 4620 sancti
745 4565 845 4619 Dei
877 4563 1059 4617 fuisse
1094 4561 1370 4626 confessi,
1401 4576 1535 4615 cum
1578 4575 1614 4614 a
1646 4558 1895 4614 Domino
1935 4574 2006 4614 ea
2048 4559 2161 4629 ipsi

504 4659 771 4725 peterent
801 4669 937 4723 quae
976 4651 1092 4706 illis
1120 4650 1374 4721 jubebat
1411 4656 1474 4704 ut
1515 4647 1778 4704 facerent
1815 4665 1827 4703 :
1870 4647 2162 4720 quoniam

505 4758 700 4814 neque
728 4743 1094 4812 juberentur,
1124 4740 1235 4794 nisi
1266 4746 1326 4793 ut
1352 4746 1556 4795 nostra
1586 4738 1860 4793 voluntas
1887 4737 2162 4792 ostende-

503 4839 696 4898 retur;
723 4846 915 4901 neque
948 4834 1307 4901 peterentur,
1334 4827 1447 4882 nisi
1479 4833 1540 4882 ut
1571 4826 1893 4882 voluntatis
1921 4826 2164 4881 inﬁrmi-

504 4927 594 4978 tas
624 4921 702 4977 ab
733 4919 834 4975 illo
865 4919 970 4992 qui
998 4920 1276 4989 jusserat,
1301 4917 1633 4988 juvaretur.

576 5025 628 5077 6.
657 5024 869 5091 Aperte
889 5018 1286 5087 interrogetur
1308 5021 1506 5068 utrum
1530 5011 1581 5066 ei
1609 5011 1843 5082 placeat
1861 5010 2160 5066 orandum

503 5125 638 5166 esse
665 5126 702 5165 a
732 5109 984 5164 Domino
1017 5121 1089 5161 ne
1121 5119 1460 5176 peccemus.
1498 5101 1669 5166 Quod
1703 5101 1751 5154 si
1786 5100 1837 5154 ei
1867 5099 2164 5169 displicet,

495 5199 734 5269 legatur
761 5200 818 5253 in
853 5197 1101 5254 auribus
1133 5197 1265 5264 ejus
1296 5192 1616 5262 Apostolus
1647 5189 1874 5253 dicens,
1908 5189 2162 5243 Oramus

508 5297 702 5344 autem
731 5289 812 5344 ad
843 5290 1050 5352 Deum,
1084 5300 1157 5340 ne
1187 5283 1333 5354 quid
1352 5279 1600 5351 faciatis
1631 5277 1779 5333 mali
1809 5277 1872 5347 (Il
1893 5276 2158 5342 Cor.xui,

506 5383 536 5431 7
548 5391 562 5441 ι
599 5393 607 5429 :
646 5379 691 5431 si
723 5384 924 5432 autem
957 5376 1168 5448 placet,
1203 5375 1407 5444 aperte
1442 5367 1721 5442 praedicet
1751 5366 2005 5436 gratiam
2039 5380 2165 5437 qua

498 5465 806 5534 juvamur,
839 5481 912 5519 ne
945 5466 960 5500 ¹
997 5465 1124 5535 ipse
1158 5461 1334 5518 faciat
1363 5459 1620 5516 multum
1650 5455 1814 5512 mali.
1849 5454 1969 5509 Hac
2001 5455 2163 5510 enim

505 5553 699 5627 gratia
731 5553 827 5606 Dei
855 5569 954 5622 per
979 5555 1182 5608 Jesum
1213 5551 1508 5608 Christum
1531 5545 1858 5604 Dominum
1889 5549 2164 5601 nostrum

1800 85 1862 141 S.
1900 79 2284 139 AUGUSTINI
2324 78 2643 136 EPlSCOPl
3795 88 3885 147 776

2274 221 2486 262 omnes
2507 205 2850 270 liberantur,
2875 204 3243 279 quicumque
3269 207 3617 266 liberantur:
3634 215 3890 284 quoniam

2275 309 2472 357 nemo.
2504 299 2716 364 praeter
2754 295 2972 365 ipsam,
3006 294 3274 365 quolibet
3315 297 3427 353 alio
3468 303 3647 355 modo
3684 301 3893 362 liberari

2276 389 2486 455 potest.
2517 387 2754 454 Propter
2784 383 2899 438 hoc
2946 384 3235 454 scriptum
3280 391 3384 449 est,
3431 387 3595 444 Sicut
3638 393 3698 444 in
3727 394 3894 450 Adam

2276 488 2472 528 omnes
2498 474 2860 539 moriuntur,
2884 471 2968 526 sic
2997 479 3051 528 et
3083 475 3143 528 in
3179 473 3416 531 Christo
3447 493 3642 534 omnes
3669 481 3898 547 viviﬁca-

2278 561 2502 617 buntur
2527 563 2570 631 (Ι
2597 561 2727 616 Cor.
2752 578 2847 627 xv,
2868 562 2956 632 2'2)
2976 578 2989 626 ;
3007 577 3123 617 non
3142 564 3285 634 quia
3315 581 3492 622 nemo
3507 566 3895 637 damnabitur;

2277 654 2377 704 sed
2409 650 2550 722 quia
2583 666 2759 704 nemo
2794 650 2962 705 aliter
3003 650 3352 708 liberabitur
3370 660 3409 709 ³,
3446 656 3595 720 Quia
3615 657 3755 712 sicut
3775 660 3898 716 nulli

2277 741 2387 794 nisi
2410 755 2514 811 per
2535 740 2722 793 Adam
2752 739 3148 804 ﬁliihominis,
3174 739 3272 806 ita,
3299 743 3441 798 nulli
3472 745 3584 799 nisi
3609 761 3709 815 per
3733 745 3900 802 Chris-

2278 833 2402 883 tum
2435 827 2533 882 filii
2562 826 2914 882 Dei.0mnes
2936 828 3134 899 itaque
3158 829 3257 884 ﬁlii
3288 830 3552 886 hominis
3570 835 3790 890 nonnisi
3815 852 3900 907 per

2277 917 2488 983 Adam,
2523 926 2577 971 et
2608 933 2819 972 omnes
2853 932 2919 971 ex
2946 918 3029 971 eis
3061 917 3159 972 ﬁlii
3195 919 3298 974 Dei
3331 922 3572 976 nonnisi
3606 939 3706 991 per
3736 925 3902 980 Chris-

2278 1011 2404 1061 tum
2439 1007 2562 1060 ﬁeri
2596 1012 2866 1076 possunt.
2892 1007 3102 1076 Aperte
3132 1006 3330 1079 itaque
3360 1009 3541 1065 etiam
3569 1009 3705 1066 hinc
3734 1015 3900 1084 expri-

2279 1102 2400 1150 mat
2421 1094 2567 1165 quid
2600 1095 3068 1158 sentiat;utrum
3097 1095 3324 1166 placeat
3357 1097 3409 1151 ei
3436 1097 3619 1152 etiam
3653 1101 3902 1168 parvulos

2277 1184 2379 1255 qui
2408 1183 2679 1237 nondum
2697 1182 2987 1252 justitiam
3003 1189 3258 1254 possunt
3285 1185 3432 1240 velle
3447 1186 3538 1240 vel
3552 1187 3720 1252 nolle,
3733 1195 3902 1244 tamen

2278 1277 2520 1344 propter
2543 1287 2728 1326 unum
2752 1270 3077 1333 hominem,
3095 1287 3389 1344 perquam
3417 1281 3725 1345 peccatum
3753 1277 3905 1333 intra-

2280 1362 2358 1416 vit
2400 1363 2458 1415 in
2496 1360 2815 1424 mundum,
2853 1365 2907 1415 et
2951 1375 3057 1431 per
3098 1369 3410 1432 peccatum
3445 1379 3630 1430 mors,
3663 1370 3715 1419 et
3751 1365 3823 1420 ita
3857 1369 3904 1421 in

2278 1466 2489 1506 omnes
2519 1449 2794 1504 homines
2829 1450 3182 1518 pertransiit,
3218 1450 3276 1505 in
3319 1467 3442 1523 quo
3478 1467 3690 1508 omnes
3719 1470 3902 1524 pecca-

2279 1545 2490 1593 verunt
2519 1538 2710 1609 (Rom.
2747 1553 2802 1601 v,
2843 1538 2955 1607 1'2),
2989 1554 3095 1609 per
3121 1539 3331 1594 Christi
3362 1542 3620 1610 gratiam
3651 1542 3905 1600 liberari:

2282 1633 2478 1683 utrum
2521 1627 2697 1681 etiam
2750 1641 2858 1697 pro
2897 1627 3042 1697 ipsis
3083 1626 3281 1683 fusum
3323 1628 3532 1685 credat
3580 1633 3902 1701 sanguinem

2281 1717 2488 1772 Christi
2503 1723 2743 1786 propter
2756 1715 3045 1785 originale
3060 1723 3396 1786 peccatum,
3412 1719 3518 1789 qui
3548 1721 3743 1791 utique
3769 1721 3819 1775 in
3835 1739 3904 1776 re-

2280 1806 2629 1860 missionem
2653 1803 2818 1858 fusus
2831 1809 2916 1858 est
2944 1812 3320 1874 peccatorum
3343 1807 3591 1875 (Matth.
3609 1810 3902 1875 xv1,28).De

2277 1894 2371 1949 his
2394 1895 2654 1948 maxime
2677 1892 2755 1948 ab
2783 1892 2880 1947 illo
2903 1892 3177 1948 volumus
3201 1910 3374 1949 nosse
3397 1897 3546 1967 quid
3564 1899 3902 1970 credat,quid

2278 1988 2492 2046 teneat,
2509 1982 2652 2054 quid
2672 1987 2827 2036 certe
2849 1981 3200 2036 conﬁteatur
3217 1989 3274 2037 et
3293 1984 3671 2054 praedicetJn
3689 1988 3807 2044 aliis
3819 2005 3901 2042 au-

2277 2077 2396 2126 tem
2412 2087 2548 2142 quae
2579 2069 2655 2124 illi
2675 2069 3055 2140 objiciuntur,
3072 2070 3303 2125 etiamsi
3323 2088 3525 2127 errare
3547 2076 3899 2139 convincitur,

2278 2166 2476 2217 tamen
2509 2161 2700 2215 donec
2731 2159 3081 2228 corrigatur,
3117 2159 3489 2216 tolerabilius
3522 2164 3841 2221 sustinetur.

2346 2255 2397 2304 7.
2423 2249 2557 2304 Peto
2584 2247 2761 2304 etiam
2788 2247 2961 2302 nobis
2990 2248 3645 2323 transmittere,quibus
3669 2254 3899 2324 perhibe-

2277 2346 2369 2393 tur
2390 2355 2516 2393 esse
2536 2343 2842 2409 purgatus,
2859 2335 3257 2391 ecclesiastica
3269 2336 3448 2394 Gesta
3471 2341 3897 2408 digneris.0uod

2274 2445 2345 2483 ex
2375 2427 2698 2482 multorum
2721 2427 3146 2496 episcoporum
3165 2426 3462 2484 desiderio
3485 2436 3898 2501 peto,quosme-

2275 2534 2412 2571 cum
2435 2517 2508 2570 de
2522 2517 2633 2570 hac
2651 2531 2711 2569 re
2729 2514 2891 2569 fama
2906 2514 3126 2568 incerta
3141 2515 3480 2584 perturbat:
3499 2518 3602 2572 sed
3625 2519 3746 2573 ideo
3763 2520 3898 2574 solus

2272 2606 2385 2661 hoc
2417 2605 2645 2675 scripsi,
2670 2604 2812 2674 quia
2841 2604 3218 2658 occasionem
3255 2605 3568 2674 perlatoris
3601 2606 3892 2662 festinantis

2272 2711 2308 2750 a
2335 2695 2530 2758 nobis,
2565 2708 2742 2764 quem
2777 2694 2892 2747 cito
2924 2691 3001 2747 ad
3034 2708 3141 2747 nos
3181 2694 3380 2748 audivi
3423 2711 3602 2766 posse
3639 2712 3891 2761 remeare,

2273 2784 2721 2855 praetermittere
2753 2781 2938 2836 nolui.
2973 2783 3079 2835 Pro
3119 2781 3338 2853 quibus
3373 2784 3561 2838 Gestis
3597 2785 3716 2855 jam
3747 2785 3890 2840 nobis

2272 2872 2428 2928 misit
2469 2886 2586 2925 non
2631 2869 2875 2941 quidem
2919 2867 3102 2923 ullam
3165 2875 3392 2940 partem
3440 2871 3762 2942 Gestorum,
3809 2871 3890 2926 sed

2270 2961 2602 3033 quamdam
2654 2975 2689 3014 a
2740 2974 2802 3013 se
2851 2959 3253 3029 conscriptam
3304 2960 3469 3015 velut
3522 2961 3888 3016 defensionem

2271 3065 2595 3122 suam,qua
2608 3047 3088 3118 sedixitobjectis
3104 3048 3493 3118 respondisse
3507 3049 3788 3106 Gallorum
3803 3049 3886 3120 (α).

2270 3140 2330 3194 ln
2357 3155 2497 3211 qua,
2524 3143 2586 3192 ut
2613 3138 2729 3193 alia
2749 3138 3042 3201 omittam,
3067 3152 3204 3190 cum
3237 3136 3314 3192 ad
3343 3137 3491 3193 illud
3525 3139 3884 3211 responderet.

2269 3229 2433 3301 quod
2461 3228 2511 3283 ei
2539 3227 2842 3297 objectum
2873 3231 3132 3290 est,eum
3157 3225 3384 3281 dixisse
3411 3243 3593 3298 posse
3617 3228 3882 3283 hominem

2269 3333 2396 3374 esse
2417 3318 2540 3371 sine
2573 3319 2912 3386 peccato,et
2939 3315 3227 3370 mandata
3260 3317 3355 3370 Dei
3380 3318 3676 3372 custodire
3693 3318 3734 3371 si
3754 3316 3880 3379 velit,

2267 3408 2560 3468 Diximus,
2577 3404 2793 3476 inquit;
2821 3403 2978 3459 hanc
2997 3404 3151 3460 enim
3175 3404 3272 3459 illi
3296 3406 3449 3460 Deus
3470 3406 3878 3474 possibilitatem

2266 3497 2447 3552 dedit.
2479 3495 2615 3549 Non
2646 3494 2932 3557 diximus,
2973 3494 3252 3564 quoniam
3299 3493 3644 3551 inveniatur
3675 3496 3792 3566 quis
3822 3492 3878 3547 ab

2266 3584 2531 3655 infantia
2562 3598 2736 3653 usque
2773 3583 2853 3637 ad
2889 3589 3208 3651 senectam,
3237 3585 3342 3653 qui
3369 3599 3676 3654 nunquam
3707 3597 3874 3653 pecca-

2267 3674 2414 3730 verit
2430 3672 2554 3743 ;sed
2563 3673 2843 3742 quoniam
2867 3687 2904 3726 a
2927 3671 3186 3739 peccatis
3212 3686 3529 3728 conversus
3552 3674 3608 3728 la
3619 3674 3744 3729 bore
3763 3685 3875 3739 pro—

2264 3765 2420 3833 prio,
2453 3765 2505 3817 et
2546 3761 2747 3831 gratia
2782 3760 2884 3816 Dei
2911 3760 3158 3830 adjutus
3186 3765 3374 3829 potest
3413 3763 3636 3831 absque
3672 3765 3873 3830 peccato

2267 3868 2404 3917 esse,
2438 3867 2544 3908 nec
2572 3854 2817 3920 propter
2858 3848 2966 3904 hoc
2995 3848 3057 3904 in
3087 3857 3389 3918 posterum
3421 3856 3534 3906 erit
3563 3847 3874 3906 inconverti-

2271 3943 2422 3998 bilis.

2341 4035 2388 4086 8.
2409 4032 2469 4085 ln
2485 4030 2597 4085 hac
2615 4027 2826 4097 Pelagii
2845 4027 3238 4099 responsione
3256 4031 3440 4083 cernit
3455 4027 3778 4084 Reverentia
3797 4031 3874 4079 tua

2267 4119 2380 4175 hoc
2398 4135 2535 4175 eum
2563 4118 2742 4172 fuisse
2765 4116 3128 4182 confessum,
3145 4116 3402 4187 priorem
3424 4118 3681 4173 hominis
3706 4117 3872 4172 vitam.

2267 4225 2400 4280 qua:
2429 4213 2518 4263 est
2538 4207 2616 4262 ab
2639 4204 2911 4274 infantia,
2933 4204 3058 4259 sine
3076 4211 3320 4275 peccato
3343 4221 3464 4260 non
3492 4204 3742 4272 esse,sed
3763 4216 3872 4257 eum

2267 4297 2345 4353 ad
2377 4299 2555 4352 vitam
2586 4311 2721 4367 quae
2765 4296 2893 4349 sine
2929 4299 3170 4364 peccato
3204 4294 3296 4357 sit,
3335 4295 3540 4351 labore
3579 4293 3796 4366 pr0prio
3832 4293 3876 4343 et

2268 4386 2475 4456 adjuto
2501 4400 2606 4457 per
2635 4382 2887 4453 gratiam
2917 4382 3016 4436 Dei
3045 4397 3218 4452 posse
3249 4383 3658 4439 converti.Cur
3680 4395 3800 4448 ergo
3827 4377 3871 4430 in

2267 4475 2382 4530 hoc
2412 4475 2585 4537 libro,
2616 4473 2708 4527 cui
2739 4470 3042 4543 respondi,
3072 4471 3159 4524 vel
3193 4471 3273 4525 ita
3303 4471 3398 4526 hic
3431 4474 3638 4528 vixisse
3665 4469 3805 4531 dicit,
3827 4469 3874 4518 ut

2269 4563 2415 4619 nihil
2445 4563 2693 4618 omnino
2726 4559 3100 4632 peccaverit?
3128 4559 3275 4614 Nam
3310 4561 3441 4630 ejus
3469 4563 3541 4616 de
3572 4561 3674 4615 hac
3701 4574 3754 4612 re
3780 4556 3870 4608 ista

2270 4659 2407 4708 sunt
2433 4652 2641 4706 verba:
2665 4651 2807 4713 Hoc,
2823 4647 3037 4719 inquit,
3064 4653 3217 4703 recte
3237 4649 3357 4704 dici
3374 4657 3556 4719 potest
3577 4650 3645 4704 de
3663 4647 3742 4703 his
3760 4657 3871 4714 quo-

2269 4759 2403 4798 rum
2427 4755 2613 4812 neque
2638 4741 2945 4801 bonorum,
2962 4752 3149 4807 neque
3173 4739 3467 4793 malorum
3499 4738 3786 4805 Scriptura
3811 4731 3868 4784 sit

2268 4846 2490 4886 memor
2521 4845 2540 4881 :
2571 4830 2642 4884 de
2670 4828 2797 4882 illis
2829 4841 2964 4881 vero
2994 4841 3247 4895 quorum
3277 4828 3522 4895 iustitia!
3550 4822 3801 4883 meminit,
3827 4820 3867 4872 et

2266 4927 2644 4990 peccatorum
2675 4916 2800 4972 sine
2830 4914 3002 4969 dubio
3035 4915 3409 4981 meminisset,
3442 4920 3491 4970 si
3519 4930 3625 4985 qua
3652 4927 3735 4968 eos
3757 4921 3866 4977 pec-

2269 5024 2431 5065 casse
2445 5007 2729 5062 sensisset.
2747 5005 2865 5060 Sed
2882 5009 3019 5067 esto,
3039 5003 3251 5074 inquit,
3267 5005 3402 5058 aliis
3416 5000 3749 5070 temporibus
3769 5000 3867 5050 tur-

2272 5098 2354 5153 bae
2397 5095 2815 5151 numerositate
2855 5091 3117 5148 omnium
3171 5091 3623 5149 dissimulaverit
3661 5089 3863 5157 peccata

2268 5192 2606 5249 contexere;
2629 5186 2684 5238 in
2704 5183 2832 5252 ipso
2845 5181 3048 5237 statim
3076 5181 3288 5236 mundi
3294 5180 3633 5249 primordio,
3649 5176 3736 5231 ubi
3748 5185 3861 5226 non-

2332 5299 2345 5326 ί
2383 5297 2532 5355 Lov.,
2557 5299 2610 5342 ut
2638 5294 2767 5356 ipse,
2806 5295 2874 5356 At
2905 5293 3026 5340 Mss.
3062 5291 3264 5356 Va_t_ic.,
3300 5305 3364 5356 ne
3393 5291 3512 5352 ipse.
3581 5351 3591 5356 _
3737 5343 3774 5356 Ι,

2328 5363 2346 5392 ²
2379 5343 2445 5408 in
2463 5343 2693 5420 vulgatis
2715 5343 2824 5404 haec
2847 5354 3099 5420 deerant;
3125 5343 3378 5420 Nonquia
3400 5343 3855 5420 nemodamnqbitgf.

2267 5423 2351 5472 sed
2379 5405 2694 5484 quiaiiicmo
2725 5419 2878 5467 aliter
2915 5415 3224 5466 liberabitur
3244 5405 3414 5479 {quae
3446 5430 3506 5464 ex
3551 5414 3662 5462 Mss.
3713 5405 3849 5453 Vatic.

2269 5485 2623 5536 restituimus.

2334 5527 2645 5607 ἱᾶῖῑιέῐόὖε
2671 5547 2725 5595 et
2747 5543 2948 5601 Lazari,
2980 5541 3044 5591 de
3075 5541 3270 5604 quibus
3301 5541 3355 5589 in
3388 5540 3543 5605 Epist.
3575 5537 3668 5590 475,
3696 5544 3740 5580 n.
3768 5527 3802 5573 1.
