4098 6166
104 195 229 254 777

102 324 234 380 nisi
266 330 531 396 quatuor
561 325 818 382 homines
843 331 1039 388 erant,
1073 326 1238 397 quid,
1271 324 1482 398 inquit,
1511 326 1779 392 dicimus,

100 429 228 468 cur
245 430 371 470 non
398 414 659 471 omnium
682 415 930 470 voluerit
953 414 1106 471 dicta
1126 415 1480 472 memorare?
1502 416 1785 471 Utrumne

100 504 384 571 ingentis
410 504 810 559 multitudinis
837 518 1038 571 causa,
1061 519 1191 575 quae
1218 505 1478 560 nondum
1503 512 1628 560 erat
1652 502 1679 557 â€˜t
1705 519 1783 558 an

99 594 264 663 quia
296 594 536 648 illorum
559 598 807 657 tantum,
830 594 934 664 qui
953 596 1388 659 commiserant,
1418 594 1700 657 meminit,
1720 592 1785 646 il-

102 681 234 735 lius
298 696 434 737 vero
478 683 583 753 qui
628 682 802 737 nulla
855 684 1239 742 commiserat,
1288 683 1617 738 meminisse
1664 698 1780 736 non

99 769 371 837 potuit?
409 769 594 839 Certe,
639 771 851 842 inquit,
882 773 1074 839 primo
1116 772 1179 826 in
1226 779 1477 841 tempore
1507 772 1701 826 Adam
1732 775 1784 825 et

106 860 268 924 Eva,
304 875 381 916 ex
411 860 619 931 quibus
644 859 789 916 Cain
821 866 874 916 et
899 862 1047 917 Abel
1068 862 1197 917 nati
1224 867 1661 932 sunt,quatuor
1683 860 1782 915 ho-

105 949 310 1005 mines
324 956 551 1005 tantum
565 949 750 1016 fuisse
763 950 1132 1019 referuntur.
1149 952 1418 1007 Peccavit
1430 951 1783 1019 Eua;Scrip-

105 1045 265 1094 tura
301 1039 409 1094 hoc
436 1039 701 1108 prodidit
728 1058 748 1094 :
779 1039 976 1096 Adam
1007 1056 1238 1111 quoque
1266 1039 1550 1111 deliquit;
1579 1039 1782 1095 eadem

102 1127 445 1196 Scriptura
466 1143 585 1183 non
612 1128 801 1184 tacuit
825 1129 958 1185 :sed
975 1136 1027 1184 et
1053 1128 1196 1185 Cain
1210 1144 1469 1199 peccasse
1488 1129 1619 1196 ipsa
1645 1142 1785 1198 quo-

102 1232 230 1287 que
264 1217 580 1286 Scriptura
619 1223 835 1274 testata
865 1224 972 1275 est.
1017 1218 1274 1285 Quorum
1304 1233 1423 1273 non
1454 1218 1622 1272 modo
1652 1231 1783 1284 pec-

105 1311 499 1373 cata,verum
533 1306 711 1362 etiam
741 1312 1117 1375 peccatorum
1153 1307 1377 1362 indicat
1406 1308 1777 1377 qualitatem.

107 1394 290 1461 Quod
314 1396 370 1449 si
389 1402 442 1451 et
463 1394 615 1451 Abel
634 1402 949 1463 peccasset,
976 1396 1185 1467 inquit,
1223 1403 1275 1452 et
1306 1396 1415 1452 hoc
1444 1398 1570 1451 sine
1602 1395 1781 1449 dubio

102 1482 441 1553 Scriptura
469 1484 711 1540 dixisset
746 1503 765 1541 :
790 1486 844 1540 si
868 1500 987 1541 non
1017 1485 1196 1550 dixit,
1224 1501 1364 1555 ergo
1388 1500 1495 1541 nec
1525 1484 1625 1540 ille
1651 1500 1783 1555 pec-

104 1575 298 1629 cavit.

183 1700 239 1751 9.
279 1698 419 1753 Haec
450 1698 627 1754 verba
647 1698 894 1755 delibro
925 1699 1056 1771 ejus
1088 1700 1530 1771 decerpsi,quaa
1557 1700 1614 1754 in
1644 1698 1780 1770 ipso

104 1801 368 1858 quoque
395 1786 695 1843 volumine
725 1793 825 1844 tua
851 1788 1144 1844 Sanctitas
1168 1789 1377 1861 poterit
1400 1789 1693 1853 invenire;
1720 1793 1780 1844 ut

108 1876 467 1945 intelligatis
507 1877 1025 1949 quemadmodum
1054 1883 1113 1934 et
1142 1882 1355 1934 caetera
1386 1878 1626 1947 neganti
1660 1894 1779 1933 cre-

105 1964 255 2019 dere
284 1964 577 2021 debeatis.
609 1966 727 2022 Nisi
754 1966 904 2022 forte
925 1967 1085 2023 dicat
1111 1968 1313 2039 ipsum
1330 1967 1779 2039 Abelnihilpec-

105 2069 290 2109 casse
326 2076 335 2117 ;
359 2054 464 2109 sed
482 2054 616 2111 ideo
648 2071 769 2111 non
797 2054 976 2112 fuisse
1002 2058 1127 2111 sine
1143 2063 1407 2128 peccato,
1431 2062 1486 2111 et
1508 2057 1643 2111 ideo
1658 2072 1777 2111 non

108 2158 306 2214 posse
335 2144 589 2199 Domino
621 2146 980 2216 comparari,
1004 2146 1107 2217 qui
1134 2147 1191 2201 in
1213 2162 1392 2201 carne
1422 2146 1653 2201 mortali
1686 2161 1776 2200 so-

103 2230 202 2286 lus
219 2233 356 2287 sine
371 2238 615 2303 peccato
633 2232 759 2298 fuit,
777 2233 917 2306 quia
948 2240 1072 2289 erat
1100 2236 1157 2289 in
1187 2234 1332 2290 Abel
1346 2234 1631 2304 originale
1645 2250 1777 2305 pec-

106 2326 344 2383 catum,
375 2321 541 2392 quod
571 2321 644 2377 de
668 2323 856 2378 Adam
892 2329 1167 2389 traxerat,
1193 2339 1312 2379 non
1342 2324 1397 2377 in
1432 2324 1775 2395 seipsoipse

105 2409 516 2466 commiserat
552 2426 562 2464 :
598 2411 823 2467 utinam
858 2412 1066 2467 saltem
1095 2412 1208 2468 hoc
1240 2413 1417 2477 dicat,
1447 2417 1510 2467 ut
1539 2412 1774 2467 interim

104 2498 241 2568 ejus
271 2499 349 2554 de
391 2498 695 2571 baptismo
744 2500 1133 2571 parvulorum
1166 2505 1386 2557 certam
1421 2502 1771 2557 sententiam

103 2592 316 2643 tenere
342 2589 675 2659 possimusl
712 2590 824 2644 Aut
844 2590 890 2644 si
918 2589 1086 2658 forte,
1105 2591 1393 2662 quoniam
1416 2591 1559 2645 dixit
1583 2591 1660 2645 ab
1688 2591 1771 2644 in-

104 2677 301 2732 fantia
334 2693 527 2749 usque
561 2677 636 2733 ad
669 2683 1056 2743 senectutem,
1110 2679 1245 2735 ideo
1276 2681 1436 2735 dicat
1485 2680 1623 2735 Abel
1651 2695 1771 2735 non

104 2781 422 2835 peccasse,
456 2766 598 2839 quia
640 2783 747 2823 nec
779 2769 1046 2823 senuisse
1081 2774 1467 2825 monstratur.
1502 2772 1626 2825 Non
1660 2770 1772 2824 hoc

104 2854 393 2911 indicant
418 2855 604 2911 verba
626 2856 755 2927 ejus
787 2874 803 2910 :
836 2856 912 2911 ab
944 2857 1111 2913 initio
1128 2858 1387 2930 priorem
1416 2861 1597 2913 vitam
1626 2858 1773 2913 dixit

102 2944 537 3014 peccatricem;
564 2945 953 3016 posteriorem
980 2961 1120 3002 vero
1142 2962 1317 3018 posse
1336 2962 1462 3001 esse
1491 2947 1615 3000 sine
1644 2962 1772 3017 pec-

100 3038 264 3088 cato.
293 3032 386 3086 Ait
410 3031 571 3087 enim
600 3048 721 3088 non
751 3048 814 3089 se
845 3032 1087 3100 dixisse,
1121 3036 1400 3105 quoniam
1427 3035 1774 3092 inveniatur

103 3122 242 3191 quis
269 3122 344 3177 ab
369 3122 635 3191 infantia
652 3138 833 3195 usque
846 3124 925 3179 ad
935 3132 1310 3189 senectutem,
1326 3124 1430 3195 qui
1440 3140 1557 3180 non
1571 3139 1774 3192 pecca-

105 3210 306 3280 verit;
331 3211 725 3283 sedquoniam
750 3227 786 3268 a
798 3214 1060 3281 peccatis
1082 3228 1397 3269 conversus
1413 3213 1616 3269 labore
1638 3228 1774 3281 pro-

102 3301 267 3369 prio,
303 3306 357 3356 et
381 3302 581 3370 gratia
619 3302 724 3357 Dei
766 3302 1014 3371 adjutus
1042 3309 1232 3371 potest
1264 3304 1482 3374 absque
1528 3308 1770 3369 peccato

105 3405 251 3446 esse.
287 3390 435 3445 Cum
468 3391 629 3444 enim
663 3389 828 3455 dicit,
857 3407 893 3446 a
920 3392 1179 3459 peccatis
1206 3407 1543 3457 conversus,
1577 3398 1773 3446 osten-

106 3477 193 3533 dit
208 3477 475 3550 priorem
493 3479 667 3533 vitam
684 3480 740 3534 in
760 3482 1017 3551 peccatis
1031 3481 1144 3551 agi.
1166 3484 1432 3537 Fateatur
1454 3496 1594 3550 ergo
1608 3480 1773 3551 quod

105 3568 447 3638 peccaverit
472 3568 636 3632 Abel,
672 3569 843 3639 cujus
891 3571 1088 3641 prima
1138 3572 1258 3625 vita
1289 3570 1398 3625 fuit
1437 3572 1496 3625 in
1532 3570 1772 3634 saeculo,

112 3673 302 3729 quam
358 3656 572 3713 fatetur
623 3674 743 3713 non
778 3660 795 3693 Â¹
846 3674 1044 3714 carere
1091 3660 1370 3731 peccatis,
1414 3664 1469 3715 et
1498 3659 1776 3731 respiciat

112 3745 337 3801 librum
367 3761 568 3811 suum,
598 3745 704 3801 ubi
726 3762 864 3801 eum
888 3747 1110 3803 dixisse
1138 3752 1386 3813 constat,
1422 3748 1585 3820 quod
1611 3748 1687 3804 ait
1719 3748 1774 3801 in

114 3833 231 3889 hac
264 3834 632 3904 defensione,
660 3836 791 3891 Non
815 3836 1095 3893 diximus.

192 3960 280 4014 10.
320 3960 375 4015 Si
404 3964 606 4015 autem
633 3965 688 4016 et
709 3960 1127 4026 bunclibrum,
1154 3962 1243 4017 vel
1262 3962 1422 4017 hunc
1449 3962 1507 4016 in
1533 3978 1601 4017 eo
1624 3960 1774 4016 libro

118 4044 326 4102 locum
354 4063 483 4103 esse
516 4049 822 4119 negaverit
853 4066 1029 4104 suum
1059 4066 1071 4116 ;
1112 4065 1223 4120 ego
1253 4050 1497 4122 quidem
1530 4050 1775 4106 idoneos

120 4141 302 4192 testes
339 4136 530 4193 habeo
561 4138 847 4194 honestos
879 4144 936 4196 et
967 4139 1171 4195 ï¬deles
1200 4141 1378 4206 viros,
1405 4145 1462 4195 et
1492 4140 1619 4211 ejus
1648 4140 1775 4195 sine

120 4223 309 4281 dubio
339 4225 669 4294 dilectores,
694 4228 916 4299 quibus
941 4229 1356 4285 attestantibus
1390 4245 1648 4300 purgare
1681 4244 1775 4285 me

123 4328 398 4383 possum,
426 4316 592 4387 quod
615 4316 896 4372 eumdem
922 4316 1142 4373 librum
1171 4318 1283 4389 ipsi
1308 4318 1454 4374 mihi
1483 4319 1771 4384 dederint,

122 4406 176 4457 et
204 4402 288 4458 ibi
318 4403 431 4459 hoc
448 4404 699 4474 legatur,
724 4421 984 4477 eumque
1017 4406 1237 4476 Pelagii
1259 4423 1385 4463 esse
1413 4408 1687 4472 dixerint,
1716 4411 1777 4463 ut

126 4492 333 4547 saltem
364 4492 480 4549 hoc
494 4492 645 4549 mihi
665 4493 942 4559 sufï¬ciat,
970 4511 1043 4550 ne
1070 4495 1227 4552 dicat
1258 4513 1292 4551 a
1320 4513 1413 4552 me
1444 4496 1627 4552 fuisse
1654 4498 1775 4552 sive

130 4581 553 4653 conscriptum,
598 4583 717 4639 sive
757 4583 1055 4640 falsatum.
1087 4584 1215 4641 Jam
1258 4586 1409 4641 inter
1440 4586 1570 4641 illos
1599 4586 1778 4655 eligat

131 4668 386 4741 quisque
404 4670 498 4725 cui
521 4670 752 4737 credat;
784 4688 987 4727 meum
1014 4688 1135 4727 non
1150 4673 1319 4728 estde
1334 4674 1447 4728 hac
1464 4691 1526 4729 re
1552 4673 1775 4728 diutius

133 4757 456 4830 disputare.
476 4763 777 4831 Rogamus
811 4767 1036 4817 utcerte
1067 4763 1585 4833 trausmittasipsi,
1616 4763 1662 4816 si
1683 4778 1779 4817 ne-

128 4848 432 4916 gaveritse
460 4848 573 4905 ista
600 4850 836 4916 sentire,
870 4867 1005 4923 quae
1035 4851 1113 4906 illi
1144 4851 1506 4921 objiciuntur
1535 4852 1776 4907 inimica

126 4935 337 5006 gratiae
356 4935 582 4995 Christi.
603 4942 744 4995 Tam
761 4940 985 5013 quippe
1012 4948 1216 5012 operta
1230 4946 1315 4996 est
1342 4942 1392 5013 ej
1407 4958 1472 4995 us
1489 4939 1773 5003 defensio,

124 5030 186 5081 ut
226 5025 274 5080 si
309 5034 568 5084 vestram
601 5035 877 5085 sanctam
921 5029 1321 5101 prudentiam,
1363 5030 1466 5102 qui
1505 5030 1633 5100 ejus
1661 5029 1778 5085 alia

126 5116 347 5188 scripta
375 5133 495 5172 non
524 5120 733 5189 nostis,
758 5118 920 5175 nulla
937 5119 1255 5175 verborum
1282 5120 1673 5189 ambiguitate
1701 5120 1779 5175 fe-

122 5204 352 5273 fellerit,
374 5222 598 5277 magno
625 5207 849 5277 gaudio
865 5208 1298 5277 gratulabimur
1331 5228 1342 5277 ;
1373 5225 1493 5265 non
1521 5209 1776 5265 multum

120 5299 397 5350 curantes
434 5302 632 5351 utrum
662 5296 757 5352 illa
788 5312 1067 5368 perversa
1111 5302 1168 5353 et
1221 5298 1407 5369 impia
1464 5314 1777 5371 nunquam

122 5383 394 5449 senserit,
440 5400 519 5440 an
551 5400 612 5441 se
651 5385 729 5441 ab
758 5385 841 5441 eis
872 5385 1200 5457 aliquando
1231 5388 1561 5442 correxerit.

185 5594 197 5620 Â¹
235 5590 389 5647 Lov.,
416 5603 524 5639 non
558 5594 786 5653 fateatur
807 5606 995 5641 carere.
1028 5593 1094 5640 At
1120 5591 1287 5643 Vatic.
1309 5591 1430 5641 Mss.
1459 5592 1652 5655 fatetur
1676 5607 1781 5642 non

124 5666 297 5702 carere
302 5691 314 5703 .

424 5788 658 5846 Î¡Î‘Ï„Î¹Î¹Î¿Î¹..
696 5787 941 5847 XXXIII.

1371 197 1871 257 EPISTOLARUM
1911 196 2202 255 CLASSIS
2244 195 2337 256 III.

3447 190 3552 253 778

2323 323 2662 381 EPISTOLA
2699 320 2983 381 CLXXXâ€˜
3013 322 3120 393 (a).

1898 451 2267 520 Augustinus
2312 451 2562 516 Oceano,
2600 451 2929 506 rescribens
2968 449 3177 518 paucis
3230 449 3304 505 de
3334 449 3547 505 animm

1965 540 2213 609 origine,
2233 546 2286 596 et
2302 541 2371 595 de
2384 540 2647 609 ofï¬cioso
2666 538 2995 604 mendacio,
3011 542 3321 609 petensque
3338 545 3402 593 ut
3416 540 3552 594 mit-

1968 633 2052 684 tat
2097 628 2444 697 Uieronymi
2473 628 2689 683 librum
2723 630 2795 683 de
2822 628 3271 684 Resurrectione
3308 628 3541 684 carnis.

1898 751 2146 807 Domino
2174 753 2381 807 merito
2414 751 2791 819 charissimo,
2824 758 2878 806 et
2912 752 2969 807 in
3019 752 3225 807 Christi
3260 752 3547 807 membris

1965 840 2323 897 honorando
2348 841 2508 897 fratri
2529 842 2777 905 OCEANO,
2804 846 3168 905 AUGUSTINUS,
3200 840 3473 897 salutem.

1966 967 2017 1019 1.
2054 968 2210 1022 Duas
2242 967 2445 1037 accepi
2475 967 2651 1022 simul
2701 967 2985 1035 epistolas
3044 968 3377 1023 Dilectionis
3406 973 3546 1033 tuas,

1891 1069 2150 1125 quarum
2177 1055 2237 1109 in
2266 1071 2386 1109 una
2412 1055 2558 1110 facis
2590 1056 2770 1110 tertiae
2816 1055 3207 1121 mentionem,
3236 1062 3293 1111 et
3326 1072 3459 1111 eam
3492 1062 3549 1111 te

1897 1143 2056 1213 prius
2072 1144 2303 1198 misisse
2316 1160 2756 1199 commemoras
2784 1160 2795 1209 ;
2812 1160 2995 1215 quam
3011 1146 3317 1216 accepisse
3331 1160 3450 1200 non
3464 1160 3551 1200 re-

1890 1230 2042 1293 colo,
2072 1231 2195 1287 imo
2218 1231 2365 1286 bene
2399 1232 2543 1286 mihi
2564 1230 2825 1286 recolere
2842 1231 3046 1285 videor
3060 1232 3223 1303 quod
3241 1248 3361 1287 non
3385 1248 3545 1289 acce-

1891 1318 2102 1390 perim.
2134 1322 2210 1374 De
2229 1320 2297 1374 iis
2318 1325 2516 1375 tamen
2542 1336 2695 1391 quas
2719 1320 2940 1390 accepi,
2966 1335 3082 1389 ago
3100 1320 3313 1376 uberes
3326 1322 3548 1390 gratias

1889 1406 2239 1477 benignitati
2283 1424 2426 1477 erga
2457 1414 2721 1464 nostum.
2760 1409 2988 1473 Quibus
3017 1414 3082 1463 ut
3112 1426 3232 1465 non
3262 1411 3546 1466 continuo

1890 1496 2337 1567 responderem,
2354 1498 2411 1551 in
2429 1496 2545 1552 alia
2559 1501 2738 1568 atque
2762 1497 2877 1552 alia
2890 1497 3266 1553 diversarum
3290 1514 3547 1568 occupa-

1893 1585 2117 1640 tionum
2137 1590 2484 1656 tempestate
2504 1585 2772 1656 direptus
2792 1602 2949 1640 sum.
2972 1585 3135 1641 Unde
3150 1602 3310 1641 nunc
3332 1587 3545 1641 stillam

1890 1674 2153 1728 vacantis
2186 1673 2471 1744 temporis
2506 1679 2736 1738 nactus,
2766 1674 3132 1744 respondere
3161 1673 3387 1746 aliquid
3420 1690 3543 1731 ma-

1888 1762 1990 1827 lui,
2024 1776 2207 1834 quam
2244 1762 2321 1817 ad
2354 1767 2515 1818 tuam
2545 1762 3007 1818 sincerissimam
3032 1763 3382 1819 charitatem
3415 1763 3549 1819 diu-

1888 1855 2131 1907 turnum
2190 1852 2414 1906 habere
2459 1851 2784 1915 silentium,
2835 1858 2889 1906 et
2937 1851 3066 1907 ï¬eri
3124 1852 3545 1921 taciturnitate,

1889 1954 2071 2010 quam
2114 1939 2475 2011 loquacitate
2505 1940 2925 2010 importunior.

1958 2033 2011 2083 2.
2034 2032 2111 2084 De
2124 2030 2351 2098 origine
2366 2028 2706 2083 animarum
2720 2028 2865 2099 quid
2885 2033 3126 2083 sanctus
3142 2028 3464 2099 Hieronym
3478 2044 3543 2084 us

1888 2117 2121 2179 sentiat,
2145 2116 2271 2187 jam
2292 2115 2574 2181 sciebam,
2595 2118 2789 2171 ethaec
2812 2116 2944 2187 ipsa
2977 2132 3113 2187 quae
3140 2131 3209 2171 ex
3241 2116 3392 2171 libro
3414 2118 3542 2187 ejus

1887 2206 1945 2260 in
1973 2205 2223 2277 epistola
2256 2212 2354 2260 tua
2368 2204 2623 2276 posuisti
2654 2204 2981 2275 verbajam
3001 2204 3284 2273 legeram.
3318 2206 3541 2260 Verum

1886 2311 2008 2350 non
2050 2295 2162 2349 hoc
2194 2294 2559 2365 quaetionem
2611 2292 2925 2349 molestam
2959 2292 3117 2359 facit,
3145 2294 3311 2365 quod
3345 2298 3544 2349 movet

1885 2385 2199 2455 quosdam,
2225 2382 2533 2455 quomodo
2562 2385 2715 2437 Deus
2730 2382 3078 2437 adulterinis
3093 2383 3271 2438 etiam
3296 2398 3544 2454 concep-

1886 2474 2044 2528 tibus
2064 2476 2224 2544 juste
2244 2472 2480 2527 animas
2498 2472 2814 2540 largiatur;
2838 2488 2975 2527 cum
3008 2474 3161 2527 bene
3176 2472 3539 2537 viventibus,

1886 2567 1943 2618 et
1968 2561 2045 2617 ad
2068 2564 2253 2616 Deum
2284 2561 2399 2615 ï¬de
2431 2576 2501 2616 ac
2530 2561 2745 2632 pietate
2794 2560 3122 2625 conversis,
3177 2576 3251 2616 ne
3298 2564 3543 2633 propria

1884 2651 2154 2723 quidem,
2188 2655 2416 2721 quanto
2448 2650 2645 2704 minus
2679 2655 3021 2720 parentum,
3063 2650 3294 2720 possint
3322 2650 3542 2706 obesse

1886 2746 2148 2811 peccata.
2184 2739 2296 2795 Sed
2312 2739 2521 2793 merito
2542 2740 2848 2809 quaeritur,
2869 2738 2915 2793 si
2934 2754 3139 2794 verum
3162 2744 3249 2794 est
3272 2754 3544 2795 novasex

1884 2829 2070 2884 nihilo
2104 2828 2340 2884 animas
2371 2827 2637 2896 singulas
2667 2826 2916 2899 singulis
2965 2828 3347 2884 nascentibus
3396 2828 3541 2893 fieri,

1882 2917 2197 2989 quomodo
2222 2922 2342 2971 tam
2372 2916 2841 2971 innumerabiles
2872 2914 3093 2970 animae
3126 2918 3538 2987 parvulorum,

1884 3022 2036 3079 quas
2069 3005 2188 3060 Deo
2208 3010 2429 3060 certum
2465 3008 2570 3067 est,
2606 3008 2741 3058 ante
2771 3002 3093 3059 rationales
3122 3019 3337 3070 annos,
3380 3012 3540 3061 ante-

1883 3112 2068 3167 quam
2121 3094 2458 3166 quidquam
2491 3092 2719 3162 justum
2769 3091 3137 3162 injustumve
3196 3108 3405 3163 sapere
3445 3094 3539 3150 vel

1884 3200 2098 3255 capere
2127 3184 2377 3254 possint,
2412 3181 2541 3236 sine
2576 3180 2874 3252 Baptismo
2889 3180 2962 3235 de
2981 3180 3332 3251 corporibus
3354 3182 3538 3238 exitu-

1882 3290 2003 3337 ras,
2033 3274 2189 3343 juste
2215 3272 2273 3326 in
2314 3270 2767 3326 damnationem
2810 3269 3044 3332 dentur,
3094 3270 3173 3324 ab
3204 3270 3303 3326 illo
3337 3270 3539 3342 utique

1886 3363 2050 3434 apud
2081 3378 2261 3433 quem
2308 3375 2428 3415 non
2460 3365 2548 3415 est
2584 3359 2868 3430 iniquitas
2918 3359 3107 3429 (Rom.
3142 3374 3223 3423 1x,
3260 3360 3371 3431 14).
3412 3362 3539 3415 Non

1886 3469 2039 3524 opus
2072 3450 2247 3505 estde
2272 3450 2387 3505 hac
2408 3465 2469 3504 re
2491 3449 2663 3520 plura
2688 3447 2902 3511 dicere,
2932 3464 3071 3503 cum
3093 3448 3250 3503 scias
3278 3448 3423 3520 quid
3449 3465 3540 3504 ve-

1882 3542 2007 3605 lim,
2040 3540 2131 3595 vel
2163 3537 2361 3610 potius
2394 3538 2539 3609 quid
2572 3535 2759 3591 nolim
2808 3536 3005 3591 dicere
3040 3553 3053 3601 ;
3084 3542 3228 3593 satis
3261 3538 3536 3594 existimo

1883 3630 2132 3702 sapienti
2166 3644 2292 3682 esse
2318 3626 2483 3697 quod
2537 3625 2679 3680 dixi.
2740 3627 3162 3680 Verumtamen
3227 3626 3274 3680 si
3309 3626 3534 3699 aliquid

1882 3720 2041 3783 hinc,
2075 3733 2196 3789 quo
2241 3717 2352 3771 ista
2382 3715 2631 3787 quaestio
2664 3712 2808 3769 solvi
2839 3720 3041 3783 queat,
3078 3713 3171 3769 vel
3195 3714 3412 3783 legisti,
3444 3716 3536 3771 vel

1882 3824 1955 3864 ex
1985 3822 2085 3863 ore
2117 3808 2245 3876 ejus
2270 3803 2508 3869 audisti,
2546 3803 2634 3856 vel
2665 3801 2764 3856 tibi
2795 3802 2904 3872 ipsi
2938 3801 3225 3857 Dominus
3252 3804 3537 3872 cogitanti

1882 3895 2126 3952 donavit
2157 3900 2219 3949 ut
2250 3891 2486 3948 noveris
2520 3910 2531 3958 ;
2566 3890 2892 3962 impertire,
2953 3890 3224 3955 obsecro,
3275 3891 3445 3956 mihi,
3475 3895 3539 3947 ut

1884 3986 2105 4055 gratias
2136 3984 2440 4039 uberiores
2471 3997 2647 4051 agam
2665 4021 2677 4034 .

1954 4079 2003 4131 3.
2031 4072 2179 4128 lllud
2204 4088 2343 4127 vero
2358 4070 2430 4127 de
2458 4070 2727 4125 ofï¬cioso
2754 4068 2999 4141 utilique
3014 4070 3351 4137 mendacio,
3371 4070 3537 4142 quod

1881 4163 2151 4233 exemplo
2184 4160 2417 4216 Domini
2436 4160 2508 4215 de
2530 4158 2625 4214 die
2653 4158 3065 4229 ethorahujus
3079 4159 3272 4215 saeculi
3290 4160 3535 4215 ï¬niendi

1880 4268 1990 4308 nec
2010 4251 2217 4308 Filium
2244 4250 2390 4305 scire
2405 4249 2656 4304 dicentis
2671 4248 2886 4317 (Marc.
2903 4265 3018 4313 xui,
3036 4248 3150 4319 3'2),
3167 4250 3387 4319 putasti
3406 4264 3537 4305 esse

1883 4341 2239 4397 solvendum
2277 4355 2289 4404 ;
2322 4342 2541 4393 conatu
2567 4337 2811 4408 quidem
2846 4337 3065 4406 ingenii
3091 4338 3192 4402 tui,
3214 4353 3353 4392 cum
3383 4337 3537 4405 lege-

1881 4446 2028 4494 rem,
2052 4428 2412 4490 delectabar,
2448 4425 2547 4480 sed
2575 4425 2742 4479 nullo
2775 4425 2955 4479 modo
2989 4424 3129 4479 mihi
3165 4425 3396 4480 videtur
3424 4431 3536 4480 tro-

1884 4519 2081 4590 picam
2114 4516 2475 4571 locutionem
2490 4518 2644 4568 recte
2659 4512 2772 4566 dici
2789 4528 2965 4582 posse
2985 4512 3390 4567 mendacium.
3408 4515 3535 4569 Non

1882 4608 2044 4663 enim
2103 4604 2490 4660 mendacium
2519 4606 2626 4669 est,
2659 4617 2797 4654 cum
2830 4602 2988 4655 diem
3020 4600 3224 4656 laetum
3256 4601 3534 4668 dicimus,

1882 4696 2045 4766 quod
2073 4694 2236 4748 laetos
2266 4692 2435 4745 faciat
2468 4694 2603 4753 ;aut
2636 4689 2858 4743 tristem
2886 4688 3184 4760 lupinum,
3212 4690 3375 4761 quod
3403 4705 3537 4760 gus-

1884 4783 2065 4839 tantis
2096 4780 2326 4835 vultum
2345 4794 2553 4834 amaro
2578 4793 2791 4848 sapore
2818 4778 3154 4843 contristet;
3178 4778 3327 4833 sicut
3353 4782 3535 4835 Deum

1885 4872 2056 4936 scire,
2089 4886 2226 4925 cum
2252 4872 2717 4937 cognoscentem
2733 4867 3038 4922 hominem
3052 4866 3221 4932 facit;
3249 4868 3362 4924 hoc
3377 4871 3535 4924 enim

1883 4961 2113 5016 dictum
2155 4958 2233 5014 ad
2264 4957 2567 5013 Abraham
2603 4956 2771 5027 (Gen.
2811 4972 2949 5019 xxu,
3006 4958 3087 5025 l2)
3122 4956 3250 5027 ipse
3280 4972 3539 5012 comme-

1883 5049 2149 5106 morasti.
2166 5051 2558 5119 Nequaquam
2574 5052 2709 5099 sunt
2731 5044 2843 5100 ista
2866 5045 3209 5110 mendacia;
3234 5046 3389 5117 quod
3411 5046 3537 5115 ipse

1884 5138 2161 5194 facillime
2193 5136 2478 5192 advertis.
2512 5133 2761 5188 Proinde
2820 5133 3035 5188 beatus
3090 5132 3363 5195 llilarius,
3399 5148 3536 5187 cum

1884 5228 2212 5284 obscuram
2227 5223 2621 5297 quaestionem
2640 5222 2897 5277 obscuro
2925 5221 3038 5275 hoc
3059 5236 3272 5289 genere
3297 5221 3538 5291 tropica:

1885 5315 2202 5372 locutionis
2234 5313 2484 5385 aperuit,
2520 5317 2583 5365 ut
2608 5310 3071 5378 intelligeremus
3096 5308 3155 5362 in
3179 5323 3249 5362 eo
3276 5324 3335 5362 se
3364 5309 3540 5363 nimi-

1884 5422 2019 5461 rum
2033 5404 2252 5459 dixisse
2268 5399 2719 5465 nescientem,in
2735 5413 2856 5470 quo
2872 5396 3020 5452 alios
3037 5395 3172 5451 facit
3185 5397 3538 5455 occultando

1950 5530 1970 5551 "
2004 5528 2060 5576 In
2092 5527 2216 5575 Mss.
2253 5540 2359 5575 non
2384 5527 2594 5588 reperta
2626 5526 2723 5577 est,
2747 5522 3168 5588 printerquamin
3201 5521 3473 5588 Vaticano:

1953 5592 2024 5653 (a)
2058 5589 2200 5638 Alias
2230 5591 2320 5637 260
2347 5604 2357 5636 :
2390 5584 2508 5653 quin
2537 5588 2717 5635 autem
2744 5584 2834 5632 180
2866 5587 2995 5643 erat,
3027 5597 3170 5634 nunc
3199 5585 3308 5634 228.
3336 5584 3541 5651 Scripta

1891 5651 2028 5703 circa
2066 5652 2227 5701 ï¬nem
2266 5664 2352 5700 an.
2392 5651 2503 5701 416.

2818 5784 3257 5859 (Vingt-Cinq.)
