4136 6172
570 225 678 283 779

570 353 924 417 nescientes,
942 364 1060 405 non
1083 346 1383 404 excusavit
1408 345 1815 415 mendacium,
1842 345 1950 403 sed
1975 341 2224 401 menda-

571 440 731 497 cium
763 454 884 495 non
907 453 1035 493 esse
1066 436 1457 507 monstravit;
1480 452 1599 492 non
1622 436 1814 493 solum
1834 435 1894 491 in
1921 432 2015 490 his
2043 430 2223 488 usita-

572 528 818 583 tioribus
845 526 1054 597 tropis,
1086 541 1293 579 verum
1316 524 1374 579 in
1398 524 1706 590 illaetiam,
1736 541 1871 597 quae
1889 520 2223 594 appellatur

567 615 943 685 metaphora,
972 630 1109 685 quae
1138 613 1426 685 loquendi
1456 613 1889 670 consuetudine
1936 609 2219 667 omnibus

565 710 709 760 nota
734 710 823 758 est
842 703 1068 774 (Hilar.
1086 702 1158 759 de
1184 703 1492 769 Trinitate,
1519 703 1616 759 lib.
1642 704 1719 774 9).
1743 705 1888 759 Nam
1913 712 2219 771 gemmare

564 795 734 864 vites,
761 792 1046 849 ﬂuctuare
1080 799 1333 863 segetes,
1366 792 1576 849 ﬂorere
1596 793 1868 863 juvenes,
1899 788 2220 846 contendet

564 882 867 955 quispiam
902 898 1033 937 esse
1067 881 1470 948 mendacium,
1499 881 1664 954 quod
1694 882 1755 937 in
1784 882 1875 937 his
1905 879 2085 936 rebus
2111 893 2220 934 nec

565 973 778 1041 undas,
813 986 921 1027 nec
939 971 1188 1043 lapides,
1219 986 1327 1026 nec
1352 970 1591 1037 herbas,
1626 987 1735 1027 nec
1766 970 2013 1028 arbores
2035 968 2214 1032 videt,

564 1062 667 1117 ubi
699 1062 935 1133 proprie
966 1060 1080 1116 ista
1112 1059 1293 1115 verba
1324 1060 1604 1115 dicuntur
1640 1062 1667 1116 ‘I

632 1153 685 1205 4.
722 1149 897 1204 Porro
928 1153 1128 1203 autem
1157 1163 1264 1219 pro
1297 1153 1397 1203 tuo
1420 1147 1661 1218 ingenio
1683 1154 1861 1219 atque
1887 1144 2216 1202 eruditione

562 1237 837 1294 facillime
864 1236 1154 1309 perspicis
1180 1242 1474 1308 quantum
1502 1237 1581 1292 ab
1602 1237 1696 1292 his
1710 1235 2124 1308 diﬂeratquod
2137 1234 2217 1290 ait

562 1327 879 1399 Apostolus
910 1344 920 1380 :
949 1327 1097 1382 Cum
1123 1326 1378 1382 viderem
1393 1325 1530 1397 quia
1552 1342 1671 1382 non
1697 1333 1854 1383 recte
1874 1326 2218 1396 ingrediun-

565 1416 759 1471 lurad
776 1416 1076 1471 veritatem
1103 1415 1436 1485 Evangelii,
1462 1415 1593 1471 dixi
1608 1418 1782 1472 Petro
1804 1430 2004 1471 coram
2031 1413 2216 1469 omni-

575 1507 698 1568 bus,
723 1505 789 1560 Si
816 1513 901 1571 tu,
918 1520 1050 1559 cum
1068 1504 1144 1559 sis
1155 1505 1414 1569 Julianus,
1431 1505 1737 1575 gentiliter
1754 1511 1807 1560 et
1831 1520 1949 1560 non
1965 1503 2215 1573 judaice

566 1594 732 1657 vivis,
749 1594 1242 1664 quemadmodum
1262 1593 1471 1650 Gentes
1485 1594 1642 1663 cogis
1657 1593 2210 1663 judaizare(Galat.

562 1699 620 1749 ιι,
652 1683 738 1754 14)
758 1682 786 1737 ‘l
816 1683 982 1739 Nulla
1004 1688 1093 1738 est
1116 1684 1210 1738 hic
1232 1682 1461 1754 trOpica
1481 1682 1834 1749 obscuritas,
1858 1681 2040 1738 verba
2076 1688 2214 1737 sunt

560 1773 803 1844 propria
817 1777 1033 1842 apertae
1058 1771 1393 1827 locutionis.
1412 1774 1529 1826 Hoc
1550 1772 1816 1843 profecto
1836 1774 2048 1827 Doctor
2068 1773 2213 1828 Gen-

561 1862 726 1927 tium,
758 1861 849 1915 his
871 1877 1024 1932 quos
1056 1860 1422 1932 parturiebat
1448 1860 2211 1917 donecChristusformare-

558 1956 651 2003 tur
678 1948 736 2003 in
771 1948 854 2003 eis
879 1950 996 2020 (1d.
1032 1964 1106 2013 Iv,
1150 1948 1257 2016 i9),
1291 1954 1347 2003 et
1371 1948 1595 2019 quibus
1619 1949 1948 2005 subdivina
1975 1954 2210 2005 attesta-

556 2038 717 2092 tione
749 2037 1123 2108 praedixerat,
1164 2038 1305 2105 Quae
1331 2044 1529 2094 autem
1561 2039 1755 2095 scribo
1779 2038 1958 2099 vobis.
1977 2054 2209 2095 ecceco-

556 2141 686 2182 ram
726 2129 864 2192 Deo,
895 2128 1037 2198 quia
1061 2142 1181 2183 non
1209 2127 1463 2182 mentior
1510 2127 1625 2196 (Id.
1660 2144 1698 2192 ι,
1726 2126 1839 2198 20),
1873 2134 1972 2183 aut
2000 2143 2207 2183 verum

554 2215 722 2281 dixit,
754 2221 855 2271 aut
889 2216 1106 2271 falsum
1143 2232 1154 2271 :
1192 2217 1240 2270 si
1281 2215 1522 2283 falsum,
1554 2217 1716 2288 quod
1740 2217 1917 2283 absit,
1951 2233 2087 2289 quae
2112 2234 2206 2273 se-

552 2311 816 2376 quantur
834 2305 1093 2360 advertis
1124 2321 1137 2370 ;
1166 2311 1220 2361 et
1247 2305 1432 2361 ambo
1456 2306 1568 2361 ista
1594 2306 1981 2362 exhorrescas
2000 2307 2211 2362 admo-

553 2399 653 2449 net
687 2395 705 2429 ¹
740 2394 1007 2449 veritatis
1038 2394 1349 2459 indicium,
1380 2395 1507 2451 etin
1535 2395 1808 2467 apostolo
1839 2398 2004 2452 Petro
2032 2396 2207 2453 mira-

553 2482 689 2538 bilis
719 2483 1071 2537 humilitatis
1102 2483 1466 2555 exemplum.

624 2576 675 2627 5.
710 2572 822 2626 Sed
845 2572 989 2643 quid
1018 2572 1156 2627 hinc
1182 2572 1446 2627 diutius?
1471 2589 1606 2627 cum
1630 2573 1704 2629 de
1733 2573 1847 2630 hac
1877 2575 2205 2646 quaestione

551 2657 704 2713 inter
736 2674 864 2725 nos,
895 2675 1006 2729 ego
1025 2663 1084 2713 et
1105 2659 1425 2729 prmdictus
1446 2661 1800 2717 venerabilis
1814 2661 1993 2718 frater
2011 2663 2206 2718 Hiero-

551 2763 775 2819 nymus
789 2750 934 2803 satis
963 2748 1167 2803 litteris
1180 2748 1480 2818 egerimus
1495 2768 1510 2815 ;
1527 2757 1581 2805 et
1603 2752 1661 2805 in
1690 2751 1802 2807 hoc
1814 2767 1992 2823 Opere
2005 2767 2206 2807 recen-

553 2837 802 2902 tissimo,
827 2837 990 2910 quod
1007 2836 1119 2893 sub
1148 2839 1391 2893 nomine
1410 2838 1689 2895 Critobuli
1721 2841 2013 2896 adversus
2043 2841 2204 2897 Pela-

547 2926 713 2997 gium
734 2927 915 2981 modo
929 2926 1273 2997 edidit(Lib.
1304 2929 1632 2985 tadversus
1644 2929 1896 3001 Pelag.),
1922 2930 2202 2987 eamdem

546 3014 620 3070 de
650 3015 761 3071 ista
782 3031 841 3069 re
865 3022 1027 3085 gesta
1051 3016 1344 3088 dictisque
1372 3018 1716 3089 apostolicis
1743 3020 2096 3075 sententiam
2122 3025 2202 3076 te-

546 3104 694 3170 nuit,
727 3120 912 3177 quam
944 3106 1758 3179 beatissimiCyprianietiam
1776 3124 1884 3164 nos
1908 3112 2201 3165 secutisu-

548 3210 682 3249 mus
710 3194 922 3263 (Epist.
950 3196 1009 3250 7t
1035 3196 1115 3251 ad
1133 3196 1462 3267 Quintum).
1492 3196 1640 3252 Illud
1658 3198 1855 3267 potius
1873 3198 1946 3254 de
1971 3199 2201 3269 origine

549 3283 912 3350 animarum,
948 3300 1069 3339 non
1130 3292 1370 3357 propter
1413 3292 1619 3357 partus
1668 3287 2055 3355 adulterinos,
2095 3289 2200 3344 sed

548 3378 788 3443 propter
842 3373 1274 3439 innocentium,
1317 3374 1483 3445 quod
1515 3374 1689 3439 absit,
1721 3376 2199 3443 damnationem,

544 3461 733 3529 quod,
766 3462 1002 3530 opinor,
1038 3477 1153 3517 non
1190 3463 1367 3519 stulte
1388 3464 1673 3535 quaeritur
1698 3466 1936 3538 ;siquid
1964 3467 2195 3524 ataliac

544 3553 710 3604 tanto
723 3549 980 3604 didicisti
1007 3549 1152 3615 viro,
1169 3551 1331 3622 quod
1357 3558 1508 3607 recte
1529 3555 1877 3633 responderi
1892 3555 2197 3627 ambigen-

549 3637 705 3691 tibus
721 3639 926 3708 possit,
944 3654 1150 3710 quaeso
1166 3639 1478 3696 nobiscum
1498 3644 1945 3699 communicare
1960 3660 2079 3700 non
2095 3645 2196 3701 ab-

544 3741 715 3781 nuas.
748 3730 828 3782 lla
841 3728 1057 3800 quippe
1072 3729 1217 3784 mihi
1238 3730 1295 3783 in
1310 3730 1571 3801 epistolis
1586 3732 1697 3786 tuis
1714 3732 1979 3789 eruditus
1992 3739 2046 3789 et
2059 3750 2195 3790 sua-

547 3816 628 3870 vis
658 3818 1015 3888 apparuisti,
1050 3825 1113 3874 ut
1141 3835 1337 3891 Operae
1370 3821 1628 3892 pretium
1661 3822 1733 3878 sit
1759 3828 1949 3878 tecum
1984 3824 2197 3880 litteris

541 3904 819 3976 colloqui.
836 3907 1049 3963 Nescio
1066 3924 1211 3963 sane
1225 3924 1399 3980 quem
1416 3909 1633 3965 librum
1649 3912 1917 3981 ejusdem
1934 3913 2195 3968 hominis

542 3992 663 4055 Dei,
697 4010 877 4065 quem
902 3997 1219 4069 presbyter
1250 3999 1490 4054 Orosius
1512 4000 1727 4068 attulit,
1753 4005 1988 4074 tumque
2018 4003 2194 4057 Dilec-

538 4081 680 4135 tioni
699 4084 1165 4140 describendum
1194 4086 1373 4151 dedit,
1402 4087 1502 4143 ubi
1531 4088 1605 4142 de
1622 4092 2050 4147 resurrectione
2064 4106 2195 4147 car-

538 4168 628 4221 nis
661 4171 944 4240 praeclare
976 4172 1315 4245 disputasse
1356 4175 1653 4242 laudatur,
1682 4178 1809 4248 jam
1842 4179 2018 4235 nobis
2056 4185 2191 4251 pcto

536 4270 657 4311 non
672 4257 907 4314 differas
923 4260 1311 4317 mittere.ldeo
1325 4264 1549 4335 quippe
1565 4280 1683 4320 non
1700 4281 1835 4321 eum
1851 4268 1964 4323 cito
1980 4284 2192 4341 popos-

535 4345 745 4412 cimus,
778 4349 921 4420 quia
952 4356 1006 4405 et
1027 4350 1496 4409 describendum
1515 4362 1569 4409 et
1598 4355 2046 4413 emendandum
2085 4360 2190 4413 uti-

534 4449 649 4505 que
664 4438 1087 4508 cogitavimus;
1106 4441 1199 4495 cui
1217 4444 1448 4513 utrique
1464 4444 2188 4518 Operilargissimumjam

535 4529 820 4594 putamus
852 4531 1418 4601 tempusindultum.
1435 4535 1850 4591 Memornostri
1868 4538 1985 4593 Deo
2000 4537 2184 4594 vivas.

952 4653 1291 4711 EPISTULA
1332 4656 1572 4713 CLXXXI
1604 4659 1624 4679 ·
1665 4658 1768 4729 (α).

532 4772 930 4840 Innocentius,
957 4779 1437 4851 Carthaginensis
1462 4784 1705 4839 concilii
1718 4784 2019 4853 Patribus,
2051 4802 2187 4843 con-

603 4862 854 4929 ﬁrmans
878 4870 1136 4935 ipsorum
1151 4870 1492 4927 doctrinam
1506 4886 1577 4928 ac
1591 4876 1944 4931 sententiam
1970 4876 2187 4933 adver-

612 4970 711 5010 sus
738 4955 1121 5026 Pelagianos.

591 5123 603 5154 ¹
633 5119 1138 5191 Lov.,_ea:horrescas
1164 5122 1735 5191 amovletveritatis,_Ms.
1775 5126 1967 5191 Vatic.,
2003 5130 2183 5179 exhor-

526 5198 701 5233 rerens
732 5184 986 5255 admonet,
1023 5186 1129 5255 etc.
1167 5183 1514 5255 Suspicamur
1564 5187 1818 5255 dilemma
1846 5183 2020 5239 isthiic
2038 5194 2183 5255 quod

566 5248 867 5310 roponitur,
895 5246 1005 5295 scil.
1027 5246 1130 5294 Aut
1156 5246 1331 5294 verum
1358 5248 1508 5306 dixit,
1528 5254 1616 5297 aut
1645 5252 1850 5311 falsum,
1883 5246 2182 5309 etc.,niem-

526 5262 622 5357 Ero
654 5310 834 5365 aliquo
864 5309 1207 5358 decurtatum
1259 5324 1393 5359 esse.
1429 5311 1543 5361 Non
1577 5326 1716 5361 enim
1768 5314 2049 5365 subiicitur
2095 5332 2182 5365 su-

528 5324 622 5357 nro
654 5324 834 5371 auquo
864 5324 1207 5358 decurtatum
1259 5324 1393 5359 esse.
1429 5324 1543 5361 non
1577 5326 1716 5361 enim
1768 5324 2049 5377 subiicitur
2095 5332 2157 5367 su

527 5370 704 5425 binde.
736 5372 783 5419 si
812 5386 987 5419 verum
1007 5372 1158 5426 dixit,
1193 5374 1288 5422 etc.

587 5433 921 5499 *_Re_cen_sita
955 5433 1022 5483 ad
1060 5433 1127 5483 bl.
1155 5435 1236 5484 cb.
1274 5434 1333 5488 if.
1377 5449 1463 5499 gg.
1496 5451 1593 5486 rm.
1632 5437 1708 5485 th.
1749 5452 1828 5487 vc.
1863 5443 1913 5489 et
1964 5440 2031 5490 ad
2060 5444 2175 5492 Am.

529 5494 652 5542 Bad.
687 5496 770 5544 Er.
804 5497 929 5546 Lov.

591 5559 661 5629 (α)
686 5558 827 5629 Alias
839 5561 893 5607 9t
915 5574 1060 5629 :_q_ut_e
1077 5561 1366 5629 aut_em_t§t
1388 5566 1518 5629 erat,
1548 5561 1739 5629 Italian
1756 5562 2031 5629 inscripta,
2055 5581 2179 5618 con-

525 5617 728 5731 :iiggéur
771 5622 824 5669 in
855 5617 1081 5683 epistola
1099 5624 1187 5671 147
1218 5624 1284 5672 ad
1310 5624 1604 5675 Paulinam.
1632 5624 1839 5690 Scripta
1870 5617 1993 5691 pést
2014 5617 2177 5695 supe-

669 5695 739 5728 ω.

669 5695 739 5728 ll].

1857 221 1914 277 S.
1955 211 2339 274 AUGUSTINI
2379 210 2698 269 EPISCOPI
3816 234 3901 292 780

2329 340 2707 408 INNOCENTIUS,
2734 341 2999 406 AURBLIO,
3052 342 3293 400 NvuInIO
3324 342 3365 410 ¹,
3401 345 3729 418 Βυετιοιηο,
3756 357 3908 414 Fiam.

2401 443 2583 495 TIANO,
2632 430 2902 495 Evscmo,
2953 435 3220 498 ANTONIO,
3284 432 3583 501 PALATINO,
3636 441 3902 516 Aneoouo,

2400 517 2717 582 VINCENTIO,
2779 518 3086 584 PUBLIANO,
3147 523 3409 585 THBASIO,
3462 525 3620 592 Turo,
3650 528 3905 603 Psssomo,

2399 607 2647 670 Vicrom,
2710 609 3044 673 RESTITUTO,
3098 608 3263 665 alteri
3319 613 3639 685 Rasriruro,
3692 621 3905 693 Rusrlco,

2400 696 2851 759 FORTUNATIANO,
2889 701 3158 765 AMPELIO,
3210 699 3473 772 AMBIVIO,
3527 705 3711 771 Femcr,
3768 711 3911 768 Dom-

2398 798 2580 853 TIANO,
2632 788 2950 851 Aoeoosro,
3004 788 3273 855 OCTAVIO,
3324 789 3609 860 Senormo,
3659 798 3909 866 MAJOIHNO,

2400 875 2818 941 Posrauuuuo,
2872 877 3163 942 CRISPULO,
3228 879 3472 945 Vrcrom,
3528 882 3683 939 alteri
3710 888 3909 956 Vicrom,

2400 962 2622 1030 LEUCIO,
2657 964 2938 1028 Memno,
2976 966 3323 1036 ancrvoso,
3358 968 3737 1041 FAUSTINIANO,
3767 977 3914 1041 Quon-

2395 1066 2665 1114 vuuoeo,
2712 1052 3018 1119 CANDORIO,
3072 1056 3325 1121 Msxiuo,
3385 1060 3645 1127 MEGASIO,
3696 1062 3912 1137 Rusrico,

2396 1141 2724 1209 Bormum,
2761 1140 3042 1208 PROCULO,
3107 1145 3346 1209 Sereno,
3401 1149 3626 1215 Tnoua,
3663 1151 3915 1220 harunc,

2395 1229 2740 1295 Ocrmmo,
2827 1230 3225 1298 Pnarexruo,
3304 1235 3495 1301 SIxro,
3575 1240 3912 1311 Quovarnro,

2394 1319 2691 1384 Penumo,
2728 1320 3163 1383 Quouvuuneo.
3198 1325 3506 1392 Cvrmuo,
3558 1327 3819 1396 Senwuo,
3841 1333 3919 1387 Pr-

2396 1422 2660 1472 LAcIsNO,
2686 1409 3006 1473 “ARCELLO,
3038 1412 3335 1482 VENANTIO,
3360 1415 3599 1485 Diovuo,
3628 1419 3914 1487 Summo,

2397 1497 2692 1561 BlZACENO,
2746 1499 3035 1564 GERMANO,
3064 1502 3452 1569 Geammmo,
3488 1508 3750 1571 INVENTIO,
3780 1511 3920 1565 Muc-

2392 1600 2545 1648 nINO,
2585 1588 2864 1652 INVENTlO,
2916 1586 3191 1654 CANDlDO,
3241 1594 3549 1661 Crrmsno,
3608 1596 3913 1663 ROMANIANO,

2395 1676 2687 1739 EuiLuNO,
2720 1676 3006 1732 Armcmo
3032 1680 3387 1736 MARCELLINO
3404 1683 3424 1716 ²
3442 1686 3501 1738 et
3527 1685 3740 1740 caeteris
3765 1686 3852 1758 qui
3876 1688 3919 1743 in

2391 1762 2842 1833 Carthaginensi
2899 1766 3151 1822 concilio
3224 1768 3527 1829 affuerunt
3572 1772 3919 1831 dilectissimis

2390 1850 2697 1917 fratribus,
2732 1854 2791 1908 in
2820 1854 3077 1911 Domino
3111 1856 3391 1916 salutem.

2286 1994 2291 1997 λ
2391 1940 2441 1993 1.
2464 1939 2537 1994 In
2568 1955 2668 2011 req
2678 1941 2922 1998 uirendo
2934 1943 3007 1999 de
3027 1946 3048 1979 ⁸
3062 1945 3153 2001 his
3165 1946 3357 2010 rebus.
3375 1963 3526 2019 quas
3546 1951 3827 2008 amnicum
3838 1954 3921 2008 sol-

2318 2026 2626 2085 licitudine
2656 2031 2819 2087 decet
2849 2047 2885 2087 a
2914 2034 3329 2102 sacerdotibus,
3365 2038 3730 2112 maximeque
3756 2056 3790 2097 a
3816 2057 3921 2098 vero

2312 2118 2591 2190 iustoque
2620 2126 2675 2175 et
2689 2119 2984 2177 catholico
2999 2124 3259 2180 tractari
3277 2126 3550 2194 concilio,
3565 2130 3812 2202 antiqua
3830 2137 3921 2187 tra-

2315 2207 2556 2262 ditionis
2580 2210 2855 2279 ez‘empla
2868 2220 3185 2278 servantes,
3200 2220 3253 2269 et
3268 2217 3674 2275 ecclesiasticae
3688 2235 3921 2276 memores

2314 2297 2665 2365 disciplinae,
2708 2305 2926 2355 nostra
2963 2302 3263 2372 religionis
3309 2304 3573 2375 vigorem
3615 2324 3729 2363 non
3766 2309 3923 2364 minus

2312 2386 2549 2441 nuncin
2583 2389 3145 2462 consulendo,quam
3174 2398 3352 2449 antea
3378 2410 3517 2451 cum
3546 2397 3923 2465 pronuntiare-

2314 2473 2408 2538 tis,
2444 2490 2585 2531 vera
2610 2476 2838 2534 ratione
2864 2479 3170 2548 ﬁrmastis,
3192 2482 3382 2554 quiad
3412 2492 3684 2542 nostrum
3711 2487 3928 2557 referen-

2313 2563 2455 2620 dum
2478 2565 2854 2633 approbastis
2875 2583 2995 2624 esse
3019 2570 3334 2643 judicium,
3362 2575 3615 2632 scientes
3634 2576 3773 2646 quid
3792 2592 3926 2645 apos-

2314 2654 2506 2709 tolicae
2535 2653 2685 2721 Sedi,
2720 2670 2853 2711 cum
2885 2673 3082 2714 omnes
3116 2659 3225 2716 hoc
3243 2662 3567 2731 locopositi
3593 2666 3778 2734 ipsum
3800 2665 3930 2737 sequi

2312 2742 2707 2800 desideremus
2720 2748 3075 2815 apostolum,
3101 2748 3406 2815 debeatur,
3439 2768 3479 2809 α
3494 2769 3610 2825 quo
3624 2754 3929 2823 ipseepisco-

2308 2837 2488 2900 palus
2506 2840 2559 2888 et
2575 2840 2693 2890 tota
2715 2836 3041 2893 auctoritas
3058 2839 3318 2895 numinis
3331 2840 3521 2912 hujus
3534 2843 3931 2911 emorsit.Quem

2310 2927 2625 2991 sequentes,
2656 2929 2777 2979 tam
2808 2926 2971 2981 mala
3001 2926 3296 2984 damnare
3322 2931 3597 2987 novimus
3627 2947 3795 3003 quam
3823 2947 3933 2999 pro-

2312 3008 2448 3065 bare
2477 3010 2805 3068 laudanda.
2852 3014 2952 3070 Vel
2978 3014 3041 3069 id
3067 3031 3203 3072 vero
3230 3018 3390 3088 quod
3413 3029 3670 3088 patrum
3695 3020 3931 3077 instituta

2309 3099 2673 3156 sacerdotali
2689 3103 3082 3161 custodientes
3095 3107 3294 3174 ofﬁcio
3307 3123 3426 3163 non
3452 3110 3700 3166 censetis
3713 3125 3820 3167 esse
3833 3109 3931 3166 cal-

2308 3188 2527 3254 canda,
2560 3190 2720 3260 quod
2742 3190 2836 3246 illi
2864 3207 2984 3248 non
3013 3192 3299 3261 humana,
3317 3196 3418 3252 sed
3443 3199 3655 3255 divina
3668 3199 3929 3255 decrevere

2308 3278 2623 3342 sententia,
2657 3285 2723 3334 ut
2744 3279 3035 3351 quidquid
3056 3286 3327 3353 quamvis
3353 3287 3415 3341 in
3448 3287 3759 3358 disjunctis
3785 3301 3931 3343 remo-

2310 3364 2497 3436 tisque
2506 3368 2835 3435 provinciis
2848 3378 3049 3439 ageret
3056 3387 3273 3438 ur,non
3286 3375 3459 3444 prius
3475 3378 3759 3434 ducerent
3768 3376 3927 3445 ﬁnien-

2306 3453 2597 3519 dum,nisi
2606 3457 2687 3513 ad
2699 3457 2876 3528 hujus
2899 3460 3066 3515 Sedis
3088 3464 3358 3520 notitiam
3378 3468 3928 3533 perveniretmttota

2312 3541 2489 3613 hujus
2518 3546 2874 3603 auctoritate
2892 3550 3063 3617 justa
3077 3551 3405 3621 qua/‘uerit
3432 3554 3927 3623 pronuntiatioﬁr-

2307 3639 2597 3705 moretur,
2629 3634 2883 3707 indeque
2905 3646 3204 3696 sumerent
3232 3648 3459 3699 caeterae
3478 3645 3762 3701 Ecclesiae
3781 3644 3927 3714 (velut

2307 3720 2381 3775 de
2408 3723 2603 3778 natali
2630 3739 2733 3779 suo
2760 3726 2932 3795 fonte
2976 3742 3149 3799 aquae
3182 3737 3414 3788 cunctae
3463 3735 3861 3802 procederent,
3885 3735 3926 3785 ει

2305 3824 2415 3877 per
2437 3810 2700 3868 diversas
2730 3814 2908 3871 totius
2933 3818 3147 3873 mundi
3167 3819 3436 3891 regiones
3468 3824 3622 3892 puri
3647 3822 3830 3879 latices
3852 3835 3929 3877 ca-

2303 3899 2445 3966 pitis
2472 3902 2809 3971 incorrupti
2833 3908 3175 3979 manarent)
3205 3911 3353 3980 quid
3379 3914 3924 3982 praciperent,quos

2305 3986 2635 4054 abluerent,
2667 4007 2812 4063 quos
2846 3997 3004 4051 velut
3033 4012 3195 4052 cano
3224 3998 3674 4059 inemundabili
3699 3998 3928 4058 sordida-

2306 4082 2393 4132 tos
2432 4080 2669 4136 mundis
2698 4082 2884 4152 digna
2910 4086 3258 4154 corporibus
3284 4089 3453 4145 unda
3488 4092 3728 4149 vitaret.

2375 4168 2427 4219 2.
2460 4167 2754 4225 Gratulor
2779 4171 2986 4241 igitur,
3014 4173 3235 4242 fratres
3256 4175 3629 4243 charissimi,
3664 4177 3813 4252 quod
3846 4191 3928 4247 ρεν

2298 4254 2556 4323 fratrem
2583 4265 2638 4313 et
2668 4260 3073 4331 coepiscopum
3088 4266 3351 4321 nostrum
3377 4266 3616 4325 Iulium
3634 4270 3851 4325 litteras
3868 4265 3931 4322 ad

2301 4360 2403 4400 nos
2434 4346 2795 4415 destinastis,
2824 4355 2877 4405 et
2916 4366 3046 4407 cum
3094 4353 3221 4408 illis
3266 4369 3477 4413 curam
3514 4360 3725 4429 geritis
3752 4355 3929 4431 quibus

2298 4435 2632 4501 prasidetis
2661 4437 2962 4504 Ecclesiis,
3017 4442 3489 4503 sollicitudinem
3551 4455 3802 4503 vestram
3840 4458 3927 4514 pro

2299 4524 2561 4580 omnium
2588 4526 2848 4584 utilitate
2878 4531 3245 4599 monstratis,
3276 4537 3332 4588 et
3357 4549 3475 4603 per
3500 4544 3751 4593 cunctas
3781 4533 3927 4591 totius

2300 4611 2457 4667 orbis
2488 4615 2785 4671 Ecclesias
2812 4617 3081 4674 omnibus
3108 4635 3229 4676 una
3259 4623 3422 4693 quod
3440 4626 3930 4693 prosildecernen-

2298 4699 2439 4755 dum
2471 4717 2591 4758 esse
2643 4704 2955 4773 deposcitis
2982 4723 3004 4762 .'
3034 4712 3099 4762 ut
3127 4709 3250 4765 suis
3307 4714 3705 4771 constabilita
3743 4709 3927 4785 reguli:

2296 4787 2587 4856 Ecclesia,
2618 4798 2672 4848 et
2705 4793 2833 4858 hoc,
2866 4811 2981 4865 quo
3009 4796 3147 4852 illos
3177 4806 3403 4865 caveat,
3439 4799 3929 4871 pronuntiationis

2286 4878 2723 4948 justzﬁrmala
2749 4882 2983 4941 decreto
3006 4886 3227 4943 talibus
3235 4904 3461 4958 pavere
3474 4907 3599 4948 non
3616 4892 3797 4962 possit
3813 4892 3831 4924 ⁸
3847 4884 3931 4960 qui

2304 5012 3363 5099 L...‘-Srz.¥1.§tséz_i’2§9;sitim-etin
3388 5025 3669 5099 vulgatis.
3688 5027 3928 5099 ιιοιηίοδίρ

2296 5089 2403 5185 ἓξιο
2426 5077 2658 5188 ᾼωοὲἷίο,
2678 5079 2927 5130 subditur
2963 5096 2974 5131 :
2995 5083 3065 5132 Et
3089 5085 3326 5135 omnibus
3350 5077 3550 5138 sanctis
3582 5077 3838 5153 episcopis.
3863 5082 3928 5135 ιιςῖ

2385 5153 2503 5188 eris.
2591 5154 2636 5188 Ο.

2294 5152 2503 5192 emeris.
2537 5152 2636 5189 etc.

2294 5262 2303 5271 _
2398 5200 2612 5273 ltaMss.
2637 5208 2857 5273 excepto
2868 5205 3147 5273 _Vatic.qui
3163 5212 3285 5272 post
3306 5224 3513 5263 nomen
3530 5213 3928 5265 Hareellinibiec

2292 5265 2601 5336 interponit,
2636 5271 2680 5336 e_t
2716 5265 2952 5336 omnibus
2982 5265 3176 5336 sanctis
3202 5273 3478 5336 episcOpis.

2352 5325 2371 5397 ξ
2396 5325 2707 5397 ,ᾔδεε-ϐοή).
2736 5333 2791 5397 et
2823 5331 2998 5397 Germ.
3035 5346 3046 5380 :
3084 5333 3150 5380 In
3173 5325 3506 5397 requirindis
3538 5339 3640 5389 Dei
3668 5340 3822 5389 rebus.

2352 5388 2368 5451 ξ
2395 5387 2478 5437 Sic
2509 5390 2633 5439 Mss.
2658 5391 2838 5440 Gallic.
2865 5394 2933 5443 At
2961 5408 3104 5444 unus
3122 5410 3149 5445 e
3173 5387 3344 5451 Vatic.
3376 5387 3787 5451 habetvsztsuis
3812 5412 3925 5449 eos:-

2292 5449 2524 5525 tiabil‘itge'
2544 5453 2737 5525 regulis
2766 5454 3006 5525 Ecclesiae
3032 5463 3077 5506 et
3112 5459 3203 5508 hos
3246 5449 3480 5525 caveant
3508 5449 3923 5525 Mindium;

2290 5511 2618 5592 dentalibus,
2644 5522 2693 5592 et
2724 5516 2855 5592 alios
2885 5511 3618 5592 quorummonduniperﬁdia
3640 5511 3822 5592 patuit,
3853 5521 3923 5592 qui

2286 5575 2831 5640 perversisinstrueti,
2869 5575 2974 5631 etc.
3014 5582 3141 5632 Bad.
3173 5586 3293 5634 Am.
3329 5575 3417 5636 Er.
3447 5575 3504 5638 ἐι
3530 5575 3706 5640 Ιιονῗε
3744 5575 3921 5637 Πιέἆέε

2287 5636 2616 5711 constabilita
2640 5642 2833 5711 regulis
2848 5641 3182 5711 Ecclesia,_e:z
3200 5648 3292 5697 hoc
3334 5636 3475 5711 quod
3492 5636 3799 5702 illos-caveat
3821 5660 3917 5711 ριὀ·

2285 5702 2637 5750 nuntiationis
2658 5704 2813 5766 justte
2842 5705 3054 5767 ﬁrmata
3082 5702 3436 5763 decretalibus.

4040 5240 4048 5327 ἵ
