4098 6166
172 170 262 227 781

170 386 275 451 tiis,
306 384 680 455 subimagine
706 383 1017 440 catholicae
1048 385 1189 454 ﬁdei
1208 387 1616 457 dispudantes,
1650 391 1811 446 velut

166 474 491 546 pestiferum
522 473 869 529 exhalantes
901 473 1481 539 virus,uthominum
1513 485 1669 534 recte
1686 493 1811 534 sen-

169 564 431 620 tientium
472 562 534 617 in
570 563 916 619 deteriorem
944 569 1170 632 partem
1184 572 1365 633 porta
1397 574 1808 635 corrumpant,

168 660 341 708 totam
374 652 795 722 veridogmatis
820 659 1369 723 qum‘untevertere
1406 655 1806 722 disciplinam.

233 746 283 797 3.
310 740 630 797 Sanandum
669 758 791 811 ergo
819 741 1069 806 celerius,
1098 760 1161 796 ne
1205 744 1418 814 longius
1448 746 1813 799 exsecrandus

165 832 359 888 animis
373 830 585 885 morbus
606 828 1005 900 irrepat:sicut
1031 832 1263 887 medicus
1279 850 1397 887 cum
1422 833 1622 887 viderit
1650 835 1810 905 hujus

164 920 368 977 terreni
399 921 640 990 corporis
669 920 901 991 aliquem
930 937 1036 975 esse
1060 920 1389 991 languorem,
1424 940 1670 993 magnum
1697 940 1808 977 sum

163 1012 299 1066 artis
326 1010 560 1064 mstimat
582 1009 1042 1073 documentum,si
1065 1011 1171 1065 cito
1199 1012 1318 1081 quis
1332 1010 1483 1066 illius
1502 1013 1809 1067 interventu

163 1100 473 1169 desperatus
501 1099 691 1154 evadat
720 1120 743 1169 ,-
776 1099 859 1153 vel
873 1115 991 1154 cum
1011 1107 1171 1170 putre
1196 1101 1389 1156 vulnus
1411 1101 1810 1172 aspererit,ad-

166 1189 303 1243 hibet
325 1190 562 1259 [omenta
574 1189 658 1244 vel
667 1196 882 1254 cetera,
906 1188 1248 1260 quibusillud
1270 1191 1439 1261 possit
1467 1192 1604 1261 quod
1623 1198 1809 1245 natum

162 1278 348 1349 fuerat
362 1277 561 1333 vulnus
577 1277 796 1346 obduci;
812 1295 880 1333 ac
892 1280 941 1332 si
954 1278 1012 1333 id
1024 1295 1243 1333 manens
1257 1296 1417 1333 sanas
1430 1280 1451 1334 i
1465 1296 1568 1333 non
1579 1281 1806 1350 poterit,

162 1385 223 1422 ne
251 1383 444 1439 corpus
460 1366 729 1438 reliquum
753 1384 852 1422 sua
890 1367 1006 1423 tabe
1026 1375 1359 1439 corrumpat,
1385 1370 1533 1438 ferro
1562 1374 1808 1439 amputat

162 1456 292 1527 quod
308 1456 521 1511 nocebat
542 1474 641 1527 quo
666 1456 935 1527 reliquum
962 1457 1235 1528 integrum
1253 1464 1424 1512 servet
1450 1463 1499 1511 et
1520 1458 1804 1513 intactum.

162 1545 571 1600 Prwsidcndum
600 1545 658 1600 id
687 1562 810 1616 ergo
839 1552 935 1611 est,
966 1545 1103 1617 quod
1133 1545 1271 1601 velut
1298 1563 1439 1617 puro
1466 1563 1693 1617 sonoque
1726 1546 1808 1601 ni-

162 1636 319 1690 mium
343 1635 566 1705 corpori
604 1635 800 1689 vulnus
829 1634 1080 1705 obrepsit,
1112 1652 1173 1689 ne
1199 1652 1318 1690 cum
1348 1636 1572 1691 tardius
1601 1635 1805 1691 abster-

158 1725 325 1796 gitur,
364 1725 421 1778 in
450 1724 581 1796 ipsis
604 1740 732 1794 pene
764 1724 1058 1779 visceribus
1090 1723 1257 1795 hujus
1288 1725 1429 1780 mali
1465 1742 1571 1780 non
1601 1725 1804 1780 exhau-

157 1813 347 1868 riendo
387 1820 498 1881 post
527 1814 741 1868 sentina
782 1813 1044 1868 considat.

226 1906 276 1957 4.
341 1902 483 1957 Nam
523 1901 653 1974 quid
682 1918 776 1957 nos
822 1902 888 1957 de
918 1902 1002 1956 his
1026 1902 1246 1972 posthac
1298 1910 1499 1957 rectum
1547 1902 1808 1957 mentibus

156 1991 538 2054 existimemus,
570 1992 662 2061 qui
685 1990 792 2045 sibi
819 2008 870 2045 se
886 1995 1087 2061 putant
1116 1991 1304 2045 debere
1328 1993 1463 2063 quod
1499 1991 1620 2046 boni
1658 1999 1803 2061 sunt,

157 2080 275 2136 neci
281 2081 420 2136 llum
445 2080 794 2136 considerant
814 2084 965 2150 cujus
977 2080 1211 2151 quotidie
1222 2081 1459 2151 gratiam
1482 2098 1806 2151 consequun-

160 2172 289 2227 tur?
312 2169 420 2226 Sed
440 2170 555 2241 jam
585 2169 699 2235 isti,
729 2170 821 2241 qui
847 2169 981 2224 tales
1007 2175 1151 2233 sunt,
1194 2170 1399 2224 nullam
1434 2170 1533 2224 Dei
1569 2170 1803 2241 gratiam

156 2259 676 2332 consequuntur,qui
701 2260 815 2312 sine
848 2258 944 2312 illo
976 2264 1184 2313 tantum
1207 2275 1257 2312 se
1286 2259 1493 2329 assequi
1508 2276 1657 2329 posse
1687 2276 1807 2313 con-

156 2348 349 2419 ﬁdunt,
378 2355 636 2420 quantum
662 2348 757 2402 vix
786 2347 878 2402 illi
902 2348 996 2418 qui
1032 2347 1097 2401 ab
1128 2348 1228 2402 illo
1252 2348 1554 2419 postulant,
1569 2348 1807 2418 accipere

155 2445 551 2509 promerentur.
584 2436 728 2503 Quid
753 2436 898 2491 enim
928 2442 1036 2490 tam
1066 2436 1313 2507 iniquum
1345 2443 1511 2508 potest
1537 2452 1661 2499 esse,
1697 2442 1807 2489 tam

156 2527 588 2591 barbarum,tam
604 2526 775 2581 totius
786 2524 1072 2595 religionis
1088 2526 1472 2596 ignarum,tam
1487 2524 1806 2579 christianis

155 2616 420 2672 mentibus
460 2616 763 2681 inimicum,
793 2631 949 2687 quam
977 2614 1104 2669 huic
1134 2621 1180 2669 te
1207 2631 1404 2685 negare
1442 2614 1623 2668 debere
1654 2613 1806 2684 quid-

154 2706 279 2777 quid
305 2706 366 2760 in
398 2705 716 2776 quotidiana
745 2705 929 2775 gratia
954 2704 1304 2775 consequeris,
1321 2704 1411 2758 cui
1439 2710 1485 2758 te
1508 2704 1617 2774 ipse
1649 2702 1808 2773 conﬁ-

153 2796 281 2850 teris
301 2794 489 2850 debere
500 2794 638 2866 quod
668 2800 827 2849 natus
857 2810 909 2849 es
928 2795 957 2849 ?
981 2794 1137 2865 Ergo
1162 2794 1271 2847 eris
1287 2793 1388 2847 tibi
1403 2794 1457 2847 in
1481 2792 1806 2864 providendo

150 2886 535 2956 prwstantior,
569 2900 726 2955 quam
755 2888 920 2955 potest
942 2883 997 2937 in
1024 2890 1074 2938 te
1099 2898 1227 2951 esse,
1258 2883 1353 2954 qui
1382 2890 1429 2937 te
1462 2889 1523 2936 ut
1556 2898 1659 2935 esse
1680 2881 1806 2950 επε-

152 2974 223 3028 cit
253 2975 272 3027 l
296 2974 381 3029 Et
407 2990 528 3028 cum
552 2980 602 3027 te
636 2978 788 3044 putes
820 2973 869 3026 ei
898 2972 1080 3026 debere
1105 2972 1247 3043 quod
1288 2971 1448 3040 vivis,
1474 2970 1726 3041 quomodo
1755 2977 1804 3025 te

154 3080 257 3118 non
266 3070 432 3134 putas
453 3061 737 3116 illidebere
757 3061 898 3132 quod
916 3061 1291 3131 quotidianam
1322 3062 1436 3132 ejus
1453 3058 1805 3131 consequendo

149 3152 384 3222 gratiam
413 3151 604 3207 taliter
637 3150 776 3205 vivis
802 3150 829 3204 ‘P
852 3152 933 3205 Et
963 3150 1058 3221 qui
1088 3166 1181 3206 nos
1194 3150 1470 3219 adjutorio
1484 3166 1641 3220 negas
1662 3148 1804 3203 indi-

149 3258 270 3312 gere
295 3241 504 3308 divino,
527 3239 680 3311 quasi
705 3256 772 3294 ea:
802 3246 985 3294 nostra
1015 3240 1074 3295 in
1102 3244 1267 3294 totum
1292 3238 1651 3309 possibilitate
1677 3253 1801 3308 per-

145 3331 331 3399 fectos,
361 3328 615 3400 quomodo
636 3345 747 3384 non
776 3330 790 3364 ί
824 3328 1165 3399 adjutorium
1187 3328 1300 3397 ejus
1326 3329 1385 3382 in
1400 3344 1509 3397 nos,
1541 3344 1660 3383 cum
1673 3326 1803 3382 tales

147 3435 180 3473 a
210 3419 363 3474 nobis
390 3420 553 3473 etiam
578 3435 683 3473 esse
712 3434 1005 3488 possumus,
1032 3434 1377 3488 provocamus
1401 3418 1428 3472 ?

218 3510 274 3566 5.
300 3509 411 3574 Qui
429 3508 569 3563 enim
582 3508 919 3576 adiutorium
938 3506 1043 3561 Dei
1058 3514 1233 3577 negat,
1264 3507 1443 3561 vellem
1463 3508 1803 3577 interrogare

149 3598 277 3668 quid
316 3598 461 3652 dicat
491 3614 514 3663 ;
542 3615 634 3652 nos
660 3614 766 3650 non
791 3597 1013 3659 mereri,
1062 3613 1134 3651 an
1159 3597 1318 3651 illum
1361 3596 1463 3651 hoc
1514 3612 1619 3649 non
1655 3612 1803 3665 posse

144 3694 420 3758 praestare
442 3688 469 3741 ?
498 3703 568 3741 an
596 3686 739 3740 nihil
768 3702 871 3740 esse
913 3692 1135 3756 propter
1158 3685 1295 3757 quod
1323 3686 1682 3756 unusquisque
1714 3685 1806 3738 hoc

150 3774 335 3830 debeat
363 3776 635 3847 postulare
666 3775 693 3831 ?
716 3774 881 3829 Posse
927 3774 1019 3829 hoc
1046 3778 1231 3840 Deum,
1265 3791 1428 3845 opera
1456 3775 1571 3844 ipsa
1606 3780 1805 3828 testan-

151 3871 246 3920 tur
269 3881 293 3921 .'
324 3872 373 3919 et
395 3862 1002 3935 adjutorioquolidiano
1022 3880 1114 3918 nos
1143 3879 1312 3934 egere,
1344 3880 1473 3934 nega
1483 3881 1536 3917 re
1556 3879 1658 3916 non
1682 3877 1806 3933 pos-

147 3970 353 4009 sumus.
394 3954 499 4008 Hoc
528 3955 671 4008 enim
698 3970 789 4009 seu
815 3952 945 4008 bene
970 3953 1219 4019 vivimus,
1257 3956 1805 4024 provocam-us,utme-

152 4042 261 4099 lius
290 4044 633 4114 sanctiusque
659 4044 940 4112 vivamus,-
971 4059 1061 4097 seu
1089 4060 1253 4114 prave
1282 4043 1566 4096 sentientes
1586 4059 1618 4094 a
1658 4040 1807 4094 bonis

149 4134 478 4203 avertimur,
514 4139 575 4187 ut
611 4132 681 4186 ad
719 4139 920 4186 rectam
948 4132 1222 4187 redeamus
1252 4131 1414 4196 viam,
1449 4132 1561 4202 ejus
1590 4129 1804 4185 auxilio

147 4223 271 4293 plus
303 4238 529 4294 egemus.
560 4222 705 4279 Nam
723 4221 855 4293 quid
892 4228 1003 4276 tam
1029 4222 1393 4293 morti/erum,
1435 4230 1541 4276 tam
1573 4236 1806 4291 preceps

146 4312 405 4367 videatur
444 4312 513 4367 ad
542 4328 748 4378 casum,
776 4319 887 4367 tam
908 4312 1212 4382 expositum
1229 4311 1298 4365 ad
1327 4312 1514 4365 omnia
1538 4310 1802 4380 pericula,

146 4401 194 4455 si
220 4402 317 4456 hoc
344 4401 513 4456 solum
533 4400 682 4455 nobis
712 4407 962 4472 putantes
982 4418 1123 4470 posse
1148 4400 1553 4471 sufﬁcere,quod
1580 4399 1805 4453 liberum

145 4489 452 4544 arbitrium
463 4506 578 4545 cum
595 4506 857 4544 nascerem
866 4489 1092 4560 uracepi
1098 4489 1297 4556 mus,ul
1304 4496 1394 4543 tra
1402 4490 1517 4559 jam
1535 4506 1569 4542 a
1584 4488 1737 4543 Domi
1742 4505 1806 4541 no

148 4578 305 4634 nihil
334 4578 727 4650 quseramus,id
740 4579 1085 4645 est,auctoris
1099 4579 1277 4633 nostri
1297 4578 1602 4647 obliti,ejus
1628 4583 1805 4648 poten-

147 4668 293 4723 tiam
316 4675 374 4723 ut
406 4685 498 4723 nos
522 4668 858 4723 ostendamus
882 4668 1095 4733 liberos,
1140 4668 1467 4738 abjuremus,
1501 4667 1654 4737 quasi
1689 4667 1808 4736 jam

148 4757 392 4828 amplius
407 4758 545 4829 quod
567 4758 732 4829 possit
758 4757 889 4812 dare
918 4775 1021 4812 non
1034 4757 1241 4820 habeat,
1273 4758 1371 4828 qui
1394 4764 1441 4811 te
1474 4757 1531 4809 in
1555 4762 1648 4810 tuo
1683 4760 1807 4808 ortu

148 4847 387 4902 liberum
423 4847 553 4918 fecit
574 4847 601 4903 Ἰ
642 4847 928 4902 nescientes
956 4846 1098 4917 quod
1130 4847 1241 4901 nisi
1255 4846 1461 4916 magnis
1478 4844 1727 4916 precibus
1749 4844 1808 4895 in

146 4954 245 4992 nos
279 4938 383 4991 Dei
404 4937 589 5007 gratia
618 4936 905 5007 implorata
919 4935 1564 5005 descendat,nequaquam
1578 4941 1808 4989 terrenae

147 5026 298 5081 labis
320 5032 369 5079 et
390 5025 651 5081 mundani
676 5026 917 5097 corporis
944 5026 1155 5079 vincere
1167 5040 1418 5079 conemur
1447 5039 1809 5087 errores,cum

145 5132 321 5181 pares
358 5131 451 5169 nos
480 5114 559 5169 ad
590 5113 943 5169 resistendum
976 5130 1079 5167 non
1113 5112 1345 5169 liberum
1371 5111 1690 5179 arbitrium,
1724 5111 1812 5167 sed

171 5203 278 5259 Dei
289 5203 459 5259 solum
489 5204 676 5276 facere
699 5202 1169 5275 possitauxilium.

218 5369 232 5399 ¹
270 5365 400 5415 Bad.
436 5366 555 5414 Am.
584 5366 668 5414 Er.
702 5369 754 5415 et
786 5365 913 5415 Lov.
952 5365 1203 5415 auiimodo
1232 5378 1365 5413 vero.
1393 5366 1457 5413 At.
1476 5365 1607 5414 Mss.
1635 5363 1812 5413 Callic.

147 5432 204 5479 et.
236 5429 396 5478 vatio.
425 5430 673 5491 quomodo
708 5443 830 5477 non.
851 5429 931 5477 Sic
954 5427 1242 5491 legendum
1277 5441 1391 5475 esse
1422 5427 1738 5491 intelligitur
1754 5440 1817 5475 ex

152 5489 630 5554 consequentibus
658 5506 669 5547 ;
701 5491 829 5554 quia
854 5489 1077 5553 proba—rc
1097 5490 1583 5554 vultlnnocenuus,
1610 5489 1818 5554 justum

154 5556 278 5603 vita
314 5552 409 5603 sua
440 5552 733 5615 provocare
770 5552 1029 5603 auxilium
1060 5554 1170 5609 Dei,
1208 5566 1311 5615 quo
1374 5552 1608 5615 sanctius
1656 5552 1815 5615 vivat.

154 5618 307 5665 Hinc
333 5614 494 5678 paulo
530 5615 672 5666 infra
710 5616 839 5666 Mss.
883 5617 1042 5665 iidem
1074 5614 1290 5670 habent.
1320 5628 1408 5663 seu
1434 5614 1556 5662 bene
1579 5614 1818 5674 vivimus,

148 5692 501 5741 provocamus
530 5692 551 5741 ,'
578 5679 669 5730 ubi
699 5678 829 5729 Edd.
863 5679 1062 5743 plures,
1091 5693 1381 5743 precamur.

1372 169 1879 229 EPISTOLARUM
1917 170 2204 232 CLASSIS
2243 177 2337 232 III.

170 294 454 367 perversis
481 292 781 361 instructi,
815 294 929 350 imo
967 294 1257 352 destructi
1284 298 1595 356 verborum
1629 315 1809 370 argu-
1890 352 1893 355 ,

3461 179 3568 240 782

1994 305 2046 357 6.
2086 303 2219 359 Nam
2242 304 2298 358 si
2323 303 2414 359 ille
2442 303 2643 360 clamat
2664 304 2940 375 adjutorio
2958 306 3063 362 sibi
3088 323 3219 378 opus
3230 324 3335 363 esse
3358 308 3563 379 divino,

1920 393 2014 462 qui
2042 392 2201 463 digne
2223 393 2316 449 hoc
2344 410 2446 449 non
2481 402 2767 464 quaereret,
2796 396 2848 449 si
2884 396 2976 451 cui
3014 395 3239 453 liberum
3264 398 3565 455 arbitrium

1920 480 2041 550 plus
2072 482 2345 550 prodesset
2375 484 2613 553 ;quippe
2642 486 2867 539 cumvir
2897 484 3076 541 beatus
3102 492 3155 541 et
3175 487 3295 556 jam
3325 489 3566 545 electusa

1923 569 2158 625 Domino
2186 572 2328 626 nihil
2358 578 2527 642 egeret
2559 590 2575 637 ;
2602 579 2778 627 tamen
2822 574 2901 628 ita
2931 574 3099 629 Deum
3141 578 3459 646 deprecatar
3474 595 3566 649 po-

1918 659 2152 723 stulans,
2172 680 2199 710 «
2231 661 2469 730 Adjutor
2486 678 2627 715 meus
2658 669 2805 730 esto;
2836 679 2903 716 ne
2927 662 3270 735 derelinquas
3296 683 3568 738 me,neque

1920 747 2297 817 despiciasme,
2333 749 2473 804 Deus
2502 750 2777 805 saluturis
2798 768 2980 805 meus»
3010 752 3179 823 (Psal.
3197 771 3355 820 xxv1,
3383 757 3571 827 9):nos

1920 837 2068 891 nobis
2100 837 2327 893 liberum
2348 839 2655 894 arbitrium
2686 862 2703 907 ,-
2732 840 2950 895 illesibi
2971 841 3144 897 Deum
3167 844 3401 913 postulat
3415 845 3569 916 adju-

1917 932 2083 980 torem
2112 927 2130 979 Ι
2165 927 2302 998 quod
2328 928 2446 981 nati
2484 945 2666 982 sumus
2690 946 2833 999 posse
2865 930 3110 999 sufﬁcere
3174 948 3267 986 nos
3302 934 3564 997 dicimus,

1918 1013 2009 1068 ille
2034 1016 2280 1070 Deumne
2306 1016 2921 1087 derelinquaturexorat
2950 1019 3571 1092 lNon,rogo,mani/este

1917 1103 2191 1167 discimus,
2222 1105 2355 1175 quid
2383 1122 2592 1160 oremus
2626 1108 2667 1169 ί,
2701 1122 2821 1161 cum
2856 1108 2946 1162 ille
2976 1114 3253 1179 tantopere
3274 1109 3470 1175 beatus,
3504 1118 3567 1167 ut

1917 1208 2084 1263 supra
2116 1193 2377 1260 diximus,
2408 1195 2499 1248 vir
2529 1212 2596 1249 ne
2627 1195 2962 1266 despiciatur
2983 1204 3206 1268 exoptat
3247 1200 3274 1255 ‘2‘
3304 1199 3400 1253 Illi
3422 1200 3565 1255 enim

1918 1298 2117 1336 necesse
2145 1290 2219 1337 est
2250 1283 2356 1337 ista
2368 1286 2723 1354 arguant,qui
2745 1284 2843 1339 illa
2858 1286 3203 1355 conﬁrmant.
3220 1288 3400 1343 David
3419 1289 3563 1343 enim

1916 1370 2182 1425 orationis
2209 1372 2462 1441 ignarus,
2495 1378 2546 1426 et
2566 1389 2676 1427 sua:
2708 1381 2922 1428 natura:
2938 1376 3143 1429 nescius
3170 1378 3569 1449 accusetur,qui

1917 1475 2039 1513 cum
2072 1466 2091 1494 ³
2117 1460 2255 1515 sciat
2283 1464 2495 1514 tantum
2554 1461 2613 1514 in
2641 1478 2739 1515 sua
2780 1462 2945 1516 inesse
2985 1471 3207 1529 natura,
3259 1465 3566 1534 adjutorem

1916 1548 2024 1602 sibi
2045 1549 2219 1605 Deum
2236 1555 2284 1602 et
2305 1549 2583 1604 assiduum
2610 1549 2933 1620 adjutorem,
2967 1568 3060 1606 nec
3088 1552 3179 1606 illi
3202 1554 3406 1623 su/ﬁcit
3434 1556 3567 1609 assi-

1916 1636 2103 1703 duum,
2134 1638 2223 1692 sed
2260 1655 2324 1693 ne
2363 1638 2657 1709 aliquando
2712 1639 2872 1694 illum
2919 1639 3198 1710 despiciat,
3231 1642 3569 1698 orationibus

1913 1742 2119 1797 pronus
2139 1733 2373 1797 exoptat,
2406 1733 2458 1781 et
2468 1743 2570 1797 per
2595 1744 2787 1798 corpus
2813 1744 2962 1783 omne
2988 1728 3353 1785 Psalteriihoc
3377 1738 3425 1786 et
3438 1748 3567 1802 pro-

1916 1815 2061 1869 dicat
2100 1822 2150 1870 et
2178 1816 2414 1870 clamat!
2445 1816 2541 1871 Sic
2562 1831 2688 1887 ergo
2714 1817 2807 1872 hoc
2828 1816 3041 1871 illetam
3070 1835 3294 1889 magnus
3313 1821 3452 1875 sicut
3473 1838 3560 1875 as-

1915 1903 2070 1957 sidue
2107 1903 2307 1967 dicere,
2340 1903 2420 1958 ita
2450 1905 2807 1959 necessarium
2834 1905 3100 1974 confessus
3125 1913 3198 1960 est
3235 1915 3293 1962 ut
3332 1908 3567 1978 doceret;

1915 1992 2351 2063 quemadmodum
2378 1992 2628 2063 Pelagius
2655 1992 3031 2064 Cielestiusque
3054 1996 3286 2065 seposita
3317 1998 3468 2051 omni
3485 2014 3567 2051 re-

1914 2082 2192 2151 sponsione
2212 2080 2779 2152 Psalmorum,talique
2804 2082 2872 2137 ab
2893 2082 3077 2137 dicata
3103 2083 3569 2146 doctrina.suasu-

1914 2186 2002 2224 ros
2029 2187 2081 2224 se
2108 2169 2392 2240 aliquibus
2409 2186 2517 2224 esse
2540 2170 2838 2241 conﬁdunt,
2874 2188 2965 2225 nos
2985 2172 3324 2242 adjutorium
3350 2174 3455 2229 Dei
3474 2190 3568 2229 nec

1913 2259 2097 2313 debere
2118 2276 2380 2329 quaerere,
2412 2276 2502 2313 nec
2527 2276 2584 2314 eo
2614 2276 2761 2330 egere
2790 2276 2947 2330 ,-cum
2978 2278 3153 2316 omnes
3183 2265 3363 2318 sancti
3414 2263 3562 2318 nihil

1912 2364 1963 2402 se
1992 2349 2107 2402 sine
2137 2348 2228 2403 hoc
2245 2364 2406 2419 agere
2429 2364 2575 2419 posse
2604 2355 2867 2403 testentur
2897 2353 2922 2403 .9

1985 2437 2040 2493 7.
2070 2437 2335 2492 Liberum
2357 2438 2499 2491 enim
2524 2436 2821 2492 arbitrium
2849 2437 2980 2492 olim
3002 2438 3098 2493 ille
3121 2441 3565 2511 perpessus,dum

1912 2527 2025 2580 suis
2042 2525 2399 2580 inconsultius
2413 2525 2591 2580 utitur
2617 2525 2786 2591 bonis,
2802 2527 2994 2581 cadens
3016 2528 3073 2582 in
3082 2529 3557 2598 praevaricationis

1910 2614 2191 2686 profunda
2217 2615 2487 2669 demersus
2510 2622 2584 2669 est
2610 2632 2626 2680 ;
2654 2618 2703 2669 et
2736 2615 2884 2671 nihil
2912 2617 3347 2686 quemadmodum
3376 2619 3565 2674 exinde

1911 2719 2131 2773 surgere
2142 2711 2309 2774 posset
2352 2705 2558 2759 invenit
2577 2726 2596 2772 ,-
2617 2721 2814 2775 suaque
2838 2706 2896 2759 in
2927 2713 3191 2762 aeternum
3215 2707 3458 2763 libertate
3478 2707 3567 2763 de-

1912 2799 2091 2861 ceptus
2122 2793 2283 2862 hujus
2324 2792 2505 2847 ruina:
2537 2793 2795 2863 jacuisset
2830 2811 3105 2864 oppressu,
3141 2796 3248 2850 nisi
3278 2814 3395 2851 eum
3448 2804 3565 2869 post

1916 2880 2123 2935 Christi
2132 2898 2234 2952 pro
2251 2897 2348 2935 sua
2373 2881 2556 2951 gratia
2578 2881 2860 2935 relevasset
2872 2882 3131 2938 adventus
3150 2902 3172 2938 .·
3196 2885 3289 2955 qui
3300 2902 3398 2955 per
3417 2903 3565 2941 novae

1912 2971 2340 3041 regenerationis
2355 2970 2814 3041 puriﬁcationem,
2832 2988 2982 3026 omne
3011 2974 3359 3042 praeteritum
3374 2974 3565 3029 vitium

1911 3060 1998 3113 sui
2027 3058 2362 3131 baptismatis
2385 3060 2947 3129 lavacropurgavit,et
2976 3062 3089 3130 ejus
3105 3062 3340 3122 ﬁrmans
3367 3070 3565 3118 statum

1911 3164 2012 3218 quo
2034 3147 2587 3219 rectiusstabiliusque
2608 3148 2933 3219 procederet,
2961 3155 3134 3204 tamen
3152 3166 3304 3205 suam
3327 3151 3566 3222 gratiam

1911 3237 1970 3291 in
2008 3245 2278 3308 posterum
2302 3254 2407 3291 non
2432 3238 2672 3307 negavit.
2706 3238 2839 3292 Nam
2863 3238 3102 3308 quamvis
3141 3240 3446 3296 redemisset
3478 3240 3566 3295 ho-

1910 3328 2104 3381 minem
2135 3344 2169 3381 a
2194 3326 2497 3397 praeteritis
2531 3327 2625 3381 ille
2657 3328 2907 3398 peccatis,
2950 3335 3127 3383 tamen
3159 3329 3334 3385 sciens
3364 3331 3564 3385 iterum

1907 3433 2056 3487 posse
2090 3433 2327 3487 peccare,
2376 3416 2447 3470 ad
2505 3417 2901 3487 reparationem
2946 3418 3073 3484 sibi,
3128 3419 3565 3490 quemadmodum

1907 3513 2079 3578 posset
2111 3504 2265 3561 illum
2280 3511 2328 3559 et
2356 3512 2471 3574 post
2492 3506 2595 3560 ista
2623 3506 3101 3577 corrigere,multa
3124 3510 3405 3566 servavit:
3430 3527 3561 3581 quo-

1912 3595 2129 3650 tidiana
2133 3601 2362 3666 praestat
2387 3594 2479 3649 ille
2514 3595 2771 3663 remedia,
2787 3594 2980 3666 quibus
2996 3596 3106 3650 nisi
3122 3597 3259 3667 freti
3270 3600 3562 3670 con/isique

1914 3686 2181 3753 nitamur,
2196 3683 2505 3738 nullatenus
2522 3684 2729 3738 vincere
2746 3683 3005 3738 humanos
3023 3687 3315 3755 poterimus
3328 3705 3560 3743 errores.

1912 3773 2215 3829 Necesseest
2246 3776 2388 3826 enim
2418 3780 2475 3827 ut
2503 3789 2602 3842 quo
2630 3772 2943 3827 auxiliante
2970 3775 3251 3840 vincimus,
3280 3793 3336 3829 eo
3367 3778 3569 3831 iterum

1910 3880 2016 3917 non
2044 3862 2335 3932 adjuvante
2367 3862 2667 3917 vincamur.
2702 3861 2810 3916 Sed
2838 3878 3035 3933 possem
3060 3863 3230 3933 plura
3257 3863 3565 3929 dicere,nisi

1913 3968 1997 4006 vos
2030 3955 2296 4006 constaret
2325 3957 2516 4007 cuncta
2540 3951 2762 4006 dixisse.

1984 4044 2034 4095 8.
2063 4040 2316 4111 Quisquis
2342 4058 2467 4112 ergo
2504 4041 2627 4095 huic
2649 4041 2939 4096 assentiens
2970 4041 3184 4097 videtur
3223 4058 3328 4098 esse
3362 4052 3565 4100 senten-

1914 4130 2027 4197 tiae,
2050 4147 2153 4200 qua
2173 4129 2319 4183 dicat
2356 4130 2630 4202 adjutorio
2654 4130 2802 4184 nobis
2834 4146 2938 4184 non
2962 4147 3094 4201 opus
3116 4148 3219 4185 esse
3238 4131 3442 4197 divino,
3458 4133 3567 4189 ini-

1912 4221 2105 4273 micum
2147 4236 2198 4272 se
2244 4218 2523 4273 catholicae
2580 4219 2727 4289 ﬁdei,
2757 4226 2804 4274 et
2849 4219 2953 4273 Dei
2989 4219 3257 4291 beneﬁciis
3274 4224 3566 4292 proﬁtetur

1914 4307 2211 4377 ingratum.
2247 4308 2392 4361 Nam
2418 4309 2438 4342 ⁸
2472 4324 2564 4363 nec
2593 4316 2777 4363 nostra
2822 4309 3188 4363 communione
3233 4317 3357 4366 sunt
3382 4310 3555 4380 digni,

1912 4412 2066 4466 quam
2078 4396 2432 4467 praedicando
2444 4396 2635 4450 taliter
2642 4396 3014 4467 polluerunt.I
3012 4398 3251 4466 psienim
3264 4415 3387 4452 suas
3396 4406 3560 4467 ponte

1912 4486 2035 4539 dum
2051 4496 2350 4556 sequuntur
2372 4484 2470 4538 illa
2501 4502 2616 4554 qua:
2637 4484 3065 4555 dicunt,longius
3085 4502 3118 4538 a
3148 4503 3278 4539 vera
3300 4486 3560 4556 religione

1912 4573 2265 4644 refugerunt.
2310 4574 2437 4627 Cum
2467 4574 2611 4627 enim
2636 4573 2729 4627 hoc
2754 4579 2919 4627 totum
2940 4574 2998 4626 in
3026 4580 3215 4627 nostra
3236 4575 3561 4645 professione

1913 4663 2188 4729 consistat,
2227 4661 2661 4732 quotidianisque
2706 4662 2957 4732 precibus
2996 4662 3150 4717 nihil
3188 4680 3407 4734 agamus
3456 4665 3566 4721 nisi

1913 4750 2350 4822 quemadmodum
2401 4751 2505 4805 Dei
2524 4751 2953 4805 misericordiam
2995 4769 3379 4823 consequamur
3402 4771 3425 4827 ;7
3440 4771 3566 4825 que-

1914 4840 2250 4895 madmodum
2275 4840 2423 4909 ferre
2438 4856 2712 4910 possumus
2746 4842 2850 4895 ista
2870 4842 3138 4910 jactantes
3178 4843 3206 4895 Ῡ
3231 4843 3379 4912 Quis,
3415 4859 3562 4913 rogo,

1915 4936 2099 4985 tantus
2125 4929 2343 4983 illorum
2364 4936 2579 4999 pectora
2605 4946 2765 4983 error
2780 4929 3025 4996 obcaecat,
3042 4938 3120 4996 ut,
3156 4930 3205 4985 si
3227 4932 3336 5001 ipsi
3356 4932 3565 4985 nullam

1915 5020 2022 5073 Dei
2030 5019 2268 5090 gratiam
2292 5018 2691 5089 sentiunt,quia
2711 5035 2805 5073 nec
2824 5018 2984 5089 digni
2994 5027 3119 5075 sunt
3153 5037 3241 5073 nec
3266 5026 3565 5085 merentur,

1917 5126 2009 5163 nec
2024 5109 2084 5162 de
2113 5108 2244 5162 aliis
2273 5108 2603 5163 considerent
2632 5108 2763 5178 quid
2788 5109 3024 5179 quotidie
3048 5108 3567 5179 singulisgratiadi-

1918 5200 2046 5253 vina
2062 5198 2333 5269 largitur?
2346 5197 2480 5253 Sunt
2495 5197 2624 5269 quid
2637 5198 2816 5251 emisti
2827 5198 2974 5253 omni
2983 5198 3219 5252 caecitate
3232 5196 3365 5267 dign
3373 5196 3468 5251 issi
3474 5198 3569 5264 mi,

1982 5365 1995 5394 ¹
2034 5361 2117 5410 Sic
2152 5362 2293 5410 Miss.
2347 5362 2411 5410 At
2463 5360 2667 5423 vulgati
2702 5360 2939 5423 plerique
2977 5375 2988 5407 :
3042 5358 3145 5409 Nos
3180 5373 3298 5423 ergo
3360 5360 3574 5409 dicimus

1922 5425 2210 5484 manifeste,
2246 5423 2381 5481 Quid
2417 5437 2617 5471 oremus
2644 5423 2669 5470 ?

1986 5491 2003 5519 ²
2029 5488 2123 5534 Ms.
2151 5486 2336 5541 Corb.,
2370 5487 2455 5547 qui
2492 5500 2601 5532 cum
2628 5485 2823 5538 sesciat.
2863 5484 3165 5548 eitc._Paulo
3200 5488 3321 5548 post
3350 5484 3496 5540 Lov.,
3529 5489 3573 5533 et

1924 5549 2187 5597 assiduum
2214 5546 2498 5609 adjutorem
2536 5549 2754 5597 invocat.
2789 5550 2855 5595 At
2886 5546 3017 5601 Bad.
3056 5547 3139 5596 Er.
3163 5546 3215 5597 ei
3244 5548 3367 5601 Mss.
3395 5551 3574 5598 carent

1928 5611 2097 5659 verbo
2123 5611 2348 5659 invocat.

1928 5626 1993 5661 ve
2002 5616 2097 5659 rbo
2123 5616 2348 5659 invocat.

1990 5674 2007 5702 ³
2042 5672 2342 5735 Adjecimus
2364 5687 2502 5729 nam,
2536 5686 2599 5721 ex
2629 5670 2811 5723 codice
2829 5671 2997 5723 Valic.
