4136 6172
714 192 822 252 783

700 320 896 390 quinec
910 320 1000 375 hoc
1026 319 1133 374 sibi
1155 319 1582 390 reliquerunt,ut
1601 332 1653 373 se
1669 316 1883 374 auxilio
1903 316 2124 373 credant
2144 332 2359 373 revoca-

699 411 761 463 ri
771 409 836 463 ab
848 407 1125 463 erroribus
1135 424 1283 477 posse
1295 408 1506 462 divino.
1524 408 1794 478 Negantes
1825 407 1967 462 enim
1996 406 2355 477 adjutorium,

698 514 804 552 non
820 497 967 558 aliis,
996 495 1083 549 sed
1105 496 1214 550 sibi
1239 496 1332 552 hoc
1353 497 1570 567 penitus
1592 496 1936 551 abstulerunt
1953 518 1971 566 ,-
1989 494 2361 567 quiavellendi

696 593 822 641 sunt
836 585 1127 655 longius,et
1148 587 1213 640 ab
1231 586 1487 642 Ecclesia
1512 585 2021 657 proculremovendi
2043 583 2356 644 visceribus,

698 690 763 727 ne
780 674 876 729 diu
899 674 1107 729 inultus
1136 674 1310 730 multa
1341 677 1358 712 ¹
1390 691 1676 746 occupans,
1712 673 2032 729 insanabilis
2054 679 2170 744 post
2201 688 2360 727 error

696 762 987 817 increscat.
1004 764 1068 819 Si
1080 765 1221 818 enim
1234 764 1333 819 diu
1351 764 1446 820 sub
1459 765 1555 819 hac
1566 764 1782 836 fuerint
1796 765 2118 834 impunitate
2133 762 2352 827 versati,

698 869 898 907 necesse
927 860 1001 907 est
1027 852 1218 908 multas
1238 854 1295 907 in
1323 853 1458 908 hanc
1485 870 1595 908 sum
1622 855 1950 924 pravitatem
1981 853 2175 906 mentis
2200 850 2358 905 indu-

699 948 824 996 cant
844 941 1221 1013 decipiantque
1253 944 1579 1008 innocentes,
1626 942 1708 997 vel
1732 941 1915 1012 potius
1965 939 2353 1012 imprudentes,

700 1032 797 1102 qui
811 1030 968 1101 ﬁdem
997 1030 1311 1086 catholicam
1328 1030 1931 1103 sequunturJ’utabunt
1952 1032 2097 1087 enim
2110 1046 2194 1086 eos
2214 1034 2359 1085 recte

698 1122 923 1188 sentire,
954 1137 1082 1191 quos
1109 1121 1297 1177 adhuc
1313 1120 1550 1176 viderint
1582 1122 1641 1175 in
1665 1121 1899 1176 Ecclesis
1919 1120 2244 1191 perdurare.

771 1213 825 1265 9.
860 1208 1156 1279 Separetur
1185 1226 1313 1281 ergo
1349 1228 1380 1264 a
1419 1227 1549 1265 sano
1595 1226 1821 1280 corpore
1866 1211 2061 1264 vulnus
2102 1210 2354 1263 insanum

697 1307 999 1369 remotoque
1021 1298 1195 1353 morbi
1218 1300 1489 1354 saevientis
1518 1300 1715 1371 afﬂatu
1732 1300 1945 1355 cautius
1972 1316 2089 1371 qua:
2106 1299 2354 1353 suntsin-

695 1404 820 1443 cera
851 1388 1227 1458 perdurent,et
1259 1406 1391 1459 grex
1419 1390 1619 1459 purior
1635 1389 1701 1443 ab
1726 1389 1823 1443 hac
1838 1389 1977 1443 mali
1994 1388 2201 1460 pecoris
2228 1405 2354 1443 con-

700 1478 910 1548 tagione
921 1485 1206 1548 purgetur.
1251 1479 1342 1533 Sit
1365 1478 1530 1533 totius
1565 1480 1808 1548 corporis
1837 1478 2056 1532 illibata
2072 1479 2347 1548 perfectio,

699 1584 857 1637 quam
888 1584 973 1621 vos
1001 1569 1149 1637 sequi
1169 1575 1215 1621 et
1240 1575 1421 1622 tenere
1433 1568 1529 1622 hac
1559 1568 1618 1621 in
1648 1568 1774 1622 illos
1798 1568 2249 1638 pronuntiatione
2272 1585 2354 1622 co-

700 1656 979 1724 gnovimus
1007 1663 1055 1708 et
1098 1672 1206 1709 una
1254 1655 1514 1710 vobiscum
1558 1657 1689 1727 pari
1728 1657 2024 1710 assensione
2053 1673 2347 1712 servamus.

703 1744 809 1809 Qui
825 1745 873 1798 si
904 1751 1090 1799 tamen
1128 1744 1351 1815 aliquod
1380 1745 1440 1798 in
1459 1761 1510 1799 se
1550 1744 1652 1798 Dei
1678 1745 2038 1814 adiutorium,
2070 1745 2206 1815 quod
2228 1746 2351 1800 huc-

700 1849 861 1904 usque
877 1841 1224 1903 negaverunt,
1250 1836 1623 1904 provocarint,
1644 1841 1691 1889 et
1712 1851 1840 1905 opus
1863 1834 1970 1888 sibi
1998 1835 2111 1905 ejus
2138 1834 2352 1890 auxilio

700 1928 811 1975 esse
830 1922 1188 1991 cognoverint,
1226 1929 1284 1977 ut
1311 1921 1408 1976 hac
1439 1921 1552 1976 labe
1582 1923 1640 1976 in
1668 1939 1825 1993 quam
1850 1924 1937 1979 sui
1960 1923 2138 1979 cordis
2169 1940 2354 1979 incur-

700 2010 910 2064 vatione
922 2010 1654 2077 corruerant,liberentur,et
1676 2014 1834 2082 quasi
1854 2013 1915 2066 in
1946 2013 2108 2067 lucem
2123 2012 2184 2067 de
2204 2014 2352 2081 feeda

699 2100 870 2153 tracti
883 2100 1140 2169 caligine,
1173 2101 1391 2154 remotis
1411 2100 1777 2172 abdicatisque
1799 2102 2061 2167 omnibus,
2077 2102 2266 2173 quibus
2278 2111 2352 2159 ta-

700 2196 877 2252 tus,ne
892 2206 1081 2244 verum
1097 2191 1419 2259 aspicerent,
1426 2190 1739 2262 faedabatur
1750 2199 1798 2246 et
1812 2192 2076 2264 caligabat
2090 2201 2349 2263 aspectus,

698 2278 952 2332 damnent
970 2279 1081 2333 haec
1109 2295 1228 2350 qua
1244 2280 1508 2350 hucusque
1523 2289 1823 2346 senserunt,
1842 2288 1890 2336 et
1921 2283 2216 2353 aliquando
2228 2284 2351 2338 ani-

698 2383 843 2422 mum
881 2370 1046 2423 rectis
1087 2368 1546 2439 disputationibus
1565 2371 1967 2437 commodantes,
2000 2371 2065 2425 ab
2110 2373 2212 2426 hac
2248 2372 2353 2426 ali-

697 2458 1023 2526 quantulum
1064 2456 1180 2512 labe
1220 2458 1467 2523 correcti,
1520 2461 1660 2513 veris
1697 2477 1754 2514 se
1796 2460 2061 2515 sanandos
2109 2461 2353 2515 consiliis

697 2545 951 2600 tribuant
980 2553 1145 2616 atque
1167 2546 1668 2613 submittant.Quod
1698 2549 1749 2602 si
1763 2550 2021 2619 fecerint,
2042 2550 2148 2604 erit
2181 2549 2240 2602 in
2260 2565 2352 2620 pa-

698 2638 886 2688 testate
916 2636 1246 2705 pontiﬁcum,
1266 2636 1387 2690 istis
1413 2637 1762 2709 aliquatenus
1777 2638 2352 2701 subvenire,ettalibus

697 2722 937 2793 aliquam
961 2741 1151 2778 curam
1182 2730 1452 2796 praestare
1477 2726 1810 2793 vulneribus,
1826 2745 1991 2799 quam
2012 2728 2139 2783 solet
2163 2728 2349 2801 lapsis,

696 2828 816 2865 cum
839 2812 1191 2883 resipuerint,
1228 2815 1468 2870 Ecclesia
1498 2834 1604 2872 non
1624 2818 1811 2888 negari
1843 2834 1859 2872 :
1903 2825 1965 2872 ut
1994 2835 2029 2872 a
2060 2818 2176 2873 suis
2204 2836 2351 2874 revo-

696 2902 810 2955 cati
827 2903 1345 2973 praecipitiisa'ntru
1367 2906 1503 2960 ovile
1518 2906 1741 2961 Domini
1761 2907 2111 2979 redigantur;
2129 2925 2195 2963 ne
2213 2909 2352 2977 foris

696 2992 880 3060 positi,
912 3000 961 3046 et
992 3000 1142 3048 tanta
1169 2994 1435 3064 praesidio
1462 3012 1495 3049 a
1525 2995 1626 3065 ﬁde
1642 2996 2352 3069 munitioniseaclusi,peri-

695 3080 833 3134 culis
858 3082 1099 3137 omnibus
1124 3088 1490 3152 ere-ponantur,
1507 3084 1799 3140 devorandi
1830 3086 2080 3157 luporum
2103 3086 2350 3142 dentibus

692 3176 849 3239 atque
872 3172 1118 3238 vexandi,
1146 3172 1339 3242 quibus
1358 3172 1615 3228 obsistere
1629 3173 1744 3236 hac.
1777 3192 1881 3245 qua
1899 3175 2019 3230 illos
2050 3177 2109 3230 in
2129 3193 2181 3230 se
2205 3177 2347 3231 irri-

696 3264 943 3314 taverant
973 3261 1233 3314 doctrinae
1259 3265 1639 3331 perversitate,
1679 3280 1785 3317 non
1818 3266 2043 3335 possint.
2074 3265 2174 3321 Sed
2213 3268 2348 3322 satis

693 3348 889 3401 vestris
909 3349 1145 3413 monitis,
1177 3349 1255 3403 sic
1274 3350 1673 3405 abundantibus
1690 3359 1890 3408 nostrae
1918 3353 2343 3426 legiseaemplis,

691 3435 956 3506 probatur
984 3453 1089 3491 esse
1137 3455 1445 3509 responsum
1473 3461 1492 3509 ,-
1518 3457 1610 3495 nec
1633 3440 1919 3512 quidquam
1951 3460 2221 3514 superesse
2250 3445 2347 3499 du-

692 3526 874 3578 ximus
907 3526 1044 3595 quod
1072 3526 1335 3596 dicamus,
1368 3544 1485 3583 cum
1518 3530 1660 3583 nihil
1688 3532 2111 3600 praetermissum
2141 3550 2174 3587 a
2203 3534 2347 3589 vobis

695 3613 841 3667 nihil
855 3622 1052 3669 constet
1079 3632 1190 3670 asse
1210 3633 1681 3689 suppressum,quo
1711 3620 1803 3674 illi
1818 3622 2048 3689 refutati
2076 3629 2126 3677 et
2133 3625 2350 3692 penitus

692 3707 1057 3769 agnoscantur
1100 3719 1207 3759 esse
1234 3705 1484 3758 convicti.
1547 3705 1765 3777 Ideoque
1792 3725 1822 3762 a
1859 3707 2007 3763 nobis
2043 3712 2349 3766 testimonia

693 3790 848 3844 nulla
877 3799 1169 3862 ponuntur,
1193 3795 1322 3864 quia
1361 3802 1412 3850 et
1443 3795 1525 3849 his
1571 3797 1739 3866 plena
1786 3797 1984 3853 relatio
2017 3807 2113 3867 est,
2144 3808 2195 3855 et
2215 3803 2350 3856 satis

690 3888 893 3935 constat
922 3888 995 3936 tot
1016 3882 1342 3937 doctissimos
1362 3884 1659 3939 sacerdotes
1688 3892 1878 3941 cuncta
1899 3886 2119 3954 dixisse,
2143 3907 2240 3945 nec
2262 3891 2349 3946 de-

687 3977 765 4023 cet
797 3971 1011 4026 credere
1030 3988 1119 4026 vos
1140 3972 1374 4043 aliquid,
1404 3974 1542 4044 quod
1562 3974 1632 4027 ad
1656 3991 1871 4030 causam
1894 3980 2065 4047 possit
2092 3981 2347 4051 pro/icere

690 4060 1038 4127 praeteriisse.
1077 4063 1139 4114 Et
1167 4060 1281 4115 alia
1304 4077 1485 4115 manu
1513 4078 1525 4116 :
1564 4062 1704 4118 Bene
1734 4064 1925 4128 valete,
1948 4067 2245 4137 fratres.Et
2269 4070 2345 4126 ad

690 4146 846 4200 latus
878 4164 892 4200 :
940 4147 1079 4202 Data
1108 4165 1161 4203 v1
1189 4148 1291 4202 cal.
1326 4150 1347 4183 ²
1371 4149 1516 4216 febr.
1552 4160 1664 4221 post
1691 4154 2025 4210 consulatum
2069 4156 2349 4215 Theodosii

694 4234 931 4304 Augusti
957 4251 1057 4307 vn,
1092 4242 1141 4290 et
1161 4235 1321 4291 Junii
1363 4237 1562 4302 Quarti
1592 4256 1646 4295 ν.
1683 4256 1739 4297 c.

1125 4351 1453 4409 EPISTOLA
1487 4354 1752 4412 CLXXXII
1785 4357 1915 4430 '(a).

696 4464 1050 4523 Innocentius
1088 4468 1363 4524 Romanus
1389 4471 1653 4542 pontifex,
1685 4474 1947 4530 Pati-ibus
1983 4478 2205 4534 concilii
2241 4480 2348 4537 Mi-

765 4556 1009 4627 levitani,
1033 4558 1373 4629 camprobsns
1397 4559 1623 4616 illorum
1649 4570 1768 4619 acta
1810 4564 2064 4623 adversus
2091 4569 2348 4641 Pelagia-

765 4660 883 4701 M8.

691 4751 1065 4818 INNOCENTIUS,
1097 4753 1335 4810 Summo
1354 4756 1504 4823 seni,
1538 4757 1871 4815 VALENTINO.
1910 4766 1965 4817 et
1995 4764 2221 4820 caeteris
2238 4767 2344 4838 qui

762 4839 821 4894 in
856 4840 1186 4898 Milevitana
1244 4845 1473 4914 synodo
1513 4846 1905 4906 interfuerunt
1949 4851 2344 4911 dilectissimis

763 4929 1062 4994 fratribus,
1096 4931 1154 4985 iu
1190 4934 1441 4989 Domino
1473 4934 1754 4993 salutem.

754 5116 764 5144 ι
797 5112 882 5163 Sic
915 5114 1011 5162 Ms.
1040 5114 1193 5164 Corb.
1231 5116 1296 5164 At
1325 5116 1474 5173 Edd.,
1504 5131 1568 5166 ne
1591 5119 1785 5170 diutius
1814 5124 1995 5173 multa.

751 5178 769 5209 ²
801 5177 886 5226 Sic
913 5177 1038 5230 Mss.
1081 5193 1092 5234 ;
1121 5181 1175 5226 at
1206 5178 1356 5243 Edd.,
1385 5180 1562 5243 quinto
1598 5177 1848 5241 calendas,
1880 5188 2092 5237 omissis
2110 5192 2363 5241 consuliv

685 5237 804 5293 bus,
838 5253 973 5303 quos
1003 5237 1472 5313 annotavimus'ex
1499 5244 1622 5292 Mss.
1650 5237 2013 5313 Yalic:'Corb.
2044 5256 2096 5300 et
2120 5237 2333 5313 ‘Géi‘xﬁf,

686 5315 1018 5367 quamquam
1046 5303 1099 5351 in
1130 5303 1289 5367 φοι-ιι.
1318 5305 1454 5354 alter
1482 5308 1767 5357 consulum
1793 5309 1965 5360 Lunus
2017 5327 2110 5363 seu
2139 5303 2336 5367 Lunius

686 5364 1004 5425 appellatur.
1033 5367 1096 5414 lu
1128 5366 1294 5430 Vatic.
1329 5373 1529 5426 autem,
1560 5368 1759 5428 Lucius,
1800 5375 1878 5422 uti
1909 5379 1960 5423 et
1995 5376 2048 5424 in
2076 5364 2336 5430 Germiiu

687 5438 795 5505 quo
826 5440 887 5505 ex
916 5440 1079 5505 pra/fa
1130 5428 1564 5505 iplc'rpr‘etatiouc
1594 5436 1843 5483 notarum
1889 5452 1941 5487 ν.
1985 5452 2035 5492 c.
2078 5428 2334 5505 scriptun;

688 5491 786 5542 est,
815 5487 970 5536 Lucio
1001 5490 1193 5548 Quarto
1237 5487 1287 5538 γ’
1304 5492 1633 5543 Consulibus.

748 5549 777 5617 τ
806 5549 1088 5617 Beccnsita
1118 5552 1185 5601 ad
1213 5552 1283 5601 bl.
1322 5555 1373 5602 if.
1411 5557 1486 5605 th.
1519 5557 1656 5607 duos
1688 5573 1736 5607 ν.
1762 5561 1878 5609 Am.
1913 5561 2037 5612 Bad.
2081 5565 2163 5614 Er.
2202 5566 2331 5617 Lov.

749 5610 819 5692 ta.)
851 5610 990 5692 Alias
1003 5615 1274 5692 fatuum
1292 5621 1472 5692 autem
1500 5621 1590 5692 482_
1612 5625 1748 5692 erat,
1780 5637 1924 5674 nunc
1953 5610 2334 5692 idAﬁﬁénﬁic’é

685 5675 765 5722 est
790 5673 839 5724 1.
886 5672 942 5721 lu
969 5672 1417 5738 scripta-ineunte
1447 5694 1534 5731 an.
1571 5683 1679 5735 H7.

2000 189 2060 249 S.
2101 182 2488 247 AUGUSTINI
2526 184 2852 245 EPISCOPI
3942 194 4028 252 18t

2541 318 2588 368 t.
2622 314 2778 370 Inter
2805 320 3025 370 caeteras
3048 313 3301 369 Romanas
3327 310 3581 370 Ecclesiae
3616 328 3779 382 curas,
3805 323 3848 373 et
3871 330 4031 390 aposto-
4134 316 4136 321 ’

2469 401 2587 458 licee
2619 402 2779 458 Sedis
2814 403 3199 474 occupationes,
3226 400 3415 473 quibus
3459 400 3777 459 diversorum
3803 407 4031 467 ‘consulta

2467 492 2617 564 ﬁdeli
2645 508 2707 547 ac
2727 492 2934 547 modica
2952 493 3306 561 diceptatione
3338 497 3643 555 tractamus.
3674 492 3882 562 frateret
3906 502 4034 570 coepi-

2465 599 2647 653 scopus
2684 588 2869 637 noster
2890 582 3073 637 Julius
3100 580 3419 637 Dilectionis
3447 587 3630 637 vestrae
3659 581 3975 656 litteras,qu
3987 606 4035 642 ea

2470 671 2789 726 Milevitana
2834 671 3061 726 concilio
3090 673 3111 705 ²
3152 686 3288 726 cura
3325 669 3455 741 ﬁdei
3496 671 3821 741 propensiore
3846 674 4036 741 misistis,

2466 760 2609 815 mihi
2637 760 2988 831 inopinentur
3009 760 3249 831 ingessit.
3281 759 3871 829 Carthaginensisetiam
3894 765 4038 833 synodi

2465 848 2694 921 querelae
2719 848 2928 920 parilis
2956 849 3159 919 scripta
3186 847 3534 919 subjungens.
3564 846 3829 905 Nimirum
3852 852 4037 906 exsultat

2465 938 2710 993 Ecclesia
2721 945 2927 993 tantam
2952 937 3369 993 sollicitudinem
3391 939 3681 993 commissis
3698 940 4039 1009 gregibuseahi—

2467 1027 2584 1083 bere
2621 1034 2875 1099 pastores,
2907 1035 2965 1083 ut
2990 1043 3097 1082 non
3120 1029 3293 1087 solum
3324 1028 3589 1084 neminem
3617 1044 3680 1082 ea
3708 1027 3783 1083 his
3812 1032 4041 1099 patiantur

2463 1134 2675 1184 errare,
2721 1117 2811 1172 sed
2839 1119 2887 1172 si
2932 1133 3062 1188 quas
3086 1118 3261 1188 magis
3296 1118 3474 1172 ovium
3504 1133 3681 1173 scaeva:
3732 1117 4041 1174 delectationis

2463 1207 2629 1261 herba
2660 1206 2899 1271 sedauit,
2928 1223 2989 1261 ac
3012 1206 3065 1261 si
3092 1206 3151 1260 in
3180 1222 3367 1261 errore
3378 1206 3785 1276 permanserint,
3809 1214 4042 1279 autsegre-

2460 1298 2591 1369 gari
2611 1296 2830 1367 penitus
2854 1295 3021 1351 velint
3047 1302 3143 1350 aut
3168 1295 3442 1350 illicenter
3469 1294 3669 1350 dudum
3683 1296 3837 1366 petita
3864 1295 4041 1349 vitantes

2460 1386 2713 1442 custodiae
2746 1386 3005 1456 pristinae
3036 1385 3503 1455 circumspectione
3548 1386 3736 1450 tutari,
3764 1386 3815 1438 in
3863 1390 4040 1455 utraque
4134 1385 4136 1447 ἶ

2459 1481 2619 1548 parte
2642 1475 2885 1530 videlicet
2902 1475 3323 1541 cansulentes,ne
3340 1473 3419 1527 vel
3436 1473 3764 1544 suscipiendo
3782 1472 3897 1527 tales
3914 1473 4042 1527 simili

2458 1574 2668 1621 caeterw
2698 1565 3029 1619 seducantur
3055 1563 3298 1634 exemplo
3332 1581 3349 1626 ;
3372 1562 3454 1618 vel
3482 1562 3771 1634 spernendo
3797 1562 4039 1624 redeuntes,
4134 1582 4136 1597 ι

2462 1656 2715 1726 luporum
2730 1654 2996 1709 morsibus
3008 1653 3297 1708 videantur
3310 1652 3365 1706 in
3371 1652 3797 1724 gestm.Prudens
3813 1651 4039 1706 admodum

2460 1751 2507 1799 et
2548 1744 2823 1799 catholica
2849 1743 2979 1815 ﬁdei
3026 1743 3182 1814 plena
3210 1741 3537 1797 consultatio
3562 1742 3604 1794 ³.
3654 1741 3779 1807 Quis
3815 1742 3937 1796 enim
3973 1748 4040 1794 aut

2462 1833 2694 1888 tolerare
2718 1834 2887 1905 possit
2915 1840 3209 1896 errantem,
3232 1838 3328 1886 aut
3356 1848 3461 1887 non
3490 1832 3723 1903 recipere
3750 1847 3802 1886 se
3825 1830 4042 1901 corriges-

2462 1931 2565 1980 tem
2604 1924 2631 1978 ?
2662 1924 2806 1980 Nam
2845 1930 2904 1977 ut
2939 1922 3136 1977 durum
3156 1921 3405 1977 arbitror
3433 1923 3827 1976 conniventiam
3856 1920 4042 1989 prabm

2456 2014 2896 2088 peccantibus,ita
2916 2013 3144 2083 impium
3159 2011 3347 2083 judico
3360 2028 3594 2066 manum
3615 2028 3799 2083 negare
3815 2008 4041 2065 conversis.

2532 2106 2584 2160 2.
2620 2104 2923 2175 Diligenter
2947 2120 3070 2174 ergo
3098 2110 3146 2157 et
3173 2097 4042 2173 congrueapostoliciconsulitisho-

2462 2195 2828 2249 norisarcana
2851 2193 3093 2263 (honoris
3120 2192 3159 2255 ‘,
3187 2190 3595 2262 inquam,illius
3615 2194 3957 2261 quem,pr.'eter
3974 2185 4042 2240 illa

2459 2302 2581 2356 quae
2603 2290 2726 2339 sunt
2747 2283 3099 2347 extrinsecus,
3122 2280 3438 2336 sollicitudo
3458 2287 3641 2335 manet
3665 2278 3885 2334 omnium
3907 2275 4039 2331 Eccle-

2459 2376 2671 2430 siarum
2700 2370 2770 2446 [ll
2802 2374 2928 2428 Cor.
2962 2388 3039 2434 χι,
3067 2371 3178 2440 28])
3217 2371 3579 2440 superanxiis
3600 2372 3769 2432 rebus,
3793 2383 3895 2439 quae
3917 2366 3972 2419 sit
3995 2369 4044 2417 te-

2463 2464 2638 2519 nenda
2659 2461 2944 2526 sententia,
2965 2460 3206 2531 antiqua:
3224 2459 3427 2514 scilicet
3440 2459 3643 2529 regulae
3654 2459 3873 2529 formam
3884 2452 4042 2515 siccati,

2460 2569 2623 2624 quam
2654 2557 2761 2605 toto
2797 2566 3002 2620 semper
3026 2547 3092 2603 ab
3119 2547 3240 2602 orbe
3271 2564 3471 2603 mecum
3504 2547 3674 2603 nostis
3692 2563 3789 2601 esse
3811 2547 4043 2599 servatam.

2468 2641 2659 2697 Verum
2692 2640 2801 2695 hac
2820 2639 2986 2693 missa
3016 2637 3197 2708 facio,-
3225 2653 3388 2708 neque
3417 2637 3563 2692 enim
3594 2638 3683 2692 hac
3710 2630 4045 2691 vestramcredo

2461 2730 2629 2785 latere
2661 2729 3009 2802 prudentiam
3036 2745 3049 2779 :
3081 2728 3176 2799 qui
3201 2726 3259 2780 id
3284 2728 3423 2781 enim
3453 2727 3666 2782 actione
3692 2723 3943 2795 ﬁrmastis,
3962 2718 4045 2774 nisi

2459 2822 2682 2875 scientes
2709 2818 2846 2891 quod
2878 2836 2979 2890 per
3001 2834 3178 2872 omnes
3212 2817 3520 2889 provincias
3550 2816 3612 2871 de
3648 2814 3916 2887 apostolico
3932 2811 4045 2879 fonte

2455 2909 2760 2981 petentibus
2798 2924 3049 2980 responsa
3064 2924 3268 2979 semper
3280 2913 3524 2961 emanent
3546 2907 3573 2962 ‘l
3586 2905 3879 2976 prasertim
3890 2899 4045 2972 quoties

2458 2999 2585 3071 fidei
2598 3000 2746 3053 ratio
2769 2997 3086 3061 ventilatur,
3117 2996 3368 3051 arbitror
3379 2988 4045 3065 omnesfratresetcoepisco-

2457 3107 2553 3162 pos
2582 3096 2809 3157 nostros,
2844 3088 3065 3143 nonnisi
3093 3086 3163 3141 ad
3188 3087 3433 3152 Petrum,
3469 3086 3533 3140 id
3562 3090 3657 3154 est,
3688 3084 3776 3138 sui
3798 3080 3994 3136 nominis
4009 3082 4044 3129 et

2459 3179 2675 3235 honoris
2698 3186 2968 3233 auctorem
2996 3177 3204 3247 referre
3233 3176 3441 3241 debere,
3472 3175 3620 3231 velut
3643 3190 3779 3229 nunc
3802 3168 3965 3226 retulit
3990 3184 4043 3220 ce-

2455 3276 2575 3324 stra
2598 3268 2850 3332 Dilectio,
2873 3266 3010 3339 quod
3035 3283 3136 3336 per
3166 3272 3341 3321 totum
3384 3264 3646 3320 mundum
3672 3262 3832 3334 possit
3857 3256 4043 3314 omnibus

2459 3358 2664 3413 Ecclesi
2669 3358 2714 3412 is
2751 3358 2813 3411 in
2838 3372 3106 3411 commune
3121 3354 3391 3427 prodesse.
3418 3354 3597 3408 Fiant
3637 3351 3779 3407 enim
3799 3363 3970 3405 necesse
3991 3350 4041 3397 est

2456 3449 2743 3510 cautiores,
2765 3464 2881 3502 cum
2910 3448 3210 3501 inventores
3243 3443 3616 3510 malorum,ad
3635 3440 3859 3513 duplicis
3874 3435 4044 3492 relatio-

2456 3555 2573 3593 nem
2594 3537 2801 3609 synodi,
2828 3535 3105 3591 sententise
3138 3542 3334 3590 nostra
3348 3534 3576 3589 statutis
3606 3531 3836 3587 viderint
3862 3526 3918 3582 ab
3931 3521 4041 3580 eccle-

2454 3627 2675 3682 siastica
2700 3623 3065 3681 communione
3098 3623 3382 3694 sejunctas.

2527 3717 2579 3771 3.
2617 3715 2836 3771 Gemino
2866 3715 3042 3785 igitur
3054 3712 3182 3767 bono
3207 3712 3450 3768 charitas
3476 3718 3656 3766 vestra
3678 3700 4045 3783 fungetur.Nam

2453 3813 2503 3861 et
2520 3822 2782 3861 canonum
2797 3803 3085 3876 patiemini
3112 3801 3299 3872 gratia
3322 3808 3681 3867 servatorum,
3696 3806 3744 3854 et
3766 3794 3977 3865 beneficio
3987 3805 4049 3843 ve-

2453 3904 2567 3951 stro
2587 3901 2729 3950 totus
2748 3894 2894 3949 orbis
2909 3891 3252 3958 utetur.Quis
3272 3892 3409 3946 enim
3433 3890 3828 3945 catholicorum
3848 3885 4044 3939 virorum

2452 4002 2571 4040 cum
2587 3982 2915 4039 adversariis
2929 3981 3137 4037 Christi
3163 3980 3288 4035 velit
3304 3978 3539 4035 ulterius
3563 3965 4048 4034 misceresermonem?

2453 4075 2573 4145 quis
2591 4073 2780 4129 saltem
2801 4074 2970 4143 ipsam
2999 4071 3169 4125 lucem
3184 4070 3318 4125 vitae
3335 4068 3707 4123 communione
3729 4061 3923 4137 partiri
3945 4055 4044 4112 τΝο-
4134 4072 4136 4077 ·

2450 4180 2530 4218 vae
2552 4164 2807 4218 hereseos
2844 4161 3111 4215 nimirum
3138 4158 3430 4229 fugiantur
3470 4164 3739 4212 auctores.
3775 4150 3909 4220 Quid
3935 4145 4041 4202 enim
4134 4214 4136 4217 ι

2452 4253 2705 4309 acerbius
2735 4253 2795 4306 in
2835 4250 3006 4305 Deum
3021 4249 3544 4320 ﬁngerepotuerunt,
3579 4258 3853 4317 quamcum
3881 4236 4047 4307 adjuto-

2452 4342 2543 4396 ria
2554 4342 2742 4396 divina
2772 4345 3061 4403 cassarent,
3084 4352 3411 4406 causamque
3431 4335 3768 4407 quotidianae
3776 4322 4049 4404 precationis

2450 4430 2778 4502 auferrent?
2807 4429 2989 4483 Hocest
3019 4426 3219 4489 dicere,
3244 4424 3386 4490 Quid
3406 4423 3551 4478 mihi
3571 4439 3701 4495 Opus
3728 4427 3801 4477 est
3832 4420 3931 4473 Deo
3943 4410 4048 4467 7H0-

2451 4521 2561 4574 rito
2588 4520 2647 4574 in
2670 4518 2759 4573 hos
2783 4517 2927 4572 dicat
2960 4514 3346 4587 Hymnidicus:
3366 4533 3394 4565 α
3425 4513 3562 4568 Ecce
3594 4512 3841 4573 homines,
3871 4503 3955 4578 qui
3974 4514 4046 4556 non

2442 4615 2738 4682 posuerunt
2774 4607 2943 4663 Deum
2962 4605 3262 4677 adjutorem
3285 4603 3396 4658 sibi
3421 4624 3449 4656 ››
3481 4601 3657 4674 (Psal.
3678 4616 3748 4664 LI,
3777 4598 3848 4665 9).
3880 4594 4048 4663 Negas-

2449 4707 2523 4756 tes
2551 4715 2676 4769 ergo
2703 4697 2978 4752 auxilium
3032 4695 3147 4759 Dei,
3198 4693 3456 4764 inquiunt
3511 4691 3780 4746 hominem
3808 4684 3904 4741 sibi
3944 4692 4049 4754 p038!

2446 4788 2710 4859 sufficere,
2744 4803 2835 4841 nec
2857 4785 3043 4857 gratia
3062 4784 3201 4838 hunc
3220 4798 3368 4854 egere
3380 4780 3591 4846 divina,
3609 4796 3720 4852 qua
3734 4777 3966 4850 privatus
3982 4784 4048 4823 ne-

2446 4893 2581 4933 cesse
2600 4883 2681 4932 est
2708 4874 2913 4930 diaboli
2933 4873 3135 4945 laqueis
3164 4872 3417 4926 irretitus
3439 4867 3863 4933 occumbat,dum
3887 4860 3947 4918 ad
3971 4873 4049 4913 0m-

2447 4967 2543 5022 nia
2570 4968 2697 5021 vitae
2706 4962 3032 5036 perﬁcienda
3043 4959 3321 5025 mandata,
3335 4959 3449 5015 sola
3466 4955 3831 5014 tantummodo
3843 4951 4047 5036 libertate

2445 5032 2745 5112 contendat.
2765 5032 2811 5108 0
2813 5050 3266 5124 pravissimarum
3279 5048 3533 5103 mentium
3542 5061 3800 5119 perversa
3810 5037 4025 5097 doctrina
4037 5032 4049 5083 .’

2507 5200 2520 5231 ¹
2556 5197 2658 5250 Ms.
2706 5195 2893 5252 Vatia,
2927 5194 3313 5244 universorum.
3886 5249 3892 5252 Α
3960 5240 3968 5249 ,

2504 5263 2524 5293 ³
2551 5243 2720 5308 vatio.
2753 5243 2892 5307 Mss:
2912 5256 3057 5307 duo:
3093 5254 3176 5304 Ea:
3236 5243 3539 5302 Milevitana
3575 5254 3759 5300 nostra
3789 5243 4047 5297 auctoritate

2442 5322 2674 5433 θοῗῗίιέέί
2706 5382 2875 5431 Vatic.
2911 5385 2961 5430 et
2997 5379 3191 5433 conci].
3230 5377 3382 5435 Edd.,
3402 5375 3558 5439 plena
3590 5366 3957 5439 consultationis
3982 5375 4044 5439 re;

2443 5422 3816 5502 iuniii."haid"."iinv.'Eif'éi'LoIrL—p'taascissione.
3850 5422 4041 5481 Nonuuli

2442 5509 2594 5563 Cdd..
2633 5506 2964 5559 consultatio.

2502 5549 3012 5621 1"s'ic'é£§héiif'sa'd.
3044 5571 3109 5616 At
3134 5580 3276 5615 unus
3305 5564 3517 5615 eVatic.
3558 5562 3687 5613 Mss.
3726 5558 3909 5621 habet:
3941 5549 4041 5615 Οις-

2440 5635 2519 5683 ris
2553 5618 2991 5707 credimur-ieris,
3046 5631 3299 5707 inqua_m,l
3325 5631 3423 5677 ebc.
3472 5623 3843 5707 Alter-‘Ytstiﬁg
3866 5618 4041 5666 Ιιοπθνυ

2440 5698 2662 5747 areanis.
2689 5688 2771 5746 Er.
2806 5698 2859 5744 et
2890 5694 3040 5751 Lov.,
3078 5688 3359 5756 apostolico
3388 5688 3855 5740 eonsulitislionoﬁ.
