4098 6166
162 168 271 225 785

160 292 433 348 Advertat
456 290 515 346 id
537 289 747 345 tandem
768 288 905 361 quod
922 289 1169 361 primum
1186 290 1450 347 hominem
1477 291 1557 346 ita
1588 289 1813 346 libertas

159 381 522 452 ipsadecepit,
556 387 638 451 ut,
653 378 779 435 dum
794 378 1165 450 indulgentius
1195 380 1378 450 frenis
1399 381 1512 451 ejus
1538 379 1815 444 utitur,in

154 469 667 541 praevaricationem
694 467 1113 539 praesumptione
1137 468 1429 523 conciderit
1459 486 1477 535 ;
1507 486 1599 524 nec
1624 486 1689 523 ea:
1718 468 1814 522 hac

148 558 333 630 potuit
354 560 495 624 erui,
530 558 643 612 nisi
651 557 996 628 providentia
1012 558 1451 628 regenerationis,
1476 565 1681 613 statum
1695 557 1812 629 pri-

152 648 319 703 stina
363 647 634 702 libertatis
658 647 873 703 Christi
899 646 1126 702 Domini
1154 647 1500 718 reformasset
1528 647 1809 702 adventus.

152 736 373 793 Audiat
404 737 585 791 David
608 736 887 803 dicentem,
916 755 944 787 «
977 736 1336 807 Adjutorium
1356 743 1596 792 nostrum
1630 737 1689 791 in
1715 753 1809 791 no-

150 827 303 881 mine
332 826 558 881 Domini
586 847 614 875 »
646 825 817 897 (Psal.
849 840 1043 891 cxx1n,
1080 827 1132 897 8)
1160 839 1183 896 ,'
1214 831 1282 890 et,
1326 844 1355 875 «
1388 825 1636 896 Adjutor
1665 841 1809 880 meus

151 924 284 981 esto,
314 932 377 970 ne
405 914 756 987 derelinquas
785 931 884 980 me,
910 931 1075 986 neque
1100 914 1362 986 despicias
1381 931 1480 979 me,
1504 914 1644 969 Deus
1665 914 1809 969 salu-

150 1005 303 1060 taris
326 1021 472 1060 meus
496 1024 523 1053 »
548 1003 722 1073 (Psal.
751 1020 907 1071 xxvn,
927 1004 981 1072 9)
1007 1021 1023 1058 :
1051 1020 1168 1075 quae
1199 1004 1469 1059 incassum
1493 1004 1720 1068 dixerit,
1758 1004 1811 1057 si

152 1100 374 1150 tantum
410 1094 466 1148 in
506 1094 618 1165 ejus
642 1101 759 1148 erat
789 1094 1020 1163 positum
1052 1092 1324 1149 voluntate
1353 1094 1491 1165 quod
1512 1111 1545 1148 a
1575 1093 1807 1149 Domino

150 1182 325 1253 ﬂebili
354 1199 596 1238 sermone
614 1181 875 1252 poscebat.

220 1275 277 1327 4.
323 1271 451 1336 Qum
480 1288 603 1327 cum
618 1272 697 1327 ita
720 1272 1087 1343 sint,cumque
1100 1272 1158 1326 in
1174 1271 1638 1327 omnibusdivinis
1654 1274 1805 1343 pagi-

148 1362 238 1415 nis
250 1361 526 1417 voluntati
538 1360 726 1417 liberas
740 1361 961 1415 nonnisi
969 1361 1308 1429 adiutorium
1339 1362 1441 1417 Dei
1453 1361 1684 1431 legamus
1700 1378 1805 1416 esse

148 1450 486 1515 nectendum,
502 1466 714 1521 eamque
726 1450 847 1504 nihi
853 1450 870 1503 l
876 1466 1024 1521 posse
1036 1450 1330 1505 caelestibus
1338 1451 1622 1521 praesidiis
1637 1450 1746 1505 dest
1754 1450 1805 1505 i-

152 1546 330 1595 tutam
358 1556 622 1611 ;quonam
644 1539 792 1593 modo
823 1539 948 1593 huic
972 1539 1079 1594 soli
1089 1539 1503 1611 possibilitatem
1526 1540 1663 1594 hanc
1680 1556 1803 1610 per-

148 1629 440 1692 tinaciter,
466 1636 525 1684 ut
549 1629 815 1693 asseritis,
868 1628 1223 1698 defendentes,
1251 1628 1484 1694 sibimet,
1518 1630 1644 1696 imo,
1666 1629 1805 1700 quod

146 1725 220 1773 est
250 1717 478 1789 dignius
496 1717 674 1773 dolore
699 1718 985 1787 communi,
997 1718 1116 1788 jam
1141 1716 1400 1787 plurimis
1431 1718 1680 1789 Pelagius
1710 1718 1779 1775 Ge

144 1806 433 1879 lestiusque
442 1806 765 1878 persuadent
782 1807 879 1879 ?M
880 1806 1109 1877 ulti/ari
1114 1807 1159 1861 is
1181 1807 1416 1877 equidem
1442 1806 1512 1861 ad
1525 1807 1802 1862 destruen-

142 1896 276 1951 dum
305 1896 409 1951 tale
432 1897 802 1967 magisterium
824 1895 909 1951 uti
924 1912 1189 1967 possemus
1209 1895 1481 1966 exemplis,
1502 1897 1616 1950 nisi
1635 1897 1802 1951 scire-

142 2003 263 2041 mus
286 1986 637 2041 Sanctitatem
666 1992 895 2039 vestram
923 1984 994 2039 ad
1035 1985 1255 2055 plenum
1283 1984 1595 2055 Scripturas
1622 2001 1800 2042 omnes

141 2074 349 2130 callere
374 2074 592 2129 divinas
614 2090 633 2140 ;
659 2074 966 2144 praesertim
985 2090 1099 2129 cum
1131 2081 1310 2128 vestra
1329 2072 1526 2128 relatio
1549 2074 1717 2128 tantis
1738 2090 1801 2129 ac

143 2163 351 2219 talibus
372 2163 690 2219 testimoniis
712 2164 786 2217 sit
802 2162 1027 2233 referta,
1050 2170 1109 2217 ut
1127 2162 1213 2217 his
1224 2163 1352 2217 solis
1370 2164 1548 2217 valeat
1559 2179 1799 2232 praesens

136 2254 333 2325 dogma
360 2252 595 2307 rescindi
618 2270 637 2317 ;
668 2267 899 2323 Opusque
914 2269 1017 2306 non
1042 2268 1146 2306 esse
1172 2252 1484 2315 reconditis,
1511 2269 1630 2307 cum
1655 2260 1703 2307 et
1729 2253 1798 2307 iis

138 2360 261 2414 quae
289 2342 454 2413 facile
484 2341 625 2397 vobis
654 2341 1004 2397 occurrentia
1025 2342 1305 2412 posuistis,
1336 2358 1432 2396 nec
1451 2342 1687 2397 audeant
1710 2341 1799 2396 ob-

141 2432 316 2496 viare,
338 2448 431 2486 nec
441 2433 647 2502 possint
657 2472 669 2484 .
702 2432 851 2501 Ergo
872 2430 974 2485 Dei
1002 2431 1238 2501 gratiam
1256 2436 1523 2485 conantur
1552 2433 1795 2502 auferre,

142 2538 302 2593 quam
335 2536 532 2574 necesse
561 2525 656 2585 est,
697 2520 858 2574 etiam
890 2520 1149 2574 restituta
1188 2518 1336 2574 nobis
1364 2526 1537 2573 status
1562 2519 1798 2589 pristini

145 2609 422 2674 libertate,
452 2624 757 2679 quaeramus
786 2625 805 2656 ο·
832 2608 1024 2679 quippe
1052 2607 1144 2678 qui
1174 2624 1265 2662 nec
1294 2607 1435 2661 alias
1458 2607 1666 2661 diaboli
1686 2624 1797 2662 ma-

143 2699 356 2763 chinas,
390 2698 498 2752 nisi
538 2697 716 2752 eadem
745 2714 1020 2767 possumus
1040 2698 1269 2767 juvante
1300 2697 1496 2751 vitare.

213 2789 267 2843 5.
301 2787 452 2842 Illud
472 2802 595 2842 vero
624 2786 761 2858 quod
772 2803 853 2841 eos
880 2794 1058 2841 vestra
1079 2785 1412 2859 fraternitas
1437 2787 1633 2841 asserit
1651 2803 1794 2857 prm-

144 2877 357 2942 dicare,
382 2876 637 2947 parvulos
665 2882 885 2931 eterna:
898 2878 1024 2931 vita:
1035 2875 1283 2945 praemiis
1304 2876 1461 2930 etiam
1474 2876 1587 2930 sine
1601 2877 1777 2946 Βαριί
1787 2906 1797 2913 -

147 2967 339 3022 smatis
367 2966 552 3037 gratia
581 2982 723 3037 posse
753 2965 972 3030 donari,
998 2967 1322 3037 pet-fatuum
1360 2974 1460 3022 est.
1500 2964 1627 3020 Nisi
1654 2966 1795 3020 enim

145 3056 593 3111 manducaverint
609 3071 824 3109 carnem
839 3055 987 3110 Filii
997 3055 1248 3117 hominis,
1266 3061 1315 3109 et
1333 3054 1566 3109 biberint
1580 3056 1799 3125 sangui-

147 3163 265 3201 nem
286 3146 422 3215 ejus,
461 3161 565 3199 non
586 3144 850 3199 habebunt
878 3146 1046 3198 vitam
1096 3143 1155 3197 in
1184 3143 1478 3214 semetipsis
1509 3143 1687 3215 (Joan.
1717 3160 1796 3213 γι,

150 3236 259 3307 54).
298 3234 409 3300 Qui
428 3238 606 3289 autem
637 3233 773 3287 hanc
795 3234 871 3287 eis
907 3234 1022 3287 sine
1047 3233 1451 3303 regeneratione
1481 3232 1795 3304 defendunt,

147 3324 406 3379 videntur
424 3322 561 3378 mihi
584 3322 759 3393 ipsum
772 3323 852 3377 Ba
855 3322 1116 3393 ptismum
1130 3322 1258 3376 velle
1279 3338 1509 3388 cassare,
1528 3338 1649 3376 cum
1662 3338 1800 3392 prae-

147 3414 335 3468 dicant
365 3413 455 3467 hos
479 3412 668 3467 habere
696 3410 833 3483 quod
882 3412 940 3465 in
971 3428 1054 3466 eos
1091 3412 1338 3466 creditur
1367 3411 1592 3466 nonnisi
1612 3411 1800 3482 Bapti-

148 3508 319 3557 smate
335 3501 737 3571 conferendum.
770 3501 840 3555 Si
858 3517 982 3571 ergo
1005 3500 1149 3557 nihil
1173 3500 1584 3572 voluntofﬁcere
1595 3516 1701 3554 non
1718 3516 1799 3553 re-

152 3591 322 3655 nasci,
349 3591 632 3662 fateantur
683 3605 883 3644 necesse
933 3597 1009 3644 est
1056 3606 1151 3643 nec
1180 3590 1607 3660 regenerationis
1648 3604 1806 3643 sacra

152 3682 356 3751 fluenta
385 3679 644 3750 prodesse.
677 3678 875 3735 Verum
895 3679 1359 3749 utsuperﬂuorum
1380 3678 1652 3732 hominum
1677 3694 1803 3748 pra-

151 3786 215 3823 va
242 3768 495 3824 doctrina
518 3767 681 3822 celeri
692 3768 944 3822 veritatis
968 3768 1138 3839 possit
1156 3769 1370 3822 ratione
1398 3767 1645 3822 discindi
1654 3784 1802 3838 .pro-

150 3858 347 3913 clamat
380 3858 471 3912 hoc
498 3857 759 3912 Dominus
783 3856 842 3910 in
867 3856 1180 3928 Evangelia,
1212 3857 1424 3911 dicens:
1456 3876 1484 3907 ‹‹
1510 3857 1696 3911 Sinite
1715 3856 1806 3909 in-

151 3946 328 4017 fontes
356 3946 541 4001 venire
592 3946 662 4000 ad
690 3963 786 4011 me,
838 3953 886 4000 et
934 3946 1099 4001 nolite
1125 3962 1208 4000 eos
1238 3945 1521 4016 prohibere
1549 3962 1573 4007 ;
1612 3944 1801 3999 talium

153 4042 228 4091 est
257 4037 403 4091 enim
433 4052 656 4107 regnum
678 4035 926 4090 caelorum
953 4055 979 4086 »
1016 4034 1168 4101 (Luc.
1200 4051 1351 4100 xvm,
1391 4036 1496 4105 16).

225 4129 281 4181 ϐ.
315 4126 494 4194 Quare
544 4124 821 4195 Pelagium
856 4124 1263 4194 Celestiumque,
1306 4123 1363 4178 id
1394 4130 1468 4179 est
1500 4123 1803 4177 inventores

154 4231 332 4270 vocum
365 4230 650 4278 novarum,
680 4231 815 4284 quae,
850 4213 1143 4268 sicutdixit
1159 4214 1461 4283 Apostolus,
1489 4212 1805 4282 aediﬁcatio-

155 4305 241 4358 nis
270 4302 435 4367 nihil,
484 4304 573 4357 sed
602 4304 773 4373 magis
815 4303 1132 4357 vanissimas
1187 4308 1569 4357 consueverunt
1604 4318 1805 4372 parere

155 4393 493 4463 quaestiones,
508 4391 865 4447 ecclesiastica
880 4391 1243 4446 communione
1260 4391 1504 4462 privari,
1518 4390 1805 4461 apostolici

155 4481 359 4553 vigoris
377 4482 702 4535 auctoritate
712 4496 995 4546 censemus,
1010 4480 1177 4536 donec
1200 4480 1516 4551 resipiscant
1528 4479 1593 4535 de
1603 4479 1808 4533 diaboli

158 4570 382 4641 laqueis,
406 4587 439 4623 a
460 4586 561 4641 quo
573 4568 778 4639 captivi
800 4575 1050 4623 tenentur
1067 4568 1351 4623 secundum
1370 4570 1542 4639 ipsius
1563 4568 1806 4622 volunta-

156 4665 259 4713 tem
284 4659 356 4729 (ΙΙ
394 4659 532 4714 Tim.
561 4675 617 4723 ιι,
645 4659 733 4723 23,
766 4656 858 4729 ‘26)
883 4676 899 4727 ;
923 4674 1103 4728 eosque
1123 4658 1344 4711 interim
1370 4657 1634 4711 dominico
1671 4656 1807 4714 ovili

159 4765 264 4803 non
292 4747 636 4819 recipi,quod
663 4747 787 4817 ipsi,
811 4764 1076 4817 perversae
1102 4751 1201 4801 viae
1213 4747 1381 4801 secuti
1398 4747 1691 4811 tramitem,
1720 4746 1807 4800 de-

155 4853 333 4891 serere
348 4836 637 4891 voluerunt
667 4853 683 4890 :
709 4835 1056 4890 abscindendi
1070 4837 1346 4889 suntenim
1368 4835 1460 4905 qui
1478 4852 1565 4890 vos
1592 4840 1809 4889 contur-

159 4926 304 4987 bant,
334 4930 381 4980 et
410 4925 592 4980 volunt
615 4932 919 4979 convertere
942 4924 1301 4994 Evangelium
1330 4924 1546 4978 Christi
1577 4922 1803 4989 (Galat.,

155 5015 232 5087 7).
268 5014 329 5069 Si
332 5014 627 5069 mulautem
640 5015 811 5085 przci
812 5014 988 5084 pimus
1000 5021 1057 5067 ut
1081 5015 1411 5084 quicumque
1433 5012 1490 5066 id
1503 5012 1807 5083 pertinacia

155 5104 336 5161 simili
359 5104 637 5175 defensare
665 5104 1049 5173 nituntur,par
1078 5120 1160 5157 eos
1191 5103 1431 5157 vindicta
1448 5103 1805 5173 constringat.

156 5194 282 5249 Non
307 5194 475 5248 solum
501 5194 644 5247 enim
672 5192 765 5263 qui
787 5192 1019 5264 faciunt,
1054 5192 1143 5246 sed
1167 5192 1329 5247 etiam
1346 5194 1449 5264 qui
1475 5192 1810 5247 consentiunt

156 5282 486 5352 facientibus
505 5282 664 5352 digni
676 5288 799 5336 sunt
830 5288 998 5336 morte
1040 5282 1255 5352 ‘(Ronu
1282 5299 1316 5345 ι,
1369 5282 1458 5351 32)
1490 5300 1505 5352 ;
1544 5283 1669 5352 quia
1704 5298 1811 5335 non

165 5373 398 5427 multum
430 5373 677 5426 interesse
703 5370 1109 5426 arbitrorinter
1142 5371 1520 5426 committentis
1545 5370 1809 5441 animum,

227 5591 240 5620 ί
274 5587 349 5650 Ex
376 5586 500 5650 Mss.
550 5586 668 5650 vat.
690 5586 1057 5650 iresqtituimus,
1089 5586 1236 5649 digni
1285 5590 1402 5635 sunt
1432 5591 1595 5635 morte
1623 5599 1642 5647 ;
1670 5585 1814 5650 quod

164 5649 575 5700 desiderabatur
598 5648 653 5699 in
687 5648 820 5699 Edd.

1386 162 1890 221 EPISTOLARUM
1928 161 2216 220 CLASSIS
2257 164 2355 221 III.

3467 169 3573 228 786

1924 295 1977 344 et
2004 291 2380 347 consentientis
2406 290 2668 363 favorem.
2696 292 2853 348 Addo
2873 296 2923 349 et
2950 295 3189 365 amplius
3208 314 3227 353 :
3254 295 3566 368 plerumque

1923 378 2150 434 dediscit
2175 397 2385 451 errare,
2414 384 2510 436 cui
2536 398 2687 437 nemo
2708 382 2985 438 consentit.
3008 383 3344 457 Haecigitur,
3366 387 3570 457 fratres

1921 469 2315 533 charissimi,in
2340 471 2678 542 supradictos
2689 482 2901 527 maneat
2924 474 3038 543 ﬁxa
3065 475 3329 530 sententia
3346 491 3368 545 ,'
3391 476 3568 532 absint

1921 559 2087 613 atriis
2107 560 2346 629 Domini,
2376 569 2593 615 careant
2618 564 2633 597 ¹
2664 562 2913 617 custodia
2934 564 3219 632 pastorali,
3243 582 3306 619 ne
3328 566 3566 621 duarum

1919 648 2104 704 ovium
2116 650 2245 703 dira
2274 652 2520 720 contagia
2540 658 2761 721 serpant
2786 650 3023 720 forsitan
3039 670 3141 723 per
3165 655 3353 725 vulgus
3381 656 3565 710 incau-

1919 747 2052 803 tum,
2076 740 2367 810 rapacique
2394 738 2717 810 lupuscorde
2743 739 2967 796 laetetur
2996 742 3148 796 intra
3176 743 3311 796 ovile
3325 743 3568 798 domini-

1916 845 2033 884 cum
2072 835 2252 883 tantas
2267 828 2446 883 ovium
2473 828 2625 898 fusas
2649 828 3039 895 catervas,dum
3072 848 3105 885 a
3134 831 3435 886 custodibus
3458 833 3567 887 dis-

1912 917 2239 973 simulanter
2261 916 2492 972 habetur
2510 918 2710 972 vulnus
2734 917 2988 974 duarum.
3010 919 3458 989 Prospiciendum
3482 928 3556 975 est

1914 1024 2037 1079 ergo
2066 1024 2129 1061 ne
2156 1007 2513 1079 permittendo
2543 1007 3059 1079 lupos,mercenarii
3082 1009 3251 1080 magis
3286 1009 3566 1064 videamur

1915 1112 2024 1151 esse
2052 1112 2210 1167 quam
2247 1102 2506 1166 pastores.

1986 1186 2035 1238 7.
2051 1184 2301 1239 Jubemus
2323 1202 2471 1253 sane,
2498 1186 2751 1256 quoniam
2773 1185 3029 1243 Christus
3045 1186 3311 1242 Dominus
3329 1188 3564 1259 propria

1911 1290 2029 1329 voce
2047 1274 2373 1345 signiﬁcavit
2400 1274 2537 1329 nolle
2565 1291 2617 1329 se
2648 1281 2867 1329 mortem
2899 1277 3202 1341 morientis,
3245 1282 3463 1332 tantum
3502 1285 3561 1333 ut

1911 1369 2220 1418 revertatur
2257 1371 2306 1418 et
2326 1363 2472 1418 vivat
2496 1363 2719 1430 (Matth.
2764 1380 2839 1427 IX,
2882 1364 2987 1435 13),
3020 1366 3071 1419 si
3100 1382 3331 1436 unquam
3381 1366 3451 1420 ad
3478 1384 3566 1421 sa-

1912 1469 2060 1516 num,
2102 1451 2332 1522 deposito
2348 1453 2511 1522 pravi
2547 1453 2808 1523 dogmatis
2839 1469 3049 1521 errore,
3077 1455 3433 1524 resipuerint,
3470 1456 3565 1510 da-

1909 1541 2256 1611 mnarintque
2272 1558 2333 1595 ea
2343 1557 2568 1611 quorum
2580 1558 2632 1595 se
2646 1541 2755 1611 ipsi
2764 1542 3216 1611 praevaricatione
3229 1542 3564 1599 damnarunt

1910 1631 1988 1685 eis
2035 1629 2349 1685 medicinam
2397 1630 2634 1698 solitam,
2692 1630 2750 1683 id
2788 1639 2861 1684 est
2892 1631 3285 1701 receptaculum
3312 1649 3469 1687 suum
3497 1633 3563 1687 ab

1912 1719 2155 1774 Ecclesia
2170 1735 2274 1772 non
2304 1719 2529 1789 negari:
2546 1735 2609 1772 ne
2629 1718 2755 1773 dum
2767 1736 2850 1773 eos
2866 1720 3144 1776 redeuntes
3166 1722 3408 1791 forsitan
3437 1738 3563 1792 pro-

1911 1808 2163 1871 hibemus,
2200 1823 2323 1861 vere
2347 1814 2504 1860 extra
2528 1807 2673 1862 ovile
2700 1816 3035 1863 romanentes
3085 1817 3133 1864 et
3174 1817 3559 1879 exspectantes,

1910 1897 2072 1953 hostis
2099 1900 2118 1931 ³
2148 1896 2358 1951 rabidis
2382 1895 2630 1965 faucibus
2656 1896 2987 1967 glutiantur,
3011 1915 3142 1969 quas
3174 1900 3231 1952 in
3259 1900 3561 1970 semetipsos

1906 1985 2130 2058 spiculis
2156 1986 2320 2039 male
2345 1984 2731 2055 disputationis
2759 1988 3218 2041 armarunt.Bene
3250 1988 3565 2057 valete,/ra-

1909 2083 2036 2130 tres.
2072 2075 2273 2129 Datum
2302 2081 2447 2128 sexto
2472 2072 2681 2127 calend.
2728 2071 3061 2143 februarias,
3084 2074 3325 2129 Honorio
3346 2082 3394 2130 et
3423 2076 3562 2133 Con-

1907 2165 2109 2219 stantio
2139 2164 2274 2217 viris
2292 2162 2951 2219 clarissimisconsulibus.

2310 2278 2648 2334 EPISTOLA
2687 2277 2978 2333 CLXXXIII
3004 2279 3019 2295 ·
3048 2278 3152 2350 (a).

1908 2394 2209 2451 Innocentii
2219 2393 2289 2448 ad
2299 2395 2532 2465 quinque
2548 2394 2834 2464 Episcopos
2864 2394 3210 2465 rescriptum,
3240 2395 3562 2466 improban-

1980 2485 2048 2538 tis
2075 2483 2377 2538 doctrinam
2407 2482 2641 2554 Pelagii,
2674 2498 2914 2553 eumque,
2948 2483 3060 2537 nisi
3087 2484 3335 2538 haeresim
3364 2485 3559 2555 ejuret,

1976 2573 2346 2628 damnandum
2370 2582 2475 2626 esse
2497 2572 2940 2644 pronuntiantis.

1910 2688 2312 2746 Dilectissimis
2345 2688 2627 2744 fratribus
2658 2693 2920 2755 AURELIO,
2971 2692 3197 2755 ALYPIO,
3228 2690 3562 2755 Aucusrmo,

1941 2781 2148 2834 Evomo
2162 2785 2216 2833 et
2238 2778 2489 2833 POSSIDIO
2504 2778 2830 2849 episcopis,
2858 2778 3523 2843 Innocenrlus,salutem.

1980 2894 2031 2946 1.
2073 2891 2477 2948 Fraternitatis
2501 2899 2689 2947 vestra:
2708 2891 2937 2956 litteras,
2965 2891 3151 2962 plenas
3177 2892 3323 2962 ﬁdei,
3356 2899 3561 2965 totoque

1908 2981 2192 3052 religionis
2237 2980 2518 3036 catholicae
2550 2982 2732 3051 vigore
2778 2981 3044 3050 ﬁrmatas,
3073 2996 3105 3033 a
3146 2980 3346 3035 duobus
3372 2982 3561 3036 missas

1908 3070 2153 3125 conciliis
2198 3086 2297 3141 per
2328 3068 2564 3138 fratrem
2594 3075 2641 3122 et
2670 3069 3031 3139 coepiscopum
3075 3075 3317 3123 nostrum
3346 3069 3561 3124 Julium

1908 3165 2159 3231 pergrato
2182 3158 2510 3228 suscepimus
2548 3157 2747 3220 animo,
2779 3156 2916 3227 quod
2946 3173 3135 3211 earum
3167 3164 3321 3211 tenor
3357 3158 3554 3212 omnis-

1908 3266 2005 3321 que
2033 3248 2299 3303 contextio
2326 3247 2383 3300 in
2412 3245 2835 3300 consideratione
2864 3245 3199 3317 quotidianae
3222 3246 3419 3316 gratiae
3436 3246 3557 3312 Dei,

1913 3345 1959 3393 et
1985 3339 2042 3392 in
2056 3353 2245 3391 eorum
2270 3336 2597 3391 correctione
2612 3336 2707 3406 qui
2730 3342 2921 3390 contra
2941 3336 3206 3403 sentiunt,
3237 3335 3447 3406 integra
3467 3352 3560 3389 ra-

1915 3428 2055 3481 tione
2080 3426 2360 3495 consistit;
2387 3432 2445 3478 ut
2477 3432 2529 3479 et
2556 3424 2671 3479 illis
2691 3440 2893 3478 omnem
2911 3423 3101 3478 tollere
3118 3424 3281 3494 possit
3298 3440 3558 3489 errorem,

1918 3525 1969 3572 et
2000 3517 2265 3581 idoneum,
2298 3516 2422 3569 dato
2446 3515 2629 3585 quovis
2670 3518 2688 3548 ³
2722 3521 2917 3569 nostra
2952 3513 3077 3583 legis
3123 3513 3380 3583 exemplo,
3411 3531 3562 3585 quem

1909 3611 2055 3680 sequi
2083 3607 2301 3662 debeant
2331 3605 2551 3676 dignum
2581 3605 2785 3675 possint
2809 3603 3058 3675 praebere
3086 3603 3366 3659 docto-rem.
3387 3603 3485 3658 Sed
3496 3604 3564 3659 de

1908 3697 1993 3751 his
2015 3697 2128 3767 jam
2141 3696 2360 3759 satis,ut
2383 3694 2595 3762 opinor,
2619 3709 2785 3762 supra
2805 3692 3069 3756 diximus,
3100 3708 3219 3747 cum
3264 3693 3458 3746 vestris
3477 3710 3560 3747 re-

1911 3785 2208 3841 lationibus
2231 3782 2598 3854 respondentes
2621 3782 2999 3851 rescripsimus
3012 3781 3146 3851 quid
3158 3782 3236 3835 vel
3257 3782 3319 3835 de
3338 3782 3563 3836 illorum

1911 3875 2163 3947 perﬁdia,
2195 3874 2274 3927 vel
2301 3872 2362 3926 de
2380 3878 2557 3926 vestra
2584 3870 2854 3925 sententia
2883 3869 3325 3923 sentiremus.Sed
3337 3869 3559 3923 subinde

1910 3972 2101 4020 contra
2126 3980 2207 4018 eos
2235 3962 2477 4017 subvenit
2503 3968 2550 4015 et
2578 3958 2883 4031 suppeditat
2906 3958 3044 4030 quod
3068 3957 3310 4024 dicatur,
3357 3974 3447 4012 nec
3473 3975 3562 4029 po-

1910 4059 2006 4107 test
2035 4051 2327 4124 aliquando
2356 4050 2526 4104 deesse
2555 4050 2576 4084 ⁴
2602 4048 2739 4120 quod
2776 4049 2978 4113 vincat,
3012 4063 3131 4103 cum
3175 4055 3282 4103 tam
3305 4049 3561 4102 miserum

1911 4142 2240 4213 impiumque
2265 4141 2333 4195 sit
2362 4138 2499 4211 quod
2526 4144 2721 4193 nostrae
2744 4137 2873 4207 ﬁdei
2904 4137 3109 4192 virtute
3149 4144 3196 4191 et
3219 4137 3334 4208 ipsa
3348 4135 3563 4208 plenius

1907 4232 2138 4287 veritate
2160 4231 2429 4285 vincatur.
2448 4227 2552 4294 Qui
2570 4228 2713 4282 enim
2736 4244 2940 4282 omnem
2961 4226 3085 4281 vitae
3105 4243 3245 4297 spem
3268 4226 3481 4296 respuit
3501 4234 3556 4281 at

1908 4338 2005 4392 que
2033 4318 2366 4390 contempsit,
2407 4315 3040 4386 inimicadamnabilique
3071 4333 3161 4369 cor
3187 4332 3343 4370 suum
3364 4315 3560 4384 dispu-

1911 4411 2113 4466 tatione
2150 4408 2496 4477 confundens,
2527 4423 2645 4461 cum
2682 4406 2863 4460 credit
2896 4404 3039 4458 nihil
3086 4420 3193 4458 esse
3216 4403 3353 4473 quod
3381 4420 3415 4457 a
3451 4405 3562 4457 Deo

1910 4499 2164 4570 accipiat,
2198 4513 2289 4551 nec
2317 4495 2532 4566 aliquid
2548 4510 2816 4564 superesse
2829 4492 2968 4563 quod
2993 4499 3138 4562 petat
3169 4492 3239 4545 ad
3258 4491 3561 4545 sanandum

1911 4605 1972 4645 se
1998 4606 2015 4654 ;
2048 4588 2141 4659 qui
2167 4586 2270 4641 sibi
2294 4586 2384 4640 hoc
2403 4584 2647 4648 abstulit,
2685 4582 2918 4637 ulterius
2954 4581 3083 4652 quid
3108 4580 3384 4652 reliquit?

1984 4678 2036 4732 2.
2065 4676 2125 4732 Si
2154 4692 2279 4746 ergo
2307 4680 2437 4728 sunt
2486 4671 2681 4743 aliqui,
2722 4688 2847 4742 quos
2864 4672 2922 4725 in
2953 4671 3043 4725 sui
3062 4670 3417 4739 defensionem
3444 4685 3563 4741 per-

1912 4767 2138 4821 versitas
2188 4769 2342 4818 tanta
2372 4761 2642 4822 devinxit.
2676 4759 2769 4830 qui
2811 4760 2934 4814 huic
2988 4776 3045 4815 se
3089 4759 3327 4830 dogmati
3370 4758 3567 4813 dedant

1913 4862 2069 4925 atque
2088 4852 2433 4922 conjungant,
2453 4856 2730 4920 sperantes
2758 4848 2850 4903 hoc
2870 4849 2940 4902 ad
2963 4847 3279 4903 catholicam
3293 4849 3567 4919 pertinere

1914 4942 2236 5007 doctrinam,
2270 4939 2710 5012 quodabhorrens
2741 4938 2953 5009 longius
2982 4946 3029 4994 et
3054 4938 3272 5009 penitus
3307 4934 3567 5007 approba-

1950 5088 1991 5163 “!
2014 5084 2286 5163 YujtijcMs.
2320 5097 2331 5131 :
2368 5082 2595 5131 Careant
2608 5080 2862 5129 duntaxat
2891 5079 3120 5129 custodia
3141 5077 3242 5138 ;sic
3265 5077 3424 5125 etiam
3446 5088 3569 5124 con-

1918 5149 2002 5198 cil.
2040 5146 2167 5196 Edd.

1982 5212 1998 5241 ’
2029 5211 2112 5260 Sic
2146 5209 2241 5258 Ms.
2271 5208 2443 5261 Vatic.
2485 5206 2551 5256 At
2585 5206 2787 5269 vulgati
2824 5220 2835 5253 ί

1922 5274 2133 5385 “Euge.
2173 5334 2298 5383 Mss.
2354 5334 2419 5381 At
2450 5331 2572 5381 Bad.
2602 5332 2721 5379 Am.
2754 5329 2836 5378 Er.
2864 5332 2915 5378 et
2950 5328 3098 5384 Lov.,
3131 5326 3250 5375 dato
3282 5325 3445 5374 cuivis
3472 5338 3491 5385 ;
3520 5327 3573 5374 et

1923 5410 2065 5453 mox,
2098 5396 2448 5460 sequiidebeat.
2626 5455 2643 5460 _
2657 5455 2674 5460 _
2789 5452 2833 5460 ῃ
2875 5451 2904 5460 ι,

1985 5463 2000 5488 ⁴
2038 5451 2173 5507 Εᾱάῖ
2202 5459 2601 5520 plerique,_ess_e.
2625 5455 2769 5520 Mss,_
2789 5451 2978 5506 Vatic.,
2998 5451 3184 5520 deesse.

1987 5522 2015 5555 ί*
2049 5511 2320 5582 Οαδὶὶὲδία
2340 5511 2405 5569 ἑά
2433 5518 2514 5566 cb.
2540 5517 2598 5569 if.
2638 5517 2711 5565 th.
2741 5514 2876 5582 dupe
2907 5515 3098 5582 v._Am.
3130 5511 3360 5582 Bed.Er.
3380 5511 3509 5582 Lor.

1989 5585 2059 5643 (α)
2092 5574 2233 5631 Alias
2273 5584 2362 5629 96:
2392 5593 2510 5643 qum
2536 5578 2836 5643 autemit§3
2863 5580 2993 5633 erat,
3020 5588 3165 5625 nunc
3189 5575 3243 5623 in
3267 5574 3575 5637 Appendice

1928 5651 2007 5698 est
2036 5640 2082 5695 2.
2117 5645 2322 5710 Scripta.
2350 5640 2568 5693 ineunte
2598 5654 2686 5692 an.
2718 5640 2826 5690 417.

2873 5205 3205 5254 Remanentes
3240 5199 3570 5261 exspectantis
