4136 6172
217 140 325 197 789

302 280 424 322 non
448 264 784 335 Scriptum
803 281 993 324 sacra:
1005 268 1361 325 auctoritate
1377 266 1619 337 corrigi,
1634 264 1736 321 sed
1756 278 1895 332 sup-

286 355 549 426 plicibus
564 356 937 413 orationibus
967 358 1260 416 converti.
1280 358 1597 415 Librorum
1622 353 1896 412 Civitatis

292 444 401 500 Dei
425 444 766 501 institutum
798 461 869 502 ac
896 447 1069 502 ordo.

226 534 495 590 Dominis
520 533 938 602 ditectissimis,
952 543 1004 593 et
1029 538 1258 594 sanctis
1274 536 1417 605 ﬁliis
1440 535 1627 592 Pereo
1645 538 1697 590 et
1717 539 1893 590 Aesa-

475 638 581 686 ais,
609 624 977 691 AUGUSTINUS,
1002 627 1060 681 in
1090 627 1341 683 Domino
1363 627 1637 683 salutem.

297 712 530 770 CAPUT
552 713 836 769 PRIMUM.
861 745 929 754 —
955 717 998 770 l.
1026 717 1309 773 Sanctum
1341 714 1585 787 quidem
1620 712 1888 770 studium

225 807 516 867 vestrum,
547 817 670 873 quo
717 817 751 857 a
785 818 878 858 me
912 803 1099 859 multa
1129 804 1353 876 putatis
1402 819 1529 859 esse
1563 800 1889 875 queerenda

226 895 291 945 ut
321 890 705 945 contentiosis
736 891 1145 964 impietatibus
1175 908 1295 949 non
1335 895 1592 948 inermes
1618 891 1888 946 resistere

225 979 493 1044 valeatis,
531 994 641 1034 nec
675 979 853 1037 debet
888 981 1117 1052 justitia
1148 995 1443 1053 spernere,
1480 997 1589 1036 nec
1628 980 1885 1037 charitas

227 1072 440 1141 potest.
460 1068 570 1123 Sed
593 1067 938 1138 diligentem
960 1070 1037 1126 ad
1057 1071 1262 1127 omnia
1282 1070 1739 1143 responsionem
1765 1085 1887 1124 una

229 1156 502 1227 epistola,
526 1156 859 1228 quamlibet
887 1159 958 1215 sit
978 1158 1224 1231 prolixa,
1257 1175 1377 1215 non
1400 1159 1579 1230 capit.
1611 1158 1883 1213 Plurimis

228 1251 430 1301 autem
457 1245 765 1317 opusculis
793 1247 1008 1303 nostris
1032 1253 1135 1303 aut
1155 1248 1230 1303 ad
1263 1249 1489 1311 omnia,
1514 1252 1783 1318 autpene
1807 1246 1884 1301 ad

229 1334 456 1397 omnia,
484 1349 620 1406 quae
652 1334 965 1406 requiritis,
989 1337 1117 1408 jam
1134 1352 1229 1392 me
1261 1336 1663 1408 respondisse,
1696 1350 1884 1407 quan-

228 1427 357 1479 tum
390 1422 577 1494 potui,
612 1424 893 1478 noveritis
927 1424 1030 1497 (a).
1064 1426 1203 1491 Quae
1244 1425 1292 1480 si
1332 1424 1560 1494 legatis,
1595 1424 1881 1496 quoniam

228 1512 315 1566 sic
345 1527 451 1567 vos
477 1511 660 1567 audio
691 1511 1017 1569 instituisse
1041 1514 1221 1570 vitam
1251 1531 1373 1587 qua
1398 1517 1513 1569 Deo
1542 1513 1787 1578 servitis,
1820 1516 1884 1567 ut

226 1600 400 1656 vobis
431 1600 509 1657 ad
537 1600 861 1670 legendum
890 1608 1077 1667 vacet,
1108 1609 1207 1659 aut
1238 1603 1436 1658 omnis
1468 1602 1635 1658 vobis
1662 1601 1884 1673 patebit

224 1690 554 1756 instructio,
598 1698 699 1747 aut
739 1705 861 1746 non
902 1692 1155 1749 multum
1200 1692 1474 1748 existimo
1514 1691 1878 1760 defuturum,

225 1779 554 1851 praesertim
598 1779 742 1851 quia
772 1778 923 1835 inest
952 1780 1118 1837 vobis
1164 1782 1376 1837 Doctor
1417 1782 1677 1846 interior,
1711 1781 1881 1851 cujus

225 1868 418 1939 gratia
455 1866 597 1923 tales
628 1869 791 1923 estis.
822 1871 968 1925 Nam
1002 1870 1148 1941 quid
1192 1870 1499 1926 hominem
1540 1869 1618 1925 ad
1651 1868 1877 1941 aliquid

228 1957 587 2013 discendum
619 1956 865 2028 adjuvat
903 1958 1107 2023 homo,
1137 1958 1182 2014 si
1223 1976 1338 2014 non
1366 1959 1551 2014 simus
1598 1958 1882 2014 docibiles

226 2047 459 2103 Domini
494 2048 695 2117 (Joan.
745 2064 823 2113 v1,
865 2050 953 2119 45)
984 2048 1011 2102 ?
1058 2054 1114 2104 et
1143 2049 1201 2104 in
1234 2050 1346 2105 hac
1382 2055 1582 2105 tamen
1631 2047 1883 2121 epistola

226 2152 618 2207 nequaquam
651 2136 1160 2209 exspectationem
1200 2143 1478 2204 vestram,
1509 2138 1657 2193 sicut
1685 2137 1881 2193 Domi-

226 2241 342 2281 nus
375 2224 645 2296 adjuvat,
689 2225 855 2281 brevi
888 2226 1097 2283 saltem
1129 2228 1520 2299 responsione
1566 2226 1879 2283 fraudabo.

297 2319 350 2369 ‘2.
382 2314 671 2369 Dominus
696 2316 777 2370 ait
801 2331 812 2369 :
850 2316 962 2383 Qui
984 2316 1301 2373 crediderit
1327 2324 1379 2372 et
1409 2316 1738 2386 baptizatus
1755 2317 1885 2386 fue-

223 2403 326 2469 rit,
354 2403 552 2459 salvus
572 2404 684 2460 erit
700 2425 721 2473 ,-
744 2405 851 2476 qui
878 2411 1073 2462 autem
1106 2421 1225 2461 non
1250 2405 1588 2469 crediderit,
1616 2406 1884 2462 condem-

223 2492 475 2549 nabitur
503 2492 717 2563 (Marc.
742 2509 862 2558 xvr,
903 2494 1006 2565 l6).
1041 2495 1097 2551 Si
1126 2510 1268 2567 ergo
1301 2494 1534 2567 parvuli
1564 2510 1703 2549 cum
1734 2494 1885 2566 bap—

224 2581 497 2647 tizantur,
522 2597 643 2637 non
676 2582 933 2638 inaniter
964 2582 1193 2648 dicitur,
1220 2583 1323 2638 sed
1356 2584 1639 2638 veraciter
1667 2583 1882 2653 agitur,

225 2674 291 2726 ut
313 2670 465 2725 inter
492 2670 798 2727 credentes
825 2671 1164 2727 habeantur
1195 2672 1297 2743 (ὁ),
1333 2674 1489 2727 unde
1519 2673 1695 2728 etiam
1727 2688 1887 2728 nova

226 2758 429 2831 proles
461 2775 562 2815 ore
594 2759 1061 2816 Christianorum
1105 2761 1377 2817 omnium
1412 2766 1838 2832 nuncupantur
1866 2780 1882 2832 ;

223 2848 491 2921 profecto
514 2847 567 2903 si
597 2863 718 2904 non
759 2849 1138 2919 crediderint,
1168 2850 1737 2905 condemnabuntur
1770 2872 1781 2905 :
1818 2866 1888 2906 ac

223 2953 333 3011 per
358 2940 492 3004 hoc,
524 2939 667 3011 quia
694 2939 840 2995 nihil
869 2940 984 3011 ipsi
1031 2939 1189 2996 male
1236 2939 1491 2995 vivendo
1527 2939 1891 2995 addiderunt

227 3027 304 3083 ad
347 3028 637 3097 originale
669 3034 1007 3099 peccatum,
1043 3028 1242 3100 pOtest
1271 3044 1477 3084 eorum
1534 3030 1743 3084 merito
1773 3029 1887 3084 dici

226 3114 289 3171 in
319 3115 420 3171 illa
445 3116 834 3172 damnatione
858 3117 1109 3173 minima
1132 3133 1331 3189 pcena,
1356 3132 1478 3172 non
1503 3121 1703 3173 tamen
1727 3116 1891 3173 nulla

227 3205 329 3277 (ι’),
384 3205 668 3277 Quisquis
720 3211 920 3262 autem
955 3212 1123 3278 putat
1170 3206 1583 3262 diversitatem
1630 3206 1891 3262 futuram

226 3309 351 3350 non
387 3310 517 3350 esse
546 3310 886 3367 poenarum,
918 3295 1077 3364 legat
1106 3295 1269 3368 quod
1299 3295 1585 3366 scriptum
1618 3301 1709 3351 est
1737 3312 1751 3351 :
1789 3296 1893 3353 To-

231 3384 541 3441 lerabilius
562 3384 674 3440 erit
705 3385 973 3441 Sodoma?
1001 3386 1064 3440 in
1090 3385 1184 3442 die
1203 3385 1447 3455 judicii,
1480 3400 1658 3457 quam
1689 3386 1790 3442 itii
1814 3388 1892 3443 ci-

234 3473 667 3543 vitati(Matth.
697 3490 756 3540 x,
785 3474 895 3545 15).
926 3476 1052 3530 Non
1075 3489 1216 3543 ergo
1235 3490 1270 3530 a
1292 3474 1713 3546 deceptoribus
1745 3476 1894 3531 inter

229 3578 484 3633 regnum
502 3570 557 3618 et
575 3563 939 3635 supplicium
957 3563 1188 3619 medius
1201 3564 1332 3620 locu
1345 3581 1371 3618 s
1385 3565 1893 3635 quaeraturinfan-

230 3652 393 3708 tibus
418 3653 522 3723 (d);
549 3652 655 3707 sed
678 3657 983 3708 transeant
1010 3668 1045 3708 a
1067 3653 1309 3709 diabolo
1330 3653 1407 3709 ad
1439 3654 1759 3718 Christum,
1780 3655 1892 3710 hoc

230 3745 342 3806 est,
359 3756 395 3796 a
427 3746 615 3796 morte
645 3740 722 3795 ad
744 3741 952 3807 vitam,
973 3757 1046 3796 ne
1066 3741 1154 3797 ira
1179 3743 1273 3796 Dei
1293 3748 1532 3797 maneat
1556 3758 1733 3814 super
1749 3758 1849 3797 eos
1876 3762 1889 3802 :

230 3828 310 3885 ab
338 3828 449 3885 hac
478 3830 703 3901 quippe
747 3830 834 3885 ira
868 3830 964 3885 Dei
998 3846 1117 3885 non
1148 3829 1359 3885 liberat
1388 3831 1499 3885 nisi
1532 3833 1723 3901 gratia
1768 3832 1889 3889 Dei.

232 3918 386 3984 Quid
418 3923 505 3974 est
530 3925 730 3974 autem
767 3919 855 3974 ira
890 3920 1008 3984 Dei,
1040 3918 1149 3973 nisi
1179 3934 1213 3973 a
1247 3921 1363 3974 Deo
1391 3919 1554 3988 justo
1586 3936 1765 3990 paena
1794 3921 1893 3975 de-

230 4007 358 4063 bita
388 4013 567 4079 atque
597 4006 904 4064 vindicta?
924 4023 1121 4080 neque
1146 4007 1306 4062 enim
1340 4009 1489 4062 Deus
1512 4008 1713 4079 aliqua
1733 4025 1894 4065 com-

230 4096 497 4152 motione
546 4096 837 4162 turbatur,
894 4096 1049 4152 sicut
1091 4096 1367 4152 irascitur
1418 4096 1718 4152 mutabilis
1765 4100 1896 4153 ani-

232 4202 410 4257 mus;
448 4186 553 4241 sed
585 4201 657 4242 ea
698 4202 834 4258 quas
873 4185 1086 4242 dicitur
1116 4185 1201 4241 ira
1234 4184 1353 4251 Dei,
1395 4185 1540 4241 nihil
1589 4192 1675 4243 est
1706 4186 1891 4253 aliud,

231 4291 420 4348 quam
447 4274 609 4346 justa
640 4290 819 4347 pcena
853 4274 1100 4347 peccati,
1132 4290 1267 4348 quae
1300 4290 1421 4330 non
1454 4275 1692 4341 mirum,
1728 4277 1894 4348 quod

233 4366 445 4420 transit
472 4364 529 4419 in
563 4370 853 4437 posteros.

298 4517 371 4578 (a)
394 4514 593 4565 Eodem
614 4514 786 4579 ferme
796 4514 1016 4579 exordio
1040 4514 1205 4565 utitur
1228 4515 1558 4579 Augustinus
1579 4515 1669 4566 lib.
1689 4515 1753 4565 ad
1774 4516 1897 4579 Oro-

236 4579 598 4642 siumcontra
634 4578 1075 4642 Priscillianistas,
1108 4591 1224 4642 cap.
1257 4579 1303 4642 ξ,
1328 4581 1467 4642 p.71:
1495 4595 1518 4624 «
1558 4578 1896 4642 Respondere

239 4592 378 4627 suum
409 4592 598 4628 contra
634 4592 1075 4633 rrisciuiamsias,
1108 4592 1224 4688 cap.
1257 4592 1303 4633 ι,
1328 4592 1378 4626 n.
1409 4592 1431 4627 ι
1456 4595 1467 4625 :
1495 4595 1518 4624 «
1558 4592 1896 4642 uesponaere

239 4658 265 4686 α
301 4640 397 4689 tibi
442 4641 721 4703 quaerenti,
757 4640 1100 4689 dilectissime
1140 4640 1213 4688 lii
1248 4640 1416 4699 Orosi,
1468 4654 1566 4689 nec
1599 4642 1665 4691 ad
1715 4642 1899 4690 omnia

236 4719 262 4749 ι
296 4704 480 4767 debeo,
510 4718 627 4767 quae
655 4704 708 4751 in
746 4709 836 4751 tuo
860 4703 1271 4767 commonitorio
1295 4704 1537 4767 posuisti,
1558 4718 1655 4752 nec
1677 4705 1895 4751 omnino

239 4784 264 4811 οι
299 4779 409 4814 non
439 4764 625 4819 debeo,
658 4779 725 4814 ne
751 4765 989 4813 studium
1022 4768 1171 4813 tuum
1192 4764 1335 4828 quod
1370 4766 1497 4812 mihi
1529 4767 1894 4825 gratissimum

240 4844 265 4873 α
297 4832 376 4877 est
397 4828 784 4890 contempsisse
808 4828 1003 4885 videar,
1024 4831 1072 4875 et
1092 4828 1159 4875 ob
1188 4829 1285 4876 hoc
1302 4828 1721 4890 intemperanter
1737 4828 1897 4890 olfen-

241 4908 265 4935 α
296 4891 441 4953 dam.
498 4889 629 4953 Nam
662 4892 713 4937 in
758 4890 1083 4953 quibusdam
1116 4890 1389 4953 opusculis
1428 4889 1625 4938 nostris
1656 4904 1774 4953 qua:
1816 4889 1895 4937 vel

240 4970 263 4998 α
296 4952 472 5015 legisti
502 4951 788 5015 vellegere'
805 4952 1021 5015 poteris.
1048 4952 1215 5001 multa
1233 4952 1377 5000 dicta
1399 4957 1524 5000 sunt
1545 4951 1896 5015 quze’valeant

237 5032 263 5060 α
297 5014 557 5063 adversus
585 5014 823 5063 haeresim
851 5014 1388 5070 Priscillianistarum,
1410 5030 1434 5059 ι
1453 5018 1552 5063 etc.
1570 5014 1699 5063 Haec
1724 5028 1897 5061 exem-

237 5077 310 5141 pli
338 5077 913 5141 causardescripsitnus
939 5090 950 5131 ;
981 5077 1231 5141 deinceps
1266 5092 1390 5127 vero
1416 5077 1533 5127 loca
1558 5078 1807 5140 supparia
1838 5090 1898 5125 ac

234 5140 493 5203 parataita
510 5140 749 5203 indicare
780 5140 1051 5203 satisﬁerit.

304 5204 374 5263 (ὁ)
406 5201 474 5251 De
504 5202 848 5251 Peccatorum
883 5201 1096 5255 Meritis.
1129 5202 1219 5251 lib.
1258 5205 1302 5257 1,
1334 5216 1384 5251 n.
1424 5204 1502 5258 24,
1538 5205 1590 5249 et
1627 5201 1717 5249 lib.
1755 5202 1800 5255 3,
1835 5214 1891 5249 n.

236 5266 267 5313 2
298 5280 310 5321 ;
343 5266 495 5327 epist.
522 5266 600 5320 98,
636 5279 689 5313 n.
722 5266 780 5312 10
820 5280 830 5320 ;
856 5278 1015 5313 serm.
1037 5266 1145 5319 294,
1174 5279 1226 5313 n.
1260 5266 1316 5312 14
1346 5280 1357 5315 ;
1396 5264 1578 5327 Operis
1605 5263 1899 5327 imperfecti

239 5326 429 5376 contra
460 5327 733 5375 Julianum
762 5326 852 5375 lib.
886 5328 932 5383 6,
961 5341 1077 5386 cap.
1107 5328 1150 5375 3.

307 5392 370 5450 (ε)
400 5390 469 5437 De
505 5390 849 5438 Peccatorum
881 5390 1094 5444 Meritis,
1128 5388 1216 5438 lib.
1246 5390 1291 5443 1,
1312 5403 1366 5436 n.
1398 5390 1476 5436 21.

302 5451 376 5511 (d)
394 5452 542 5516 ExD.
562 5453 861 5516 Augustino
879 5452 975 5516 Op.
994 5452 1201 5516 impert.
1230 5451 1319 5500 lib.
1340 5455 1384 5508 1,
1402 5464 1523 5516 cap.
1547 5451 1698 5516 l30_,¢_
1724 5450 1899 5516 locum

242 5530 267 5578 qi
287 5514 539 5578 secunda:
566 5512 830 5563 felicitatis
851 5531 872 5557 ι
891 5512 1126 5578 parvulis
1144 5529 1249 5578 non
1270 5512 1545 5578 baptizatis
1566 5512 1903 5578 mdiﬁcabant

242 5576 514 5641 Pelagiani
544 5616 555 5634 ,
588 5591 747 5641 quem
784 5576 907 5641 pius
941 5578 1174 5627 Antistes
1214 5576 1349 5626 ibid.
1374 5588 1490 5640 cap.
1523 5577 1602 5634 50,
1628 5593 1655 5623 ι
1686 5576 1899 5624 tertium

243 5656 270 5687 ι
302 5639 483 5691 locum
504 5656 530 5687 »
562 5639 701 5692 salse
732 5639 991 5705 appellat.

1442 135 1947 197 EPISTOLARUM
1994 134 2284 193 CLASSIS
2328 137 2426 193 ΙΙΙ.

3538 129 3645 187 790

2079 266 2129 320 3.
2153 263 2647 337 Concupiscentia
2675 261 2899 336 quippe
2921 258 3195 331 carnalis,
3212 274 3333 331 qua
3347 256 3649 315 seminan-

2008 356 2098 409 tur
2127 356 2184 409 et
2203 352 2645 425 concipiuntur,
2678 367 2801 408 non
2847 355 2971 406 erat
3002 355 3137 405 ante
3168 352 3505 420 peccatum,
3539 361 3649 401 nec

2002 441 2207 498 fuisset
2232 442 2500 507 omnino,
2542 442 2653 498 nisi
2682 440 2947 497 hominis
2974 438 3439 494 inobedientiam
3471 452 3650 507 paena

2000 530 2305 602 reciproca
2317 531 2496 586 etiam
2514 546 2638 585 suae
2653 529 2848 585 carnis
2862 525 3267 584 inobedientia
3280 528 3645 595 sequeretur.

2000 620 2127 685 Quo
2150 619 2310 674 malo
2327 619 2602 692 quamvis
2629 618 2782 673 bene
2800 622 2998 672 utatur
3020 616 3370 686 nuptiarum
3390 613 3642 679 bonum,

1998 723 2115 763 non
2145 713 2345 764 tamen
2368 708 2495 763 sine
2522 707 2623 763 illo
2648 706 2775 761 ﬁeri
2821 709 3014 777 potest
3043 703 3224 759 etiam
3254 700 3557 773 nuptialis,
3590 700 3651 755 id

1995 796 2125 852 dest
2155 796 2478 853 liberorum
2495 794 3013 868 procurandorum
3028 807 3213 847 causa
3232 788 3651 845 licitushones-

1995 889 2210 959 tusque
2237 887 2605 942 concubitus.
2642 885 2779 942 Sine
2820 883 2920 939 illo
2954 889 3155 937 autem
3190 879 3313 934 ﬁeri
3348 883 3568 949 posset,
3603 876 3651 931 si

1992 975 2333 1032 humanain
2348 992 2418 1032 eo
2440 981 2595 1031 statu
2610 976 2670 1030 in
2683 990 2805 1048 quo
2818 971 3059 1029 condita
3072 974 3178 1034 est,
3203 983 3324 1023 non
3340 966 3649 1039 peccando

1992 1068 2206 1120 natura
2221 1064 2559 1120 mansisset.
2576 1064 2825 1119 Possent
2838 1062 2994 1117 enim
3011 1057 3283 1115 membra
3297 1056 3474 1112 etiam
3492 1053 3651 1127 geni-

1992 1151 2319 1218 talia,sicut
2347 1157 2583 1217 cietera,
2619 1152 2695 1207 ad
2720 1168 2872 1223 opus
2894 1148 3203 1220 proprium
3235 1142 3649 1216 peragendum

1992 1246 2139 1297 nutu
2153 1240 2469 1296 voluntatis
2503 1241 2745 1305 moveri,
2768 1255 2884 1294 non
2913 1243 3057 1293 aestu
3081 1234 3347 1291 libidinis
3375 1230 3641 1287 excitari.

1990 1333 2138 1387 Nam
2162 1331 2298 1401 quis
2315 1329 2598 1399 negetilla
2618 1329 2715 1384 Dei
2744 1327 2951 1393 verba,
2968 1324 3217 1380 Crescite
3231 1328 3284 1379 et
3298 1320 3649 1390 multiplica-

1991 1419 2317 1489 mini(Gen.
2348 1420 2513 1490 1,22),
2547 1432 2669 1474 non
2723 1414 3201 1472 maledictioncm
3237 1416 3643 1482 peccatorum,

1992 1508 2095 1563 sed
2112 1508 2585 1563 benedictionem
2602 1508 2783 1562 fuisse
2799 1503 3144 1575 nuptiarum
3161 1501 3188 1555 i’
3215 1502 3318 1555 Per
3336 1500 3489 1555 hanc
3503 1513 3645 1567 ergo

1991 1597 2542 1668 concupiscentiam
2573 1596 2711 1667 quia
2742 1596 2822 1665 (a)
2850 1609 3045 1665 neque
3077 1591 3424 1651 scminatus,
3451 1602 3647 1657 neque

1991 1690 2316 1757 conceptus
2347 1693 2433 1742 est
2459 1684 2721 1739 Christus
2751 1682 3063 1754 (quoniam
3087 1695 3147 1734 se
3163 1678 3338 1746 longe
3356 1676 3523 1731 aliter
3543 1675 3647 1730 ha-

1991 1773 2118 1829 buit
2146 1773 2403 1843 Virginis
2433 1770 2762 1845 partus[b])
2782 1788 2794 1838 ;
2812 1786 2916 1843 per
2942 1768 3408 1838 hanc,inquam,
3428 1780 3648 1819 concu-

1990 1861 2346 1935 piscentiam
2365 1861 2658 1934 quidquid
2684 1860 3003 1916 hominum
3017 1857 3365 1920 seminatur,
3384 1852 3650 1925 concipi-

1990 1956 2101 2017 tur,
2135 1958 2191 2007 et
2218 1952 2504 2017 nascitur,
2539 1966 2611 2005 ne
2633 1949 2934 2022 puniatur,
2969 1962 3123 2018 opus
3156 1949 3243 1999 est
3272 1947 3645 1998 renascatur.

1991 2040 2158 2104 Quia,
2182 2040 2375 2095 etside
2392 2039 2615 2095 renatis
2639 2036 2986 2109 parentibus
3010 2035 3429 2096 nascitur,non
3456 2034 3650 2101 potest

1989 2128 2127 2184 huic
2163 2135 2442 2200 praestare
2474 2125 2779 2197 generatio
2834 2121 3117 2189 carnalis,
3167 2118 3333 2193 quod
3378 2117 3493 2173 illis
3527 2132 3646 2172 non

1990 2218 2255 2289 praestitit
2282 2218 2392 2274 nisi
2408 2216 2776 2287 regeneratio
2789 2212 3127 2285 spiritualis.
3146 2210 3438 2267 Sicutnon
3453 2205 3647 2263 solum

1990 2308 2332 2375 deoleastri,
2362 2306 2464 2362 sed
2485 2304 2750 2360 etiamde
2779 2302 2950 2358 olivas
2984 2299 3209 2355 semine
3242 2313 3359 2352 non
3383 2296 3648 2351 nascitur

1993 2405 2102 2462 nisi
2134 2402 2406 2463 oleaster,
2421 2394 2705 2469 quamvis
2718 2393 2850 2449 olea
2866 2406 2984 2446 non
3001 2390 3070 2444 sit
3085 2388 3338 2444 oleaster
3352 2384 3649 2457 (c).,Multa

1993 2495 2067 2550 de
2080 2493 2173 2549 his
2188 2490 2365 2546 etiam
2380 2489 2438 2542 in
2453 2484 2586 2541 aliis
2605 2481 2820 2539 nostris
2836 2479 3037 2536 litteris
3050 2478 3335 2541 diximus,
3354 2490 3489 2547 quae
3507 2473 3645 2529 volo

1993 2582 2193 2657 potius
2222 2582 2286 2633 ut
2307 2575 2515 2646 legatis
2528 2588 2712 2645 quam
2744 2585 2854 2625 nos
2868 2567 3078 2657 eadem
3095 2569 3357 2657 repetere
3380 2562 3635 2657 cogatis.

2066 2670 2289 2726 CAPUT
2331 2666 2392 2720 lI.
2457 2694 2525 2702 —
2555 2664 2607 2716 4.
2651 2656 2998 2715 Inﬁdelibus
3033 2669 3194 2722 vero,
3226 2652 3329 2724 qui
3362 2648 3526 2706 nulla
3562 2656 3647 2707 te-

1996 2764 2211 2817 nentur
2241 2753 2708 2811 Christianorum
2751 2744 3101 2802 auctoritate
3139 2741 3475 2804 Librorum,
3510 2755 3648 2811 ope-

1995 2848 2191 2906 rosius
2222 2840 2635 2915 respondetur.
2678 2840 2877 2906 Neque
2902 2848 3112 2888 eorum
3154 2830 3415 2903 pravitas
3459 2832 3650 2898 potest

1997 2937 2216 2993 divinae
2247 2933 2563 3001 Scripturae
2593 2924 2858 2998 pondere
2891 2919 3127 2989 corrigi,
3176 2918 3465 2974 adversus
3497 2932 3651 2988 quos

2000 3026 2196 3099 potius
2228 3023 2379 3094 ipsa,
2412 3032 2546 3089 quae
2578 3015 2656 3070 ab
2703 3013 2787 3069 eis
2814 3008 3080 3099 apertius
3107 3010 3440 3099 accusatur,
3474 3004 3653 3099 debet

2000 3093 2204 3187 utique
2236 3093 2538 3175 Scriptura
2550 3100 2809 3160 defendi.
2826 3098 2993 3166 Quod
3008 3098 3055 3152 si
3070 3101 3127 3152 et
3142 3111 3249 3187 vos
3260 3093 3570 3187 Dominus,
3588 3095 3652 3147 ut

2000 3181 2267 3267 valeatis,
2302 3194 2615 3269 adjuverit,
2651 3205 2866 3265 parum
2902 3192 3098 3244 tamen
3131 3184 3304 3254 agitis
3330 3181 3495 3254 apud
3527 3197 3649 3247 eos,

2000 3308 2153 3367 quos
2176 3288 2392 3360 cupitis
2417 3300 2549 3341 esse
2563 3280 2936 3341 christianos,
2954 3276 3000 3331 si
3016 3290 3223 3331 eorum
3240 3270 3651 3367 inﬁdelitatem

2002 3359 2313 3439 veracibus
2343 3365 3096 3446 disputationibusvincitis
3129 3382 3142 3431 ;
3174 3359 3652 3419 nisieisetfidem

1999 3468 2371 3545 supplicibus
2425 3459 2795 3519 orationibus
2826 3453 3114 3527 poscatis.
3138 3454 3214 3545 AEt
3238 3452 3375 3545 ipsa
3402 3450 3649 3545 quippe,

2000 3538 2255 3621 utscitis,
2279 3555 2429 3611 ﬁdes
2447 3566 2665 3607 munus
2679 3546 2900 3611 estDei,
2924 3545 3025 3617 qui
3050 3542 3372 3612 unicuique
3399 3538 3653 3611 partitur

1999 3661 2350 3706 mensuram
2382 3641 2519 3698 ﬁdei
2558 3644 2615 3695 et
2673 3636 2787 3693 tale
2820 3650 3064 3697 munus,
3097 3630 3260 3703 quod
3290 3628 3649 3684 intellectum

1998 3735 2407 3795 necessarium
2441 3735 2525 3785 est
2553 3733 2616 3783 ut
2647 3723 2964 3798 praecedat.
3007 3724 3135 3777 Non
3162 3718 3323 3774 enim
3356 3716 3652 3789 propheta

1996 3828 2217 3885 fallitur
2231 3824 2451 3879 dicens:
2469 3816 2601 3875 Nisi
2614 3812 3123 3876 credideritis,non
3138 3803 3649 3875 intelligetistlsai.

2000 3934 2097 3980 vn,
2131 3916 2205 3985 9).
2238 3910 2454 3981 thuia
2479 3906 2621 3961 nisi1
2657 3909 2715 3959 ut
2747 3901 3055 3958 crederent
3084 3913 3205 3954 non
3229 3892 3649 3985 projamﬁde-

1997 3983 2177 4069 libus,
2205 4002 2308 4057 sed
2322 3998 2520 4055 adhuc
2534 4010 2637 4066 pro
2652 3985 3226 4047 inﬁdelibusJudeeis
3241 3983 3651 4052 orabatApos-

1999 4096 2173 4159 tolus,
2206 4083 2705 4164 quandodicebat
2729 4097 2741 4132 :
2759 4080 3025 4142 Fratres,
3053 4076 3202 4131 bona
3217 4074 3507 4164 uoluntas
3522 4069 3650 4164 qui-

1997 4185 2129 4240 dem
2157 4159 2350 4237 cordis
2361 4175 2494 4243 mei,
2510 4169 2907 4241 etdeprecatio
2930 4167 3009 4222 ad
3021 4166 3205 4221 Deum
3219 4163 3400 4233 ﬁtpro
3412 4159 3535 4215 illis
3564 4159 3655 4213 in-

1997 4274 2248 4329 satutem
2283 4268 2547 4339 (Rom.x,
2564 4263 2617 4334 1)
2636 4277 2648 4327 ;
2670 4257 2902 4332 proillis
2925 4253 3163 4319 scilicet,
3184 4252 3286 4325 qui
3312 4249 3655 4306 occiderant

2001 4361 2315 4422 Christum,
2348 4354 2451 4428 qui
2483 4358 2502 4388 ²
2534 4349 2797 4423 proiecto
2820 4347 2999 4401 istum
3025 4357 3287 4415 quoque,
3318 4340 3363 4392 si
3387 4342 3652 4409 potestas

1999 4451 2256 4513 daretur,
2289 4441 2644 4501 occiderent.
2665 4438 2777 4491 Pro
2796 4432 3079 4506 qualibus
3096 4435 3151 4484 et
3170 4428 3476 4490 Dominus,
3510 4440 3649 4479 cum

2001 4542 2270 4611 pendens
2300 4530 2640 4588 irrideretur
2671 4526 2838 4596 (Luc.
2878 4536 3039 4584 χχιιι,
3073 4520 3182 4586 34),
3217 4521 3272 4571 et
3298 4516 3508 4570 beatus
3530 4514 3650 4567 Ste-

2062 4703 2075 4733 ¹
2103 4699 2178 4747 Ita
2208 4694 2324 4746 cod.
2359 4693 2546 4742 Gottw.
2574 4688 2746 4739 Editio
2774 4698 2902 4734 vero
2927 4681 3247 4749 Viennensis
3281 4677 3478 4749 omittit
3504 4676 3616 4749 nisi
3636 4690 3654 4737 ;

2003 4745 2225 4813 forsitan
2252 4759 2429 4806 minus
2444 4756 2602 4803 recte.
2618 4752 2712 4800 Hic
2725 4749 2865 4799 enim
2889 4745 3145 4813 nisiideni
3162 4745 3650 4813 sonatacuonnisi:

2004 4806 2250 4885 ex—e'n‘ipla
2282 4819 2445 4885 habes
2479 4815 2901 4885 apud‘au‘c‘tores
2918 4808 3219 4885 purissimae
3252 4806 3552 4885 latinitatis;

2064 4865 2545 4935 ἶῖίέἶῖοᾶίῦὸὶῑικῗ.
2586 4880 2649 4924 At
2700 4875 2832 4923 Edd.
2868 4865 3214 4935 subsequen,
3250 4882 3392 4931 quem
3428 4865 3652 4935 profecto

2064 4890 2081 4919 ²
2107 4888 2183 4935 lta
2211 4885 2328 4933 cod.
2356 4885 2545 4929 Gottw.
2586 4885 2649 4924 At
2702 4885 2832 4923 [900.
2868 4885 3214 4981 suuscquen.,
3250 4885 3392 4931 quem
3428 4885 3652 4935 pra/egw

2004 4951 2090 4999 isti
2107 4965 2120 4996 :
2136 4958 2412 5012 perperam
2431 4955 2564 5012 ;pon
2580 4938 2961 5012 enim‘aitA‘ug.
2982 4933 3225 5012 inlidel‘egs
3246 4928 3655 5012 glAIQED-(FACDEIIS;

2141 4986 2412 5059 35333113;
2432 4986 2683 5053 VfUissesi
2707 5000 2827 5048 data
2864 4986 3055 5046 fuisset
3098 4995 3227 5057 ipsis
3249 4986 3529 5063 potestas“;
3554 4986 3655 5059 ‘sed

2004 5050 2694 5128 indagiwovccviso—ChriSto,
2715 5050 3177 5128 Paulumquoqne
3194 5050 3463 5128 occisuros
3494 5050 3657 5128 fuisse

2005 5114 2523 5187 BYQEZYeBiﬁFibxie
2573 5114 2825 5190 prohibiti
2878 5114 3146 5190 fuissent:
3201 5132 3261 5190 ac
3308 5114 3658 5190 nihilomipus

2006 5176 2865 5264 apostolump-roludaaisprasse,
2884 5186 3158 5264 nimirum,
3176 5185 3233 5230 ut
3252 5176 3658 5264 moirgs‘u-p'ditur:

2044 5241 2453 5324 ﬂ'éitiizieuiic
2518 5241 2929 5324 Domipus,_cum
2969 5247 3199 5324 pendens
3258 5241 3583 5291 irridentur,
3616 5241 3661 5285 et

2044 5279 2099 5311 ro
2126 5279 2362 5324 quatiam
2410 5279 2453 5305 ει
2518 5279 2785 5322 υυυηηισο)
2819 5279 2929 5298 vuln
2969 5279 3195 5315 ponunt-'11

2004 5279 2179 5375 gratus
2212 5320 2514 5382 Stephanus,
2537 5330 2645 5364 cum
2668 5314 3003 5376 lapidaretur,
3031 5310 3217 5356 oravit.

2068 5384 2341 5446 (a)Forte.
2378 5394 2620 5446 qua.
2821 5437 2868 5446 η
3046 5434 3103 5446 Μ
3156 5431 3211 5446 Μ,
3271 5431 3313 5446 Α
3373 5424 3448 5446 __,

2071 5425 2140 5510 ἰόἱ
2173 5425 2515 5510 ὺέὗὸοῖἶά
2544 5441 2646 5490 litt.
2689 5440 2779 5488 lib.
2815 5437 2891 5490 to,
2925 5447 3016 5482 nn.
3045 5434 3121 5487 32,
3155 5431 3232 5484 35,
3266 5431 3317 5477 et
3369 5425 3524 5490 epist.
3561 5425 3654 5472 202

2008 5511 2194 5563 altera,
2226 5509 2381 5560 n.20.
2918 5561 2925 5563 λ
3008 5555 3020 5563 .
3149 5553 3186 5563 ,η
3230 5553 3239 5562 .
3280 5556 3289 5563 .
3358 5551 3393 5563 ..
3431 5551 3442 5563 .
3560 5550 3593 5563 ..

2071 5549 2473 5635 iclEpistTﬁL
2501 5580 2560 5619 n.
2601 5565 2661 5614 44
2696 5578 2706 5621 ;
2739 5566 2791 5612 et
2810 5561 2955 5611 cont.
2992 5555 3125 5605 duas
3149 5553 3318 5617 Epist.
3358 5551 3535 5615 Pelag.
3560 5549 3653 5599 lib.

2010 5639 2138 5699 t,n.
2176 5635 2257 5685 11.
