4098 6166
559 152 661 207 791

558 280 817 353 phanus,
867 295 1005 336 cum
1070 277 1433 349 lapidaretur
1484 276 1631 348 (Act.
1693 292 1788 343 vu,
1831 277 1942 348 59),
1994 275 2207 334 oravit.

638 371 862 426 CAPUT
894 368 982 422 Ill.
1017 398 1082 407 —
1111 372 1162 422 5.
1191 366 1445 421 Istorum
1499 382 1640 421 sane
1678 365 2029 430 infidelium,
2060 380 2212 437 quos

560 459 651 515 vel
668 456 941 519 Gentiles,
958 455 1048 509 vel
1058 455 1186 525 jam
1206 454 1383 524 vulgo
1400 455 1613 510 usitato
1628 454 1922 510 vocabulo
1940 454 2212 523 Paganos

562 547 863 620 appellare
876 546 1627 617 consuevimus,quoniam
1652 545 1773 600 duo
1802 550 2209 614 suntgenera;

562 651 748 691 unum
782 649 1014 700 eorum,
1048 634 1150 706 qui
1191 635 1662 705 superstitiones,
1690 650 1841 706 quas
1865 634 1944 705 (a)
1980 638 2209 705 putant,

563 723 907 779 Christiana:
937 722 1208 792 religioni
1240 728 1612 795 anteponunt
1645 740 1657 787 ;
1702 723 1955 778 alterum
1981 737 2211 785 eorum,

561 817 661 886 qui
692 812 857 867 nullo
887 812 1189 880 religionis
1220 813 1461 867 nomine
1492 812 1755 867 obstricti
1788 816 1926 866 sunt
1957 827 1969 876 ;
2006 827 2113 882 ego
2152 810 2213 865 in

560 903 924 975 quibusdam
958 900 1143 965 libris,
1178 917 1331 973 quos
1370 901 1443 956 de
1468 900 1708 955 Civitate
1740 902 1839 956 Dei
1863 899 2211 971 praenotavi,

562 1007 823 1065 quorum
838 990 915 1044 ad
934 1006 1040 1044 vos
1053 990 1327 1044 existimo
1350 990 1476 1060 jam
1495 990 1833 1061 pervenisse
1847 990 2140 1051 notitiam,
2161 994 2216 1043 et

562 1097 820 1153 quorum
837 1080 1033 1135 adhuc
1051 1079 1334 1152 reliquos,
1362 1080 1406 1133 si
1430 1081 1716 1134 Dominus
1735 1080 1999 1143 voluerit,
2021 1078 2217 1133 absol-

563 1170 788 1224 vendos
818 1169 874 1223 in
913 1168 1126 1223 mediis
1153 1168 1301 1222 meis
1325 1167 1820 1240 occupationibus
1851 1168 2082 1232 molior,
2116 1168 2217 1222 ad-

561 1258 1306 1330 versusprimumistorum
1341 1273 1527 1327 genus
1550 1258 1713 1330 quod
1753 1258 2071 1330 Apostolus
2112 1273 2217 1313 no-

563 1353 663 1414 tat,
696 1347 797 1402 ubi
838 1347 999 1410 dicit,
1038 1348 1176 1413 Quae
1206 1349 1515 1403 immolant
1545 1352 1762 1418 gentes,
1797 1347 2118 1412 daemoniis,
2163 1354 2215 1402 et

558 1454 678 1494 non
697 1439 810 1494 Deo
838 1438 1205 1508 immolant(l
1232 1437 1361 1492 Cor.
1392 1439 1586 1509 x,20);
1618 1438 1898 1502 velcerte,
1927 1437 2027 1492 ubi
2053 1438 2215 1501 dicit,

564 1529 895 1584 Coluerunt
952 1534 1004 1582 et
1062 1528 1393 1582 servierunt
1452 1533 1747 1583 creaturae
1785 1528 1982 1595 potius
2038 1542 2217 1597 quam

567 1618 1036 1685 CreatoritRom.
1070 1633 1103 1681 ι,
1135 1618 1225 1688 25)
1261 1634 1274 1681 ;
1308 1618 1514 1672 decem
1545 1617 1849 1673 volumina
1884 1634 1999 1673 non
2030 1634 2219 1689 parva

566 1706 814 1773 confeci,
846 1721 1104 1778 quorum
1145 1708 1339 1777 priora
1370 1707 1638 1778 quinque
1670 1707 1801 1761 illos
1828 1707 2215 1777 redarguunt,

566 1796 663 1868 qui
691 1800 931 1866 propter
952 1795 1406 1866 adipiscendam
1425 1795 1513 1849 vel
1537 1796 2219 1853 retinendamhumana-

563 1900 701 1939 rum
744 1899 943 1939 rerum
974 1884 1145 1939 istam
1172 1888 1467 1939 terrenam
1500 1885 2013 1957 temporalemque
2044 1885 2220 1941 felici-

564 1976 769 2036 tatem,
801 1986 923 2027 non
956 1972 1136 2026 unius
1169 1972 1391 2026 summi
1442 1980 1495 2027 et
1535 1975 1677 2038 veri,
1733 1974 1836 2029 sed
1891 1974 2219 2030 multorum

564 2061 815 2116 deorum
830 2060 1056 2116 cultum
1075 2061 1469 2116 necessarium
1488 2077 1617 2116 esse
1634 2064 2219 2119 contendunt.Poste-

564 2150 723 2205 riora
739 2165 879 2205 vero
911 2149 1027 2205 alia
1054 2152 1325 2221 quinque
1341 2156 1548 2206 contra
1576 2151 1706 2207 illos
1726 2157 1883 2217 sunt,
1914 2153 2015 2224 qui
2035 2168 2096 2207 se
2117 2152 2216 2208 ad-

565 2254 774 2293 versus
814 2238 1133 2293 salutarem
1163 2239 1501 2294 doctrinam
1549 2240 1833 2295 tumidius
1876 2245 1931 2296 et
1955 2241 2218 2296 inﬂatius

566 2326 933 2391 extollentes,
967 2327 1044 2382 ad
1072 2327 1523 2394 beatitudinem,
1557 2345 1693 2400 quae
1710 2330 2011 2401 posthanc
2034 2331 2217 2385 vitam

567 2421 861 2487 speratur,
892 2415 1067 2470 etiam
1103 2431 1208 2486 per
1233 2416 1581 2471 daemonum
1615 2419 2058 2491 multorumque
2080 2420 2217 2475 deo-

563 2519 699 2560 rum
732 2504 956 2559 cultum
999 2504 1343 2559 existimant
1388 2508 1716 2575 pervenire.
1749 2508 1854 2562 Ubi
1904 2514 1959 2562 et
1991 2508 2217 2564 nobiles

565 2608 774 2648 eorum
836 2592 1177 2663 philosophi
1226 2593 1285 2646 in
1319 2593 1507 2647 tribus
1552 2594 1644 2648 his
1674 2595 1756 2665 (b)
1793 2596 2077 2667 quinque,
2113 2598 2216 2653 sed

568 2681 790 2735 ultimis
822 2680 1009 2745 libris,
1035 2680 1380 2736 refelluntur
1420 2697 1455 2737 a
1486 2684 1678 2737 nobis.
1710 2686 2002 2741 Caeteriab
2028 2687 2216 2742 unde-

566 2770 722 2824 cimo
750 2775 895 2840 quot
926 2785 1054 2824 esse
1088 2771 1815 2845 potuerint,quorumjam
1836 2775 2213 2843 tresabsolvi,

563 2862 845 2929 quartum
869 2859 926 2912 in
958 2860 1237 2914 manibus
1264 2860 1481 2925 habeo,
1508 2878 1578 2916 ea
1610 2878 1743 2934 quae
1762 2879 1865 2917 nos
1883 2864 1956 2919 de
1974 2864 2216 2921 Civitate

563 2946 663 3001 Dei
691 2952 961 3002 tenemus
988 2953 1043 3002 et
1072 2948 1391 3012 credimus,
1446 2951 1834 3006 continebunt
1869 2969 1881 3018 ;
1912 2970 1983 3008 ne
2023 2956 2217 3009 aliena

563 3036 983 3091 tantummodo
999 3037 1270 3100 refutare,
1291 3053 1409 3093 non
1425 3039 1600 3093 etiam
1619 3046 1823 3096 nostra
1844 3042 1899 3095 in
1917 3042 2027 3097 hoc
2040 3059 2215 3114 Opere

562 3138 827 3179 asserere
854 3125 1113 3179 voluisse
1146 3125 1480 3181 videamur.
1505 3128 1614 3183 Iste
1634 3134 1833 3184 autem
1850 3136 1980 3201 post
2008 3132 2213 3187 decem

562 3217 833 3283 quartus,
864 3214 1145 3285 idemque
1160 3214 1337 3269 totius
1364 3217 1559 3287 operis
1588 3226 1836 3288 quartus
1868 3219 2214 3276 decimusli-

560 3302 686 3366 ber,
718 3302 767 3356 si
788 3302 1077 3357 Dominus
1110 3303 1379 3368 voluerit,
1401 3305 1691 3361 enodatas
1715 3307 1958 3363 habebit
1984 3325 2212 3379 omnes,

559 3406 714 3460 quas
751 3391 893 3446 mihi
942 3392 1337 3462 proposuistis
1368 3394 1425 3447 in
1460 3400 1649 3449 vestra
1708 3396 1976 3467 epistola,
2023 3415 2215 3470 quaes-

560 3480 770 3534 tiones.

630 3567 683 3621 6.
699 3568 880 3622 Porro
894 3583 1029 3622 cum
1046 3567 1229 3624 altero
1256 3569 1585 3625 inﬁdelium
1600 3586 1835 3640 genere,
1850 3574 1951 3646 qui
1981 3576 2065 3631 vel
2092 3576 2209 3633 vim

561 3655 787 3710 nullam
813 3670 943 3711 esse
969 3656 1234 3713 divinam
1256 3660 1524 3726 credunt,
1543 3660 1630 3715 vel
1647 3660 1723 3715 ad
1744 3678 1874 3717 eam
1891 3680 1983 3718 res
1998 3664 2207 3721 huma-

559 3758 670 3798 nas
697 3744 984 3814 pertinere
1010 3761 1131 3801 non
1159 3747 1426 3813 credunt,
1454 3750 1652 3804 nescio
1681 3757 1878 3806 utrum
1912 3769 2109 3809 sermo
2135 3754 2212 3810 sit

558 3830 875 3888 habendus
922 3834 996 3889 de
1027 3836 1229 3907 aliqua
1259 3840 1591 3907 quaestione
1638 3840 1904 3910 pietatis;
1934 3845 2210 3914 quamvis

558 3936 681 3977 non
702 3922 820 3978 fere
836 3940 869 3994 q
882 3925 1156 3995 uisquam
1184 3926 1398 3981 nostris
1416 3928 1869 4001 temporibus(c)
1888 3934 2211 4003 reperiatur

557 4010 641 4066 ita
672 4010 905 4075 stultus,
938 4012 1041 4082 qui
1063 4013 1142 4068 vel
1169 4013 1225 4066 in
1255 4014 1431 4069 corde
1446 4033 1553 4070 suo
1579 4016 1774 4072 dicere
1801 4020 2049 4077 audeat:
2078 4023 2209 4078 Non

559 4105 636 4154 est
665 4101 818 4155 Deus
850 4099 1028 4169 (Psal.
1055 4117 1178 4165 xm,
1214 4103 1287 4171 1).
1323 4103 1404 4157 Illi
1438 4108 1636 4159 autem
1658 4106 1755 4161 alii
1791 4109 1946 4164 stulti
1975 4126 2091 4167 non
2106 4112 2208 4166 de-

562 4193 697 4241 sunt
724 4188 825 4258 qui
856 4188 1132 4254 dixerint,
1159 4191 1292 4246 Non
1309 4192 1527 4247 videbit
1547 4196 2027 4266 Dominus(Psal.
2052 4217 2206 4267 xcui,

559 4274 615 4346 7)
644 4291 659 4340 ;
691 4274 750 4330 id
778 4280 883 4340 est,
910 4276 1347 4347 providentiam
1380 4296 1552 4336 suam
1586 4283 1645 4337 in
1666 4282 1793 4338 haec
1823 4290 2055 4342 terrena
2089 4304 2207 4344 non

556 4365 744 4419 tendit
774 4364 879 4436 (ά).
913 4366 1335 4422 Verumtamen
1375 4370 1433 4423 in
1466 4369 1558 4424 his
1591 4370 1773 4439 libris,
1804 4389 1955 4446 quos
1988 4376 2121 4431 volo
2148 4382 2210 4433 ut

554 4451 713 4522 legat
756 4453 1023 4509 Charitas
1060 4460 1274 4519 vestra,
1309 4458 1451 4512 dum
1486 4458 1557 4529 (e)
1590 4461 1802 4516 asserit
1840 4462 2053 4518 Civitas
2087 4466 2205 4531 Dei,

554 4558 676 4598 non
709 4542 902 4598 solum
918 4559 1043 4599 esse
1072 4547 1276 4611 Deum,
1296 4547 1461 4617 quod
1484 4550 1952 4606 naturainsitum
1973 4553 2060 4607 vix
2089 4554 2207 4610 ulla

555 4645 825 4702 unquam
849 4633 1133 4697 exstirpat
1172 4634 1450 4705 impietas
1490 4638 1628 4701 ;sed
1664 4639 1843 4694 etiam
1878 4656 2074 4697 rerum
2099 4642 2206 4698 hu-

552 4734 871 4775 manarum
900 4736 1105 4776 curam
1135 4738 1336 4791 gerere
1355 4724 1431 4779 ab
1460 4726 1591 4796 ipsa
1618 4727 1983 4785 institutione
2017 4731 2205 4787 homi-

552 4822 699 4863 num
760 4824 949 4880 usque
980 4810 1057 4866 ad
1084 4810 1520 4869 beatiﬁcandos
1557 4818 1749 4888 justos
1798 4835 1933 4874 cum
1966 4822 2203 4891 Angelis

611 4972 681 5038 (a)
718 4970 885 5038 Eorte,
916 4985 1079 5038 quam
1104 4974 1283 5038 magni
1313 4978 1523 5038 putant.

634 5033 681 5093 b)
720 5033 892 5100 Forte,
928 5033 1119 5100 horum
1151 5033 1414 5100 quinque.

632 5099 673 5157 ε)
717 5097 889 5161 Serm.
927 5099 1004 5154 69,
1028 5112 1147 5161 cap.
1169 5097 1215 5147 ‘2
1245 5097 1400 5151 num.
1438 5102 1483 5150 3.

610 5161 683 5220 (ἀ)
716 5160 887 5218 Forte,
921 5175 1027 5210 non
1065 5160 1292 5212 intendit
1325 5164 1427 5212 :ita
1443 5178 1604 5212 serm.
1633 5166 1710 5221 69,
1741 5180 1791 5219 c.
1828 5168 1874 5222 2,
1909 5170 2029 5225 n.3,
2061 5170 2198 5219 idem

548 5228 927 5283 argumentum
961 5228 1213 5279 tractans,
1245 5226 1345 5275 ait:
1371 5244 1395 5271 «ι
1428 5226 1728 5277 Oculumin
1770 5234 1817 5277 te
1844 5244 1949 5278 non
1971 5231 2200 5282 intendit

549 5299 574 5327 α
610 5298 766 5349 suum
796 5288 887 5349 qui
924 5287 1047 5335 fecit
1079 5289 1277 5337 tuum?
1304 5304 1327 5332 π

612 5348 681 5419 (εἰ),
707 5347 781 5395 Ex
798 5347 991 5419 vetusti
1013 5351 1209 5419 codicis
1232 5352 1369 5419 notis
1404 5351 1731 5419 fugientibus
1749 5368 1881 5419 quas
1907 5354 2195 5419 legentium

547 5409 685 5483 oculi
710 5413 1053 5483 assequinon
1082 5417 1345 5483 poterant,
1379 5409 1561 5483 vocem
1586 5416 1706 5462 dum
1736 5409 2033 5483 conﬂatam
2078 5435 2197 5469 esse

546 5481 668 5539 quin
700 5475 892 5519 mirum
932 5475 985 5539 in
1018 5475 1238 5523 modum
1282 5478 1579 5526 orationem
1604 5478 1805 5527 cruciat
1830 5493 1890 5528 ac
1912 5480 2195 5539 deformat,

546 5529 763 5639 2:13:13?
812 5536 1148 5596 suspicantes
1184 5544 1406 5589 censent
1458 5539 1770 5603 legendum,
1811 5543 1943 5603 quod
1996 5529 2197 5607 quidem

1841 148 1900 204 S.
1943 145 2319 204 AUGUSTINI
2360 144 2686 202 EPISCOPI
3815 152 3905 207 792

2320 273 2563 338 sanctis,
2598 276 2652 328 et
2679 272 3062 329 damnandos
3101 272 3319 346 impios
3366 288 3505 329 cum
3549 273 3762 345 angelis
3782 275 3917 332 mali-

2321 365 2474 433 gnis,
2494 364 2540 418 si
2565 365 2717 418 Deus
2742 362 3013 429 voluerit,
3052 368 3109 419 et
3137 363 3363 435 quibus
3404 362 3653 419 voluerit
3679 364 3918 421 credibile

2322 452 2441 508 ﬁet.

2390 547 2441 595 7.
2470 544 2595 596 Non
2617 541 2817 613 itaque
2843 541 3082 597 ulterius
3105 542 3413 598 oneranda
3435 546 3525 597 est
3549 542 3671 597 hinc
3696 542 3917 613 epistola,

2320 630 2707 686 dilectissimi.
2741 632 3022 687 Ubienim
3052 632 3297 703 speretis
3321 647 3423 704 per
3451 631 3821 687 ministerium
3844 647 3923 686 no-

2323 724 2511 775 strum
2538 735 2717 775 nosse
2743 721 2907 792 quod
2936 719 3129 785 vultis,
3152 720 3296 775 satis
3321 720 3584 775 diximus
3617 736 3629 786 ;
3656 723 3709 774 et
3724 720 3923 775 eosdem

2319 807 2526 873 libros,
2554 808 2599 862 si
2632 808 2903 863 nondum
2933 808 3190 873 habetis,
3226 813 3289 864 ut
3327 809 3549 865 habere
3580 808 3819 880 possitis,
3846 824 3925 879 per

2323 902 2598 952 sanctum
2643 898 2883 953 fratrem
2916 902 2972 952 et
3013 896 3578 970 compresbyterum
3624 913 3805 952 meum
3836 898 3924 952 Fir-

2324 1002 2489 1041 mum
2516 987 2621 1057 (a),
2647 987 2747 1059 qui
2769 1002 2873 1042 vos
2897 986 3150 1042 multum
3173 986 3382 1056 diligit,
3412 986 3709 1057 nobisque
3728 985 3928 1054 diligen-

2324 1074 2434 1130 tius
2467 1075 2774 1140 intimavit,
2814 1081 2877 1130 ut
2924 1080 3135 1131 vestrm
3169 1081 3388 1131 mutate
3432 1075 3727 1130 dilectioni
3754 1076 3928 1147 gratias

2323 1170 2480 1236 agat,
2516 1179 2624 1237 pro
2655 1170 2869 1220 nostrae
2894 1164 3194 1220 tenuitatis
3236 1164 3517 1219 facultate
3544 1164 3875 1219 curavimus.

2638 1292 2725 1345 DE
2756 1291 2991 1346 EPISTO
3003 1291 3089 1345 LA
3130 1289 3661 1354 SUBSEQUENTE.

2689 1416 2819 1487 (LIB.
2852 1432 2889 1471 ιι
2920 1430 3213 1483 ammon,
3242 1430 3365 1471 CAP.
3396 1413 3623 1483 XLVIII.)

2395 1542 2613 1598 Eodem
2651 1547 2908 1608 tempore
2934 1540 3150 1609 scripsi
3174 1540 3351 1596 etiam
3383 1539 3607 1594 librum
3635 1537 3704 1595 de
3733 1537 3932 1594 Correo-

2327 1632 2480 1687 tione
2515 1631 2984 1695 Donatistarum,
3012 1637 3258 1699 propter
3284 1644 3376 1685 eos
3404 1629 3510 1700 qui
3539 1627 3806 1683 nolebant
3832 1628 3933 1681 illos

2328 1720 2550 1791 legibus
2582 1719 2991 1788 imperialibus
3024 1718 3265 1790 corrigi.
3294 1719 3410 1773 Hic
3443 1718 3596 1773 liber
3622 1716 3705 1772 sic
3726 1716 3934 1786 incipit:

2327 1828 2355 1859 ‹‹
2392 1811 2613 1875 Laudo,
2637 1816 2691 1865 et
2721 1810 3020 1880 gratulor,
3054 1815 3106 1865 et
3133 1808 3420 1863 admiror.
3464 1828 3488 1857 ι)

2570 1936 2657 1989 DE
2688 1934 3123 1990 COBRECTION
3136 1935 3171 1987 E
3205 1932 3737 1989 DONATlSTARUM

3040 2060 3261 2128 LIBER,

3101 2178 3200 2217 SEU

2751 2287 3083 2343 EPISTOLA
3114 2288 3382 2343 CLXXXV
3413 2288 3428 2302 '
3457 2287 3564 2358 (b).

2323 2411 2692 2482 Augustinus
2722 2411 3038 2477 Bonifacio
3061 2411 3325 2481 (tribuno
3349 2426 3423 2466 ac
3445 2411 3679 2467 demum
3706 2408 3877 2465 comiti
3888 2409 3932 2461 in

2394 2500 2627 2569 Africa,
2645 2515 2717 2556 ea:
2730 2500 2897 2568 epist.
2922 2499 3074 2570 2'20),
3100 2506 3576 2556 commonstrans
3588 2499 3682 2554 illi
3705 2500 3933 2553 Donatis-

2396 2596 2595 2645 tarum
2616 2589 2878 2645 haeresim
2905 2589 3060 2645 nihil
3084 2589 3301 2645 habere
3318 2604 3632 2645 commune
3648 2604 3767 2643 cum
3790 2588 3933 2640 Aria-

2396 2694 2497 2743 na,
2526 2684 2580 2735 et
2612 2694 2729 2750 qua
2752 2679 3156 2734 moderatione
3179 2693 3288 2748 per
3323 2684 3547 2734 metum
3583 2679 3761 2748 legum
3794 2676 3934 2743 impe-

2394 2768 2640 2823 rialium
2669 2768 2934 2823 haeretici
2964 2773 3202 2835 possunt
3232 2768 3313 2823 ad
3336 2768 3622 2823 Ecclesia
3649 2766 3930 2820 societatem

2394 2856 2599 2913 reduci
2620 2875 2639 2911 :
2665 2857 2960 2911 nonnulla
2980 2857 3051 2911 de
3068 2856 3526 2912 Donatistarum
3550 2860 3605 2913 et
3631 2854 3933 2911 Circumcel-

2396 2948 2619 3001 lionum
2664 2945 3053 3009 immanitate,
3087 2960 3158 3001 ac
3185 2952 3487 3014 postremo
3539 2946 3613 3001 de
3653 2949 3864 3011 peccato
3886 2942 3930 2993 in

2393 3035 2682 3103 Spiritum
2722 3041 2989 3090 sanctum
3034 3050 3153 3090 non
3181 3034 3562 3090 remittendo.
3619 3034 3764 3089 Idem
3792 3045 3931 3100 argu-

2393 3130 2653 3179 mentum
2684 3124 2964 3179 tractam’t
2992 3124 3054 3178 in
3086 3123 3336 3192 epistola
3367 3127 3459 3179 93.

2395 3212 2623 3268 CAPUT
2655 3214 2939 3269 PRIMUM.
2968 3244 3036 3253 —
3070 3215 3118 3266 1.
3145 3212 3368 3277 Laudo,
3401 3219 3458 3269 et
3486 3211 3762 3282 gratulor,
3788 3213 3835 3263 et
3858 3206 3932 3261 ad-

2322 3302 2524 3369 miror,
2558 3300 2641 3355 ﬁli
2690 3301 3071 3356 dilectissime
3105 3300 3390 3368 Bonifaci,
3428 3300 3595 3373 quod
3627 3300 3767 3355 inter
3792 3311 3929 3352 curas

2320 3390 2614 3445 bellorum
2656 3395 2713 3445 et
2762 3406 3091 3453 armorum,
3121 3390 3513 3446 vehementer
3564 3387 3842 3444 desideras
3879 3400 3929 3439 ea

2320 3495 2495 3533 nosse
2516 3495 2651 3549 quae
2687 3479 2783 3533 Dei
2816 3485 2972 3534 sunt.
3007 3482 3146 3534 Vere
3170 3479 3310 3534 hinc
3338 3484 3392 3534 te
3422 3484 3672 3550 apparet
3703 3478 3854 3532 etiam
3876 3473 3929 3528 de

2319 3570 2453 3640 ipsa
2503 3568 2717 3623 virtute
2750 3567 3008 3636 militari,
3043 3568 3181 3623 ﬁdei
3213 3568 3437 3623 servire
3470 3584 3655 3640 quam
3698 3564 3861 3622 habes
3884 3563 3926 3615 in

2320 3657 2566 3713 Christo.
2603 3659 2669 3713 Ut
2702 3673 2843 3726 ergo
2876 3657 3133 3712 breviter
3161 3658 3464 3713 insinuem
3510 3654 3799 3712 Dilectioni
3824 3658 3924 3713 tute,

2323 3746 2472 3801 inter
2492 3746 2847 3801 Arianorum
2873 3752 2928 3800 et
2952 3747 3394 3802 Donatistarum
3416 3746 3565 3818 quid
3585 3745 3792 3801 intersit
3810 3755 3928 3795 erro

2318 3848 2465 3896 rem,
2501 3834 2701 3889 Ariani
2732 3835 2939 3899 Patris,
2969 3841 3024 3890 et
3045 3835 3194 3899 Filii,
3215 3841 3272 3890 et
3294 3835 3555 3907 Spiritus
3578 3833 3755 3889 sancti
3779 3832 3925 3885 diver-

2319 3938 2415 3977 sas
2442 3923 2809 3979 substantias
2831 3938 2958 3978 esse
2981 3924 3188 3978 dicunt
3215 3943 3228 3982 :
3268 3924 3591 3979 Donatistae
3622 3928 3807 3978 autem
3835 3932 3925 3974 non

2317 4011 2431 4066 hoc
2458 4011 2682 4077 dicunt,
2718 4011 2821 4067 sed
2853 4028 3038 4067 unam
3073 4012 3372 4067 Trinitatis
3406 4010 3795 4068 substantiam
3821 4020 3926 4063 con-

2321 4101 2579 4155 ﬁtentur.
2614 4102 2681 4154 Et
2705 4101 2754 4155 si
2787 4100 2968 4172 aliqui
2996 4102 3261 4172 ipsorum
3296 4102 3588 4157 minorem
3618 4099 3806 4156 Filium
3830 4108 3927 4151 esse

2322 4189 2598 4244 dixerunt
2628 4206 2810 4261 quam
2840 4191 3011 4245 Pater
3037 4195 3140 4255 est,
3171 4190 3443 4261 ejusdem
3479 4196 3675 4245 tamen
3701 4187 3927 4241 substan-

2329 4278 2419 4332 tiae
2441 4293 2556 4332 non
2584 4284 2912 4347 negarunt:
2944 4278 3179 4349 plurimi
3211 4295 3348 4334 vero
3374 4280 3434 4334 in
3458 4280 3540 4334 eis
3558 4278 3670 4333 hoc
3689 4291 3747 4329 se
3765 4274 3930 4329 dicunt

2318 4366 2566 4421 omnino
2594 4368 2832 4422 credere
2862 4367 2935 4422 de
2966 4368 3134 4423 Patre
3163 4374 3219 4423 et
3242 4368 3379 4424 Filio
3409 4372 3466 4424 et
3489 4368 3702 4438 Spiritu
3737 4367 3927 4419 sancto,

2317 4455 2480 4525 quod
2514 4455 2806 4510 catholica
2836 4456 3018 4510 credit
3068 4457 3344 4512 Ecclesia.
3379 4459 3495 4512 Nec
3538 4456 3665 4527 ipsa
3694 4468 3815 4509 cum
3842 4446 3928 4503 illis

2317 4544 2557 4598 vertitur
2584 4546 2834 4615 quaestio
2866 4562 2879 4611 ;
2912 4546 3016 4600 sed
3055 4545 3129 4601 de
3158 4546 3286 4601 sola
3333 4544 3748 4600 communione
3777 4536 3929 4595 infeli-

2316 4634 2457 4687 citer
2504 4633 2756 4703 litigant,
2788 4640 2842 4689 et
2894 4642 3103 4689 contra
3145 4635 3431 4689 unitatem
3466 4633 3670 4690 Christi
3718 4624 3926 4684 rebelles

2316 4721 2655 4777 inimicitias
2696 4723 3074 4794 perversitate
3119 4723 3208 4778 sui
3263 4723 3475 4779 erroris
3531 4721 3807 4777 exercent.
3832 4712 3926 4768 Ali-

2314 4811 2561 4883 quando
2592 4818 2812 4882 autem,
2844 4812 2994 4867 sicut
3024 4812 3386 4879 audivimus,
3424 4810 3692 4867 nonnulli
3720 4823 3785 4863 ex
3809 4803 3923 4875 ipsis

2376 4987 2405 5018 ⁸
2442 4988 2498 5035 In
2536 4987 2693 5050 hujus
2717 4988 3027 5037 recensione
3051 4986 3228 5036 collati
3249 4988 3441 5034 sunta.
3475 4985 3562 5047 bg.
3596 4980 3662 5032 bl.
3690 4980 3775 5029 bn.
3804 4989 3841 5024 c.
3862 4984 3920 5021 cc.
4054 4986 4055 5081 ‘

2401 5064 2428 5081 η
2486 5049 2598 5081 nu:
2653 5065 2674 5081 ο
2720 5054 2733 5081 ι
2777 5065 2838 5081 ιη.
2880 5051 2987 5081 ιιι-η
3011 5050 3072 5081 ειη
3109 5050 3400 5081 animum"
3454 5050 3541 5081 Am
3586 5044 3685 5081 Rari
3734 5038 3919 5081 Er-Lov.

2314 5048 2367 5098 ῙΪ-
2398 5064 2449 5110 g-
2476 5038 2622 5159 gini:
2653 5065 2695 5097 s.
2720 5054 2754 5098 t.
2777 5065 2855 5099 vc.
2880 5051 2987 5099 duo
3010 5050 3346 5122 sb.quinque
3373 5064 3419 5095 ν.
3450 5038 3561 5096 Atii.
3585 5044 3703 5094 Bad.
3734 5038 3919 5108 Erlov.

2376 5114 2442 5159 tm
2517 5127 2700 5159 mnus.
2738 5112 2802 5159 de
2850 5128 2957 5159 quo
3002 5113 3101 5159 hic.
3135 5111 3257 5159 Afer
3303 5114 3447 5159 erat:
3476 5124 3595 5158 eum
3630 5105 3919 5159 Augustinus

2376 5105 2442 5171 (ἆ)
2476 5105 2700 5165 Firmus,
2738 5112 2802 5161 de
2850 5128 2957 5176 quo
3002 5113 3101 5167 hic,
3127 5105 3275 5161 'Afer'
3303 5114 3447 5176 erat:
3476 5124 3595 5176 eum
3630 5105 3919 5176 A08“,9U,"“_§

2313 5164 2526 5224 summa
2546 5164 2779 5225 amicitia
2805 5164 3277 5230 complectebatur.
3310 5174 3652 5222 Monasticam
3675 5164 3859 5230 agebat,
3884 5172 3916 5230 ξι

2313 5191 2526 5224 summa
2546 5191 2779 5225 amicula
2805 5191 2921 5224 com
2970 5191 3277 5224 merebatur.
3310 5191 3652 5222 monasticam
3675 5191 3859 5230 agnum,
3884 5191 3911 5205 αι

2312 5239 2490 5304 tamen
2516 5240 2570 5304 is
2589 5243 2683 5304 est
2712 5239 2912 5304 dequo
2932 5191 3308 5304 Eiieronymus
3332 5235 3396 5285 ad
3429 5233 3768 5304 Augustinu‘m
3787 5226 3911 5304 θξζξῗξ·

2311 5301 2364 5347 8t
2399 5315 2409 5363 ς
2438 5302 2526 5362 qui
2555 5291 2862 5363 aliquandiu
2892 5315 3013 5350 cum
3041 5291 3228 5363 eodem
3252 5291 3590 5363 Hieronymo,
3622 5291 3913 5363 Paula.

2311 5348 2503 5417 tochio,
2533 5368 2581 5411 ct
2605 5348 2720 5411 aliis
2743 5348 2941 5411 sanctis
2968 5362 3271 5411 Bethlchem
3297 5348 3649 5410 commoratus
3677 5356 3763 5403 est.
3793 5348 3911 5417 Οβιζίθ

2308 5412 2642 5474 Conversatio
2683 5425 2796 5487 ejus
2832 5441 2893 5473 cx
2947 5426 3044 5473 hac
3078 5426 3211 5487 ipsa,
3250 5438 3345 5472 nec
3395 5436 3497 5471 non
3548 5434 3607 5469 ex
3640 5417 3722 5464 248
3765 5412 3908 5473 θρίδίη

2309 5488 2610 5551 confirmari
2644 5488 2845 5536 allatum
2881 5491 3071 5551 potest.
3138 5550 3143 5551 γ
3195 5550 3199 5551 ν
3571 5545 3579 5551 _
3657 5541 3667 5551 ι
3764 5531 3853 5551 JH

2371 5532 2609 5613 {binas
2634 5532 3101 5613 Ed‘FEfﬁm‘ﬁh'tEm
3129 5550 3217 5597 185
3248 5551 3378 5605 erat,
3407 5558 3543 5595 nunc
3570 5545 3619 5591 in
3644 5532 3905 5603 Appendice

2307 5614 2451 5661 esti.
2486 5612 2693 5675 Scripta
2725 5612 2865 5663 circa
2894 5628 2980 5662 an.
3014 5613 3122 5661 417.
