4098 6166
228 161 345 219 793

224 287 501 343 volentes
534 285 648 343 sibi
671 286 890 343 Gothos
916 285 1252 352 conciliare,
1281 286 1528 359 quando
1558 302 1659 342 eos
1682 284 1887 340 vident

225 376 461 448 aliquid
513 391 710 447 posse,
742 376 948 431 dicunt
976 375 1092 431 hoc
1121 392 1183 431 se
1238 376 1473 431 credere
1525 374 1687 448 quod
1724 378 1780 429 et
1812 373 1891 428 illi

228 466 508 522 credunt.
546 465 657 521 Sed
681 465 981 536 majorum
1000 481 1249 521 suorum
1274 467 1623 521 auctoritate
1645 464 1893 520 convin-

226 558 485 620 cuntur;
509 554 651 627 quia
682 570 791 609 nec
819 556 1081 609 Donatus
1111 554 1240 625 ipse
1267 554 1349 609 sic
1380 554 1702 609 credidisse
1735 568 1892 608 asse-

223 643 397 707 ritur,
429 642 503 698 de
533 643 704 714 cujus
735 647 900 715 parte
932 658 995 697 se
1027 659 1158 699 esse
1181 643 1528 713 gloriantur.

300 771 355 823 '2.
386 771 515 825 Non
539 773 591 824 te
608 773 810 825 autem
840 770 951 825 ista
971 769 1351 836 conturbent,
1382 768 1460 823 ﬁli
1484 767 1885 823 dilectissime.

228 859 489 913 Haereses
519 857 679 913 enim
710 864 766 914 et
792 859 1079 915 scandala
1103 858 1303 914 futura
1329 857 1617 931 praedicta
1639 861 1797 925 sunt,
1830 861 1891 911 ut

226 946 672 1002 interinimicos
698 948 1079 1018 erudiamur;
1107 963 1174 1003 ac
1200 947 1284 1002 sic
1312 952 1366 1003 et
1398 946 1548 1003 ﬁdes
1576 950 1632 1002 et
1652 946 1889 1003 dilectio

228 1042 441 1091 nostra
465 1037 649 1108 possit
670 1052 795 1091 esse
821 1036 1126 1108 probatior
1154 1052 1166 1089 :
1192 1036 1342 1091 ﬁdes
1364 1037 1584 1107 utique,
1610 1052 1682 1091 ne
1710 1036 1787 1091 ab
1805 1036 1888 1091 eis

226 1124 610 1197 decipiamur
642 1141 655 1192 ;
689 1126 923 1181 dilectio
955 1131 1176 1190 autem,
1222 1132 1284 1181 ut
1315 1126 1494 1181 etiam
1528 1125 1672 1197 ipsis
1707 1125 1887 1181 corri-

226 1214 461 1285 gendis,
487 1219 784 1286 quantum
810 1231 1158 1286 possumus,
1184 1215 1571 1271 consulamus
1600 1233 1611 1284 ;
1645 1230 1765 1271 non
1798 1231 1889 1269 so-

225 1303 356 1359 lum
378 1304 665 1359 instantes
692 1319 766 1358 ne
797 1304 1049 1359 inﬁrmis
1079 1312 1355 1369 noceant,
1384 1309 1562 1375 atque
1599 1310 1660 1359 ut
1690 1304 1769 1360 ab
1801 1320 1889 1359 er-

226 1408 363 1448 rore
391 1392 618 1448 nefario
652 1394 995 1460 liberentur,
1022 1394 1129 1449 sed
1164 1394 1345 1450 etiam
1381 1398 1617 1449 orantes
1647 1409 1756 1465 pro
1778 1393 1883 1459 eis,

228 1486 296 1536 ut
329 1484 559 1552 aperiat
586 1481 1006 1539 Dominusillis
1024 1499 1286 1548 sensum,
1308 1489 1363 1539 et
1390 1483 1718 1553 intelligant
1737 1482 1886 1539 Scri-

226 1575 459 1641 pturas.
484 1570 632 1637 Quia
662 1572 720 1626 in
739 1571 962 1627 sanctis
994 1571 1185 1629 Libris
1207 1572 1305 1627 ubi
1337 1572 1748 1628 manifestatur
1769 1571 1883 1627 Do-

223 1661 424 1715 minus
447 1660 729 1721 Christus.
759 1661 839 1715 ibi
865 1667 921 1716 et
946 1661 1075 1732 ejus
1101 1661 1363 1716 Ecclesia
1383 1661 1752 1719 declaratur:
1789 1660 1882 1716 isti

220 1753 428 1805 autem
442 1749 703 1805 mirabili
735 1751 1016 1815 caecitate,
1040 1767 1178 1805 cum
1212 1754 1413 1822 ipsum
1430 1750 1723 1806 Christum
1739 1766 1882 1822 prae-

221 1843 312 1893 ter
342 1839 675 1910 Scripturas
702 1839 989 1904 nesciant,
1014 1840 1143 1909 ejus
1177 1843 1374 1894 tamen
1409 1839 1729 1894 Ecclesiam
1760 1854 1880 1895 non

217 1926 569 1982 divinarum
602 1928 950 1983 Litterarum
980 1929 1324 1984 auctoritate
1351 1935 1746 1998 cognoscunt,
1776 1928 1877 1983 sed

216 2015 631 2071 humanarum
648 2015 1088 2073 calumniarum
1115 2020 1375 2073 vanitate
1397 2016 1769 2087 conﬁngunt.

296 2146 347 2198 3.
380 2143 728 2209 Agnoscunt
758 2142 1073 2198 nobiscum
1110 2144 1408 2199 Christum
1449 2144 1507 2198 in
1526 2159 1596 2199 eo
1615 2144 1775 2215 quod
1804 2143 1879 2198 le-

216 2231 399 2302 gitur,
426 2232 728 2287 Foderunt
762 2248 973 2288 manus
1008 2247 1164 2288 meas
1196 2236 1245 2286 et
1274 2233 1444 2302 pedes
1467 2248 1619 2288 meos
1658 2233 1879 2302 ;dinu-

215 2328 603 2376 meraverunt
628 2321 827 2377 omnia
867 2336 997 2376 ossa
1033 2336 1181 2377 mea.
1212 2322 1338 2390 Ipsi
1378 2336 1509 2377 vero
1554 2321 1880 2378 considera-

217 2416 437 2465 verunt
477 2417 530 2465 et
560 2417 998 2479 conspexerunt
1034 2425 1125 2466 me
1154 2428 1172 2475 ;
1203 2410 1535 2466 diviserunt
1567 2411 1682 2466 sibi
1711 2412 1873 2468 vesti.

217 2505 425 2554 menta
436 2514 585 2563 mae,
610 2504 854 2567 etsuper
879 2506 1089 2556 vestem
1115 2515 1301 2557 meam
1326 2501 1874 2558 miseruntsortem:

216 2592 281 2642 et
321 2587 530 2644 nolunt
573 2603 897 2657 agnoscere
953 2588 1276 2644 Ecclesiam
1318 2590 1377 2644 in
1420 2606 1490 2645 eo
1544 2589 1707 2662 quod
1744 2595 1877 2662 post

217 2676 853 2749 paululumsequitur,
890 2678 1524 2735 Commemorabuntur
1553 2686 1604 2736 et
1636 2695 1876 2736 conver-

218 2771 427 2823 tentur
457 2768 538 2824 ad
578 2768 896 2823 Dominum
927 2768 1187 2824 universi
1212 2770 1357 2836 ﬁnes
1391 2773 1565 2825 terrae
1595 2787 1614 2834 ;
1640 2776 1693 2826 et
1743 2769 1875 2825 ado-

216 2856 447 2912 rabunt
472 2857 534 2912 in
552 2858 869 2924 cbnspectu
890 2860 1017 2926 eius
1045 2858 1334 2913 universae
1351 2859 1566 2927 patriae
1587 2861 1870 2929 gentium:

216 2945 503 3016 quoniam
533 2946 771 3001 Domini
808 2953 890 3003 est
931 2963 1200 3017 regnum,
1243 2951 1295 3002 et
1323 2950 1443 3016 ipse
1474 2947 1876 3004 dominabitur

215 3034 478 3106 gentium
516 3036 703 3102 (Psal.
746 3051 866 3099 XXI,
917 3041 996 3099 l7,
1034 3039 1116 3102 18,
1157 3039 1238 3101 l9,
1273 3038 1359 3101 28,
1384 3036 1495 3107 29).
1530 3041 1875 3107 Agnoscunt

217 3123 543 3179 nobiscum
589 3124 884 3180 Christum
912 3125 971 3179 in
1016 3140 1086 3181 eo
1116 3125 1281 3198 quod
1312 3125 1546 3195 legitur,
1589 3126 1874 3182 Dominus

214 3212 371 3269 dixit
400 3214 481 3269 ad
509 3228 616 3279 me,
640 3214 831 3269 Filius
865 3229 1022 3269 meus
1048 3230 1104 3270 es
1129 3221 1214 3279 tu,
1247 3229 1351 3285 ego
1371 3215 1543 3271 hodie
1570 3218 1751 3285 genui
1776 3221 1829 3271 te
1858 3233 1873 3269 :

215 3308 275 3357 et
292 3302 501 3357 nolunt
523 3318 848 3373 agnoscere
870 3302 1193 3359 Ecclesiam
1211 3302 1272 3357 in
1296 3319 1366 3358 eo
1394 3303 1560 3375 quod
1584 3305 1872 3376 sequitur,

215 3392 462 3447 Postuta
489 3408 521 3445 a
542 3406 644 3455 me,
672 3398 718 3446 et
741 3392 894 3447 dabo
926 3392 1032 3447 tibi
1053 3398 1255 3462 gentes
1282 3392 1686 3449 hereditatem
1707 3401 1869 3450 tuam

215 3481 877 3550 etpossessionemtuam
901 3480 1186 3538 terminos
1200 3486 1377 3537 terrae
1400 3482 1587 3553 (Psat.
1624 3498 1682 3549 ιι,
1707 3484 1760 3549 7,
1794 3484 1871 3555 8).

212 3571 563 3639 Agnoscunt
591 3569 905 3625 nobiscum
936 3570 1230 3626 Christum
1253 3570 1310 3625 in
1348 3586 1418 3626 eo
1439 3572 1744 3643 quodipse
1767 3575 1873 3628 Do-

219 3660 419 3714 minus
450 3660 509 3713 in
544 3658 860 3728 Evangelio
886 3659 1164 3731 loquitur,
1200 3660 1515 3729 Oportebat
1569 3662 1870 3719 Christum

216 3748 366 3817 pati,
399 3754 453 3804 et
480 3763 790 3818 resurgere
832 3763 868 3803 a
909 3752 1154 3803 mortuis
1195 3751 1343 3805 teria
1386 3750 1479 3806 die
1507 3770 1526 3807 :
1577 3755 1633 3806 et
1665 3750 1875 3807 nolunt

217 3852 545 3905 agnoscere
579 3837 898 3892 Ecclesiam
929 3838 988 3892 in
1019 3853 1089 3892 eo
1118 3839 1279 3910 quod
1314 3840 1601 3911 sequitur,
1639 3848 1691 3895 et
1719 3856 1871 3909 prae-

216 3926 408 3982 dicari
452 3926 511 3980 in
537 3929 775 3982 nomine
802 3928 932 3996 ejus
961 3928 1357 3995 pcenitentiam
1398 3936 1449 3984 et
1475 3929 1870 3985 remissionem

212 4021 591 4081 peccatorum
623 4030 732 4084 per
752 4030 950 4071 omnes
978 4022 1201 4086 gentes,
1235 4016 1645 4087 incipientibus
1677 4018 1752 4073 ab
1780 4018 1873 4075 Je-

212 4106 473 4159 rusalem
502 4104 663 4175 (Luc.
695 4120 849 4168 xxnv,
878 4105 968 4168 46,
1002 4107 1112 4176 47).
1148 4108 1212 4161 Et
1245 4105 1708 4162 innumerabilia
1737 4112 1873 4163 sunt

214 4194 558 4248 testimonia
574 4193 883 4249 Librorum
898 4200 1233 4250 sanctorum
1247 4210 1379 4267 quae
1393 4197 1451 4250 iu
1468 4196 1631 4251 hunc
1652 4195 1870 4251 librum

213 4285 518 4337 coarctare
548 4297 668 4338 non
707 4282 906 4337 debui.
943 4282 1006 4337 In
1035 4283 1258 4354 quibus
1289 4284 1439 4339 sicut
1467 4290 1718 4356 apparet
1755 4286 1871 4340 Do-

213 4371 414 4425 minus
463 4370 746 4439 Christus,
779 4371 900 4426 sive
948 4371 1282 4428 secundum
1331 4372 1699 4429 divinitatem
1749 4390 1870 4446 qua

211 4459 461 4531 aequalis
493 4466 578 4515 est
616 4461 790 4526 Patri,
818 4460 920 4531 qui
950 4460 1012 4515 in
1032 4461 1328 4530 principio
1359 4468 1488 4518 erat
1517 4463 1791 4527 Verbum,
1814 4469 1867 4519 et

223 4548 474 4604 Verbum
504 4555 630 4605 erat
669 4549 834 4618 apud
867 4550 1068 4620 Deum,
1119 4558 1170 4606 et
1217 4552 1369 4606 Deus
1399 4555 1528 4607 erat
1572 4552 1867 4621 Verbum,-

210 4638 335 4692 sive
363 4637 698 4693 secundum
728 4644 1018 4708 susceptae
1067 4639 1263 4694 carnis
1293 4640 1713 4707 humilitatem,
1746 4656 1869 4714 qua

222 4725 473 4782 Verbum
487 4742 624 4782 caro
636 4729 862 4797 factum
893 4733 990 4792 est,
1016 4734 1067 4784 et
1096 4728 1384 4785 habitavit
1404 4729 1467 4785 in
1491 4730 1651 4785 nobis
1668 4730 1863 4801 (Joan.

207 4830 247 4880 1,
291 4820 334 4879 l,
374 4816 457 4884 14)
492 4832 504 4870 :
539 4816 623 4870 sic
653 4822 905 4886 apparet
934 4816 1115 4871 etiam
1168 4816 1300 4887 ejus
1332 4817 1611 4883 Ecclesia,
1647 4833 1767 4873 non
1802 4819 1861 4873 in

210 4902 339 4958 sola
360 4902 575 4969 Africa,
600 4904 749 4959 sicut
781 4904 873 4959 isti
904 4905 1426 4976 impudentissima
1454 4906 1706 4962 vanitate
1724 4906 1862 4962 deli-

206 4996 367 5059 rant,
392 4992 496 5048 sed
529 4997 652 5049 toto
668 4993 812 5049 orbe
842 4999 1127 5049 terrarum
1156 4992 1398 5049 diffusa.

281 5120 333 5172 4.
366 5117 741 5173 Testimoniis
773 5117 931 5173 enim
955 5117 1170 5173 divinis
1196 5118 1324 5175 lites
1346 5135 1486 5176 suas
1516 5120 1862 5193 praeferunt,

205 5205 423 5278 quiain
450 5222 635 5262 causa
660 5206 955 5263 Caeciliani
987 5208 1298 5280 quondam
1325 5210 1594 5265 Ecclesiae
1624 5209 1864 5268 Cartha-

206 5293 476 5365 ginensis
508 5296 795 5368 episcopi,
821 5296 914 5351 cui
939 5297 1190 5353 crimina
1220 5298 1723 5372 objeceruutquae
1756 5315 1863 5357 nec

204 5389 527 5456 potuerunt
551 5384 807 5455 probare
840 5400 947 5440 nec
979 5391 1247 5457 possunt,
1282 5404 1341 5443 se
1374 5388 1450 5443 ab
1480 5388 1730 5444 Ecclesia
1767 5406 1863 5445 ca-

205 5472 452 5538 tholica,
486 5473 599 5529 hoc
631 5478 737 5536 est,
767 5474 843 5529 ab
878 5475 1100 5531 unitate
1126 5476 1395 5532 omnium
1428 5477 1717 5547 gentium,
1772 5478 1863 5534 di-

206 5568 432 5617 serunt.
459 5563 743 5627 Quamvis
773 5564 886 5618 etsi
903 5580 1041 5620 vera
1062 5569 1409 5637 essentqum
1435 5566 1512 5621 ab
1526 5569 1609 5621 eis
1626 5566 1861 5636 objecta

204 5656 347 5707 sunt
379 5650 708 5717 Caeciliano,
734 5658 788 5709 et
826 5654 1001 5710 nobis
1026 5659 1270 5726 possent
1290 5654 1619 5727 aliquando
1642 5667 1853 5713 mons-

1504 154 2012 215 EPISTOLARUM
2051 155 2339 215 CLASSIS
2368 161 2390 217 Ι
2401 161 2470 217 [Ι.

3548 171 3653 228 794

1997 285 2158 351 trari,
2176 285 2374 358 ipsum
2381 289 2508 361 jam
2526 295 2831 350 mortuum
2849 293 3506 353 anathematizaremus
3523 297 3603 369 (a)
3633 317 3646 357 :

2000 375 2102 430 sed
2135 380 2330 433 tamen
2379 380 2700 437 Ecclesiam
2732 384 2961 449 Christi,
3013 400 3150 457 quas
3202 400 3321 440 non
3370 385 3647 457 litigiosis
3742 454 3745 461 ,

1998 465 2386 535 opinionibus
2430 469 2695 540 ﬁngitur,
2737 472 2842 528 sed
2899 473 3117 528 divinis
3166 475 3648 532 attestationibus

1998 556 2445 626 comprobatur,
2503 566 2745 632 propter
2781 561 3113 633 quemlibet
3158 562 3492 635 relinquere
3526 580 3648 621 non

1997 643 2289 700 debemus
2322 662 2335 711 ;
2370 647 2511 717 quia
2544 648 2773 704 bonum
2804 656 2889 706 est
2918 651 3220 707 conﬁdere
3263 651 3323 706 in
3374 653 3647 720 Domino,

1995 748 2181 804 quam
2214 734 2512 791 conﬁdere
2537 736 2598 792 in
2637 737 2880 794 homine
2920 740 3100 811 (Psat.
3133 757 3303 805 cxvu,
3334 740 3408 812 8).
3447 741 3649 813 Neque

1996 823 2176 889 enim,
2210 824 2374 896 quod
2402 825 2528 881 sine
2558 826 2775 898 injuria
2804 828 3159 884 innocentiae
3190 829 3346 884 illius
3375 830 3649 900 dixerim,

1997 911 2044 965 si
2077 913 2340 983 peccavit
2358 913 2727 981 Caecilianus,
2743 916 2878 972 ideo
2891 917 3300 974 hereditatem
3332 934 3504 974 suam
3516 933 3650 991 per-

1994 999 2146 1055 didit
2171 1002 2452 1058 Christus.
2490 1004 2678 1060 Facile
2703 1005 3056 1075 esthomini,
3086 1022 3187 1061 seu
3219 1022 3375 1073 vera,
3404 1023 3507 1063 seu
3532 1007 3647 1063 fal-

1997 1105 2067 1144 sa
2104 1090 2179 1145 de
2208 1093 2395 1148 altero
2420 1092 2665 1149 homine
2696 1095 2935 1150 credere
2963 1111 2977 1162 ;
3015 1095 3119 1150 sed
3139 1095 3651 1168 scelerataeimpu-

1994 1178 2211 1235 (lentiae
2250 1186 2360 1245 est,
2410 1187 2652 1253 propter
2702 1184 2954 1240 crimina
3002 1185 3285 1251 hominis,
3329 1201 3463 1257 quae
3513 1185 3645 1240 orbi

1995 1271 2285 1325 terrarum
2332 1286 2451 1327 non
2512 1274 2704 1342 possis
2755 1274 3070 1330 ostendere
3104 1290 3118 1340 ;
3152 1274 3644 1330 communionem

1993 1356 2154 1412 orbis
2187 1364 2476 1415 terrarum
2508 1360 2657 1416 velle
2686 1363 2999 1419 damnare.

2065 1452 2114 1502 5.
2150 1449 2353 1503 Utrum
2371 1450 2765 1506 Caecilianusa
2784 1452 3163 1508 traditoribus
3177 1452 3515 1508 divinorum
3534 1453 3645 1508 Co-

1990 1535 2192 1591 dicum
2227 1537 2399 1592 fuerit
2437 1538 2764 1605 ordinatus,
2798 1541 2999 1596 nescio
3047 1556 3060 1607 ;
3093 1556 3213 1596 non
3247 1541 3383 1605 vidi,
3418 1541 3495 1596 ab
3526 1541 3641 1596 ini-

1991 1626 2159 1680 micis
2191 1625 2321 1696 ejus
2346 1626 2545 1682 audivi
2599 1651 2610 1682 :
2647 1644 2767 1683 non
2795 1630 2939 1684 mihi
2971 1629 3045 1685 de
3074 1629 3226 1701 Lege
3262 1629 3381 1696 Dei,
3417 1644 3537 1684 non
3567 1630 3641 1683 de

1990 1716 2290 1785 praeconio
2322 1716 2767 1787 Prophetarum,
2798 1733 2919 1773 non
2950 1717 3023 1772 de
3042 1719 3351 1774 sanctitate
3374 1717 3644 1773 Psalmo-

1989 1819 2144 1869 rum,
2175 1820 2296 1859 non
2329 1804 2403 1859 de
2430 1805 2715 1876 Apostolo
2744 1805 2982 1875 Christi,
3012 1822 3133 1861 non
3165 1806 3239 1862 de
3290 1807 3496 1862 Christi
3524 1806 3643 1862 elo-

1987 1892 2131 1962 quio
2154 1895 2450 1948 recitatur.
2501 1893 2821 1949 Ecclesiam
2851 1909 2989 1950 vero
3024 1898 3145 1950 toto
3177 1898 3467 1949 terrarum
3493 1893 3641 1950 orbe

1986 1980 2288 2046 diffusam,
2318 1982 2411 2037 cui
2435 1997 2552 2037 non
2568 1983 2976 2038 communicat
2989 1999 3125 2054 pars
3148 1983 3379 2047 Donati,
3410 1983 3641 2038 univer-

1987 2086 2189 2126 sarum
2205 2072 2648 2142 Scripturarum
2672 2071 3014 2127 testimonia
3045 2086 3308 2127 consona
3342 2086 3486 2127 voce
3505 2086 3641 2142 pro-

1986 2158 2267 2214 clamant.
2299 2161 2370 2214 In
2401 2160 2617 2216 semine
2645 2166 2741 2214 tuo
2765 2160 3181 2216 benedicentur
3202 2176 3399 2216 omnes
3418 2166 3635 2230 gentes,

1986 2249 2102 2304 Lex
2136 2250 2232 2303 Dei
2255 2248 2396 2304 dixit
2417 2249 2582 2319 (Gen.
2610 2265 2772 2315 xxvr,
2792 2250 2866 2316 4).
2900 2250 2989 2305 Ab
3010 2257 3145 2305 ortu
3176 2251 3314 2305 solis
3346 2265 3529 2321 usque
3558 2249 3640 2306 ad

1982 2354 2273 2404 occasum,
2306 2340 2667 2407 sacriﬁcium
2682 2339 2967 2395 mundum
3000 2340 3255 2409 offertur
3267 2340 3486 2395 nomini
3511 2353 3637 2395 meo

1983 2428 2259 2499 quoniam
2291 2428 2686 2498 gloriﬁcatum
2702 2434 2780 2484 est
2813 2442 3021 2484 nomen
3052 2443 3245 2484 meum
3273 2429 3331 2484 in
3367 2427 3637 2499 gentibus

1982 2532 2089 2588 per
2118 2517 2470 2588 Prophetam
2506 2516 2796 2573 Dominus
2817 2516 2959 2572 dixit
2989 2516 3272 2583 (Malacli.
3317 2536 3352 2583 ι,
3384 2518 3495 2590 11).
3527 2517 3639 2573 Do-

1981 2605 2304 2662 minabitur
2329 2623 2365 2662 a
2394 2607 2549 2663 mari
2580 2621 2761 2677 usque
2785 2605 2858 2662 ad
2886 2622 3069 2671 mare,
3113 2612 3164 2662 et
3197 2622 3231 2662 a
3259 2606 3512 2676 ﬂumine
3540 2622 3640 2662 us-

1981 2712 2091 2768 que
2111 2697 2192 2752 ad
2221 2696 2497 2752 terminos
2521 2696 2676 2751 orbis
2702 2701 3020 2759 terrarum,
3048 2711 3154 2767 per
3183 2695 3488 2751 Psalmum
3523 2696 3639 2751 Do-

1982 2786 2179 2840 minus
2211 2784 2356 2840 dixit
2377 2786 2559 2855 (Psal.
2588 2801 2737 2850 Lxxi,
2768 2784 2843 2857 8).
2867 2785 3265 2852 Fructiﬁcans
3288 2790 3343 2842 et
3373 2798 3638 2843 crescens

1980 2876 2042 2930 in
2067 2874 2341 2929 universo
2371 2873 2610 2939 mundo,
2640 2888 2745 2944 per
2787 2872 3138 2945 Apostolum
3185 2874 3472 2929 Dominus
3497 2874 3639 2930 dicit

1981 2963 2226 3035 (Cotoss.
2264 2982 2299 3031 ι,
2332 2963 2406 3033 6).
2439 2963 2623 3018 Erilis
2650 2962 2798 3018 mihi
2824 2968 2988 3017 testes
3017 2962 3078 3017 in
3104 2964 3458 3031 Jerusalem,
3490 2971 3543 3020 et
3572 2963 3635 3020 in

1983 3060 2101 3109 tota
2132 3053 2361 3121 Iudaea,
2393 3060 2445 3109 et
2470 3054 2535 3108 id
2562 3052 2856 3123 Samaria,
2887 3061 2939 3109 et
2972 3054 3150 3123 usque
3182 3054 3241 3108 in
3269 3056 3407 3123 lines
3439 3060 3631 3125 terrae,

1985 3143 2162 3199 Filius
2193 3142 2294 3197 Dei
2329 3158 2431 3198 ore
2456 3158 2566 3197 suo
2590 3141 2736 3198 dixit
2765 3141 2920 3213 (Act.
2953 3157 2990 3208 ι,
3023 3141 3101 3213 8).
3136 3142 3489 3198 Cmcilianus
3529 3144 3636 3198 Ec-

1981 3231 2176 3287 clesiaa
2220 3231 2700 3301 Carthaginensis
2733 3231 3055 3303 episcopus
3104 3229 3389 3287 humanis
3430 3230 3634 3288 litibus

1981 3327 2299 3376 accusatur
2331 3337 2344 3375 :
2377 3320 2634 3376 Ecclesia
2664 3320 2874 3377 Christi
2921 3322 2983 3375 in
3014 3319 3297 3376 omnibus
3353 3320 3634 3389 gentibus

1981 3410 2321 3479 constituta,
2350 3409 2561 3465 divinis
2576 3409 2825 3466 vocibus
2854 3409 3487 3481 commendatur.lpsa
3514 3409 3635 3482 pie-

1980 3504 2091 3569 tas,
2122 3500 2353 3566 veritas,
2382 3499 2659 3565 charitas,
2685 3515 2796 3555 nos
2826 3515 2946 3555 non
2976 3499 3485 3571 permittitcontra
3515 3501 3633 3556 Cm-

1980 3588 2266 3646 cilianum
2307 3588 2577 3660 accipere
2616 3588 3045 3651 testimonium,
3082 3604 3235 3660 quos
3267 3588 3325 3643 in
3376 3587 3633 3644 Ecclesia

1979 3693 2101 3733 non
2132 3678 2405 3733 videmus
2423 3678 2518 3733 cui
2550 3679 2702 3732 Deus
2742 3677 3012 3749 perhibet
3043 3677 3449 3735 testimonium
3482 3693 3495 3733 :
3529 3677 3635 3751 qui

1980 3766 2140 3821 enim
2155 3766 2359 3822 divina
2383 3767 2718 3822 testimonia
2744 3782 2867 3821 non
2889 3769 3240 3839 sequuntur,
3268 3767 3508 3838 pondus
3525 3766 3635 3822 hu-

1979 3856 2144 3911 mani
2168 3855 2488 3911 testimonii
2528 3856 2933 3927 perdiderunt.

2052 3945 2275 4000 CAPUT
2307 3947 2370 3999 ll.
2410 3975 2473 3987 -
2501 3944 2553 3999 6.
2587 3944 2757 4000 Addo
2810 3945 2976 4017 quod
3019 3942 3315 4000 Caeciliani
3361 3957 3630 4007 causam,

1978 4033 2096 4105 ipsi
2126 4033 2203 4090 ad
2226 4034 2599 4105 imperatoris
2631 4032 3001 4089 Constantini
3022 4032 3312 4105 judicium
3344 4047 3635 4089 accusan-

1980 4123 2059 4178 do
2092 4124 2375 4179 miserunt
2418 4122 2588 4192 ;imo
2631 4138 2774 4179 vero
2813 4123 3014 4195 ipsum
3060 4122 3442 4179 Caecilianum
3497 4126 3635 4194 post

1979 4212 2351 4285 episcopalia
2367 4211 2596 4284 judicia
2614 4212 2716 4283 (b),
2737 4211 2839 4268 ubi
2861 4228 3001 4267 eum
3024 4211 3365 4283 opprimere
3386 4226 3508 4268 non
3527 4228 3633 4285 po-

1979 4305 2240 4369 tuerunt,
2264 4302 2341 4357 ad
2371 4301 2695 4374 supradicti
2726 4301 3101 4374 imperatoris
3141 4316 3415 4370 examen,
3447 4301 3633 4373 perti-

1976 4392 2310 4447 nacissimis
2343 4391 2856 4463 persecutionibus
2896 4390 3321 4462 perduxerunt.
3355 4391 3419 4445 Et
3461 4390 3628 4461 quod

1977 4480 2037 4535 in
2069 4480 2243 4535 nobis
2276 4480 2457 4535 modo
2487 4479 2953 4552 reprehendunt,
2987 4483 3050 4534 ut
3092 4478 3393 4549 decipiant
3437 4477 3624 4548 impe-

1975 4569 2136 4634 ritos,
2182 4569 2445 4624 dicentes
2491 4583 2610 4624 non
2642 4568 2860 4624 debere
2899 4566 3253 4623 christianos
3279 4571 3489 4622 contra
3516 4566 3630 4622 ini-

1974 4658 2164 4713 micos
2196 4657 2405 4713 Christi
2436 4657 2664 4729 aliquid
2708 4673 2743 4713 a
2786 4656 3125 4712 christiauis
3157 4655 3626 4729 imperatoribus

1977 4749 2298 4819 postulare,
2339 4747 2452 4818 ipsi
2478 4747 2705 4818 priores
2728 4745 3185 4812 feceruntQuod
3217 4745 3398 4802 etiam
3431 4746 3492 4802 in
3509 4745 3629 4803 col-

1971 4835 2191 4892 latione
2211 4851 2394 4907 quam
2423 4834 2599 4891 simul
2631 4835 2796 4908 apud
2823 4836 3243 4906 Carthaginem
3275 4835 3623 4899 habuimus,

1972 4940 2193 4995 negare
2224 4941 2345 4981 non
2391 4925 2522 4981 ausi
2556 4931 2692 4982 sunt
2724 4943 2737 4978 :
2796 4925 2919 4982 imo
2952 4930 3009 4981 et
3041 4925 3279 4998 gloriari
3326 4925 3455 4981 ausi
3486 4928 3627 4979 sunt

1972 5015 2135 5088 quod
2167 5014 2328 5086 apud
2358 5018 2782 5087 Imperatorem
2813 5016 3074 5088 majores
3104 5029 3313 5071 eorum
3344 5012 3622 5069 crimina-

1973 5104 2102 5160 liter
2128 5104 2505 5160 Caecilianum
2529 5104 3009 5161 fuerintinsecuti
3034 5123 3047 5172 ;
3076 5101 3623 5175 insuperaddentes

1973 5194 2376 5259 mendacium,
2419 5194 2583 5266 quod
2614 5209 2752 5250 eum
2803 5193 2922 5249 illic
2983 5193 3225 5248 vicerint
3253 5191 3620 5263 fecerintque

1971 5283 2268 5339 damnari.
2285 5283 2600 5351 Quomodo
2611 5298 2753 5354 ergo
2768 5283 2879 5354 ipsi
2895 5297 3015 5338 non
3030 5284 3167 5337 sunt
3185 5285 3621 5354 persecutores,

1970 5373 2073 5444 qui
2104 5389 2242 5427 cum
2268 5374 2613 5429 accusando
2643 5370 2938 5443 persecuti
2971 5369 3087 5426 sint
3130 5369 3535 5438 Caecilianum,
3564 5375 3624 5428 et

2031 5480 2103 5541 (a)
2137 5479 2402 5528 Producta
2424 5479 2525 5528 fuit
2545 5479 2655 5528 haec
2668 5476 2898 5541 epistola
2926 5478 2979 5526 in
3006 5477 3195 5541 quinta
3210 5476 3619 5541 Synodo,collat

1967 5543 2013 5597 5,
2046 5554 2167 5589 cum
2185 5541 2249 5590 de
2266 5542 2541 5591 Theodoro
2572 5541 2947 5605 Mopsuesteno
2978 5544 3241 5605 ageretur,
3269 5544 3618 5605 quaereretur-

1968 5617 2070 5668 que
2106 5616 2173 5668 an
2195 5606 2237 5652 is
2274 5608 2453 5667 posset
2472 5606 2591 5668 post
2621 5603 2825 5668 obitum
2856 5603 3119 5654 damnari.

2032 5666 2102 5729 (ὁ)
2137 5666 2433 5717 Romanum
2462 5666 2511 5717 et
2545 5666 2871 5716 Arelatense.
