4118 6164
523 156 630 213 ⁸195

526 282 606 341 ab
636 298 706 341 eo
744 283 962 341 fuerint
990 283 1271 355 superati,
1302 282 1520 339 falsam
1550 282 1661 341 sibi
1694 283 1942 355 gloriam
1975 281 2171 353 impu-

526 372 873 431 dentissimo
906 372 1218 428 mendacio
1240 387 1520 443 arrogare
1552 374 1866 429 voluerunt
1898 395 1908 438 ;
1941 386 2060 427 non
2080 386 2171 426 so-

525 464 651 521 lum
682 463 921 533 culpam
950 476 1066 516 non
1117 467 1411 533 putantes,
1447 478 1655 518 verum
1710 462 1891 519 etiam
1922 476 2028 533 pro
2062 476 2171 515 sua

524 551 701 608 laude
725 552 1037 621 jactantes,
1071 550 1117 604 si
1151 551 1468 621 probarent
1521 551 1895 607 Caecilianum
1931 548 2171 620 majori-

524 639 641 697 bus
663 638 785 695 suis
814 639 1231 695 accusantibus
1262 640 1445 696 fuisse
1463 640 1820 697 damnatum
1841 637 2173 704 ?Quemad-

526 727 776 784 modum
810 732 1012 783 autem
1064 728 1123 783 in
1156 728 1283 800 ipsa
1312 729 1627 785 collatione
1658 728 1855 785 modis
1885 726 2171 784 omnibus

524 816 659 873 victi
690 816 823 884 sint,
851 817 1142 889 quoniam
1160 818 1331 874 valde
1357 819 1586 891 prolixa
1608 824 1745 874 sunt
1771 817 1967 885 Gesta,
1995 822 2049 873 et
2069 815 2172 872 tibi

525 906 655 963 aliis
702 906 883 962 rebus
940 909 1222 963 Romanas
1276 910 1405 980 paci
1458 908 1806 964 necessariis
1857 912 2169 977 occupato,

528 994 786 1052 multum
803 1000 891 1051 est
917 999 979 1051 ut
1005 995 1297 1068 legantur,
1334 998 1689 1053 Breviarium
1721 998 1801 1068 (a)
1828 1012 2035 1052 eorum
2069 994 2171 1050 tibi

526 1084 641 1156 legi
672 1084 920 1140 forsitan
946 1086 1180 1157 poterit,
1212 1087 1375 1158 quod
1399 1087 1577 1142 credo
1608 1086 1829 1142 habere
1857 1086 2097 1141 fratrem
2119 1088 2175 1139 et

528 1175 951 1245 coepiscopum
994 1190 1195 1230 meum
1238 1176 1517 1246 Optatum
1549 1197 1560 1241 ;
1596 1181 1698 1231 aut
1728 1176 1776 1229 si
1810 1190 1928 1229 non
1970 1172 2169 1237 habet,

528 1268 722 1335 potest
751 1262 1026 1319 facillime
1074 1264 1341 1336 accipere
1373 1265 1446 1319 de
1488 1264 1745 1320 Ecclesia
1796 1262 2100 1319 Sitifensi1
2157 1280 2169 1317 :

526 1352 773 1423 quando
800 1352 1039 1423 quidem
1065 1353 1240 1408 etiam
1275 1353 1544 1409 liberiste
1562 1354 1686 1425 jam
1709 1369 1821 1408 sua
1843 1351 2174 1425 prolixitate

529 1440 687 1497 curis
719 1442 833 1495 tuis
860 1440 1105 1496 forsitan
1138 1454 1422 1497 onerosus
1448 1449 1558 1499 est.

599 1536 652 1584 7.
688 1532 805 1585 Hoc
826 1529 985 1585 enim
1006 1531 1247 1601 contigit
1268 1532 1603 1595 Donatistis,
1628 1531 1793 1604 quod
1814 1529 2176 1587 accusatori-

526 1618 641 1675 bus
673 1620 860 1673 sancti
892 1619 1161 1674 Danielis.
1186 1620 1339 1676 Sicut
1359 1620 1519 1675 enim
1539 1621 1597 1675 in
1617 1620 1755 1677 illos
1778 1620 2171 1689 leones(Dan.

527 1722 609 1771 Vi,
643 1707 754 1776 94),
789 1707 873 1762 sic
901 1708 959 1761 in
984 1708 1129 1762 istos
1162 1724 1456 1764 conversae
1484 1714 1620 1765 sunt
1642 1710 1801 1778 leges
1840 1709 2061 1780 quibus
2092 1709 2178 1763 in-

528 1799 843 1851 nocentem
875 1796 1212 1867 opprimere
1239 1797 1547 1852 voluerunt
1571 1814 1585 1863 ;
1617 1798 1725 1853 nisi
1744 1798 1906 1870 quod
1936 1801 2177 1868 propter

531 1884 1004 1941 misericordiam
1036 1885 1263 1950 Christi,
1295 1888 1486 1957 magis
1518 1903 1626 1958 pro
1653 1887 1737 1942 eis
1766 1891 1907 1941 sunt
1948 1886 2073 1941 istae
2100 1886 2173 1942 le-

529 1988 654 2047 ges,
685 1988 822 2045 quae
868 1972 980 2028 illis
1011 1974 1288 2029 videntur
1317 1976 1584 2031 adversm
1617 1993 1629 2031 :
1664 1976 1954 2048 quoniam
2007 1974 2175 2030 multi

529 2077 636 2134 per
673 2061 806 2117 illas
854 2064 1097 2117 correcti
1140 2068 1295 2129 sunt,
1349 2069 1402 2119 et
1441 2064 1706 2135 quotidie
1738 2064 2121 2133 corriguntur
2161 2082 2175 2131 ;

531 2154 588 2207 et
615 2166 676 2206 se
701 2166 832 2207 esse
862 2155 1178 2216 correctos,
1221 2156 1402 2223 atque
1441 2153 1519 2209 ab
1551 2153 1647 2209 illa
1678 2153 1900 2209 furiosa
1917 2152 2177 2225 pernicie

530 2240 813 2297 liberatos
864 2241 1083 2311 gratias
1113 2247 1317 2311 agunt.
1365 2244 1430 2297 Et
1461 2243 1563 2314 qui
1614 2242 1869 2298 oderant
1898 2241 2176 2311 diligunt,

530 2329 935 2401 molestasque
965 2329 1078 2385 sibi
1099 2330 1281 2386 fuisse
1307 2331 1733 2387 saluberrimas
1766 2332 1948 2403 leges,
1994 2346 2181 2403 quan-

532 2423 659 2473 tum
697 2419 757 2473 in
803 2418 1039 2475 insania
1063 2419 1529 2483 detestabantur,
1562 2424 1791 2475 tantum
1825 2427 2061 2492 recepta
2087 2436 2182 2474 sa-

531 2507 714 2563 nitate
767 2506 1142 2575 gratulantur
1192 2524 1205 2573 ;
1253 2514 1310 2562 et
1353 2508 1411 2562 in
1453 2508 1744 2573 residuos,
1782 2524 1919 2563 cum
1960 2509 2180 2581 quibus

532 2596 768 2651 fuerant
787 2593 1048 2664 perituri,
1067 2596 1193 2664 jam
1225 2595 1399 2650 simili
1427 2595 1734 2651 dilectione
1760 2596 2096 2661 nobiscum,
2120 2601 2182 2653 ut

533 2682 751 2755 pariter
782 2683 1074 2739 instemus
1105 2699 1179 2739 ne
1199 2684 1277 2739 illi
1310 2689 1575 2756 pereant,
1600 2686 1951 2740 excitantur.
1986 2686 2183 2743 Moles-

534 2777 631 2827 tus
669 2777 755 2827 est
792 2772 949 2827 enim
1001 2777 1055 2828 et
1106 2788 1215 2829 nos
1258 2774 1428 2828 dicus
1479 2773 1688 2829 furenti
1730 2774 2092 2845 phrenetico.
2127 2779 2183 2831 et

536 2865 704 2933 pater
720 2860 1162 2933 indisciplinato
1186 2862 1305 2918 tilio
1322 2880 1334 2927 ;
1352 2861 1444 2917 ille
1464 2862 1726 2932 ligando,
1743 2864 1847 2918 iste
1865 2864 2179 2929 caedendo;

536 2950 639 3005 sed
661 2950 844 3006 ambo
860 2950 1184 3022 diligendo.
1211 2952 1266 3008 Si
1282 2958 1481 3008 autem
1499 2952 1627 3008 illos
1655 2952 2040 3022 negligant,et
2056 2968 2184 3024 per-

534 3037 616 3095 ire
644 3039 1011 3111 permittant,
1044 3040 1156 3095 ista
1199 3041 1398 3111 potius
1432 3041 1831 3097 mansuetudo
1865 3041 2017 3097 falsa
2050 3058 2185 3097 cru-

535 3128 683 3185 delis
715 3132 823 3184 est.
858 3128 917 3183 Si
948 3128 1108 3183 enim
1136 3144 1328 3200 equus
1353 3132 1412 3184 et
1442 3128 1660 3194 mulus,
1694 3130 1916 3201 quibus
1947 3146 2065 3186 non
2098 3135 2184 3186 est

534 3216 886 3282 intellectus,
922 3217 1220 3273 morsibus
1246 3222 1302 3273 et
1331 3218 1589 3273 calcibus
1619 3219 1898 3274 resistunt
1925 3219 2187 3274 homini-

535 3306 934 3379 busaquibus
948 3322 1153 3362 eorum
1175 3306 1443 3362 curanda
1457 3307 1704 3362 vulnera
1721 3313 2181 3375 contrectantur;

537 3401 593 3452 et
617 3410 754 3451 cum
779 3395 932 3449 inter
960 3394 1167 3449 dentes
1192 3409 1398 3450 eorum
1421 3399 1476 3450 et
1504 3394 1696 3450 calces
1727 3411 1886 3465 saape
1911 3396 2186 3451 homines

536 3482 955 3556 periclitentur,
976 3482 1375 3555 etaliquando
1390 3487 1699 3548 vexentur,
1719 3499 1835 3539 non
1854 3488 2059 3539 tamen
2083 3499 2186 3539 eos

539 3571 837 3636 deserunt,
873 3570 1064 3627 donec
1108 3587 1216 3642 per
1241 3572 1478 3627 dolores
1525 3577 1581 3628 et
1610 3572 1913 3628 molestias
1948 3571 2189 3627 medici-

539 3660 707 3717 nales
734 3664 1012 3716 revocent
1058 3660 1135 3716 ad
1178 3660 1432 3717 salutem
1467 3680 1479 3718 :
1513 3667 1741 3734 quanto
1775 3662 1966 3732 magis
2004 3662 2188 3717 homo

540 3748 893 3813 abhomine,
921 3755 977 3805 et
1004 3749 1445 3815 fraterafratre,
1466 3767 1537 3807 ne
1568 3750 1626 3806 in
1652 3757 1940 3807 aeternum
1966 3756 2184 3822 pereat,

538 3854 662 3895 non
692 3842 779 3895 est
808 3838 1197 3903 deserendus,
1212 3840 1312 3911 qui
1340 3845 1637 3896 correctus
1655 3839 1981 3910 intelligere
1994 3844 2192 3911 potest

537 3933 831 4002 quantum
864 3928 977 3984 sibi
1009 3928 1405 4000 praestabatur
1430 3929 1809 3993 beneﬁcium,
1846 3930 2096 4001 quando
2125 3945 2190 3985 se

538 4018 1013 4090 persecutionem
1046 4018 1263 4089 perpeti
1292 4017 1650 4089 querebatur
1684 4022 1695 4076 l

610 4106 666 4162 8.
701 4106 861 4161 Sicut
889 4120 1029 4173 ergo
1062 4106 1373 4175 Apostolus
1418 4106 1578 4172 dicit,
1611 4106 2031 4176 Infatigabiles,
2062 4122 2188 4163 cum

544 4199 771 4262 tempus
793 4192 1081 4259 habemus,
1097 4209 1395 4262 operemus
1409 4195 1617 4250 bonum
1650 4195 1729 4250 ad
1750 4210 1936 4250 omnes
1966 4195 2187 4263 (Galat.

543 4298 622 4349 vn,
653 4281 741 4355 10)
772 4298 785 4336 :
819 4282 919 4354 qui
939 4287 1207 4354 possunt,
1229 4283 1657 4338 catholicorum
1686 4284 2145 4354 praedicatorum
2172 4289 2191 4319 ⁸

543 4371 923 4427 sermonibus
951 4387 964 4437 ;
998 4372 1099 4444 qui
1116 4377 1383 4444 possunt,
1400 4372 1829 4428 catholicorum
1852 4373 2190 4443 principum

542 4460 807 4531 legibus;
823 4460 1039 4533 partim
1070 4476 1176 4532 per
1191 4476 1294 4517 eos
1310 4461 1412 4533 qui
1428 4462 1638 4517 divinis
1658 4461 1733 4517 ad
1745 4461 2189 4532 monitionibus,

541 4551 760 4623 partim
792 4566 896 4622 per
923 4566 1027 4607 eos
1048 4552 1151 4622 qui
1177 4550 1359 4622 jussis
1380 4550 1787 4623 imperialibus
1811 4556 2042 4623 parent,
2068 4566 2195 4606 om-

543 4654 649 4695 nes
675 4640 753 4696 ad
782 4639 1031 4696 salutem
1074 4644 1376 4706 vocentur,
1410 4656 1621 4696 omnes
1655 4656 1691 4696 a
1723 4640 1986 4713 pernicie
2029 4656 2196 4695 revo-

544 4733 769 4784 centur.
805 4729 954 4793 Quia
997 4735 1054 4783 et
1084 4729 1474 4799 imperatores
1499 4730 1747 4801 quando
1789 4746 1896 4800 pro
1943 4728 2195 4784 falsitate

543 4821 747 4874 contra
773 4817 1074 4872 veritatem
1107 4818 1475 4873 constituunt
1516 4818 1705 4874 malas
1730 4819 1907 4888 leges,
1938 4818 2193 4889 proban-

544 4912 641 4965 tur
666 4906 819 4963 bene
847 4906 1176 4971 credentes,
1201 4907 1636 4962 etconstituunt
1654 4908 1844 4963 malas
1863 4908 2043 4974 leges,
2067 4922 2198 4977 pro-

543 4992 764 5055 b'antur
776 4997 928 5051 bene
951 4994 1256 5051 credentes
1270 5001 1323 5051 et
1342 5003 1704 5051 coronantur
1717 5001 2158 5067 perseverantes
2180 5011 2191 5049 :

543 5086 793 5160 quando
821 5089 1021 5143 autem
1049 5101 1158 5157 pro
1188 5085 1428 5140 veritate
1459 5092 1665 5141 contra
1682 5084 1998 5140 falsitatem
2018 5100 2197 5140 cons-

546 5176 977 5234 tituuntbonas
1004 5175 1184 5247 leges,
1217 5179 1505 5231 terrentur
1548 5175 1875 5239 saevientes,
1924 5180 1980 5228 et
2023 5174 2200 5229 corri-

545 5274 765 5334 guntur
790 5266 1197 5334 intelligentes.
1233 5263 1603 5334 Quicumque
1646 5277 1788 5331 ergo
1834 5262 2062 5332 legibus
2093 5263 2199 5317 iiu-

550 5361 913 5423 peratorum,
968 5370 1105 5427 quae
1161 5359 1369 5410 contra
1412 5353 1714 5408 veritatem
1748 5353 1846 5407 Dei
1910 5353 2198 5417 feruntur,

612 5504 627 5567 ξ
656 5503 810 5567 ξᾴᾀη
842 5502 1101 5555 Sitivenu‘.
1135 5505 1201 5555 At
1230 5504 1354 5554 Mss.
1388 5503 1661 5560 tredecim,
1699 5502 1949 5567 Siti/ensi.

610 5564 629 5637 ξ
842 5573 1232 5637 praeceptorum:
1266 5569 1329 5637 At
1353 5568 1486 5637 Mss.‘
1505 5568 1761 5637 plerique:
1784 5564 2199 5630 praedicatorum.

616 5626 687 5687 (a)
718 5624 1024 5676 Breviculus
1052 5628 1351 5679 collationis
1376 5624 1551 5681 exstat
1578 5624 1708 5682 tom.
1731 5630 1778 5680 7.

1827 155 1887 212 S.
1930 150 2311 211 AUGUSTINI
2350 154 2668 213 EPISCOPI
3781 162 3866 218 796

2281 282 2693 356 obtemperare
2713 298 2837 340 non
2862 282 3004 351 vult,
3036 282 3290 357 acquirit
3317 282 3543 353 grande
3567 283 3842 355 praemium
3868 310 3879 343 :

2281 372 2649 445 quicumque
2680 377 2875 429 autem
2908 373 3141 442 legibus
3173 372 3617 444 imperatorum.
3651 388 3773 444 quae
3798 389 3887 445 pro

2286 462 2382 516 Dei
2415 463 2654 518 veritate
2676 461 2964 530 feruntur,
2980 462 3389 533 obtemperare
3411 476 3529 516 non
3557 461 3690 527 vult,
3723 463 3888 535 acqui-

2281 550 2350 606 rit
2371 551 2595 619 grande
2618 551 3005 623 supplicium.
3035 554 3182 607 Nam
3201 556 3257 606 et
3286 550 3653 620 temporibus
3672 552 3889 622 Prophe-

2284 644 2476 696 tarum
2518 656 2728 697 omnes
2755 655 2921 710 reges
2952 640 3054 713 qui
3096 640 3153 695 in
3188 638 3412 712 populo
3444 639 3541 693 Dei
3575 654 3689 693 non
3729 640 3892 711 prohi-

2282 729 2540 785 buerunt
2568 746 2677 785 nec
2706 733 3042 786 everterunt
3091 746 3227 802 quae
3258 734 3471 784 contra
3511 727 3609 783 Dei
3635 735 3891 801 praseepta

2284 818 2517 874 fuerant
2553 819 2837 885 instituta,
2868 818 3188 890 culpantur
3222 836 3239 889 ;
3273 822 3330 873 et
3359 817 3465 889 qui
3496 816 3894 888 prohibuerunt

2283 913 2338 963 et
2362 912 2712 974 everterunt,
2746 924 2925 980 super
2954 908 3208 963 aliorum
3244 906 3453 962 merita
3483 905 3806 961 laudantur.
3845 910 3895 963 Et

2282 1012 2383 1052 rex
2417 996 2990 1062 Nabuchodonozor,
3024 1012 3165 1052 cum
3187 1012 3394 1051 servus
3435 1000 3590 1050 esset
3615 993 3893 1059 idolorum,

2283 1086 2583 1142 constituit
2614 1085 2963 1155 sacrilegam
3000 1086 3193 1154 legem
3218 1089 3277 1139 ut
3303 1084 3691 1140 simulacrum
3720 1082 3897 1139 adora-

2283 1181 2471 1240 retur;
2501 1175 2606 1229 sed
2630 1176 2761 1245 ejus
2781 1174 2980 1246 impiae
3002 1172 3413 1229 constitutioni
3439 1172 3545 1244 qui
3567 1171 3797 1227 obedire
3817 1187 3901 1227 no-

2281 1265 2539 1330 luerunt,
2570 1265 2664 1336 pie
2685 1263 3055 1336 ﬁdeliterque
3078 1262 3344 1318 fecerunt
3372 1279 3385 1317 :
3410 1260 3571 1316 idem
3594 1264 3782 1315 tamen
3799 1275 3897 1327 rex,

2283 1352 2487 1409 divino
2504 1358 2802 1408 correctus
2818 1352 3125 1416 miraculo,
3152 1351 3315 1423 piam
3343 1355 3401 1406 et
3431 1347 3787 1405 laudabilem
3812 1363 3899 1418 pro

2285 1443 2526 1498 veritate
2552 1443 2870 1506 constituit,
2906 1446 2968 1497 ut
2995 1442 3362 1513 quicumque
3403 1438 3628 1493 diceret
3656 1436 3903 1509 blasphe-

2286 1533 2471 1587 miam
2493 1533 2552 1586 in
2586 1534 2772 1587 Deum
2790 1546 2995 1586 verum
3024 1530 3246 1595 Sidrac,
3278 1529 3477 1592 Misac,
3514 1526 3899 1593 etAbdenago,

2284 1637 2422 1676 cum
2452 1621 2636 1676 domo
2663 1636 2774 1675 sua
2812 1619 3048 1690 penitus
3079 1619 3338 1674 interiret
3375 1618 3561 1688 (Dan.
3594 1631 3673 1683 ιιι,
3714 1620 3761 1680 5,
3804 1613 3899 1684 96).

2286 1713 2445 1765 lianc
2468 1709 2661 1778 legem
2693 1710 2744 1764 si
2769 1708 2872 1780 qui
2903 1712 3413 1779 contempserunt,
3448 1712 3507 1761 et
3534 1704 3593 1759 id
3626 1703 3779 1776 quod
3803 1704 3899 1758 fue-

2285 1804 2376 1855 rat
2414 1800 2795 1854 constitutum
2832 1798 3038 1853 merito
3086 1797 3352 1869 perpessi
3385 1800 3550 1859 sunt,
3606 1793 3902 1848 debuerunt

2285 1888 2482 1943 dicere
2503 1887 2667 1960 quod
2694 1888 2791 1943 isti
2822 1887 3046 1951 dicunt,
3081 1902 3141 1941 se
3166 1886 3362 1956 justos
3401 1899 3553 1948 esse,
3582 1882 3721 1955 quia
3750 1898 3811 1938 ex
3838 1881 3896 1935 le-

2286 1992 2357 2047 ge
2397 1977 2553 2046 regis
2580 1976 3053 2048 persecutionem
3084 1973 3470 2046 patiebantur
3502 1989 3516 2026 :
3548 1970 3707 2043 quod
3733 1971 3903 2041 utique

2285 2066 2567 2131 dicerent,
2602 2065 2647 2119 si
2680 2065 2759 2120 ita
2789 2064 3143 2129 insanirent,
3175 2061 3345 2118 sicuti
3375 2062 3467 2116 isti
3503 2059 3797 2115 insaniunt
3820 2058 3901 2129 qui

2286 2154 2561 2210 dividunt
2591 2154 2865 2209 membra
2893 2153 3117 2217 Christi,
3146 2150 3538 2207 etexsut‘ﬂant
3559 2150 3903 2204 Sacramenta

2287 2244 2516 2307 Christi,
2562 2249 2617 2299 et
2647 2242 2721 2298 de
2758 2242 3170 2314 persecutione
3208 2240 3547 2309 gloriantur
3580 2256 3593 2305 ;
3627 2237 3759 2311 quia
3798 2251 3904 2308 pro«

2287 2333 2565 2388 bibentur
2621 2331 2735 2386 ista
2773 2330 2968 2386 facere
3008 2328 3239 2400 legibus
3288 2329 3736 2401 imperatorum,
3779 2340 3903 2397 quas

2286 2423 2718 2478 constituerunt
2747 2436 2855 2492 pro
2885 2418 3108 2475 unitate
3142 2418 3350 2475 Christi
3386 2435 3400 2484 ;
3435 2422 3494 2472 et
3526 2417 3745 2488 jactant
3772 2412 3903 2469 falla-

2288 2512 2432 2567 citer
2468 2509 2873 2565 innocentiam
2906 2523 3099 2573 suam,
3135 2513 3189 2563 et
3219 2522 3409 2579 quam
3455 2522 3578 2561 non
3611 2508 3835 2575 possunt
3877 2517 3904 2557 a

2288 2600 2539 2655 Domino
2579 2599 2869 2670 accipere,
2923 2597 3001 2652 ab
3029 2596 3381 2652 hominibus
3414 2599 3690 2667 quaerunt
3718 2595 3905 2661 marty-

2288 2705 2423 2744 rum
2454 2687 2728 2757 gloriam.

2361 2779 2412 2830 9.
2442 2775 2574 2829 Veri
2598 2778 2797 2829 autem
2826 2778 3117 2845 martyres
3138 2770 3215 2826 illi
3240 2777 3399 2839 sunt,
3418 2770 3497 2826 de
3514 2769 3722 2841 quibus
3745 2764 3909 2821 Domi-

2291 2880 2405 2919 nus
2439 2863 2538 2926 ait,
2572 2863 2737 2919 Beati
2756 2862 2859 2933 qui
2882 2860 3343 2931 persecutionem
3356 2861 3680 2929 patiuntur
3697 2861 3905 2925 propter

2280 2953 2582 3024 justitiam
2599 2951 2836 3019 (Matth.
2856 2968 2909 3015 v,
2926 2951 3036 3021 10).
3062 2952 3185 3004 Νοιι
3201 2963 3342 3017 ergo
3356 2949 3464 3019 qui
3484 2943 3906 3021 propteriniqui-

2292 3046 2496 3107 tatem,
2514 3039 3166 3112 etpropterchristianm
3184 3037 3428 3092 unitatis
3449 3036 3689 3107 impiam
3711 3032 3908 3088 divisio-

2292 3146 2451 3196 nem,
2483 3128 2585 3185 sed
2619 3128 2721 3201 qui
2759 3132 3000 3199 propter
3026 3127 3314 3197 justitiam
3344 3126 3803 3196 persecutionem
3827 3134 3905 3191 pa-

2295 3220 2539 3283 tiuntur,
2571 3218 2632 3272 hi
2667 3225 2956 3289 martyres
2987 3216 3104 3270 veri
3134 3220 3292 3270 sunt.
3328 3217 3482 3270 Nam
3512 3219 3569 3269 et
3589 3217 3736 3282 Agar
3755 3222 3907 3282 passa

2294 3314 2380 3365 est
2410 3307 2879 3380 persecutionem
2908 3322 2941 3361 a
2984 3306 3124 3361 Sara
3158 3306 3389 3375 (Genes.
3444 3319 3566 3367 xw,
3609 3302 3659 3373 6)
3694 3320 3705 3366 ;
3745 3305 3796 3354 et
3827 3296 3906 3352 illa

2295 3403 2418 3455 erat
2441 3402 2643 3452 sancta
2657 3410 2791 3468 quae
2811 3394 3083 3459 faciebat,
3100 3394 3196 3448 illu
3216 3393 3422 3465 iniqua
3440 3409 3579 3465 quae
3594 3387 3903 3463 patiebatur.

2294 3486 2592 3559 Numquid
2622 3484 2760 3540 huic
2793 3483 3184 3556 persecutioui
3212 3498 3394 3553 quam
3431 3498 3618 3553 passa
3646 3484 3728 3535 est
3756 3479 3900 3545 Agar,

2296 3575 2744 3645 comparandus
2785 3580 2872 3628 est
2893 3578 3133 3627 sanctus
3169 3570 3352 3626 David
3384 3586 3571 3642 quem
3604 3570 3903 3641 persecutus

2296 3670 2381 3721 est
2421 3664 2663 3735 iniquus
2693 3662 2834 3718 Saﬁl
2858 3663 2901 3733 (Ι
2935 3662 3079 3729 Reg.
3113 3677 3270 3726 xxm,
3304 3675 3423 3724 xxx,
3459 3668 3513 3717 et
3543 3657 3737 3731 sqq.)?
3761 3652 3904 3709 Valde

2298 3755 2497 3824 utique
2519 3752 2717 3816 distat,
2751 3767 2871 3805 non
2894 3751 3035 3822 quia
3050 3749 3406 3819 patiebatur,
3423 3748 3529 3802 sed
3554 3747 3691 3819 quia
3706 3745 3907 3815 propter

2292 3841 2580 3912 justitiam
2605 3839 2960 3911 patiebatur.
3000 3840 3059 3892 Et
3092 3838 3216 3907 ipse
3244 3836 3536 3891 Dominus
3559 3828 3906 3891 cumlatroub

2296 3930 2409 3986 bus
2442 3929 2760 3985 crucifixus
2792 3933 2883 3982 est
2904 3928 3069 3995 (Luc.
3098 3942 3256 3991 xxm,
3291 3924 3380 3995 33)
3413 3924 3552 3980 :sed
3567 3938 3709 3994 quos
3740 3916 3905 3991 passio

2293 4019 2605 4092 jungebat,
2631 4033 2818 4071 causa
2846 4015 3180 4085 separabat.
3208 4014 3347 4068 Ideo
3369 4014 3427 4068 in
3450 4012 3681 4068 Psalmo
3710 4023 3805 4063 vox
3826 4003 3906 4059 illa

2299 4107 2685 4179 intelligenda
2710 4110 2797 4160 est
2828 4120 3104 4159 verorum
3151 4109 3507 4175 martyrum,
3543 4099 3837 4156 volentium
3859 4106 3906 4147 se

2300 4196 2556 4253 discerni
2581 4212 2614 4251 a
2641 4193 3003 4266 martyribus
3021 4192 3209 4257 falsis,
3224 4192 3430 4263 judico
3458 4206 3568 4254 me,
3596 4181 3904 4251 Deus,etdi-

2301 4302 2474 4343 cerne
2510 4300 2750 4341 causam
2767 4299 2952 4339 meam
2965 4282 3037 4337 de
3065 4288 3368 4351 gentenon
3387 4277 3907 4348 sancla'(Psal.an,

2308 4378 2355 4447 t)
2390 4392 2402 4431 :
2434 4390 2552 4430 non
2586 4374 2753 4439 dixit,
2786 4373 3055 4427 Discerne
3079 4386 3322 4441 poenam
3369 4384 3612 4435 meam;
3652 4365 3767 4430 sed,
3815 4361 3907 4416 dis-

2301 4479 2475 4521 cerne
2504 4478 2741 4520 causam
2781 4476 2993 4518 meam.
3048 4462 3236 4515 Potest
3269 4459 3426 4513 enim
3458 4474 3584 4514 esse
3623 4453 3910 4521 impiorum

2302 4553 2508 4609 similis
2535 4568 2732 4623 paena,
2762 4550 2863 4605 sed
2892 4547 3197 4603 dissimilis
3229 4552 3314 4603 est
3352 4555 3679 4618 martyrum
3713 4553 3868 4597 causa
3897 4552 3907 4601 ;

2301 4658 2559 4713 quorum
2592 4646 2647 4696 et
2676 4640 2774 4695 illa
2802 4655 2915 4694 vox
2942 4643 3050 4703 est,
3090 4638 3315 4707 Injuste
3351 4634 3643 4704 persecuti
3669 4636 3794 4688 sunt
3819 4639 3907 4685 me,

2303 4732 2525 4802 adiuva
2546 4746 2636 4785 me
2661 4729 2849 4799 (Psat.
2893 4742 3084 4791 cxviu,
3113 4726 3205 4797 86)
3237 4742 3248 4781 :
3284 4725 3420 4781 ideo
3451 4742 3511 4779 se
3530 4724 3766 4792 dignum
3789 4713 3912 4771 exis-

2305 4819 2659 4889 timavitqui
2690 4816 3271 4888 adjuvareturjuste,
3319 4815 3460 4885 quia
3502 4812 3579 4867 illi
3632 4817 3913 4882 perseque-

2306 4910 2523 4964 bantur
2562 4908 2777 4978 injuste
2813 4922 2825 4973 ;
2871 4921 3008 4961 nam
3051 4906 3098 4959 si
3134 4905 3291 4974 juste
3328 4903 3403 4958 illi
3439 4898 3909 4973 persequerentur,

2306 5014 2425 5053 non
2455 4996 2643 5051 fuerat
2675 4994 3082 5066 adjuvandus,
3116 4992 3223 5048 sed
3250 4989 3658 5061 corrigendus.
3867 5066 3890 5073 η

2380 5088 2462 5143 10.
2490 5087 2545 5142 Si
2573 5092 2772 5142 autem
2806 5089 3032 5156 putant,
3068 5082 3233 5154 quod
3267 5096 3446 5136 nemo
3472 5076 3809 5150 possitjuste
3832 5068 3912 5122 ali-

2305 5192 2485 5249 quem
2518 5173 2819 5246 persequi,
2858 5173 3009 5228 sicut
3038 5171 3439 5227 incollatione
3468 5168 3747 5227 dixerunt,
3776 5158 3907 5249 illam

2307 5248 2436 5322 esse
2468 5280 2668 5319 veram
2704 5262 3029 5318 Ecclesiam
3052 5277 3189 5332 quae
3209 5258 3679 5331 persecutionem
3706 5248 3907 5322 patitur,

2308 5369 2427 5410 non
2445 5370 2580 5426 quae
2599 5352 2768 5418 facit;
2787 5351 2999 5407 omitto
3020 5350 3216 5406 dicere
3230 5348 3396 5421 quod
3414 5346 3675 5417 superius
3687 5346 3906 5395 comme-

2310 5445 2561 5508 moravi,
2576 5442 2720 5514 quia
2734 5441 2780 5496 si
2796 5442 2875 5497 ita
2888 5445 2974 5495 est
2990 5440 3286 5500 utdicunt.
3306 5435 3645 5493 Caecilianus
3659 5428 3727 5484 ad
3743 5433 3904 5478 veer

2312 5532 2631 5588 Ecclesiam
2656 5528 3274 5602 pertinebat,quando
3298 5541 3435 5582 eum
3452 5522 3696 5595 majores
3713 5514 3903 5569 illorum

2318 5636 2511 5693 usque
2538 5620 2617 5678 ad
2659 5618 3042 5692 Imperatoris
3068 5616 3365 5689 judicium
3396 5607 3725 5671 accusando
3747 5610 3904 5675 perse-
