4136 6172
330 144 433 200 797

304 268 665 340 qnebantnr.
691 272 806 326 Nos
835 271 995 327 enim
1018 272 1274 331 dicimus
1295 274 1430 333 ideo
1456 275 1621 332 illum
1654 277 1729 333 ad
1753 290 1953 331 veram

308 358 629 414 Ecclesiam
662 360 1031 427 pertinuisse,
1060 379 1175 419 non
1205 368 1346 437 quia
1364 366 1834 437 persecutionem
1855 380 1957 436 pa-

307 446 584 512 tiebatur,
602 448 704 502 sed
723 448 866 519 quia
884 452 1423 522 propterjnstitiam
1443 454 1807 524 patiebatur;
1824 454 1953 508 illos

304 540 507 592 autem
536 536 671 592 ideo
698 538 881 594 fuisse
894 539 1265 598 abalienatos
1283 542 1361 597 ab
1380 543 1657 610 Ecclesia,
1673 558 1792 598 non
1816 542 1956 614 quia

304 625 844 697 persequebantur,
870 628 976 683 sed
993 630 1135 700 quia
1156 631 1378 699 injuste
1402 632 1952 704 persequebantur:

306 729 419 769 nos
451 714 654 787 itaque
680 714 796 771 hoc
831 716 1107 773 dicimus.
1146 718 1227 775 Illi
1265 736 1403 776 vero
1436 721 1486 776 si
1529 736 1647 777 non
1680 724 1957 792 quaerunt

307 819 526 859 causas
555 820 742 875 quare
785 807 1040 878 quisque
1084 806 1263 863 faciat
1323 809 1823 881 persecutionem,
1870 808 1955 863 vel

305 907 495 963 quare
528 894 807 964 patiatur,
844 895 947 949 sed
986 894 1100 951 hoc
1150 903 1363 969 putant
1393 913 1521 953 esse
1562 898 1799 968 signum
1838 900 1951 955 veri

307 980 644 1047 Christiani,
670 982 717 1038 si
747 984 1219 1053 persecutionem
1253 1002 1374 1041 non
1405 985 1601 1052 faciat,
1635 988 1738 1042 sed
1762 988 1956 1058 patia-

306 1075 442 1142 tur;
486 1071 612 1126 sine
642 1071 827 1126 dubio
842 1073 1222 1130 Caecilianum
1250 1075 1393 1131 inea
1417 1076 1761 1132 deﬁnitione
1783 1092 1951 1132 cons-

304 1159 539 1223 tituunt,
574 1160 675 1232 qui
707 1177 825 1216 non
854 1161 1129 1227 faciebat,
1164 1164 1268 1218 sed
1285 1165 1621 1235 patiebatur
1648 1184 1659 1221 :
1692 1166 1951 1237 majores

304 1252 507 1304 autem
534 1265 676 1305 suos
720 1252 796 1306 ab
827 1266 897 1307 ea
936 1250 1279 1308 deﬁnitione
1327 1253 1481 1310 foras
1532 1255 1798 1323 mittunt,
1849 1256 1952 1327 qui

305 1336 627 1403 faciebant,
658 1355 775 1394 non
808 1341 1204 1411 patiebantur.

373 1428 458 1481 11.
478 1427 590 1483 Sed
614 1428 745 1493 hoc,
773 1434 835 1485 ut
864 1430 1008 1497 dixi,
1043 1433 1283 1497 omitto;
1310 1431 1457 1487 illud
1486 1432 1717 1489 dicozsi
1752 1433 1950 1489 Eccle-

304 1515 393 1571 sia
409 1532 545 1572 vera
558 1516 686 1583 ipsa
699 1524 786 1571 est
800 1534 929 1589 quae
946 1520 1420 1589 persecutionem
1438 1522 1801 1591 patitur,non
1818 1539 1952 1593 qua:

300 1603 439 1660 facit
456 1613 760 1677 ;qneerant
790 1607 869 1662 ab
899 1608 1182 1679 Apostolo
1197 1624 1382 1678 qnam
1400 1610 1718 1665 Ecclesiam
1734 1610 1952 1678 signiﬁ-

298 1693 477 1749 cabat
495 1696 659 1763 Sara,
679 1695 919 1766 quando
939 1699 1411 1767 persecutionem
1432 1698 1949 1755 faciebatancillaa.

299 1781 569 1837 Liberam
586 1784 808 1855 quippe
830 1791 1077 1840 matrem
1096 1793 1384 1852 nostram,
1407 1787 1952 1843 ccelestemJernsa-

295 1870 435 1937 lem,
456 1872 514 1925 id
528 1877 832 1929 estveram
861 1875 956 1929 Dei
986 1874 1331 1940 Ecclesiam,
1350 1877 1409 1931 in
1430 1876 1527 1932 illa
1552 1880 1796 1933 muliere
1812 1878 1952 1933 dicit

294 1959 483 2015 fuisse
498 1961 1301 2034 ﬁguratam,quaaafﬂigebat
1323 1964 1843 2037 ancillam(Galat.
1871 1982 1947 2031 1v,

293 2051 503 2119 22-31).
522 2050 793 2106 Siautem
818 2051 1030 2106 melius
1055 2053 1469 2119 discutiamus,
1490 2056 1680 2123 magis
1706 2055 1803 2110 illa
1824 2071 1947 2123 per-

292 2138 659 2211 sequebatur
684 2142 890 2195 Saram
936 2142 1359 2211 superbiendo,
1392 2158 1578 2214 quam
1609 2144 1771 2199 illam
1804 2146 1948 2200 Sara

292 2227 942 2302 coercendozillaenim
970 2230 1232 2285 dominae
1259 2231 1949 2302 faciebatinjuriam,ista

291 2317 643 2387 imponebat
664 2318 941 2389 superbas
972 2319 1370 2390 disciplinam.
1398 2321 1618 2376 Deinde
1656 2323 1946 2393 qutero,si

288 2407 937 2464 bonietsanctinemini
952 2408 1179 2465 faciunt
1197 2411 1798 2481 persecutionem,sed
1820 2416 1946 2469 tan-

288 2498 605 2553 tummodo
620 2498 1043 2571 patiuntur,cnj
1057 2515 1124 2553 ns
1145 2504 1359 2571 putant
1373 2515 1503 2555 esse
1517 2500 1576 2555 in
1594 2500 1831 2557 Psalmo
1847 2518 1947 2557 vo-

288 2600 442 2649 cem,
480 2585 579 2641 ubi
600 2585 833 2656 legitur,
866 2588 1196 2660 Persequar
1215 2588 1669 2658 inimicosmeos,
1707 2598 1757 2646 et
1788 2606 1943 2647 com-

283 2674 654 2744 prehendam
684 2675 839 2742 ittos,
859 2684 910 2732 et
939 2664 1057 2732 non
1086 2681 1404 2734 convertar
1433 2677 1616 2735 donec
1663 2679 1943 2748 deﬁciant

289 2764 633 2834 (Psal.xvu,
668 2768 777 2833 38).
802 2765 860 2820 Si
882 2780 1025 2834 ergo
1042 2781 1254 2821 verum
1285 2766 1479 2822 dicere
1506 2767 1596 2822 vel
1615 2784 1942 2839 agnoscere

286 2852 691 2919 volumus,est
718 2856 1049 2925 persecutio
1084 2855 1521 2928 injusta,qnam
1535 2856 1943 2929 faciuntimpii

285 2941 562 2997 Ecclesiae
612 2942 824 2998 Christi
865 2959 877 3009 ;
926 2948 982 2999 et
1012 2948 1096 2999 est
1150 2943 1317 3014 jnsta
1368 2946 1699 3016 persecutio
1756 2962 1941 3019 quam

285 3030 728 3103 faciuntimpiis
756 3032 1029 3089 Ecclesiae
1055 3032 1285 3089 Christi.
1312 3034 1428 3090 Ista
1447 3034 1644 3107 itaque
1664 3035 1837 3092 beata
1852 3040 1943 3093 est

283 3135 424 3191 qua:
453 3122 930 3192 persecutionem
969 3121 1196 3192 patitur
1234 3129 1474 3194 propter
1499 3123 1795 3193 justitiam
1825 3125 1941 3191 ;illi

283 3224 429 3264 vero
459 3208 653 3264 miseri
682 3210 784 3281 qui
826 3211 1296 3281 persecutionem
1355 3211 1660 3282 patiuntur
1702 3220 1943 3285 propter

283 3298 926 3367 injustitiam.Proinde
953 3300 1067 3354 ista
1097 3300 1471 3371 persequitur
1503 3300 1825 3371 diligendo,
1859 3303 1940 3359 illi

286 3386 624 3449 saeviendo;
655 3387 767 3443 ista
790 3394 852 3443 nt
884 3387 1165 3460 corrigat,
1195 3387 1275 3443 illi
1309 3393 1372 3444 nt
1400 3394 1699 3457 evertant;
1733 3392 1847 3449 ista
1878 3397 1942 3448 ut

283 3480 523 3532 revocet
548 3475 626 3532 ab
666 3492 883 3541 errore,
914 3476 994 3532 illi
1026 3482 1090 3532 nt
1120 3477 1491 3549 praecipitent
1536 3480 1595 3534 in
1618 3496 1879 3537 errorem
1920 3498 1932 3537 :

281 3564 665 3636 deniqueista
687 3568 1060 3639 persequitur
1086 3567 1361 3623 inimicos
1385 3574 1442 3623 et
1459 3570 1933 3640 comprehendit,

282 3654 478 3709 donec
491 3654 771 3711 deﬁciant
786 3655 845 3711 in
869 3656 1152 3721 vanitate,
1179 3658 1315 3712 utin
1331 3656 1575 3713 veritate
1590 3660 1932 3730 proﬁciant;

280 3743 982 3801 illiautemretribnentes
1011 3746 1170 3801 mala
1200 3762 1305 3817 pro
1322 3748 1674 3819 bonis,qnia
1688 3749 1774 3804 eis
1797 3765 1935 3806 con-

280 3831 533 3887 sulimus
564 3834 641 3889 ad
694 3839 978 3890 aeternam
1010 3835 1283 3901 salutem,
1318 3836 1497 3891 etiam
1539 3837 1930 3909 temporalem

281 3922 458 3976 nobis
470 3927 765 3977 conantur
778 3924 1028 3988 auferre,
1044 3924 1125 3978 sic
1145 3932 1418 3980 amantes
1438 3925 1777 3992 homicidia,
1799 3927 1932 3982 utin

281 4011 493 4081 seipsis
508 4026 579 4065 ea
595 4010 923 4081 perﬁciant,
951 4012 1199 4084 quando
1226 4014 1284 4068 in
1301 4013 1430 4069 aliis
1449 4018 1791 4085 perpetrare
1809 4031 1929 4071 non

279 4104 557 4169 possunt.
596 4100 758 4156 Sicut
785 4102 942 4155 enim
975 4101 1232 4158 Charitas
1266 4102 1502 4159 laborat
1538 4103 1808 4160 Ecclesiae
1849 4105 1932 4161 sic

279 4203 384 4243 eos
397 4188 475 4242 ab
488 4188 588 4245 illa
604 4189 931 4259 perditione
944 4190 1505 4254 liberare,nteornm
1522 4208 1699 4248 nemo
1714 4194 1932 4250 moria-

279 4278 501 4344 tur;sic
520 4293 725 4334 eorum
740 4278 969 4335 laborat
997 4280 1158 4335 furor
1179 4286 1282 4337 aut
1300 4296 1408 4336 nos
1421 4282 1712 4348 occidere,
1733 4289 1792 4339 ut
1809 4300 1930 4339 sure

278 4366 643 4422 crudelitatis
676 4372 928 4439 pascant
957 4367 1287 4438 libidinem,
1320 4374 1422 4425 ant
1460 4370 1640 4426 etiam
1670 4372 1926 4443 seipsos,

278 4470 354 4511 ne
382 4456 714 4526 perdidisse
740 4456 1054 4513 videantur
1095 4458 1558 4515 occidendornm
1613 4461 1928 4518 hominum

278 4549 654 4616 potestatem.

346 4635 567 4690 CAPUT
593 4636 685 4690 IIl.
721 4667 787 4676 —
823 4640 904 4691 t2.
940 4636 1047 4702 Qui
1071 4643 1272 4693 autem
1302 4638 1572 4695 nesciunt
1603 4644 1929 4696 consuetu-

278 4720 482 4778 dinem
505 4723 761 4789 illorum,
794 4730 1005 4797 putant
1032 4742 1133 4781 eos
1164 4727 1344 4783 modo
1378 4728 1607 4799 seipsos
1634 4728 1925 4794 occidere,

280 4812 524 4881 quando
572 4813 649 4869 ab
692 4830 897 4869 eorum
932 4816 1312 4872 insanissima
1350 4816 1777 4883 dominatione,
1825 4832 1929 4889 per

279 4902 658 4958 occasionem
683 4903 882 4973 legum
913 4906 1161 4961 istarum
1195 4922 1330 4976 quae
1371 4921 1479 4977 pro
1512 4905 1738 4961 unitate
1792 4910 1929 4962 sunt

277 4991 782 5057 constitutas,tanti
803 4994 1007 5064 populi
1028 4994 1704 5061 liberantur.Quiantem
1734 4995 1929 5051 sciunt

276 5085 333 5135 et
362 5080 676 5152 anteipsas
705 5081 865 5151 leges
892 5082 1039 5155 quid
1071 5083 1263 5139 facere
1295 5084 1547 5153 soleant,
1567 5100 1687 5140 non
1716 5101 1926 5141 eorum

275 5168 574 5225 mirantur
604 5175 841 5235 mortes,
867 5172 965 5227 sed
1000 5172 1386 5229 recordentur
1410 5189 1639 5244 mores;
1667 5176 1927 5231 maxime

275 5258 526 5331 quando
564 5259 763 5315 adhuc
802 5260 991 5316 cultos
1024 5260 1216 5318 fuerat
1242 5261 1561 5331 idolorum,
1592 5264 1669 5320 ad
1699 5267 1928 5335 Pagno-

274 5363 411 5404 rum
433 5347 851 5405 celeberrimus
884 5349 1290 5407 solemnitates
1322 5352 1587 5424 ingentia
1615 5353 1927 5410 turbarum

278 5438 521 5508 agmina
544 5437 1009 5504 veniebant,non
1037 5444 1099 5494 nt
1129 5440 1292 5497 idola
1341 5441 1703 5512 frangerent,
1734 5444 1835 5498 sed
1868 5450 1928 5500 ut

274 5525 799 5583 interﬁcerentura
823 5528 1148 5584 cultoribus
1171 5529 1489 5585 idolorum.
1518 5532 1671 5586 Nam
1703 5531 1848 5588 illud
1880 5534 1927 5587 si

279 5621 525 5688 accepta
546 5615 1120 5690 legitimapotestate
1136 5618 1329 5676 facere
1354 5619 1589 5688 vellent,
1608 5619 1820 5694 siquid
1841 5622 1927 5678 eis

1570 148 2069 207 EPISTOLARUM
2110 151 2401 209 CLASSlS
2444 154 2537 210 III.

3617 156 3723 214 798

2067 275 2401 342 accidisset,
2424 277 2903 349 possenthabere
2919 276 3425 352 qualemcumque
3439 277 3718 337 umbram

2063 366 2326 420 nominis
2360 372 2693 439 martyrum
2727 387 2739 437 ;
2769 368 2873 423 sed
2904 368 2980 423 ad
3012 368 3123 423 hoc
3150 368 3345 423 solum
3374 368 3713 432 veniebant.

2067 460 2127 509 nt
2158 455 2401 525 integris
2427 457 2603 512 idolis
2644 457 2757 529 ipsi
2789 457 3219 528 perimerentur
3251 474 3261 511 :
3297 473 3439 514 nam
3498 458 3716 529 singuli

2063 544 2285 616 quique
2300 545 3225 617 valentissimijnvenescnltores
3248 546 3566 614 idolorum,
3583 549 3717 621 quis

2063 639 2209 703 quot
2238 635 2531 691 occideret
2571 636 2711 707 ipsis
2758 635 2931 691 idolis
2988 652 3203 691 vovere
3254 642 3713 693 consueverant.

2065 722 2323 787 Quidam
2353 724 2532 780 etiam
2564 741 2624 779 se
2654 724 3039 781 trucidandos
3088 725 3334 780 armatis
3391 725 3715 781 viatoribus

2064 811 2434 881 ingerebant,
2469 829 2860 885 percussuros
2890 830 2992 869 eos
3015 814 3224 878 se,nisi
3244 813 3321 870 ab
3355 814 3437 869 eis
3458 814 3715 886 perime-

2063 905 2286 965 rentur,
2302 902 3104 959 terribilitercomminantes.
3130 905 3383 957 Nonnnn
3402 918 3584 974 quam
3601 908 3654 957 et
3680 918 3716 959 a

2057 989 2362 1059 jndicibus
2398 992 2837 1047 transeuntibus
2856 991 3292 1063 extorquebant
3322 991 3627 1056 violenter,
3648 996 3711 1047 ut

2062 1079 2681 1136 acarniﬁcibnsvelab
2705 1080 2901 1136 ofﬁcio
2930 1080 3257 1136 ferirentnr.
3276 1080 3439 1135 Unde
3462 1079 3713 1152 quidam

2062 1166 2192 1223 illos
2216 1169 2298 1223 sic
2330 1169 2585 1224 illusisse
2602 1170 2962 1241 perhibetur,
2984 1175 3043 1225 ut
3068 1185 3169 1225 eos
3196 1175 3481 1241 tanquam
3507 1185 3716 1242 percu-

2062 1257 2294 1312 tiendos
2322 1257 2783 1327 ligarietdimitti
2811 1259 3058 1328 iuberet,
3077 1264 3255 1330 atque
3274 1258 3354 1314 ita
3384 1258 3714 1314 eorumim-

2061 1351 2264 1416 petnm
2296 1349 2639 1402 incruentus
2655 1353 2709 1402 et
2736 1347 2957 1404 illiesus
2987 1347 3279 1402 evaderet.
3313 1350 3589 1403 Jamvero
3606 1362 3713 1419 per

2060 1435 2318 1503 abrupta
2340 1436 2684 1506 praecipitia,
2718 1451 2823 1508 per
2849 1451 3038 1507 aquas
3061 1441 3116 1491 et
3140 1434 3419 1491 ﬂammas
3441 1435 3711 1491 occidere

2059 1523 2308 1593 seipsos,
2336 1523 2725 1594 quotidianus
2749 1524 2861 1579 illis
2890 1523 3062 1578 ludus
3092 1523 3221 1578 fuit.
3253 1526 3385 1578 Htec
3416 1524 3577 1579 enim
3608 1539 3711 1579 eos

2061 1611 2168 1667 tria
2188 1612 2391 1666 mortis
2407 1627 2624 1680 genera
2640 1612 2919 1667 diabolus
2936 1611 3156 1676 docuit,
3174 1618 3237 1666 ut
3256 1613 3402 1667 mori
3421 1612 3705 1679 volentes,

2058 1699 2306 1771 quando
2340 1716 2457 1755 non
2506 1700 2889 1755 inveniebant
2914 1716 3097 1772 quem
3132 1705 3435 1766 terrerent,
3472 1704 3532 1755 ut
3581 1700 3710 1772 ejus

2059 1786 2604 1856 gladioferirentur,
2633 1804 2735 1859 per
2762 1805 2904 1843 saxa
2931 1805 2993 1843 se
3015 1788 3330 1853 mitterent,
3355 1788 3712 1857 antignibns

2058 1876 2510 1949 gurgitibusque
2543 1877 2858 1933 donarent.
2896 1877 3037 1944 Quis
3068 1882 3269 1933 autem
3300 1877 3430 1932 illos
3448 1878 3575 1932 haec
3606 1877 3709 1932 do-

2057 1966 2247 2020 cuisse
2265 1967 2599 2021 credendus
2616 1974 2720 2032 est,
2739 1966 3054 2038 possidens
3083 1982 3184 2021 cor
3209 1982 3437 2032 eorum,
3476 1966 3586 2021 nisi
3615 1966 3710 2021 ille

2055 2054 2924 2125 quietSalvatorinostro,ntse
2947 2054 3019 2109 de
3054 2054 3241 2125 pinna
3285 2054 3711 2125 tenipliprasci-

2056 2142 2286 2213 pitaret,
2323 2150 2609 2214 tanquam
2653 2144 2723 2198 de
2754 2146 2893 2214 Lege
2963 2142 3254 2212 suggessit
3293 2143 3454 2211 (Luc.
3490 2157 3567 2207 ιν,
3598 2143 3652 2213 9)
3683 2142 3710 2195 7

2056 2231 2237 2301 anns
2278 2232 2721 2301 suggestionem
2779 2248 2814 2286 a
2854 2247 2917 2286 se
2948 2231 3152 2304 utique
3214 2231 3625 2302 prohiberent,
3661 2230 3707 2286 si

2056 2320 2408 2388 magistrum
2429 2320 2727 2375 Christum
2761 2321 2818 2375 in
2847 2320 3025 2375 corde
3065 2323 3390 2391 portarent.
3428 2319 3539 2374 Sed
3567 2318 3711 2391 quia

2051 2408 2109 2463 in
2132 2424 2194 2463 se
2216 2408 2461 2464 diabolo
2478 2409 2677 2481 potius
2694 2408 2986 2465 dederunt
3007 2408 3340 2477 locum,ant
3354 2407 3437 2463 sic
3457 2413 3711 2479 pereunt

2052 2498 2571 2568 quemadmodum
2586 2513 2723 2568 grex
2738 2497 2833 2553 ille
2853 2512 3200 2568 porcorum,
3219 2512 3402 2569 quem
3415 2496 3490 2552 de
3506 2502 3711 2553 monte

2052 2585 2113 2641 in
2147 2602 2310 2642 mare
2333 2588 2511 2642 turba
2540 2587 2887 2643 daemonum
2910 2585 3112 2655 dejicit
3139 2586 3428 2657 (Marc.v,
3449 2588 3533 2657 13)
3559 2601 3573 2653 ;
3608 2590 3712 2642 aut

2051 2675 2163 2730 illis
2180 2676 2475 2732 mortibus
2490 2679 2695 2748 erepti,
2716 2682 2769 2732 et
2802 2676 2901 2747 pio
2923 2676 3130 2732 matris
3155 2674 3468 2732 Catholicae
3482 2675 3710 2745 gremio

2050 2763 2299 2830 collecti,
2316 2765 2754 2828 italiberantnr,
2774 2764 3293 2835 quemadmodum
3306 2768 3443 2819 esta
3459 2763 3710 2820 Domino

2049 2853 2353 2920 liberatus,
2382 2870 2559 2925 quem
2592 2858 2759 2925 pater
2788 2854 2919 2925 ejus
2947 2869 2983 2909 a
3022 2852 3322 2909 daemonio
3368 2852 3709 2909 sanandum

2050 2943 2283 3006 obtulit,
2316 2944 2520 2998 dicens
2550 2942 2712 3014 quod
2744 2942 3071 3014 aliquando
3103 2942 3315 2997 cadere
3367 2943 3428 2997 in
3460 2957 3707 3013 aquam,

2050 3032 2456 3105 aliquandoin
2480 3034 2681 3101 ignem
2710 3032 2923 3087 soleret
2949 3030 3187 3100 (Matth.
3218 3046 3353 3101 xvn,
3383 3031 3492 3101 14).

2126 3126 2206 3178 13.
2238 3123 2401 3177 Unde
2415 3136 2639 3191 magna
2655 3120 2715 3177 in
2733 3136 2832 3177 eos
2846 3120 2907 3176 ﬁt
2924 3119 3354 3189 misericordia,
3379 3134 3515 3175 cum
3530 3118 3706 3176 etiam

2052 3227 2154 3284 per
2182 3212 2325 3267 istas
2359 3213 2790 3282 imperatorum
2820 3210 2999 3281 leges,
3034 3209 3112 3265 ab
3141 3208 3243 3265 illa
3276 3212 3457 3274 secta,
3486 3207 3586 3264 ubi
3608 3222 3715 3280 per

2048 3302 2349 3357 doctrinas
2367 3300 2803 3356 da'moniornm
2819 3298 3404 3369 mendaciloquornm
3421 3296 3582 3354 mala
3596 3297 3712 3354 ista

2049 3391 2408 3455 didicerunt,
2440 3390 2599 3462 prius
2635 3390 2968 3460 eripiuntur
2996 3387 3185 3451 inviti,
3223 3386 3375 3443 utin
3406 3385 3710 3444 Catholica

2050 3486 2257 3553 postea
2274 3480 2449 3536 bonis
2468 3480 2779 3550 praeceptis
2793 3484 2848 3534 et
2862 3477 3133 3534 moribus
3155 3481 3440 3534 sanentur
3459 3476 3708 3533 assueti.

2048 3573 2193 3625 Nam
2233 3568 2400 3624 mnlti
2440 3583 2647 3624 eorum
2678 3583 2939 3639 quorum
2963 3567 3093 3637 jam
3122 3567 3183 3622 in
3215 3566 3438 3623 unitate
3469 3566 3705 3629 Christi,

2048 3660 2215 3730 pium
2248 3658 2385 3713 ﬁdei
2413 3657 2705 3712 fervorem
2728 3657 3201 3728 charitatemqne
3227 3655 3543 3721 miramur,
3568 3670 3705 3711 cum

2048 3763 2272 3817 magna
2292 3746 2491 3803 laetitia
2527 3746 2646 3801 Deo
2678 3746 2898 3814 gratias
2930 3750 3117 3815 agunt
3166 3744 3339 3816 quod
3380 3743 3482 3799 illo
3511 3758 3709 3800 errore

2046 3840 2384 3902 caruerunt,
2420 3835 2520 3890 ubi
2552 3834 2712 3890 mala
2751 3835 2869 3890 ista
2912 3833 3075 3890 bona
3113 3837 3479 3905 putaverunt
3508 3847 3522 3888 :
3554 3848 3707 3904 quas

2045 3927 2264 3996 gratias
2283 3924 2463 3981 modo
2484 3924 2747 3979 volentes
2778 3938 2900 3980 non
2928 3927 3189 3994 agerent,
3212 3920 3321 3977 nisi
3346 3922 3511 3993 prius
3527 3921 3704 3977 etiam

2046 4014 2311 4071 nolentes
2342 4013 2419 4069 ab
2440 4013 2537 4069 illa
2556 4012 2782 4069 nefaria
2813 4012 3089 4069 societate
3114 4010 3511 4066 discederent.
3551 4008 3707 4075 Quid

2043 4105 2117 4161 de
2139 4104 2250 4159 illis
2270 4102 2674 4175 dicamns,qui
2689 4100 3142 4174 nobisquotidie
3168 4099 3525 4156 conﬁtentur
3541 4096 3709 4171 quod

2036 4194 2164 4265 jam
2181 4193 2326 4249 olim
2348 4192 2630 4249 volebant
2654 4207 2784 4247 esse
2803 4190 3077 4247 catholici
3105 4207 3123 4262 ;
3139 4189 3244 4245 sed
3257 4189 3409 4246 inter
3423 4203 3525 4245 eos
3538 4186 3713 4244 habi—

2038 4282 2261 4347 tabant,
2297 4280 2686 4353 interqnosid
2716 4280 2881 4352 quod
2909 4279 3201 4336 volebant
3238 4292 3363 4333 esse
3390 4292 3512 4332 non
3543 4278 3710 4347 pote-

2039 4376 2290 4443 rantper
2310 4370 2716 4426 inﬁrmitatem
2744 4368 2993 4434 timoris,
3018 4368 3119 4423 ubi
3149 4368 3197 4422 si
3238 4380 3430 4421 unum
3454 4364 3707 4420 verbum

2040 4477 2149 4533 pro
2181 4458 2775 4522 Catholicadicerent,
2802 4463 2857 4512 et
2886 4457 3067 4528 ipsiet
3092 4456 3314 4512 domus
3338 4468 3548 4510 eorum
3572 4452 3707 4508 fun-

2039 4550 2200 4605 ditns
2224 4547 2814 4612 everterentur?Qnis
2836 4550 2924 4601 est
2942 4554 3061 4601 tam
3090 4544 3361 4609 demens,
3394 4542 3501 4615 qui
3527 4545 3705 4612 neget

2037 4639 2161 4712 istis
2188 4636 2466 4693 debuisse
2497 4652 2601 4706 per
2617 4635 2794 4706 jnssa
2822 4633 3159 4707 imperialia
3186 4631 3513 4698 subveniri,
3546 4634 3612 4687 ut
3631 4628 3709 4685 de

2040 4732 2202 4783 tanto
2215 4730 2557 4783 ernerentnr
2571 4725 2750 4790 malo,
2775 4725 2920 4780 dum
2938 4724 3015 4779 illi
3030 4739 3184 4796 quos
3200 4721 3705 4778 timebanttimere

2039 4820 2352 4887 coguntur,
2371 4820 2426 4871 et
2455 4814 2667 4870 eodem
2699 4816 2912 4871 timore
2926 4818 3029 4869 aut
3048 4806 3227 4870 etiam
3256 4810 3369 4883 ipsi
3401 4811 3706 4881 corrigun-

2039 4912 2148 4971 tur,
2194 4910 2295 4963 aut
2328 4911 2481 4960 certe
2515 4920 2653 4960 cum
2709 4919 2771 4960 se
2802 4908 3100 4960 correctos
3160 4917 3285 4958 esse
3324 4900 3697 4969 conﬁngunt,

2034 4996 2311 5053 correctis
2347 4999 2623 5067 parcunt,
2644 5010 2680 5051 a
2709 4994 2935 5067 quibus
2956 4998 3131 5050 antea
3152 4989 3561 5050 timebantur?

2110 5086 2195 5142 14.
2218 5087 2273 5143 Si
2298 5092 2499 5143 autem
2529 5086 2762 5157 seipsos
2781 5083 3055 5140 occidere
3076 5080 3387 5144 voluerint,
3405 5093 3479 5133 ne
3501 5076 3583 5132 illi
3598 5076 3703 5147 qui

2034 5175 2326 5232 liberandi
2360 5179 2499 5230 sunt
2528 5174 2873 5239 liberentur,
2911 5178 2966 5227 et
2998 5187 3067 5227 eo
3098 5169 3283 5226 modo
3312 5164 3695 5222 liberantium

2039 5270 2251 5321 terrere
2269 5265 2568 5337 pietatem,
2586 5267 2649 5318 ut
2665 5262 2811 5317 dum
2833 5262 3077 5316 timetur
3095 5274 3168 5314 ne
3198 5256 3450 5329 quidam
3478 5253 3704 5328 perditi

2036 5358 2298 5426 pereant,
2317 5368 2436 5409 non
2463 5357 2749 5408 eruantur
2782 5347 3137 5421 perditioni,
3166 5344 3506 5418 quiveljam
3541 5342 3703 5399 nole-

2038 5445 2179 5497 bant
2211 5444 2417 5513 perire,
2446 5441 2533 5496 vel
2558 5439 2791 5496 coerciti
2825 5443 3104 5509 poterant
3142 5451 3265 5491 non
3289 5435 3477 5507 perire
3514 5431 3700 5505 ;quid

2033 5532 2130 5587 hic
2148 5531 2270 5601 agit
2298 5532 2554 5587 charitas
2582 5528 2929 5592 christiana,
2965 5525 3296 5598 praisertim
3319 5540 3455 5581 cum
3490 5521 3699 5594 illiqui

2035 5635 2178 5677 suas
2194 5625 2411 5678 mortes
2434 5615 2798 5676 voluntarias
2820 5621 2877 5673 et
2895 5615 3153 5673 furioses
3176 5613 3571 5685 minantur,in
3590 5624 3700 5686 po-

3818 5652 3875 5671 r\

3804 5682 3811 5691 1
3908 5686 3917 5689 -

3780 5696 3801 5743 λ

3758 5744 3795 5787 ,κν

3832 5738 3875 5761 Δ.
