4118 6164
283 180 382 238 801

281 298 490 355 renda.
516 297 632 354 Sed
665 296 715 353 si
744 298 966 353 veritas
993 296 1301 359 taceretur,
1342 307 1462 348 non
1507 291 1701 347 solum
1751 302 1929 344 nemo

280 388 476 445 fuerat
504 389 632 459 ejus
653 385 890 442 silentio
928 383 1293 445 liberandus,
1327 382 1429 437 sed
1457 379 1625 437 multi
1654 379 1833 435 etiam
1864 376 1931 432 il-

279 477 477 533 lorum
531 475 879 531 seductione
922 472 1211 545 perdendi
1258 489 1269 527 :
1314 472 1360 525 si
1411 474 1610 525 autem
1668 464 1929 521 veritatis

279 566 705 639 praedicatione
736 565 899 620 furor
927 578 1133 618 eorum
1155 561 1231 616 ad
1264 560 1629 615 saeviendum
1651 570 1925 628 provoca-

277 663 456 722 retur,
477 652 1053 726 aliquibusliberatis
1075 650 1409 720 nostrisque
1432 647 1695 708 ﬁrmatis,
1722 659 1927 698 rursus

274 761 310 800 a
344 743 659 817 sequenda
702 743 939 797 veritate
991 739 1251 796 formido
1282 736 1599 808 impediret
1638 732 1926 788 inﬁrmos.

273 838 419 891 Cum
455 834 633 903 igitur
649 832 741 887 his
770 832 1064 902 angustiis
1090 828 1451 900 alﬂigeretur
1469 824 1747 891 Ecclesia,
1771 823 1926 894 quis-

277 923 415 995 quis
463 923 760 978 existimat
815 920 1023 976 omnia
1074 920 1270 991 potius
1316 913 1687 979 sustinenda,
1740 927 1927 985 quam

279 1013 381 1067 Dei
403 1011 716 1076 auxilium,
747 1017 810 1066 ut
826 1026 930 1082 per
956 1008 1318 1064 christianos
1338 1007 1728 1078 imperatores
1751 1001 1930 1057 ferre-

270 1104 387 1166 tur,
423 1099 600 1156 fuisse
621 1098 1017 1172 poscendum,
1042 1113 1259 1169 parum
1279 1093 1530 1152 attendit
1559 1108 1679 1148 non
1702 1090 1928 1147 bonam

267 1190 347 1247 de
372 1190 486 1246 hac
518 1187 878 1259 negligentia
910 1186 1076 1241 reddi
1108 1184 1373 1257 potuisse
1414 1182 1725 1239 rationem.

347 1288 497 1343 CAP.
524 1289 585 1343 V.
612 1318 681 1328 —
713 1290 795 1342 19.
829 1284 998 1353 Quod
1021 1284 1181 1339 enim
1201 1282 1408 1338 dicunt
1438 1281 1541 1352 qui
1564 1283 1773 1334 contra
1786 1292 1930 1333 suas

268 1376 983 1449 impietateslegesjustas
1007 1373 1233 1429 institui
1252 1372 1480 1437 nolunt,
1499 1385 1619 1425 non
1634 1367 1930 1440 petiissea

269 1467 519 1537 regibus
542 1474 706 1521 terrae
722 1463 1033 1535 ApostOIOS
1050 1462 1207 1528 talia,
1225 1477 1344 1517 non
1367 1459 1748 1517 considerant
1765 1454 1930 1512 aliud

268 1556 452 1611 fuisse
485 1562 624 1610 tunc
648 1559 905 1624 tempus,
940 1559 994 1607 et
1019 1552 1225 1607 omnia
1254 1551 1379 1605 suis
1409 1548 1779 1620 temporibus
1806 1544 1926 1614 agi.

267 1646 413 1709 Quis
443 1645 602 1700 enim
640 1650 776 1698 tunc
802 1642 861 1697 in
894 1642 1192 1697 Christum
1224 1639 1557 1695 crediderat
1580 1638 1925 1708 imperator,

264 1734 369 1805 qui
401 1734 453 1789 ei
476 1750 583 1806 pro
609 1733 825 1805 pietate
857 1736 1067 1787 contra
1096 1730 1465 1801 impietatem
1499 1728 1659 1796 leges
1682 1724 1928 1780 ferendo

264 1824 535 1889 serviret,
567 1821 813 1895 quando
828 1820 1027 1877 adhuc
1050 1818 1194 1874 illud
1227 1817 1643 1889 propheticum
1666 1814 1925 1886 comple-

264 1913 467 1978 batur,
494 1912 688 1980 Quare
697 1912 1079 1980 fremuerunt
1100 1916 1321 1979 gentes,
1347 1913 1398 1961 et
1420 1906 1631 1976 populi
1651 1903 1926 1961 meditati

261 2008 409 2059 sunt
434 2002 645 2057 inania
667 2001 695 2054 τ
725 2001 1066 2055 Asliterunt
1113 2011 1276 2068 reges
1307 2003 1501 2061 terrae,
1540 2002 1591 2051 et
1625 1994 1925 2065 principes

263 2096 670 2149 convenerunt
684 2091 747 2145 in
767 2105 944 2144 unum
975 2088 1261 2144 adversus
1280 2088 1619 2150 Dominum,
1638 2088 1691 2139 et
1717 2083 1925 2139 adver-

262 2196 367 2236 sus
400 2179 700 2235 Christum
722 2181 881 2249 ejus:
902 2177 1174 2233 nondum
1206 2182 1407 2231 autem
1435 2170 1929 2246 agebatur,quod

264 2269 453 2342 paulo
472 2275 604 2339 post
626 2269 682 2322 in
709 2267 923 2323 eodem
952 2266 1188 2337 psalmo
1213 2264 1449 2330 dicitur,
1480 2264 1553 2318 Et
1576 2278 1737 2318 nunc
1763 2276 1927 2332 reges

263 2356 619 2428 intelligite;
647 2356 970 2413 erudimini
994 2355 1097 2427 qui
1110 2354 1400 2423 judicalis
1423 2360 1668 2409 terram.
1695 2352 1929 2408 Servile

266 2446 593 2503 Dominoin
610 2448 835 2513 timore,
859 2449 911 2502 et
929 2445 1226 2502 exsultate
1246 2444 1299 2500 ei
1319 2459 1449 2499 cum
1466 2449 1720 2498 tremore
1733 2441 1924 2512 (Psal.

264 2550 327 2602 II,
368 2537 417 2604 1,
452 2539 502 2601 2,
534 2539 613 2600 10,
652 2537 751 2597 lt).
791 2534 1104 2601 Quomodo
1128 2548 1271 2602 ergo
1307 2547 1476 2601 reges
1512 2531 1765 2587 Domino
1802 2545 1927 2585 ser-

266 2623 515 2680 viuntin
541 2624 771 2690 timore,
801 2623 912 2679 nisi
941 2639 1011 2679 ea
1059 2638 1195 2695 quae
1226 2627 1435 2677 contra
1476 2619 1649 2691 jussa
1693 2618 1925 2674 Domini

261 2714 439 2780 ﬁunt,
474 2714 747 2783 religiosa
774 2713 1083 2768 severitate
1137 2711 1514 2784 prohibendo
1566 2713 1742 2781 atque
1773 2708 1925 2780 plec-

265 2803 493 2860 tendo?
524 2803 703 2858 Aliter
732 2801 892 2857 enim
950 2801 1145 2866 servit,
1175 2800 1317 2872 quia
1348 2798 1533 2854 homo
1560 2803 1648 2852 est
1685 2815 1698 2864 ;
1738 2797 1923 2860 aliter,

259 2894 411 2965 quia
429 2893 607 2947 etiam
632 2908 733 2946 rex
756 2898 847 2946 est
870 2910 882 2944 :
903 2891 1049 2963 quia
1068 2890 1250 2945 homo
1272 2893 1380 2953 est,
1404 2888 1456 2942 ei
1476 2885 1924 2943 servitvivendo

262 2981 554 3048 ﬁdeliter;
582 2981 725 3053 quia
746 2996 882 3036 vero
912 2979 1089 3036 etiam
1115 2995 1213 3034 rex
1245 2982 1349 3043 est,
1378 2978 1556 3032 servit
1581 2976 1740 3045 leges
1764 2976 1927 3046 justa

265 3071 679 3143 praecipientes
705 3077 759 3125 et
789 3070 1088 3125 contraria
1125 3067 1513 3140 prohibentes
1546 3063 1926 3121 convenienti

262 3161 468 3229 vigore
499 3159 844 3215 sanciendo.
881 3158 1043 3214 Sicut
1072 3157 1311 3212 servivit
1342 3154 1639 3219 Ezechias,
1665 3153 1835 3209 lucos
1871 3157 1929 3207 et

261 3248 496 3320 templa
508 3248 885 3315 idolorum,et
898 3248 996 3303 illa
1011 3246 1244 3302 excelsa
1256 3262 1390 3318 quae
1407 3249 1613 3300 contra
1627 3246 1926 3316 praecepta

263 3338 368 3394 Dei
386 3338 618 3394 fuerant
648 3342 987 3394 constructa
1012 3334 1479 3406 destruendo(lV
1500 3336 1822 3403 Reg.xmi,
1839 3333 1920 3404 Ii):

265 3428 424 3483 sicut
438 3426 1045 3493 servivitJosias,talia
1060 3430 1115 3481 et
1132 3425 1259 3496 ipse
1274 3423 1921 3494 faciendo(!bid.,xx1n,

266 3518 395 3587 4,5)
416 3518 599 3573 :sicut
625 3517 859 3573 servivit
881 3532 983 3572 rex
1009 3512 1782 3580 Ninivitarum,universam
1798 3513 1932 3568 civi-

266 3610 449 3662 tatem
475 3606 551 3661 ad
569 3605 934 3677 placandum
963 3606 1278 3661 Dominum
1305 3602 1931 3673 compellendo(.lona3

264 3697 511 3765 ιιι,6‹9);
537 3696 687 3752 sicut
705 3696 948 3751 servivit
963 3694 1193 3764 Darius,
1211 3693 1438 3749 idolum
1455 3692 1855 3761 frangendum
1872 3691 1931 3746 in

266 3790 620 3857 potestatem
641 3785 863 3842 Danieli
880 3784 1107 3852 dando,
1129 3789 1180 3839 et
1205 3783 1477 3838 inimicos
1502 3782 1631 3852 ejus
1654 3780 1930 3835 leonibus

267 3875 928 3947 ingerendo(Dan.x1v,
948 3876 1008 3929 21
1024 3916 1037 3939 ,
1060 3874 1179 3944 lit):
1203 3872 1351 3926 sicut
1367 3869 1931 3927 servivitNabucho-

268 3963 554 4030 donosor,
580 3964 653 4019 de
676 3980 798 4037 quo
819 3965 946 4035 jam
977 3963 1259 4027 diximus,
1289 3976 1501 4016 omnes
1525 3960 1584 4015 in
1611 3973 1797 4027 regno
1822 3972 1932 4013 suo

272 4054 503 4124 positos
517 4052 1046 4123 ablasphemando
1060 4052 1176 4107 Deo
1201 4054 1326 4119 lege
1340 4048 1585 4106 terribili
1614 4046 1934 4119 prohiben-

270 4140 352 4196 do
379 4142 492 4211 (Id.
518 4157 595 4205 ιιι,
627 4140 740 4213 96).
774 4142 837 4196 In
861 4142 974 4197 hoc
998 4157 1137 4210 ergo
1173 4140 1441 4195 serviunt
1469 4136 1721 4193 Domino
1738 4150 1927 4204 reges,

270 4232 333 4286 in
364 4237 656 4302 quantum
685 4238 823 4287 sunt
848 4246 1042 4301 reges,
1063 4245 1201 4284 cum
1229 4244 1299 4284 ea
1322 4227 1545 4284 faciunt
1574 4226 1652 4282 ad
1679 4224 1932 4282 servien-

278 4319 428 4375 dum
460 4319 561 4389 illi,
593 4336 727 4392 quae
760 4336 878 4375 non
910 4322 1166 4391 possunt
1192 4318 1383 4373 facere
1415 4317 1530 4372 nisi
1560 4330 1751 4385 reges.

351 4422 438 4473 20.
464 4416 612 4474 Cum
634 4419 833 4490 itaque
865 4417 1137 4472 nondum
1165 4430 1333 4485 reges
1363 4414 1614 4471 Domino
1649 4412 1934 4468 servirent

277 4507 653 4579 temporibus
678 4506 1122 4578 Apostolorum,
1148 4506 1250 4560 sed
1278 4504 1472 4561 adhuc
1504 4503 1933 4558 meditarentur

278 4596 484 4652 inania
511 4596 799 4651 adversus
840 4596 1162 4652 Dominum
1196 4600 1251 4650 et
1289 4595 1579 4649 adversus
1632 4591 1930 4648 Christum

276 4686 326 4756 ej
340 4690 497 4751 us,ut
510 4686 937 4757 Prophetarum
954 4684 1235 4757 praedicta
1247 4682 1453 4739 omnia
1466 4680 1927 4753 complerentur,

274 4790 396 4830 non
417 4775 618 4847 utique
638 4780 774 4831 tunc
792 4779 1039 4846 possent
1053 4774 1390 4844 impietates
1410 4771 1642 4840 legibus
1660 4768 1934 4841 prohibe-

274 4864 344 4930 ri,
374 4865 477 4919 sed
494 4865 691 4936 potius
706 4866 982 4919 exerceri.
999 4864 1090 4918 Sic
1104 4864 1261 4918 enim
1278 4861 1427 4917 ordo
1456 4866 1795 4931 temporum
1811 4856 1932 4912 vol-

274 4953 879 5020 vebatur,utetJudeei
906 4950 1677 5023 occiderentprtedicatores
1697 4946 1928 5013 Christi,

275 5046 553 5115 putantes
582 5058 644 5098 se
684 5042 949 5098 ofﬁcium
984 5045 1099 5098 Deo
1130 5039 1345 5106 facere,
1377 5040 1527 5095 sicut
1576 5037 1933 5110 praedixerat

277 5131 541 5189 Christus
556 5132 752 5204 (Joan.
772 5149 888 5197 xw,
907 5136 983 5197 2),
998 5134 1277 5188 etGentes
1303 5130 1620 5185 fremerent
1642 5126 1931 5183 adversus

275 5220 664 5289 Christianos,
686 5226 965 5278 etomnes
990 5220 1273 5293 patientia
1293 5223 1624 5291 martyrum
1648 5216 1926 5271 vinceret.

278 5310 493 5367 Postea
521 5327 658 5367 vero
680 5327 865 5382 quam
885 5310 1064 5382 ccepit
1084 5309 1487 5382 impleriquod
1512 5307 1801 5378 scriptum
1818 5308 1929 5369 est,

276 5400 355 5455 Et
378 5401 713 5456 adorabunt
732 5416 859 5456 eum
890 5416 1086 5457 omnes
1108 5414 1270 5469 reges
1297 5406 1713 5467 terrae;omnes
1729 5400 1929 5465 gentes

276 5491 526 5547 servient
549 5490 646 5545 illi
667 5490 847 5559 (Psal.
874 5506 1026 5555 Lxxi,
1056 5490 1146 5559 11)
1165 5508 1180 5559 ;
1202 5489 1335 5561 quis
1360 5495 1555 5542 mente
1588 5485 1825 5540 sobrius
1842 5499 1928 5539 re-

277 5578 453 5650 gibus
492 5579 672 5641 dicat,
707 5580 893 5635 Nolite
952 5595 1161 5635 curare
1192 5578 1251 5633 in
1279 5592 1464 5649 regno
1494 5579 1691 5630 vestro
1721 5589 1757 5629 a
1804 5588 1926 5644 quo

276 5671 551 5725 teneatur
580 5667 673 5724 vel
712 5672 1093 5741 oppugnetur
1140 5666 1399 5723 Ecclesia
1451 5662 1683 5721 Domini
1712 5661 1924 5732 vestri,

1514 164 2021 228 EPISTOLARUM
2062 166 2354 225 CLASSIS
2395 166 2487 225 III.

3593 167 3701 225 802

2041 300 2163 342 non
2187 286 2262 342 ad
2282 301 2388 341 vos
2410 283 2720 358 pertineat,
2752 284 2812 339 in
2834 298 3020 353 regno
3042 288 3233 341 vestro
3249 284 3387 357 quis
3409 284 3548 342 velit
3563 301 3696 343 esse

2040 376 2164 431 sive
2180 374 2514 444 religiosus,
2537 374 2661 429 sive
2684 372 3014 441 sacrilegus
3040 390 3051 423 :
3073 373 3293 445 quibus
3314 373 3431 430 dici
3456 389 3576 431 non
3591 391 3693 448 po-

2042 467 2169 531 test,
2196 466 2320 518 Non
2340 463 2417 518 ad
2434 479 2541 517 vos
2560 462 2870 534 pertineat,
2905 461 2964 517 in
2986 476 3172 530 regno
3198 468 3390 518 vestro
3410 464 3544 535 quis
3558 463 3699 522 velit

2041 552 2295 623 pudicus
2325 567 2478 620 esse,
2509 551 2641 622 quis
2674 548 3061 621 impudicus?
3085 551 3196 605 Cur
3228 553 3386 607 enim
3418 570 3554 609 cum
3582 554 3695 611 da-

2042 644 2167 695 tum
2195 641 2266 694 sit
2291 639 2571 695 divinitus
2597 638 2828 694 homini
2857 639 3113 695 liberum
3146 640 3481 707 arbitrium,
3517 643 3687 698 adul-

2039 727 2430 798 terialegibus
2454 727 2801 799 puniantur,
2820 734 2874 782 et
2897 727 3210 797 sacrilegia
3233 732 3647 800 permittantur
3668 730 3696 785 ?

2038 822 2122 873 An
2140 817 2319 873 ﬁdem
2344 833 2463 871 non
2490 832 2723 873 servare
2747 817 2935 871 levius
2953 818 3320 873 estanimam
3346 822 3483 883 Deo,
3502 835 3691 890 quam

2040 907 2322 962 feminam
2347 908 2473 961 viro
2493 908 2522 962 ‘I
2547 910 2649 961 aut
2696 907 2744 961 si
2776 922 2847 962 ea
2873 922 3007 978 quae
3037 922 3156 961 non
3190 913 3558 980 contemptu,
3588 908 3695 965 sed

2038 994 2377 1065 ignorantia
2403 994 2706 1064 religionis
2734 996 3209 1061 committuntur,
3262 996 3462 1052 mitius
3501 996 3695 1053 vindi-

2036 1083 2252 1149 canda,
2287 1083 2583 1156 numquid
2612 1084 2748 1139 ideo
2782 1084 3141 1154 negligenda
3173 1090 3314 1141 sunt
3342 1086 3371 1142 ?

2111 1175 2333 1230 CAPUT
2358 1176 2440 1228 Vl.
2463 1205 2531 1213 —
2551 1175 2643 1229 21.
2673 1173 2873 1230 Melius
2899 1181 2986 1229 est
3008 1172 3253 1246 quidem
3276 1174 3435 1247 (quis
3461 1173 3696 1232 dubita-

2038 1260 2245 1331 verit)?
2274 1262 2353 1319 ad
2382 1265 2564 1318 Deum
2585 1263 2910 1318 colendum
2934 1263 3208 1319 doctrina
3230 1264 3506 1320 homines
3533 1264 3692 1331 duci,

2039 1368 2223 1423 quam
2241 1368 2431 1423 poena!
2445 1352 2656 1408 timore
2674 1352 2764 1407 vel
2777 1352 2982 1408 dolore
2997 1353 3401 1425 compellizsed
3417 1370 3537 1409 non
3551 1353 3696 1427 quia

2040 1441 2133 1496 isti
2158 1441 2429 1496 meliores
2449 1447 2607 1506 sunt,
2639 1442 2770 1497 ideo
2796 1441 2877 1496 illi
2909 1442 3011 1513 qui
3039 1442 3182 1497 tales
3204 1458 3320 1498 non
3338 1444 3695 1514 sunt,negli-

2038 1529 2216 1600 gendi
2237 1535 2392 1584 sunt.
2425 1530 2613 1586 Multis
2641 1530 2797 1585 enim
2814 1530 3032 1602 profuit
3055 1532 3243 1603 (quod
3269 1534 3692 1603 experimentis

2038 1617 2434 1691 probavimus
2466 1624 2522 1673 et
2550 1618 2899 1690 probamus)
2934 1620 3098 1690 prius
3125 1620 3334 1676 timore
3367 1622 3458 1676 vel
3488 1621 3694 1678 dolore

2038 1708 2190 1776 cogi,
2226 1714 2287 1761 ut
2308 1712 2513 1777 postea
2536 1712 2785 1778 possent
2805 1707 3027 1773 doceri,
3055 1714 3157 1764 aut
3174 1710 3337 1781 quod
3352 1710 3477 1780 jam
3494 1710 3692 1765 verbis

2037 1796 2390 1860 didicerant,
2417 1811 2596 1867 opere
2618 1796 2848 1851 sectari.
2884 1797 3234 1868 Proponunt
3256 1798 3429 1854 nobis
3442 1798 3695 1871 quidam

2039 1884 2392 1942 sententiam
2417 1884 2732 1954 cujusdam
2754 1886 3057 1941 saecularis
3081 1888 3361 1957 auctoris,
3389 1888 3493 1961 qui
3515 1887 3691 1946 dixit:

2258 2007 2468 2057 Pudore
2499 2011 2552 2057 et
2573 2008 2887 2057 liberalitate
2920 2008 3117 2059 liberos

2257 2070 2546 2135 Retinere,‘
2558 2071 2727 2119 satius
2756 2084 2875 2135 esse
2898 2071 3074 2135 _credo,
3108 2086 3269 2135 quam
3296 2077 3466 2127 metu.

2476 2133 2707 2194 (Terent.
2746 2134 2801 2181 in
2831 2133 3051 2195 Adelph.
3090 2133 3185 2183 ait.
3223 2136 3266 2194 1,
3295 2150 3427 2186 scen.
3460 2137 3541 2198 1.)

2039 2248 2160 2302 Hoc
2175 2244 2423 2317 quidem
2439 2261 2640 2301 verum
2661 2251 2751 2302 est
2771 2262 2783 2313 ;
2800 2246 2904 2302 sed
2920 2247 3071 2302 sicut
3093 2248 3366 2304 meliores
3390 2254 3693 2323 suntquos

2035 2335 2230 2406 dirigit
2244 2336 2523 2398 amor,ita
2538 2334 2733 2406 plures
2748 2343 3053 2407 sunthuos
3075 2338 3313 2408 corrigit
3334 2338 3528 2395 timor.
3543 2342 3692 2397 Nam

2038 2427 2100 2479 ut
2128 2423 2201 2478 de
2231 2423 2362 2495 ipso
2394 2428 2634 2480 auctore
2678 2424 2805 2479 istis
2843 2425 3295 2496 respondeatur,
3329 2427 3493 2499 apud
3523 2427 3694 2485 illum

2036 2513 2218 2569 etiam
2243 2512 2446 2582 legunt
2481 2528 2494 2565 :

2254 2617 2335 2668 Tu
2358 2618 2460 2666 nisi
2488 2616 2628 2667 malo
2659 2621 2895 2676 coactus,
2920 2621 3060 2669 reste
3084 2619 3260 2671 facere
3292 2622 3482 2672 nescis.

2036 2715 2215 2771 Porro
2242 2720 2442 2772 autem
2472 2715 2778 2786 Scriptura
2798 2714 3025 2783 divina,
3052 2720 3106 2771 et
3140 2721 3382 2788 propter
3408 2717 3540 2774 illos
3575 2735 3697 2776 me-

2034 2803 2212 2860 liores
2243 2804 2411 2870 dixit,
2450 2806 2651 2859 Timor
2683 2820 2800 2860 non
2827 2812 2909 2860 est
2942 2805 3004 2860 in
3044 2804 3339 2862 charitate
3358 2824 3378 2871 ;
3427 2808 3530 2864 sed
3553 2824 3697 2878 per-

2029 2895 2193 2964 fecta
2219 2894 2480 2950 charitas
2506 2894 2671 2962 foras
2717 2892 2890 2948 mittit
2919 2893 3184 2950 timorem
3208 2896 3410 2966 (Joan.
3440 2912 3520 2963 1v,
3564 2899 3649 2969 18)
3680 2915 3693 2966 ;

2035 2988 2092 3037 et
2116 2987 2357 3053 propter
2380 2983 2489 3037 hos
2509 2981 2838 3046 inferiores,
2870 2982 2971 3053 qui
2992 2982 3191 3053 plures
3209 2990 3371 3055 sunt,
3388 2984 3484 3050 ait,
3496 2987 3695 3043 Verbis

2033 3087 2153 3127 non
2177 3070 2594 3127 emendabitur
2620 3085 2818 3125 servus
2848 3070 3079 3141 durus,-
3106 3072 3159 3126 si
3200 3071 3354 3128 enim
3386 3083 3438 3129 et
3464 3074 3696 3133 intelle-

2031 3162 2210 3224 xerit,
2240 3175 2356 3215 non
2381 3159 2604 3215 obediet
2643 3158 2838 3229 (Prov.
2867 3174 3027 3224 χχιι,
3060 3160 3165 3231 19).
3196 3160 3341 3216 Cum
3367 3161 3537 3229 dixit,
3568 3180 3694 3221 ver-

2034 3248 2125 3305 bis
2154 3264 2294 3305 eum
2324 3264 2445 3304 non
2477 3248 2806 3317 emendari,
2838 3263 2957 3303 non
2986 3263 3122 3304 eum
3143 3249 3326 3321 jussit
3347 3250 3559 3317 deseri,
3585 3253 3691 3309 sed

2033 3339 2207 3395 tacite
2239 3337 2551 3394 admonuit
2583 3336 2741 3392 unde
2772 3336 2989 3392 debeat
3033 3338 3341 3393 emendari
3372 3358 3384 3397 :
3419 3339 3692 3412 alioquin

2034 3442 2152 3482 non
2182 3427 2421 3494 diceret,
2460 3426 2659 3482 Verbis
2678 3441 2796 3481 non
2821 3426 3274 3491 emendabitur;
3303 3428 3404 3483 sed
3435 3433 3693 3486 tantum-

2043 3516 2224 3573 modo
2248 3517 2486 3581 diceret,
2516 3517 2644 3571 Non
2674 3514 3116 3571 emendabitur.
3144 3516 3272 3571 Alio
3302 3518 3528 3591 quippe
3558 3519 3692 3577 loco

2040 3607 2179 3662 dicit
2211 3622 2330 3662 non
2363 3605 2556 3661 solum
2591 3621 2851 3673 servum,
2882 3605 2986 3659 sed
3022 3605 3199 3661 etiam
3230 3606 3419 3663 ﬁlium
3450 3608 3690 3666 indisci-

2040 3696 2333 3768 plinatum
2352 3693 2543 3766 plagis
2556 3710 2690 3749 esse
2704 3694 3102 3749 coercendum
3120 3711 3134 3760 ;
3150 3700 3206 3750 et
3229 3712 3450 3767 magno
3466 3698 3690 3755 fructu:

2039 3800 2205 3849 nam,
2246 3785 2329 3839 Tn
2355 3783 2610 3854 quidem,
2640 3783 2847 3854 inquit,
2874 3783 3136 3851 percutis
3159 3799 3292 3840 eum
3326 3786 3530 3856 virga;
3561 3788 3695 3843 ani-

2038 3888 2194 3929 mam
2224 3888 2359 3929 vero
2389 3874 2515 3942 ejus
2543 3871 2823 3927 liberabis
2852 3885 2890 3925 α
2920 3876 3109 3926 morte
3134 3870 3250 3943 (Id.
3284 3889 3445 3940 xxui,
3480 3875 3568 3945 14)
3591 3893 3609 3941 ;
3638 3879 3695 3932 et

2040 3961 2185 4018 alibi
2217 3961 2378 4027 dicit,
2404 3959 2514 4025 Qui
2527 3959 2721 4029 parcit
2746 3959 2987 4031 baculo,
3015 3960 3136 4015 odit
3156 3960 3350 4028 ﬁlium
3380 3978 3549 4020 suum
3573 3964 3690 4035 (Id.

2037 4068 2159 4117 xm,
2191 4053 2302 4118 24).
2336 4051 2422 4105 Da
2446 4050 2607 4105 enim
2634 4048 2734 4121 qui
2763 4052 2923 4105 recta
2949 4048 3067 4104 ﬁde
3082 4064 3345 4122 veroque
3370 4050 3691 4119 intellectu,

2041 4141 2175 4197 totis
2192 4142 2409 4196 animas
2434 4155 2558 4194 suae
2574 4138 2799 4194 viribus
2825 4138 3002 4204 dicat,
3028 4138 3230 4197 Sitivit
3247 4139 3453 4197 anima
3473 4156 3601 4199 mea
3614 4143 3696 4199 ad

2039 4232 2225 4287 Deum
2254 4230 2453 4286 vivum
2480 4249 2501 4299 ,-
2524 4229 2761 4299 quando
2780 4227 3032 4295 veniam,
3056 4236 3107 4285 et
3130 4230 3431 4299 apparebo
3452 4239 3589 4289 ante
3602 4232 3698 4303 fa-

2039 4319 2180 4376 ciem
2211 4318 2315 4374 Dei
2340 4319 2530 4389 (Psal.
2551 4334 2665 4388 xu,
2693 4318 2784 4386 3)?
2815 4324 2872 4374 et
2890 4318 3029 4373 huic
3058 4318 3316 4384 tali,non
3334 4320 3697 4378 solumtem—

2037 4408 2333 4480 poralium
2349 4423 2689 4479 pcenarum,
2704 4407 2795 4463 vel
2810 4406 3210 4479 imperialium
3231 4406 3569 4477 legum,sed
3584 4425 3694 4467 nec

2038 4498 2449 4570 gehennarum
2476 4497 2652 4552 timor
2668 4500 2755 4551 est
2780 4496 3172 4561 necessarius,
3200 4498 3295 4551 cui
3320 4502 3439 4553 tam
3463 4497 3694 4555 deside-

2037 4586 2223 4642 rabile
2252 4586 2475 4641 bonum
2504 4590 2589 4640 est
2619 4584 2926 4639 adhterere
2966 4587 3102 4649 Deo,
3133 4589 3195 4640 ut
3228 4600 3348 4641 non
3382 4586 3579 4643 solum
3611 4588 3689 4645 ab

2038 4674 2138 4731 illa
2169 4674 2442 4729 felicitate
2493 4673 2757 4737 alienari,
2816 4679 3103 4745 tanquam
3138 4688 3428 4745 magnum
3461 4676 3694 4750 suppli-

2039 4764 2194 4819 cium
2228 4762 2662 4835 perhorrescat,
2719 4778 2929 4819 verum
2961 4761 3140 4818 etiam
3186 4762 3409 4821 differri
3440 4764 3690 4823 moleste

2037 4851 2203 4909 ferat.
2236 4851 2346 4909 Sed
2370 4855 2907 4923 tamenantequam
2931 4851 3439 4922 dicantboniﬁlii,
3472 4857 3693 4911 Concu-

2035 4941 2381 5012 piseentiam
2411 4939 2708 4995 habemus
2735 4940 2998 5007 dissolvi,
3032 4944 3085 4997 et
3124 4956 3241 4998 esse
3270 4957 3401 4999 cum
3450 4943 3687 5000 Christo

2038 5030 2319 5100 (Philipp.
2346 5047 2382 5096 ι,
2411 5028 2500 5092 23)
2523 5048 2544 5096 ,-
2568 5029 2735 5084 multi
2763 5029 2950 5101 prius,
2985 5034 3275 5102 tanquam
3295 5032 3439 5087 mali
3461 5032 3609 5088 servi
3633 5037 3691 5091 et

2035 5117 2763 5192 quodammodoimprobi
2784 5118 3030 5187 fugitivi,
3068 5119 3146 5174 ad
3174 5120 3492 5177 Dominum
3507 5136 3685 5179 suum

2036 5208 2450 5281 temporalium
2470 5207 2839 5285 ﬂagellorum
2869 5206 3113 5262 verbere
3143 5213 3520 5265 revocantur.

2106 5303 2192 5354 22.
2220 5298 2361 5364 Quis
2389 5298 2548 5353 enim
2582 5312 2691 5352 nos
2721 5299 2915 5368 potest
2954 5296 3213 5366 amplius
3265 5313 3469 5354 amare
3498 5314 3685 5371 quam

2034 5389 2317 5452 Christus,
2340 5386 2444 5459 qui
2467 5386 2732 5441 animam
2764 5400 2935 5440 suam
2966 5385 3166 5456 posuit
3198 5402 3307 5457 pro
3333 5387 3541 5444 ovibus
3558 5389 3684 5446 suis

2033 5478 2227 5549 (Joan.
2256 5492 2315 5540 x,
2355 5479 2436 5541 t5)
2453 5474 2481 5529 ‘l
2506 5477 2568 5530 Et
2590 5480 2792 5530 tamen
2818 5488 2953 5529 cum
2979 5476 3214 5530 Petrum
3237 5480 3292 5532 et
3320 5476 3470 5533 alios
3492 5482 3684 5550 Apos-

2035 5565 2183 5622 tolos
2214 5564 2335 5620 solo
2364 5563 2549 5619 verbo
2581 5566 2874 5628 vocasset,
2918 5562 3167 5619 Paulum
3199 5566 3365 5637 prius
3411 5567 3680 5635 Saulum,

2032 5654 2303 5712 Ecclesiae
2356 5670 2478 5710 suae
2529 5656 2735 5725 postea
2768 5667 3058 5723 magnum
3092 5653 3537 5726 aediﬁcatorem,
3580 5658 3687 5718 sed
3760 5720 3761 5723 η
3840 5718 3843 5719 ν
