4118 6164
529 175 633 232 803

521 296 891 356 horrendum
907 300 1082 354 autea
1094 297 1474 361 vastatorem,
1489 308 1610 352 non
1633 292 1827 352 solum
1852 308 1999 350 voce
2020 306 2180 349 com-

523 389 777 461 pescuit,
796 403 1001 444 verum
1022 386 1203 441 etiam
1218 388 1511 457 potestate
1536 384 1875 457 prostravit,
1905 387 2083 457 atque
2120 388 2180 436 ut

520 477 882 535 inﬁdelitatis
912 474 1173 530 tenebris
1217 476 1553 530 saevientem
1601 475 1678 530 ad
1709 472 2178 531 desiderandum

519 568 724 626 lumen
756 564 950 620 cordis
979 565 1243 633 urgeret‘
1273 564 1434 635 prius
1460 564 1724 636 corporis
1759 564 2017 618 caecitate
2052 576 2179 633 per-

520 654 721 711 cussit.
750 656 802 710 Si
833 668 1013 724 poena
1041 652 1139 709 illa
1185 668 1306 709 non
1338 658 1511 718 esset,
1543 670 1662 708 non
1696 652 1773 707 ab
1808 668 1876 707 ea
1913 656 2178 723 postmo-

520 742 666 797 dum
698 747 1038 797 sanaretur:
1070 748 1123 796 et
1151 741 1397 813 quando
1421 741 1638 813 apertis
1661 741 1844 797 oculis
1860 738 2175 794 nihilvide-

518 831 644 896 bat,
674 832 721 887 si
774 847 874 887 eos
902 830 1097 887 salvos
1144 831 1408 896 haberet,
1449 846 1569 886 non
1620 832 1692 886 ad
1728 829 2174 901 impositionem

518 936 737 977 manus
763 921 1030 986 Ananiae,
1070 924 1132 975 ut
1160 935 1368 975 eorum
1400 921 1727 990 aperiretur
1758 920 2025 983 obtutus,
2050 921 2177 972 tan-

517 1026 703 1082 quam
737 1025 1046 1079 squamas,
1079 1010 1302 1080 quibus
1337 1009 1581 1064 clausus
1610 1008 1821 1073 fuerat,
1856 1008 1994 1062 inde
2023 1007 2178 1062 ceci-

519 1097 678 1153 disse
704 1098 1003 1168 Scriptura
1016 1101 1283 1153 narraret
1306 1098 1373 1161 (A
1387 1104 1461 1152 ct.
1480 1114 1555 1163 IX,
1582 1097 1757 1167 1-18).
1786 1096 1890 1152 Ubi
1915 1100 1997 1151 est
2011 1093 2175 1167 quod

518 1187 615 1243 isti
646 1186 907 1243 clamare
938 1194 1402 1242 consueverunt:
1456 1187 1728 1241 Liberum
1788 1193 1871 1241 est
1913 1186 2171 1250 credere,

518 1276 609 1333 vel
638 1292 758 1332 non
787 1276 1068 1331 credere?
1099 1275 1190 1330 cui
1235 1276 1351 1330 vim
1402 1275 1667 1331 Christus
1712 1275 1947 1330 intulit?
1992 1290 2173 1346 quem

520 1362 1139 1435 coegit7l‘lccehabent
1170 1365 1421 1420 Paulum
1445 1365 1783 1435 apostolum
1816 1368 2175 1435 ;agnoscant

517 1455 577 1510 in
591 1470 661 1511 eo
676 1456 840 1526 prius
869 1459 1181 1522 cogentem
1206 1453 1520 1516 Christum,
1552 1460 1830 1525 etpostca
1858 1454 2172 1508 docentem

516 1542 680 1615 prius
710 1542 1032 1605 ferientem,
1055 1547 1109 1597 et
1138 1548 1345 1613 postea
1375 1542 1807 1598 consolantem.
1845 1543 2057 1597 Mirum
2090 1547 2176 1597 est

521 1637 721 1687 autem
753 1631 1061 1703 quomodo
1090 1630 1181 1685 ille
1197 1630 1297 1702 qui
1331 1646 1510 1702 poena
1533 1632 1797 1703 corporis
1813 1631 1888 1686 ad
1914 1634 2175 1701 Evange-

517 1720 662 1775 lium
698 1726 939 1775 coactus
980 1720 1240 1785 intravit,
1298 1720 1431 1792 plus
1463 1720 1572 1775 illis
1603 1721 1883 1775 omnibus
1910 1722 2013 1793 qui
2045 1722 2174 1777 solo

519 1810 701 1866 verbo
733 1810 923 1865 vocati
940 1814 1097 1875 sunt,
1118 1810 1177 1865 in
1206 1809 1524 1880 Evangelio
1551 1810 1843 1865 laboravit
1866 1813 1906 1878 (l
1924 1810 2170 1876 Cor.xv,

523 1899 643 1971 10);
677 1903 928 1970 etquem
963 1898 1152 1970 major
1183 1899 1361 1954 timor
1383 1899 1669 1970 compulit
1695 1898 1773 1955 ad
1800 1900 2170 1967 charitatem,

520 1988 650 2059 ejus
684 1987 943 2059 perfecta
974 1987 1233 2042 charitas
1266 1986 1427 2044 foras
1457 1988 1619 2043 misit
1645 1989 1938 2044 timorem.

588 2080 676 2132 23.
721 2078 834 2131 Cur
851 2091 992 2145 ergo
1018 2091 1137 2131 non
1169 2082 1407 2147 cogeret
1438 2077 1700 2132 Ecclesia
1728 2078 1989 2149 perditos
2016 2078 2170 2134 ﬁlios

516 2171 579 2220 ut
602 2165 880 2231 redirent,
914 2166 959 2221 si
1005 2166 1217 2237 perditi
1264 2166 1367 2221 filii
1400 2173 1723 2237 coegerunt
1750 2167 1898 2222 alios
1933 2173 1992 2223 ut
2022 2169 2172 2240 peri-

512 2253 682 2310 rent?
702 2255 987 2320 Quamvis
1009 2254 1190 2310 etiam
1212 2254 1341 2310 illos
1369 2271 1523 2327 quos
1552 2272 1669 2311 non
1695 2261 2035 2326 coegerunt,
2062 2258 2167 2313 sed

515 2342 937 2400 tantummodo
962 2343 1347 2407 seduxerunt,
1378 2343 1424 2398 si
1451 2360 1555 2416 per
1576 2344 1861 2399 terribiles
1884 2346 1985 2400 sed
2010 2346 2167 2401 salu-

510 2431 649 2488 bres
677 2432 835 2503 leges
865 2432 924 2487 in
956 2432 1085 2501 ejus
1145 2432 1436 2501 gremium
1481 2440 1854 2499 revocentur,
1886 2434 2168 2490 blandius

514 2521 616 2593 pia
648 2527 836 2577 mater
894 2520 1288 2591 amplectitur,
1320 2526 1375 2576 et
1404 2521 1478 2577 de
1523 2522 1635 2577 illis
1671 2523 1856 2578 multo
1907 2524 2166 2596 amplius

515 2624 702 2681 quam
717 2609 790 2664 de
809 2608 899 2663 his
916 2624 1072 2680 quos
1094 2624 1407 2681 nunquam
1435 2610 1790 2680 perdiderat,
1819 2613 2166 2682 gratulatur.

517 2702 729 2752 Annon
759 2697 1012 2767 pertinet
1040 2697 1117 2752 ad
1147 2697 1517 2769 diligentiam
1552 2701 1937 2771 pastoralem,
1987 2702 2166 2757 etiam

512 2784 648 2841 illas
676 2801 819 2842 oves
862 2801 998 2857 quas
1030 2801 1149 2842 non
1210 2786 1497 2843 violenter
1546 2795 1779 2860 ereptas,
1811 2790 1916 2845 sed
1947 2790 2166 2847 blande

510 2872 839 2946 leniterque
854 2875 1129 2940 seductas,
1148 2891 1182 2931 a
1197 2890 1374 2945 grege
1397 2876 1826 2943 aberraverint,
1854 2884 1909 2935 et
1934 2880 2011 2935 ab
2025 2879 2165 2935 alie-

511 2962 604 3018 nis
629 2965 918 3036 cmperint
945 2964 1264 3035 possideri,
1298 2965 1576 3022 inventas
1607 2968 1682 3022 ad
1733 2968 1885 3024 ovile
1907 2969 2167 3025 domini-

509 3068 666 3117 cum,
701 3052 748 3107 si
778 3053 1392 3124 resistere‘voluerint,
1418 3054 1793 3125 flagellorum
1822 3060 2160 3125 terroribus,

509 3140 600 3197 vel
623 3142 804 3198 etiam
830 3142 1139 3198 doloribus
1161 3158 1441 3199 revocare
1466 3161 1478 3200 ε
1513 3147 1840 3217 praesertim
1870 3149 2163 3219 quoniam

510 3230 560 3286 si
588 3230 753 3303 apud
788 3230 1064 3302 fugitivos
1114 3248 1321 3288 servos
1351 3240 1406 3287 et
1456 3234 1770 3304 praedones
1806 3237 2161 3293 fecunditate

506 3320 994 3392 multiplicantur,
1029 3320 1162 3392 plus
1189 3321 1372 3376 habet
1396 3322 1547 3392 juris
1576 3324 1739 3395 quod
1772 3324 1830 3379 in
1862 3327 1945 3380 eis
1972 3326 2162 3383 domi-

507 3408 675 3463 nicus
708 3409 1015 3465 character
1041 3409 1388 3479 agnoscitur
1417 3427 1429 3476 ;
1461 3412 1564 3483 qui
1596 3412 1651 3466 in
1678 3413 1762 3467 eis
1791 3429 1946 3485 quos
1972 3418 2161 3472 susci-

509 3497 727 3568 pimus,
755 3513 865 3553 nec
895 3504 1092 3553 tamen
1117 3499 1576 3569 rebaptizamus,
1605 3501 1847 3557 minime
1870 3503 2117 3560 violatur
2137 3505 2165 3559 7

510 3586 601 3642 Sic
631 3586 791 3641 enim
820 3602 982 3642 error
1022 3587 1413 3659 corrigendus
1443 3595 1532 3645 est
1564 3591 1713 3658 ovis,
1749 3598 1813 3647 ut
1840 3608 1961 3648 non
1993 3593 2051 3649 in
2094 3611 2163 3651 ea

506 3682 915 3745 corrumpatur
929 3676 1299 3749 signaculum
1316 3678 1744 3752 Redemptoris.
1764 3684 1963 3754 Neque
1976 3684 2158 3751 enim,

504 3763 552 3819 si
577 3764 900 3836 quisquam
927 3766 1090 3836 regio
1122 3766 1461 3823 charactere
1509 3784 1545 3823 a
1586 3768 1824 3838 signato
1855 3771 2157 3829 desertore

503 3852 788 3923 signetur,
810 3855 1179 3926 etaccipiant
1210 3862 1229 3891 ²
1258 3856 1711 3927 indulgentiam,
1741 3864 1921 3931 atque
1948 3861 2042 3916 ille
2068 3877 2159 3917 re—

501 3941 640 3999 deat
664 3944 741 3998 ad
773 3943 1068 4008 militiam,
1103 3944 1195 3999 ille
1226 3950 1425 4001 autem
1459 3946 1664 4002 essein
1694 3949 1919 4015 militia,
1951 3949 2008 4005 in
2037 3967 2159 4022 qua

500 4030 772 4087 nondum
803 4040 946 4098 erat,
975 4032 1253 4104 incipiat;
1286 4035 1342 4088 in
1374 4035 1577 4107 aliquo
1608 4052 1814 4092 eorum
1850 4038 2158 4095 character

496 4118 591 4174 ille
621 4119 996 4183 rescinditur,
1033 4137 1103 4176 ac
1131 4137 1251 4176 non
1292 4124 1490 4193 potius
1517 4126 1575 4178 in
1604 4125 1907 4181 ambobus
1935 4144 2152 4198 agnos-

499 4207 669 4272 citur,
694 4213 750 4263 et
774 4208 998 4264 honore
1021 4208 1242 4275 debito,
1271 4212 1565 4281 quoniam
1585 4214 1783 4282 regius
1806 4220 1914 4279 est,
1940 4232 2154 4288 appro-

503 4294 696 4352 batur.
717 4297 865 4361 Quia
879 4312 1020 4367 ergo
1039 4313 1159 4353 non
1184 4305 1431 4370 possunt
1451 4301 1675 4356 malum
1695 4319 1825 4359 esse
1838 4306 2151 4363 ostendere

502 4401 623 4458 quo
654 4393 969 4457 coguntur,
988 4403 1097 4441 nec
1130 4388 1206 4443 ad
1242 4388 1469 4445 bonum
1490 4406 1550 4445 se
1569 4392 1698 4462 cogi
1727 4400 1996 4464 oportere
2010 4412 2154 4451 con-

502 4474 766 4531 tendunt.
804 4476 918 4533 Sed
950 4493 986 4532 a
1017 4476 1245 4533 Christo
1299 4482 1573 4535 coactum
1605 4483 1977 4539 ostendimus
2004 4485 2152 4540 Pau-

502 4562 657 4621 lum:
690 4564 1178 4639 imitaturitaque
1204 4567 1461 4623 Ecclesia
1491 4570 1549 4624 in
1578 4570 1701 4625 istis
1734 4574 2017 4641 cogendis
2048 4578 2152 4629 Do-

500 4654 737 4710 minum
800 4671 1000 4720 suum,
1052 4672 1188 4727 quas
1242 4656 1406 4729 prius
1465 4663 1529 4713 ut
1570 4660 1870 4716 neminem
1916 4669 2152 4731 cogeret

502 4743 889 4814 exspectavit,
920 4750 981 4799 ut
1017 4745 1090 4800 de
1118 4745 1235 4801 ﬁde
1261 4761 1472 4816 regum
1507 4753 1683 4820 atque
1710 4751 1975 4820 gentium
2007 4770 2151 4824 prae-

500 4832 719 4890 dicatio
746 4833 1096 4905 prophetica
1125 4836 1543 4906 compleretur.

571 4926 659 4979 24.
692 4922 879 4979 Etiam
908 4922 1049 4979 hinc
1071 4924 1229 4980 enim
1248 4940 1367 4980 non
1391 4925 1650 4982 absurde
1680 4928 2026 4999 intelligitur
2052 4932 2151 4988 illa

502 5012 838 5085 apostolica
854 5013 1163 5078 sententia,
1182 5014 1281 5069 ubi
1297 5014 1508 5070 Paulus
1524 5016 1733 5073 beatus
1748 5020 1884 5075 dicit
1906 5042 1918 5073 :
1940 5022 2153 5077 Parati

503 5101 711 5160 ulcisci
735 5117 960 5159 omnem
990 5101 1463 5168 inobedientiom,
1491 5120 1621 5161 cum
1645 5109 1932 5176 completa
1958 5111 2151 5179 fuerit

499 5191 666 5259 prior
705 5191 1039 5249 obedientia
1070 5197 1268 5249 vestra
1290 5192 1359 5257 (Il
1388 5194 1521 5249 Cor.
1556 5210 1609 5260 x,
1641 5196 1715 5267 6).
1742 5196 1905 5251 Unde
1937 5203 1993 5252 et
2023 5199 2148 5269 ipse

500 5277 790 5337 Dominus
821 5282 898 5337 ad
952 5296 1241 5352 magnam
1274 5297 1509 5339 orenam
1542 5299 1713 5339 suam
1748 5285 1907 5355 prius
1933 5287 2151 5343 adduci

567 5467 581 5497 ¹
612 5466 737 5533 Mss.
764 5467 981 5533 decem;
1016 5470 1181 5532 Atque
1210 5470 1530 5533 inﬁdelitatis
1582 5472 1799 5521 tenebris
1844 5474 2148 5533 seuientem,

503 5529 653 5597 utAad
675 5530 1073 5597 desiderantium
1087 5529 1275 5597 lumen
1296 5535 1463 5583 cordts
1496 5540 1744 5597 surgeret.

563 5591 593 5666 1A
612 5588 768 5666 βαρ,
795 5594 1027 5666 ιξιςσςρίιιιΞ
1054 5595 1177 5644 Mss.
1217 5609 1361 5654 vero,
1412 5588 1685 5661 accipiant,
1724 5597 1940 5658 scilicet,
1967 5600 2058 5666 qui
2087 5601 2152 5651 si-

499 5655 632 5717 gnat
658 5656 710 5702 et
737 5654 828 5714 qui
857 5654 1123 5714 signatur.

1807 167 1867 223 s.
1910 156 2297 222 AUGUSTINI
2337 162 2653 221 EPlSCOPl
2738 168 2739 171 γ
3788 178 3873 232 δα

2287 290 2459 361 jubet
2484 291 2791 358 convivas,
2822 294 3030 364 postea
3054 293 3186 364 cogi
3220 311 3231 349 :
3259 308 3401 351 nam
3432 310 3566 351 cum
3595 296 3645 352 ei
3664 300 3797 355 servi
3812 303 3889 358 sui

2290 380 2762 451 respondissent,
2797 384 3057 447 Domine,
3093 384 3325 444 factum
3354 391 3435 441 est
3464 387 3617 456 quod
3620 388 3841 455 jussisti,
3856 395 3898 445 et

2287 469 2487 525 adhuc
2518 477 2599 525 est
2630 472 2791 526 locus
2819 494 2837 541 ,-
2873 471 3066 537 Ezite,
3102 473 3315 544 inquit,
3346 473 3410 528 in
3442 475 3563 530 vias
3589 480 3637 531 et
3667 490 3824 545 δεμες,
3854 486 3897 535 et

2288 573 2681 631 quoscumque
2710 560 3072 624 inveneritis,
3104 562 3292 630 cogite
3335 562 3565 619 intrare
3608 566 3756 629 (Luc.
3799 584 3895 633 xw,

2286 650 2374 715 22,
2407 649 2516 718 '23).
2546 649 2610 703 In
2641 648 2752 703 illis
2771 665 2913 719 ergo
2932 652 3031 721 qui
3060 650 3266 705 leniter
3294 651 3487 719 primo
3518 652 3897 719 adductisuut,

2286 736 2585 808 completa
2611 742 2701 793 est
2728 739 2885 808 prior
2915 739 3293 807 obedientia;
3330 741 3388 795 in
3421 740 3546 795 istis
3599 748 3782 798 autem
3817 747 3899 816 qui

2284 831 2598 894 coguntur,
2632 827 3036 884 inobedientia
3079 834 3418 884 coercetur:
3456 845 3596 884 nam
3645 830 3778 901 quid
3805 840 3891 901 est,

2286 914 2472 983 cogite
2497 917 2747 981 intrare,
2781 932 2920 971 cum
2951 915 3146 988 primo
3176 916 3400 973 dictum
3435 923 3606 985 esset,
3646 918 3898 987 adducite,

2286 1008 2342 1058 et
2367 1018 2726 1075 responsum
2759 1010 2930 1071 esset,
2987 1006 3238 1063 Factum
3286 1011 3363 1062 est
3416 1007 3573 1078 quod
3592 1008 3825 1076 jussisti,
3860 1018 3900 1066 et

2286 1092 2581 1150 adhucest
2613 1094 2810 1150 locus?
2839 1095 2897 1149 Si
2930 1095 3353 1151 miraculorum
3370 1095 3691 1151 terroribus
3717 1112 3897 1168 cogen-

2286 1181 2397 1236 dos
2425 1183 2703 1238 voluisset
2738 1183 3015 1253 intelligi;
3053 1185 3245 1253 magis
3269 1184 3344 1239 ad
3375 1200 3480 1239 eos
3509 1186 3609 1255 qui
3640 1186 3789 1256 prius
3820 1203 3897 1242 vo-

2285 1271 2570 1337 catisunt,
2595 1272 2802 1328 divina
2826 1274 3112 1329 miracula
3133 1271 3491 1329 multafacta
3504 1280 3656 1338 sunt,
3676 1275 3898 1331 maxime

2285 1359 2358 1414 ad
2391 1360 2630 1416 Judaeos
2654 1361 2728 1416 de
2758 1362 2979 1433 quibus
2991 1363 3216 1418 dictum
3231 1362 3522 1417 estludazi
3547 1364 3713 1432 signa
3723 1371 3900 1431 petunt

2286 1448 2328 1518 (l
2364 1449 2494 1504 Cor.
2529 1466 2566 1514 ι,
2600 1452 2720 1521 22):
2751 1450 2808 1504 in
2837 1452 2981 1521 ipsis
3007 1467 3252 1523 quoque
3278 1450 3608 1507 Gentilibus
3641 1451 3898 1508 taliatcm-

2283 1538 2531 1609 poribus
2581 1539 2997 1609 Apostolorum
3035 1540 3321 1595 miracula
3352 1540 3728 1611 Evangelium
3767 1557 3900 1597 com-

2286 1627 2742 1693 mendaverunt,
2776 1634 2835 1682 ut
2856 1629 2902 1682 si
2918 1628 3133 1684 talibus
3156 1630 3285 1698 cogi
3296 1629 3671 1698 juberentur,
3686 1629 3897 1700 priores,

2285 1728 2347 1771 ut
2377 1716 2519 1782 dixi,
2575 1717 2771 1787 potius
2800 1722 3071 1773 convivas
3111 1718 3299 1773 coacti
3331 1732 3465 1772 esse
3498 1717 3702 1773 merito
3736 1718 3902 1775 crede-

2281 1812 2501 1860 rentur.
2536 1807 2927 1878 Quapropter,
2961 1807 3008 1861 si
3041 1811 3330 1877 potestale
3362 1822 3552 1879 quam
3582 1822 3683 1879 per
3703 1807 3900 1877 religio-

2283 1908 2421 1949 nem
2452 1910 2521 1949 ac
2548 1894 2727 1949 ﬁdem
2761 1909 2992 1964 regum,
3030 1900 3296 1967 tempore
3328 1911 3455 1968 quo
3485 1895 3894 1963 debuit,divino

2280 1998 2527 2037 munere
2550 1983 2778 2055 accepit
2810 1984 3085 2047 Ecclesia,
3110 1984 3171 2038 hi
3196 1987 3297 2057 qui
3328 1984 3710 2039 inveniuntur
3737 1984 3790 2039 in
3806 1986 3894 2041 viis

2281 2077 2336 2126 et
2363 2072 2421 2126 in
2445 2072 2714 2143 sepibus,
2752 2073 2809 2127 id
2836 2081 2924 2128 est
2954 2074 3012 2127 in
3042 2072 3371 2128 hmresibus
3396 2079 3455 2129 et
3486 2073 3890 2137 schismatibus,

2279 2161 2802 2230 cogunturintrare
2818 2178 2836 2231 ;
2853 2177 2972 2216 non
2995 2163 3141 2233 quia
3154 2167 3453 2231 coguntur
3472 2162 3892 2233 reprehendant,

2280 2249 2383 2304 sed
2414 2265 2535 2321 quo
2567 2255 2877 2318 cogantur,
2911 2250 3239 2306 attendant.
3292 2251 3644 2306 Convivium
3678 2251 3890 2315 Domini,

2280 2338 2476 2394 unitas
2492 2340 2853 2410 estcorporis
2873 2339 3101 2401 Christi,
3124 2354 3244 2394 non
3260 2339 3457 2395 solum
3473 2339 3533 2394 in
3550 2341 3891 2395 Sacramenta

2278 2426 2501 2492 altaris,
2537 2426 2640 2481 sed
2670 2428 2851 2482 etiam
2884 2429 2943 2482 in
2990 2427 3226 2482 vinculo
3276 2427 3467 2498 pacis.
3506 2427 3585 2481 De
3610 2428 3749 2498 ipsis
3775 2441 3893 2483 sane

2276 2531 2604 2587 possumus
2638 2516 2943 2571 verissime
2974 2516 3168 2571 dicere
3195 2516 3361 2588 quod
3389 2518 3689 2573 neminem
3710 2522 3890 2587 cogant

2276 2603 2353 2665 ad
2378 2604 2606 2659 bonum
2631 2620 2642 2659 :
2668 2620 3084 2678 quoscumque
3108 2605 3269 2661 enim
3292 2612 3539 2676 cogunt,
3571 2621 3687 2662 non
3707 2610 3892 2675 cogunt

2277 2693 2388 2748 nisi
2420 2693 2495 2749 ad
2526 2693 2768 2749 malum.

2348 2780 2579 2838 CAPUT
2612 2783 2725 2837 VII.
2778 2813 2844 2824 —
2874 2787 2962 2838 25.
2996 2786 3416 2840 Verumtamen
3453 2790 3766 2856 antequam
3791 2784 3894 2838 istte

2275 2867 2435 2939 leges
2465 2870 2687 2942 quibus
2720 2871 2797 2927 ad
2825 2871 3172 2927 convivium
3205 2877 3490 2928 sanctum
3520 2878 3795 2942 coguntur
3820 2873 3891 2926 in-

2277 2964 2446 3025 trare,
2478 2960 2539 3014 in
2566 2959 2823 3016 Africam
2856 2961 3251 3026 mitterentur,
3304 2961 3612 3017 nonnullis
3652 2961 3891 3016 fratribus

2275 3046 2606 3114 videbatur,
2640 3049 2697 3103 in
2722 3048 2941 3121 quibus
2969 3054 3025 3103 et
3049 3065 3159 3119 ego
3188 3065 3371 3114 eram,
3401 3051 3682 3122 quamvis
3731 3049 3889 3105 Dona-

2275 3136 2544 3191 tistarum
2594 3138 2790 3193 rabies
2846 3154 3279 3211 usquequaque
3331 3141 3587 3208 saeviret,
3638 3154 3749 3195 non
3783 3151 3891 3193 esse

2273 3226 2486 3295 petend
2498 3242 2596 3281 um
2610 3227 2687 3283 ab
2704 3226 3167 3298 imperatoribus
3185 3228 3272 3282 uti
3283 3244 3460 3299 psam
3476 3228 3889 3298 haeresimjube-

2272 3319 2403 3369 rent
2426 3316 2675 3371 omnino
2692 3331 2810 3371 non
2833 3331 2982 3381 esse,
3017 3332 3257 3387 poenam
3283 3319 3700 3373 constituendo
3715 3318 3790 3372 eis
3803 3316 3889 3387 qui

2270 3401 2330 3456 in
2364 3402 2460 3458 illa
2490 3419 2617 3458 esse
2649 3404 2976 3459 voluissent
3004 3421 3019 3470 ;
3062 3405 3165 3459 sed
3202 3406 3313 3460 hoc
3367 3407 3569 3476 potius
3598 3406 3887 3461 constitue-

2273 3497 2421 3555 rent,
2457 3496 2519 3547 ut
2546 3508 2754 3549 eorum
2798 3493 3055 3549 furiosas
3086 3493 3400 3549 violentias
3434 3511 3555 3550 non
3586 3498 3885 3566 paterentur

2272 3582 2371 3652 qui
2389 3582 2691 3637 veritatem
2707 3568 3067 3639 catholicam
3082 3582 3169 3637 vel
3188 3582 3882 3654 prmdicarentloquendo,

2271 3670 2361 3724 vel
2387 3668 2650 3739 legerent
2679 3671 3118 3727 constituendo.
3150 3672 3325 3741 Quod
3353 3688 3423 3727 eo
3462 3672 3640 3728 modo
3668 3671 3779 3726 ﬁeri
3805 3669 3883 3724 ali-

2267 3764 2565 3828 quatenus
2596 3776 2774 3831 posse
2803 3760 3272 3826 arbitrabamur,
3310 3761 3357 3815 si
3390 3762 3584 3831 legem
3633 3760 3881 3833 piissimte

2268 3847 2569 3901 memorias
2622 3846 2957 3914 Theodosii,
3010 3864 3197 3918 quam
3229 3848 3587 3917 generaliter
3619 3848 3673 3902 in
3703 3861 3881 3901 omnes

2267 3934 2572 3990 haereticos
2604 3936 3025 4005 promulgavit,
3068 3937 3140 3992 Ut
3168 3936 3434 4008 quisquis
3468 3954 3663 3994 eorum
3698 3936 3881 4003 episco-

2262 4039 2375 4091 pus
2406 4025 2497 4079 vel
2523 4024 2771 4079 clericus
2784 4024 3024 4080 ubilibet
3039 4034 3180 4081 esset
3208 4025 3502 4092 inventus,
3536 4025 3721 4082 decem
3740 4022 3879 4079 libris

2262 4112 2401 4168 auri
2424 4113 2805 4176 multaretur,
2839 4116 3179 4185 expressius
3212 4114 3271 4169 in
3304 4115 3665 4180 Donatistas,
3710 4112 3802 4184 qui
3829 4125 3879 4163 se

2264 4200 2567 4271 negabant
2592 4202 2924 4267 hmreticos,
2964 4204 3044 4259 ita
3070 4203 3514 4268 conﬁrmarent,
3552 4210 3611 4259 ut
3637 4218 3749 4257 non
3776 4214 3884 4256 om.

2264 4306 2369 4345 nes
2398 4306 2469 4346 ea
2495 4291 2682 4346 multa
2714 4290 3043 4357 ferirentur,
3069 4293 3172 4347 sed
3206 4293 3262 4348 in
3286 4308 3546 4364 quorum
3567 4289 3875 4361 regionibus

2263 4378 2496 4451 aliquas
2512 4379 2823 4435 violentias
2839 4396 2874 4435 a
2887 4380 3231 4447 clericis,vel
3247 4398 3282 4437 a
3297 4379 3873 4441 Circumcellionibus,

2261 4468 2350 4524 vel
2374 4468 2612 4539 populis
2639 4485 2867 4535 eorum,
2894 4469 3152 4525 Ecclesia
3177 4470 3472 4527 catholica
3501 4470 3877 4542 pateretur:ut

2262 4557 2483 4612 scilicet
2513 4563 2650 4628 post
2673 4559 3161 4629 protestationem
3190 4558 3623 4615 Catholicorum
3651 4555 3874 4629 quifuis-

2263 4646 2514 4701 sentista
2536 4647 2827 4717 perpessi,
2848 4648 2972 4718 jam
3000 4664 3144 4702 cura
3168 4646 3451 4704 ordinum
3474 4648 3547 4703 ad
3575 4644 3874 4718 persolven-

2259 4733 2400 4789 dam
2435 4733 2684 4789 multam
2713 4734 2975 4806 episcopi
3004 4736 3124 4791 sive
3157 4735 3409 4790 ministri
3427 4736 3615 4790 caeteri
3640 4740 3874 4788 teneren-

2262 4828 2373 4879 tur.
2426 4826 2507 4878 lta
2554 4823 2712 4878 enim
2745 4825 3239 4879 existimabamus
3273 4824 3356 4879 eis
3390 4824 3616 4891 territis,
3652 4828 3702 4877 et
3747 4815 3872 4874 nihil

2261 4912 2373 4967 tale
2404 4911 2596 4967 facere
2619 4912 3000 4978 audentibus,
3018 4929 3196 4983 posse
3226 4913 3411 4969 libere
3432 4912 3696 4969 doceriet
3716 4904 3871 4964 teneri

2261 5000 2620 5057 catholicam
2654 5002 2980 5066 veritatem,
3017 5007 3078 5055 ut
3104 5002 3180 5057 ad
3214 5018 3344 5056 eam
3375 5006 3674 5071 cogeretur
3693 5008 3868 5059 nemo,

2262 5090 2365 5144 sed
2391 5106 2524 5146 eam
2555 5091 2659 5162 qui
2685 5090 2811 5146 sine
2842 5089 3163 5146 formidine
3195 5091 3388 5155 vellet,
3421 5095 3768 5163 sequeretur,
3810 5095 3869 5137 ne

2260 5178 2442 5234 falsos
2456 5178 2893 5234 etsimulatores
2907 5178 3229 5236 catholicos
3243 5179 3869 5246 haberemus.thuam-

2262 5267 2352 5322 vis
2384 5268 2515 5323 aliis
2547 5266 2823 5323 fratribus
2856 5268 3019 5323 aliud
3051 5267 3365 5333 videretur,
3393 5268 3519 5339 jam
3552 5270 3713 5322 aetate
3755 5274 3867 5329 gra-

2262 5357 2550 5425 vioribus,
2571 5356 2662 5412 vel
2688 5356 3011 5412 multarum
3028 5357 3333 5412 civitatum
3348 5362 3404 5412 et
3424 5357 3680 5412 locorum
3702 5363 3865 5405 exem-

2263 5446 2361 5517 pla
2392 5446 2830 5511 cernentibus‘,
2862 5445 2965 5503 ubi
2990 5446 3227 5502 tirmam
3244 5451 3513 5502 etveram
3544 5439 3858 5500 catholicam

2322 5608 2335 5638 ¹
2370 5605 2453 5656 Sic
2480 5620 2620 5655 unus
2655 5606 2867 5656 eValic.
2896 5606 3018 5655 Mss.
3066 5605 3225 5656 Alter.
3258 5606 3605 5657 narrantibus.
3636 5599 3749 5651 Edd.
3774 5608 3858 5646 au-

2264 5672 2388 5725 tem,
2416 5669 2752 5721 currentibus.
