  <div class='ocr_page' id='page_1' title='image "/cluster/home/n/w/nwhite01/storage/ocr_20150623/33/hvd.32044096580568/400.png"; bbox 0 0 4118 6164; ppageno 0'>
   <div class='ocr_carea' id='block_1_1' title="bbox 226 172 337 231">
    <p class='ocr_par' dir='ltr' id='par_1_1' title="bbox 226 172 337 231">
     <span class='ocr_line' id='line_1_1' title="bbox 226 172 337 231; baseline -0.009 0"><span class='ocrx_word' id='word_1_1' title='bbox 226 172 337 231; x_wconf 78' lang='grc'>805</span> 
     </span>
    </p>
   </div>
   <div class='ocr_carea' id='block_1_2' title="bbox 228 294 1881 370">
    <p class='ocr_par' dir='ltr' id='par_1_2' title="bbox 228 294 1881 370">
     <span class='ocr_line' id='line_1_2' title="bbox 228 294 1881 370; baseline -0.003 -15"><span class='ocrx_word' id='word_1_2' title='bbox 228 297 607 362; x_wconf 82' lang='lat' dir='ltr'>videbamus,</span> <span class='ocrx_word' id='word_1_3' title='bbox 634 312 770 370; x_wconf 90' lang='lat' dir='ltr'>qua</span> <span class='ocrx_word' id='word_1_4' title='bbox 804 300 1001 353; x_wconf 92' lang='lat' dir='ltr'>tamen</span> <span class='ocrx_word' id='word_1_5' title='bbox 1047 295 1127 352; x_wconf 87' lang='lat' dir='ltr'>ibi</span> <span class='ocrx_word' id='word_1_6' title='bbox 1187 295 1405 353; x_wconf 91' lang='lat' dir='ltr'>talibus</span> <span class='ocrx_word' id='word_1_7' title='bbox 1434 295 1734 352; x_wconf 85' lang='lat' dir='ltr'>beneﬁciis</span> <span class='ocrx_word' id='word_1_8' title='bbox 1780 294 1881 351; x_wconf 90' lang='lat' dir='ltr'>Dei</span> 
     </span>
    </p>
   </div>
   <div class='ocr_carea' id='block_1_3' title="bbox 222 384 1881 458">
    <p class='ocr_par' dir='ltr' id='par_1_3' title="bbox 222 384 1881 458">
     <span class='ocr_line' id='line_1_3' title="bbox 222 384 1881 458; baseline -0.002 -15"><span class='ocrx_word' id='word_1_9' title='bbox 222 387 711 444; x_wconf 89' lang='lat' dir='ltr'>constitutaesset</span> <span class='ocrx_word' id='word_1_10' title='bbox 727 392 906 458; x_wconf 91' lang='lat' dir='ltr'>atque</span> <span class='ocrx_word' id='word_1_11' title='bbox 929 385 1188 449; x_wconf 87' lang='lat' dir='ltr'>firmata,</span> <span class='ocrx_word' id='word_1_12' title='bbox 1212 384 1357 441; x_wconf 94' lang='lat' dir='ltr'>dum</span> <span class='ocrx_word' id='word_1_13' title='bbox 1374 401 1478 457; x_wconf 91' lang='lat' dir='ltr'>per</span> <span class='ocrx_word' id='word_1_14' title='bbox 1490 386 1754 457; x_wconf 81' lang='lat' dir='ltr'>priorum</span> <span class='ocrx_word' id='word_1_15' title='bbox 1772 384 1881 440; x_wconf 89' lang='lat' dir='ltr'>im-</span> 
     </span>
    </p>
   </div>
   <div class='ocr_carea' id='block_1_4' title="bbox 221 473 1881 549">
    <p class='ocr_par' dir='ltr' id='par_1_4' title="bbox 221 473 1881 549">
     <span class='ocr_line' id='line_1_4' title="bbox 221 473 1881 549; baseline -0.003 -16"><span class='ocrx_word' id='word_1_16' title='bbox 221 482 570 549; x_wconf 89' lang='lat' dir='ltr'>peratorum</span> <span class='ocrx_word' id='word_1_17' title='bbox 587 476 746 545; x_wconf 82' lang='lat' dir='ltr'>leges</span> <span class='ocrx_word' id='word_1_18' title='bbox 760 477 837 531; x_wconf 88' lang='lat' dir='ltr'>ad</span> <span class='ocrx_word' id='word_1_19' title='bbox 857 476 1346 530; x_wconf 84' lang='lat' dir='ltr'>communionem</span> <span class='ocrx_word' id='word_1_20' title='bbox 1364 474 1628 529; x_wconf 86' lang='lat' dir='ltr'>homines</span> <span class='ocrx_word' id='word_1_21' title='bbox 1641 473 1881 529; x_wconf 88' lang='lat' dir='ltr'>catholi-</span> 
     </span>
    </p>
   </div>
   <div class='ocr_carea' id='block_1_5' title="bbox 219 562 1881 635">
    <p class='ocr_par' dir='ltr' id='par_1_5' title="bbox 219 562 1881 635">
     <span class='ocr_line' id='line_1_5' title="bbox 219 562 1881 635; baseline -0.003 -14"><span class='ocrx_word' id='word_1_22' title='bbox 219 582 358 621; x_wconf 92' lang='lat' dir='ltr'>cam</span> <span class='ocrx_word' id='word_1_23' title='bbox 390 570 782 635; x_wconf 85' lang='lat' dir='ltr'>cogerentur;</span> <span class='ocrx_word' id='word_1_24' title='bbox 808 562 1402 618; x_wconf 88' lang='lat' dir='ltr'>obtinuimustamen</span> <span class='ocrx_word' id='word_1_25' title='bbox 1435 568 1495 618; x_wconf 93' lang='lat' dir='ltr'>ut</span> <span class='ocrx_word' id='word_1_26' title='bbox 1520 562 1661 617; x_wconf 90' lang='lat' dir='ltr'>illud</span> <span class='ocrx_word' id='word_1_27' title='bbox 1682 562 1881 633; x_wconf 79' lang='lat' dir='ltr'>potius</span> 
     </span>
    </p>
   </div>
   <div class='ocr_carea' id='block_1_6' title="bbox 216 652 1886 728">
    <p class='ocr_par' dir='ltr' id='par_1_6' title="bbox 216 652 1886 728">
     <span class='ocr_line' id='line_1_6' title="bbox 216 652 1886 728; baseline -0.002 -18"><span class='ocrx_word' id='word_1_28' title='bbox 216 654 388 728; x_wconf 88' lang='lat' dir='ltr'>quod</span> <span class='ocrx_word' id='word_1_29' title='bbox 402 653 629 720; x_wconf 84' lang='lat' dir='ltr'>dixi,ab</span> <span class='ocrx_word' id='word_1_30' title='bbox 644 652 1116 725; x_wconf 80' lang='lat' dir='ltr'>imperatoribus</span> <span class='ocrx_word' id='word_1_31' title='bbox 1132 657 1426 722; x_wconf 80' lang='lat' dir='ltr'>peteretur</span> <span class='ocrx_word' id='word_1_32' title='bbox 1451 665 1462 703; x_wconf 91' lang='lat'>:</span> <span class='ocrx_word' id='word_1_33' title='bbox 1480 652 1783 706; x_wconf 91' lang='lat' dir='ltr'>decretum</span> <span class='ocrx_word' id='word_1_34' title='bbox 1798 656 1886 707; x_wconf 78' lang='lat' dir='ltr'>est</span> 
     </span>
    </p>
   </div>
   <div class='ocr_carea' id='block_1_7' title="bbox 220 740 1880 813">
    <p class='ocr_par' dir='ltr' id='par_1_7' title="bbox 220 740 1880 813">
     <span class='ocr_line' id='line_1_7' title="bbox 220 740 1880 813; baseline -0.002 -15"><span class='ocrx_word' id='word_1_35' title='bbox 220 743 282 799; x_wconf 91' lang='lat' dir='ltr'>in</span> <span class='ocrx_word' id='word_1_36' title='bbox 296 742 549 798; x_wconf 88' lang='lat' dir='ltr'>concilio</span> <span class='ocrx_word' id='word_1_37' title='bbox 564 749 766 797; x_wconf 89' lang='lat' dir='ltr'>nostro</span> <span class='ocrx_word' id='word_1_38' title='bbox 782 740 1073 813; x_wconf 87' lang='lat' dir='ltr'>(a),legati</span> <span class='ocrx_word' id='word_1_39' title='bbox 1088 742 1164 795; x_wconf 92' lang='lat' dir='ltr'>ad</span> <span class='ocrx_word' id='word_1_40' title='bbox 1180 740 1533 796; x_wconf 89' lang='lat' dir='ltr'>Comitatum</span> <span class='ocrx_word' id='word_1_41' title='bbox 1552 742 1704 794; x_wconf 86' lang='lat' dir='ltr'>missi</span> <span class='ocrx_word' id='word_1_42' title='bbox 1722 744 1880 795; x_wconf 89' lang='lat' dir='ltr'>sunt.</span> 
     </span>
    </p>
   </div>
   <div class='ocr_carea' id='block_1_8' title="bbox 296 829 1887 901">
    <p class='ocr_par' dir='ltr' id='par_1_8' title="bbox 296 829 1887 901">
     <span class='ocr_line' id='line_1_8' title="bbox 296 829 1887 901; baseline -0.003 -13"><span class='ocrx_word' id='word_1_43' title='bbox 296 835 385 888; x_wconf 82' lang='lat'>26.</span> <span class='ocrx_word' id='word_1_44' title='bbox 421 831 534 888; x_wconf 90' lang='lat' dir='ltr'>Sed</span> <span class='ocrx_word' id='word_1_45' title='bbox 569 832 663 886; x_wconf 88' lang='lat' dir='ltr'>Dei</span> <span class='ocrx_word' id='word_1_46' title='bbox 698 830 885 901; x_wconf 87' lang='lat' dir='ltr'>major</span> <span class='ocrx_word' id='word_1_47' title='bbox 936 829 1358 899; x_wconf 77' lang='lat' dir='ltr'>misericordia,</span> <span class='ocrx_word' id='word_1_48' title='bbox 1406 829 1509 899; x_wconf 90' lang='lat' dir='ltr'>qui</span> <span class='ocrx_word' id='word_1_49' title='bbox 1555 829 1729 884; x_wconf 79' lang='lat' dir='ltr'>sciret</span> <span class='ocrx_word' id='word_1_50' title='bbox 1775 829 1887 884; x_wconf 91' lang='lat' dir='ltr'>ha-</span> 
     </span>
    </p>
   </div>
   <div class='ocr_carea' id='block_1_9' title="bbox 220 917 1885 993">
    <p class='ocr_par' dir='ltr' id='par_1_9' title="bbox 220 917 1885 993">
     <span class='ocr_line' id='line_1_9' title="bbox 220 917 1885 993; baseline -0.001 -17"><span class='ocrx_word' id='word_1_51' title='bbox 220 936 361 977; x_wconf 89' lang='lat' dir='ltr'>rum</span> <span class='ocrx_word' id='word_1_52' title='bbox 395 920 595 993; x_wconf 91' lang='lat' dir='ltr'>legum</span> <span class='ocrx_word' id='word_1_53' title='bbox 625 928 809 975; x_wconf 90' lang='lat' dir='ltr'>terror</span> <span class='ocrx_word' id='word_1_54' title='bbox 832 924 889 975; x_wconf 88' lang='lat' dir='ltr'>et</span> <span class='ocrx_word' id='word_1_55' title='bbox 908 918 1190 988; x_wconf 88' lang='lat' dir='ltr'>quadam</span> <span class='ocrx_word' id='word_1_56' title='bbox 1219 917 1590 973; x_wconf 86' lang='lat' dir='ltr'>medicinalis</span> <span class='ocrx_word' id='word_1_57' title='bbox 1614 917 1885 974; x_wconf 85' lang='lat' dir='ltr'>molestia</span> 
     </span>
    </p>
   </div>
   <div class='ocr_carea' id='block_1_10' title="bbox 220 1005 1883 1083">
    <p class='ocr_par' dir='ltr' id='par_1_10' title="bbox 220 1005 1883 1083">
     <span class='ocr_line' id='line_1_10' title="bbox 220 1005 1883 1083; baseline -0.002 -19"><span class='ocrx_word' id='word_1_58' title='bbox 220 1026 416 1083; x_wconf 88' lang='lat' dir='ltr'>quam</span> <span class='ocrx_word' id='word_1_59' title='bbox 456 1010 779 1065; x_wconf 92' lang='lat' dir='ltr'>multorum</span> <span class='ocrx_word' id='word_1_60' title='bbox 813 1014 965 1063; x_wconf 90' lang='lat' dir='ltr'>esset</span> <span class='ocrx_word' id='word_1_61' title='bbox 995 1008 1195 1080; x_wconf 86' lang='lat' dir='ltr'>pravis</span> <span class='ocrx_word' id='word_1_62' title='bbox 1248 1007 1337 1062; x_wconf 90' lang='lat' dir='ltr'>vel</span> <span class='ocrx_word' id='word_1_63' title='bbox 1384 1005 1613 1077; x_wconf 82' lang='lat' dir='ltr'>frigidis</span> <span class='ocrx_word' id='word_1_64' title='bbox 1664 1007 1883 1063; x_wconf 92' lang='lat' dir='ltr'>animis</span> 
     </span>
    </p>
   </div>
   <div class='ocr_carea' id='block_1_11' title="bbox 220 1095 1885 1169">
    <p class='ocr_par' dir='ltr' id='par_1_11' title="bbox 220 1095 1885 1169">
     <span class='ocr_line' id='line_1_11' title="bbox 220 1095 1885 1169; baseline -0.004 -13"><span class='ocrx_word' id='word_1_65' title='bbox 220 1098 586 1165; x_wconf 87' lang='lat' dir='ltr'>necessaria,</span> <span class='ocrx_word' id='word_1_66' title='bbox 618 1105 674 1154; x_wconf 91' lang='lat' dir='ltr'>et</span> <span class='ocrx_word' id='word_1_67' title='bbox 706 1098 785 1154; x_wconf 91' lang='lat' dir='ltr'>illi</span> <span class='ocrx_word' id='word_1_68' title='bbox 810 1097 1041 1153; x_wconf 87' lang='lat' dir='ltr'>duritia</span> <span class='ocrx_word' id='word_1_69' title='bbox 1061 1113 1198 1169; x_wconf 92' lang='lat' dir='ltr'>qua</span> <span class='ocrx_word' id='word_1_70' title='bbox 1218 1095 1413 1152; x_wconf 87' lang='lat' dir='ltr'>verbis</span> <span class='ocrx_word' id='word_1_71' title='bbox 1431 1095 1737 1151; x_wconf 88' lang='lat' dir='ltr'>emendari</span> <span class='ocrx_word' id='word_1_72' title='bbox 1763 1110 1885 1151; x_wconf 93' lang='lat' dir='ltr'>non</span> 
     </span>
    </p>
   </div>
   <div class='ocr_carea' id='block_1_12' title="bbox 222 1184 1885 1261">
    <p class='ocr_par' dir='ltr' id='par_1_12' title="bbox 222 1184 1885 1261">
     <span class='ocr_line' id='line_1_12' title="bbox 222 1184 1885 1261; baseline -0.003 -16"><span class='ocrx_word' id='word_1_73' title='bbox 222 1194 440 1261; x_wconf 87' lang='lat' dir='ltr'>potest,</span> <span class='ocrx_word' id='word_1_74' title='bbox 470 1188 571 1243; x_wconf 86' lang='lat' dir='ltr'>sed</span> <span class='ocrx_word' id='word_1_75' title='bbox 604 1192 801 1242; x_wconf 87' lang='lat' dir='ltr'>tamen</span> <span class='ocrx_word' id='word_1_76' title='bbox 831 1186 1206 1258; x_wconf 84' lang='lat' dir='ltr'>aliquantula</span> <span class='ocrx_word' id='word_1_77' title='bbox 1227 1185 1532 1241; x_wconf 87' lang='lat' dir='ltr'>severitate</span> <span class='ocrx_word' id='word_1_78' title='bbox 1552 1184 1885 1256; x_wconf 91' lang='lat' dir='ltr'>disciplina</span> 
     </span>
    </p>
   </div>
   <div class='ocr_carea' id='block_1_13' title="bbox 222 1274 1883 1349">
    <p class='ocr_par' dir='ltr' id='par_1_13' title="bbox 222 1274 1883 1349">
     <span class='ocr_line' id='line_1_13' title="bbox 222 1274 1883 1349; baseline -0.003 -16"><span class='ocrx_word' id='word_1_79' title='bbox 222 1283 446 1349; x_wconf 87' lang='lat' dir='ltr'>potest,</span> <span class='ocrx_word' id='word_1_80' title='bbox 477 1277 538 1332; x_wconf 90' lang='lat' dir='ltr'>id</span> <span class='ocrx_word' id='word_1_81' title='bbox 568 1278 685 1346; x_wconf 83' lang='lat' dir='ltr'>egit</span> <span class='ocrx_word' id='word_1_82' title='bbox 712 1282 772 1330; x_wconf 91' lang='lat' dir='ltr'>ut</span> <span class='ocrx_word' id='word_1_83' title='bbox 808 1277 981 1344; x_wconf 78' lang='lat' dir='ltr'>legati</span> <span class='ocrx_word' id='word_1_84' title='bbox 1031 1274 1212 1331; x_wconf 89' lang='lat' dir='ltr'>nostri</span> <span class='ocrx_word' id='word_1_85' title='bbox 1257 1276 1423 1346; x_wconf 90' lang='lat' dir='ltr'>quod</span> <span class='ocrx_word' id='word_1_86' title='bbox 1472 1278 1883 1344; x_wconf 89' lang='lat' dir='ltr'>susceperant,</span> 
     </span>
    </p>
   </div>
   <div class='ocr_carea' id='block_1_14' title="bbox 221 1363 1887 1436">
    <p class='ocr_par' dir='ltr' id='par_1_14' title="bbox 221 1363 1887 1436">
     <span class='ocr_line' id='line_1_14' title="bbox 221 1363 1887 1436; baseline -0.001 -15"><span class='ocrx_word' id='word_1_87' title='bbox 221 1366 493 1422; x_wconf 87' lang='lat' dir='ltr'>obtinere</span> <span class='ocrx_word' id='word_1_88' title='bbox 526 1381 643 1420; x_wconf 89' lang='lat' dir='ltr'>non</span> <span class='ocrx_word' id='word_1_89' title='bbox 680 1371 945 1436; x_wconf 86' lang='lat' dir='ltr'>possent.</span> <span class='ocrx_word' id='word_1_90' title='bbox 976 1363 1109 1420; x_wconf 86' lang='lat' dir='ltr'>Jam</span> <span class='ocrx_word' id='word_1_91' title='bbox 1138 1364 1296 1418; x_wconf 91' lang='lat' dir='ltr'>enim</span> <span class='ocrx_word' id='word_1_92' title='bbox 1325 1378 1436 1419; x_wconf 92' lang='lat' dir='ltr'>nos</span> <span class='ocrx_word' id='word_1_93' title='bbox 1474 1367 1887 1435; x_wconf 86' lang='lat' dir='ltr'>pravenerant</span> 
     </span>
    </p>
   </div>
   <div class='ocr_carea' id='block_1_15' title="bbox 223 1451 1884 1525">
    <p class='ocr_par' dir='ltr' id='par_1_15' title="bbox 223 1451 1884 1525">
     <span class='ocr_line' id='line_1_15' title="bbox 223 1451 1884 1525; baseline -0.002 -14"><span class='ocrx_word' id='word_1_94' title='bbox 223 1470 301 1511; x_wconf 80' lang='lat' dir='ltr'>ex</span> <span class='ocrx_word' id='word_1_95' title='bbox 331 1456 460 1511; x_wconf 86' lang='lat' dir='ltr'>aliis</span> <span class='ocrx_word' id='word_1_96' title='bbox 494 1454 635 1510; x_wconf 89' lang='lat' dir='ltr'>locis</span> <span class='ocrx_word' id='word_1_97' title='bbox 666 1456 949 1524; x_wconf 84' lang='lat' dir='ltr'>quadam</span> <span class='ocrx_word' id='word_1_98' title='bbox 976 1455 1397 1525; x_wconf 89' lang='lat' dir='ltr'>episcoporum</span> <span class='ocrx_word' id='word_1_99' title='bbox 1451 1451 1707 1522; x_wconf 88' lang='lat' dir='ltr'>querela</span> <span class='ocrx_word' id='word_1_100' title='bbox 1750 1468 1884 1524; x_wconf 85' lang='lat' dir='ltr'>gra-</span> 
     </span>
    </p>
   </div>
   <div class='ocr_carea' id='block_1_16' title="bbox 222 1542 1884 1614">
    <p class='ocr_par' dir='ltr' id='par_1_16' title="bbox 222 1542 1884 1614">
     <span class='ocr_line' id='line_1_16' title="bbox 222 1542 1884 1614; baseline -0.002 -15"><span class='ocrx_word' id='word_1_101' title='bbox 222 1546 511 1609; x_wconf 80' lang='lat' dir='ltr'>vissima,</span> <span class='ocrx_word' id='word_1_102' title='bbox 546 1545 642 1614; x_wconf 89' lang='lat' dir='ltr'>qui</span> <span class='ocrx_word' id='word_1_103' title='bbox 678 1544 839 1599; x_wconf 89' lang='lat' dir='ltr'>mala</span> <span class='ocrx_word' id='word_1_104' title='bbox 868 1542 1103 1598; x_wconf 83' lang='lat' dir='ltr'>fuerant</span> <span class='ocrx_word' id='word_1_105' title='bbox 1139 1542 1382 1613; x_wconf 90' lang='lat' dir='ltr'>abipsis</span> <span class='ocrx_word' id='word_1_106' title='bbox 1399 1543 1587 1597; x_wconf 89' lang='lat' dir='ltr'>multa</span> <span class='ocrx_word' id='word_1_107' title='bbox 1617 1542 1884 1613; x_wconf 85' lang='lat' dir='ltr'>perpessi</span> 
     </span>
    </p>
   </div>
   <div class='ocr_carea' id='block_1_17' title="bbox 220 1630 1886 1703">
    <p class='ocr_par' dir='ltr' id='par_1_17' title="bbox 220 1630 1886 1703">
     <span class='ocr_line' id='line_1_17' title="bbox 220 1630 1886 1703; baseline -0.003 -12"><span class='ocrx_word' id='word_1_108' title='bbox 220 1640 282 1691; x_wconf 90' lang='lat' dir='ltr'>et</span> <span class='ocrx_word' id='word_1_109' title='bbox 316 1651 352 1690; x_wconf 91' lang='lat' dir='ltr'>a</span> <span class='ocrx_word' id='word_1_110' title='bbox 382 1633 504 1689; x_wconf 84' lang='lat' dir='ltr'>suis</span> <span class='ocrx_word' id='word_1_111' title='bbox 536 1633 774 1688; x_wconf 88' lang='lat' dir='ltr'>sedibus</span> <span class='ocrx_word' id='word_1_112' title='bbox 800 1632 1093 1687; x_wconf 86' lang='lat' dir='ltr'>exturbati</span> <span class='ocrx_word' id='word_1_113' title='bbox 1119 1647 1132 1698; x_wconf 88' lang='lat'><strong>;</strong></span> <span class='ocrx_word' id='word_1_114' title='bbox 1177 1632 1468 1703; x_wconf 85' lang='lat' dir='ltr'>pracipue</span> <span class='ocrx_word' id='word_1_115' title='bbox 1500 1630 1800 1686; x_wconf 88' lang='lat' dir='ltr'>horrenda</span> <span class='ocrx_word' id='word_1_116' title='bbox 1830 1636 1886 1686; x_wconf 87' lang='lat' dir='ltr'>et</span> 
     </span>
    </p>
   </div>
   <div class='ocr_carea' id='block_1_18' title="bbox 217 1719 1882 1791">
    <p class='ocr_par' dir='ltr' id='par_1_18' title="bbox 217 1719 1882 1791">
     <span class='ocr_line' id='line_1_18' title="bbox 217 1719 1882 1791; baseline -0.002 -13"><span class='ocrx_word' id='word_1_117' title='bbox 217 1722 594 1778; x_wconf 86' lang='lat' dir='ltr'>incredibilis</span> <span class='ocrx_word' id='word_1_118' title='bbox 617 1721 805 1777; x_wconf 88' lang='lat' dir='ltr'>cades</span> <span class='ocrx_word' id='word_1_119' title='bbox 828 1720 1168 1776; x_wconf 80' lang='lat' dir='ltr'>Maximiani</span> <span class='ocrx_word' id='word_1_120' title='bbox 1195 1719 1456 1791; x_wconf 79' lang='lat' dir='ltr'>epiSCOpi</span> <span class='ocrx_word' id='word_1_121' title='bbox 1476 1719 1753 1775; x_wconf 87' lang='lat' dir='ltr'>catholici</span> <span class='ocrx_word' id='word_1_122' title='bbox 1786 1722 1882 1774; x_wconf 91' lang='lat' dir='ltr'>Ec-</span> 
     </span>
    </p>
   </div>
   <div class='ocr_carea' id='block_1_19' title="bbox 220 1808 1886 1883">
    <p class='ocr_par' dir='ltr' id='par_1_19' title="bbox 220 1808 1886 1883">
     <span class='ocr_line' id='line_1_19' title="bbox 220 1808 1886 1883; baseline -0.002 -15"><span class='ocrx_word' id='word_1_123' title='bbox 220 1811 425 1868; x_wconf 91' lang='lat' dir='ltr'>clesia</span> <span class='ocrx_word' id='word_1_124' title='bbox 447 1810 786 1883; x_wconf 89' lang='lat' dir='ltr'>Bagaiensis</span> <span class='ocrx_word' id='word_1_125' title='bbox 802 1812 815 1839; x_wconf 81' lang='lat'>‘</span> <span class='ocrx_word' id='word_1_126' title='bbox 838 1809 1028 1865; x_wconf 79' lang='lat' dir='ltr'>effecit</span> <span class='ocrx_word' id='word_1_127' title='bbox 1050 1814 1113 1863; x_wconf 90' lang='lat' dir='ltr'>ut</span> <span class='ocrx_word' id='word_1_128' title='bbox 1135 1814 1337 1864; x_wconf 84' lang='lat' dir='ltr'>nostra</span> <span class='ocrx_word' id='word_1_129' title='bbox 1357 1808 1573 1878; x_wconf 84' lang='lat' dir='ltr'>legatio</span> <span class='ocrx_word' id='word_1_130' title='bbox 1590 1809 1717 1879; x_wconf 91' lang='lat' dir='ltr'>jam</span> <span class='ocrx_word' id='word_1_131' title='bbox 1740 1808 1886 1879; x_wconf 90' lang='lat' dir='ltr'>quid</span> 
     </span>
    </p>
   </div>
   <div class='ocr_carea' id='block_1_20' title="bbox 220 1896 1886 1970">
    <p class='ocr_par' dir='ltr' id='par_1_20' title="bbox 220 1896 1886 1970">
     <span class='ocr_line' id='line_1_20' title="bbox 220 1896 1886 1970; baseline -0.002 -15"><span class='ocrx_word' id='word_1_132' title='bbox 220 1905 433 1970; x_wconf 84' lang='lat' dir='ltr'>ageret</span> <span class='ocrx_word' id='word_1_133' title='bbox 457 1916 576 1955; x_wconf 93' lang='lat' dir='ltr'>non</span> <span class='ocrx_word' id='word_1_134' title='bbox 608 1899 874 1955; x_wconf 89' lang='lat' dir='ltr'>haberet.</span> <span class='ocrx_word' id='word_1_135' title='bbox 904 1899 1036 1954; x_wconf 83' lang='lat' dir='ltr'>Jam</span> <span class='ocrx_word' id='word_1_136' title='bbox 1062 1900 1222 1953; x_wconf 87' lang='lat' dir='ltr'>enim</span> <span class='ocrx_word' id='word_1_137' title='bbox 1251 1897 1346 1953; x_wconf 87' lang='lat' dir='ltr'>lex</span> <span class='ocrx_word' id='word_1_138' title='bbox 1379 1897 1569 1953; x_wconf 87' lang='lat' dir='ltr'>fuerat</span> <span class='ocrx_word' id='word_1_139' title='bbox 1620 1896 1886 1969; x_wconf 92' lang='lat' dir='ltr'>promul-</span> 
     </span>
    </p>
   </div>
   <div class='ocr_carea' id='block_1_21' title="bbox 219 1986 1881 2060">
    <p class='ocr_par' dir='ltr' id='par_1_21' title="bbox 219 1986 1881 2060">
     <span class='ocr_line' id='line_1_21' title="bbox 219 1986 1881 2060; baseline -0.002 -15"><span class='ocrx_word' id='word_1_140' title='bbox 219 1995 392 2060; x_wconf 87' lang='lat' dir='ltr'>gata,</span> <span class='ocrx_word' id='word_1_141' title='bbox 426 1995 487 2045; x_wconf 93' lang='lat' dir='ltr'>ut</span> <span class='ocrx_word' id='word_1_142' title='bbox 519 1994 694 2044; x_wconf 88' lang='lat' dir='ltr'>tanta</span> <span class='ocrx_word' id='word_1_143' title='bbox 733 1986 1127 2043; x_wconf 89' lang='lat' dir='ltr'>immanitatis</span> <span class='ocrx_word' id='word_1_144' title='bbox 1153 1986 1388 2043; x_wconf 77' lang='lat' dir='ltr'>haresis</span> <span class='ocrx_word' id='word_1_145' title='bbox 1422 1986 1881 2052; x_wconf 89' lang='lat' dir='ltr'>Donatistarum,</span> 
     </span>
    </p>
   </div>
   <div class='ocr_carea' id='block_1_22' title="bbox 219 2075 1883 2148">
    <p class='ocr_par' dir='ltr' id='par_1_22' title="bbox 219 2075 1883 2148">
     <span class='ocr_line' id='line_1_22' title="bbox 219 2075 1883 2148; baseline -0.003 -14"><span class='ocrx_word' id='word_1_146' title='bbox 219 2079 320 2134; x_wconf 92' lang='lat' dir='ltr'>cui</span> <span class='ocrx_word' id='word_1_147' title='bbox 342 2078 641 2134; x_wconf 86' lang='lat' dir='ltr'>crudelius</span> <span class='ocrx_word' id='word_1_148' title='bbox 672 2078 834 2148; x_wconf 90' lang='lat' dir='ltr'>parci</span> <span class='ocrx_word' id='word_1_149' title='bbox 865 2076 1177 2132; x_wconf 88' lang='lat' dir='ltr'>videbatur</span> <span class='ocrx_word' id='word_1_150' title='bbox 1205 2092 1391 2147; x_wconf 91' lang='lat' dir='ltr'>quam</span> <span class='ocrx_word' id='word_1_151' title='bbox 1418 2076 1547 2146; x_wconf 89' lang='lat' dir='ltr'>ipsa</span> <span class='ocrx_word' id='word_1_152' title='bbox 1578 2075 1883 2143; x_wconf 91' lang='lat' dir='ltr'>saviebat,</span> 
     </span>
    </p>
   </div>
   <div class='ocr_carea' id='block_1_23' title="bbox 218 2164 1887 2230">
    <p class='ocr_par' dir='ltr' id='par_1_23' title="bbox 218 2164 1887 2230">
     <span class='ocr_line' id='line_1_23' title="bbox 218 2164 1887 2230; baseline -0.004 -6"><span class='ocrx_word' id='word_1_153' title='bbox 218 2183 350 2224; x_wconf 88' lang='lat' dir='ltr'>non</span> <span class='ocrx_word' id='word_1_154' title='bbox 378 2172 605 2223; x_wconf 88' lang='lat' dir='ltr'>tantum</span> <span class='ocrx_word' id='word_1_155' title='bbox 638 2165 899 2221; x_wconf 91' lang='lat' dir='ltr'>violenta</span> <span class='ocrx_word' id='word_1_156' title='bbox 923 2180 1070 2230; x_wconf 89' lang='lat' dir='ltr'>esse,</span> <span class='ocrx_word' id='word_1_157' title='bbox 1101 2164 1207 2219; x_wconf 91' lang='lat' dir='ltr'>sed</span> <span class='ocrx_word' id='word_1_158' title='bbox 1235 2165 1483 2219; x_wconf 88' lang='lat' dir='ltr'>omnino</span> <span class='ocrx_word' id='word_1_159' title='bbox 1505 2179 1640 2219; x_wconf 89' lang='lat' dir='ltr'>esse</span> <span class='ocrx_word' id='word_1_160' title='bbox 1661 2179 1783 2219; x_wconf 93' lang='lat' dir='ltr'>non</span> <span class='ocrx_word' id='word_1_161' title='bbox 1812 2164 1887 2218; x_wconf 91' lang='lat' dir='ltr'>si-</span> 
     </span>
    </p>
   </div>
   <div class='ocr_carea' id='block_1_24' title="bbox 218 2253 1888 2326">
    <p class='ocr_par' dir='ltr' id='par_1_24' title="bbox 218 2253 1888 2326">
     <span class='ocr_line' id='line_1_24' title="bbox 218 2253 1888 2326; baseline -0.003 -14"><span class='ocrx_word' id='word_1_162' title='bbox 218 2261 467 2312; x_wconf 88' lang='lat' dir='ltr'>neretur</span> <span class='ocrx_word' id='word_1_163' title='bbox 482 2256 754 2326; x_wconf 89' lang='lat' dir='ltr'>impune:</span> <span class='ocrx_word' id='word_1_164' title='bbox 773 2270 891 2309; x_wconf 92' lang='lat' dir='ltr'>non</span> <span class='ocrx_word' id='word_1_165' title='bbox 909 2260 1107 2309; x_wconf 90' lang='lat' dir='ltr'>tamen</span> <span class='ocrx_word' id='word_1_166' title='bbox 1122 2253 1414 2325; x_wconf 88' lang='lat' dir='ltr'>supplicio</span> <span class='ocrx_word' id='word_1_167' title='bbox 1430 2253 1690 2323; x_wconf 91' lang='lat' dir='ltr'>capitali,</span> <span class='ocrx_word' id='word_1_168' title='bbox 1712 2268 1888 2324; x_wconf 80' lang='lat' dir='ltr'>prap-</span> 
     </span>
    </p>
   </div>
   <div class='ocr_carea' id='block_1_25' title="bbox 219 2342 1884 2412">
    <p class='ocr_par' dir='ltr' id='par_1_25' title="bbox 219 2342 1884 2412">
     <span class='ocr_line' id='line_1_25' title="bbox 219 2342 1884 2412; baseline -0.003 -10"><span class='ocrx_word' id='word_1_169' title='bbox 219 2352 314 2402; x_wconf 84' lang='lat' dir='ltr'>ter</span> <span class='ocrx_word' id='word_1_170' title='bbox 326 2344 686 2401; x_wconf 88' lang='lat' dir='ltr'>servandam</span> <span class='ocrx_word' id='word_1_171' title='bbox 699 2345 879 2400; x_wconf 88' lang='lat' dir='ltr'>etiam</span> <span class='ocrx_word' id='word_1_172' title='bbox 896 2344 1053 2399; x_wconf 89' lang='lat' dir='ltr'>circa</span> <span class='ocrx_word' id='word_1_173' title='bbox 1067 2342 1345 2412; x_wconf 88' lang='lat' dir='ltr'>indignos</span> <span class='ocrx_word' id='word_1_174' title='bbox 1362 2342 1884 2399; x_wconf 86' lang='lat' dir='ltr'>mansuetudinem</span> 
     </span>
    </p>
   </div>
   <div class='ocr_carea' id='block_1_26' title="bbox 218 2431 1888 2504">
    <p class='ocr_par' dir='ltr' id='par_1_26' title="bbox 218 2431 1888 2504">
     <span class='ocr_line' id='line_1_26' title="bbox 218 2431 1888 2504; baseline -0.002 -13"><span class='ocrx_word' id='word_1_175' title='bbox 218 2435 636 2499; x_wconf 84' lang='lat' dir='ltr'>christianam,</span> <span class='ocrx_word' id='word_1_176' title='bbox 670 2433 774 2489; x_wconf 91' lang='lat' dir='ltr'>sed</span> <span class='ocrx_word' id='word_1_177' title='bbox 806 2432 1165 2504; x_wconf 89' lang='lat' dir='ltr'>pecuniariis</span> <span class='ocrx_word' id='word_1_178' title='bbox 1190 2432 1425 2487; x_wconf 85' lang='lat' dir='ltr'>damnis</span> <span class='ocrx_word' id='word_1_179' title='bbox 1454 2431 1797 2502; x_wconf 89' lang='lat' dir='ltr'>propositis,</span> <span class='ocrx_word' id='word_1_180' title='bbox 1831 2434 1888 2487; x_wconf 89' lang='lat' dir='ltr'>et</span> 
     </span>
    </p>
   </div>
   <div class='ocr_carea' id='block_1_27' title="bbox 219 2521 1887 2596">
    <p class='ocr_par' dir='ltr' id='par_1_27' title="bbox 219 2521 1887 2596">
     <span class='ocr_line' id='line_1_27' title="bbox 219 2521 1887 2596; baseline -0.003 -15"><span class='ocrx_word' id='word_1_181' title='bbox 219 2525 289 2581; x_wconf 86' lang='lat' dir='ltr'>in</span> <span class='ocrx_word' id='word_1_182' title='bbox 322 2524 637 2596; x_wconf 89' lang='lat' dir='ltr'>episcopos</span> <span class='ocrx_word' id='word_1_183' title='bbox 666 2522 753 2579; x_wconf 88' lang='lat' dir='ltr'>vel</span> <span class='ocrx_word' id='word_1_184' title='bbox 800 2522 1106 2579; x_wconf 84' lang='lat' dir='ltr'>ministros</span> <span class='ocrx_word' id='word_1_185' title='bbox 1155 2537 1364 2577; x_wconf 89' lang='lat' dir='ltr'>eorum</span> <span class='ocrx_word' id='word_1_186' title='bbox 1416 2521 1622 2577; x_wconf 88' lang='lat' dir='ltr'>exsilio</span> <span class='ocrx_word' id='word_1_187' title='bbox 1672 2522 1887 2578; x_wconf 88' lang='lat' dir='ltr'>consti-</span> 
     </span>
    </p>
   </div>
   <div class='ocr_carea' id='block_1_28' title="bbox 222 2620 382 2671">
    <p class='ocr_par' dir='ltr' id='par_1_28' title="bbox 222 2620 382 2671">
     <span class='ocr_line' id='line_1_28' title="bbox 222 2620 382 2671; baseline -0.006 0"><span class='ocrx_word' id='word_1_188' title='bbox 222 2620 382 2671; x_wconf 91' lang='lat' dir='ltr'>tuto.</span> 
     </span>
    </p>
   </div>
   <div class='ocr_carea' id='block_1_29' title="bbox 294 2698 1882 2775">
    <p class='ocr_par' dir='ltr' id='par_1_29' title="bbox 294 2698 1882 2775">
     <span class='ocr_line' id='line_1_29' title="bbox 294 2698 1882 2775; baseline -0.001 -18"><span class='ocrx_word' id='word_1_189' title='bbox 294 2708 386 2758; x_wconf 83' lang='lat'>27.</span> <span class='ocrx_word' id='word_1_190' title='bbox 414 2701 835 2775; x_wconf 88' lang='lat' dir='ltr'>Supradictum</span> <span class='ocrx_word' id='word_1_191' title='bbox 853 2699 1077 2773; x_wconf 88' lang='lat' dir='ltr'>quippe</span> <span class='ocrx_word' id='word_1_192' title='bbox 1094 2699 1450 2771; x_wconf 88' lang='lat' dir='ltr'>episcopum</span> <span class='ocrx_word' id='word_1_193' title='bbox 1472 2698 1882 2769; x_wconf 89' lang='lat' dir='ltr'>Bagaiensem,</span> 
     </span>
    </p>
   </div>
   <div class='ocr_carea' id='block_1_30' title="bbox 220 2788 1883 2865">
    <p class='ocr_par' dir='ltr' id='par_1_30' title="bbox 220 2788 1883 2865">
     <span class='ocr_line' id='line_1_30' title="bbox 220 2788 1883 2865; baseline -0.002 -17"><span class='ocrx_word' id='word_1_194' title='bbox 220 2791 519 2865; x_wconf 90' lang='lat' dir='ltr'>quoniam</span> <span class='ocrx_word' id='word_1_195' title='bbox 545 2790 709 2863; x_wconf 90' lang='lat' dir='ltr'>apud</span> <span class='ocrx_word' id='word_1_196' title='bbox 722 2790 1095 2846; x_wconf 88' lang='lat' dir='ltr'>ordinarium</span> <span class='ocrx_word' id='word_1_197' title='bbox 1106 2790 1125 2858; x_wconf 93' lang='lat' dir='ltr'>j</span> <span class='ocrx_word' id='word_1_198' title='bbox 1138 2788 1212 2843; x_wconf 90' lang='lat' dir='ltr'>ud</span> <span class='ocrx_word' id='word_1_199' title='bbox 1224 2790 1399 2853; x_wconf 88' lang='lat' dir='ltr'>icem,</span> <span class='ocrx_word' id='word_1_200' title='bbox 1414 2789 1736 2845; x_wconf 89' lang='lat' dir='ltr'>dictainter</span> <span class='ocrx_word' id='word_1_201' title='bbox 1750 2805 1883 2859; x_wconf 90' lang='lat' dir='ltr'>par-</span> 
     </span>
    </p>
   </div>
   <div class='ocr_carea' id='block_1_31' title="bbox 224 2877 1884 2949">
    <p class='ocr_par' dir='ltr' id='par_1_31' title="bbox 224 2877 1884 2949">
     <span class='ocr_line' id='line_1_31' title="bbox 224 2877 1884 2949; baseline -0.002 -12"><span class='ocrx_word' id='word_1_202' title='bbox 224 2888 312 2939; x_wconf 88' lang='lat' dir='ltr'>tes</span> <span class='ocrx_word' id='word_1_203' title='bbox 346 2880 660 2944; x_wconf 89' lang='lat' dir='ltr'>sententia,</span> <span class='ocrx_word' id='word_1_204' title='bbox 696 2879 1037 2936; x_wconf 90' lang='lat' dir='ltr'>obtinuerat</span> <span class='ocrx_word' id='word_1_205' title='bbox 1066 2877 1371 2933; x_wconf 86' lang='lat' dir='ltr'>basilicam</span> <span class='ocrx_word' id='word_1_206' title='bbox 1401 2877 1504 2949; x_wconf 88' lang='lat' dir='ltr'>(b),</span> <span class='ocrx_word' id='word_1_207' title='bbox 1545 2893 1734 2949; x_wconf 90' lang='lat' dir='ltr'>quam</span> <span class='ocrx_word' id='word_1_208' title='bbox 1784 2878 1884 2946; x_wconf 91' lang='lat' dir='ltr'>illi,</span> 
     </span>
    </p>
   </div>
   <div class='ocr_carea' id='block_1_32' title="bbox 224 2966 1885 3031">
    <p class='ocr_par' dir='ltr' id='par_1_32' title="bbox 224 2966 1885 3031">
     <span class='ocr_line' id='line_1_32' title="bbox 224 2966 1885 3031; baseline -0.004 -3"><span class='ocrx_word' id='word_1_209' title='bbox 224 2986 371 3028; x_wconf 91' lang='lat' dir='ltr'>cum</span> <span class='ocrx_word' id='word_1_210' title='bbox 390 2969 681 3025; x_wconf 88' lang='lat' dir='ltr'>catholica</span> <span class='ocrx_word' id='word_1_211' title='bbox 711 2973 889 3031; x_wconf 88' lang='lat' dir='ltr'>esset,</span> <span class='ocrx_word' id='word_1_212' title='bbox 922 2967 1287 3031; x_wconf 88' lang='lat' dir='ltr'>invaserant,</span> <span class='ocrx_word' id='word_1_213' title='bbox 1323 2971 1580 3022; x_wconf 90' lang='lat' dir='ltr'>stantem</span> <span class='ocrx_word' id='word_1_214' title='bbox 1596 2966 1672 3022; x_wconf 89' lang='lat' dir='ltr'>ad</span> <span class='ocrx_word' id='word_1_215' title='bbox 1703 2966 1885 3022; x_wconf 90' lang='lat' dir='ltr'>altare</span> 
     </span>
    </p>
   </div>
   <div class='ocr_carea' id='block_1_33' title="bbox 221 3054 1886 3128">
    <p class='ocr_par' dir='ltr' id='par_1_33' title="bbox 221 3054 1886 3128">
     <span class='ocr_line' id='line_1_33' title="bbox 221 3054 1886 3128; baseline -0.005 -12"><span class='ocrx_word' id='word_1_216' title='bbox 221 3060 519 3116; x_wconf 89' lang='lat' dir='ltr'>irruentes</span> <span class='ocrx_word' id='word_1_217' title='bbox 545 3057 846 3114; x_wconf 88' lang='lat' dir='ltr'>horrendo</span> <span class='ocrx_word' id='word_1_218' title='bbox 874 3058 1097 3128; x_wconf 88' lang='lat' dir='ltr'>impetu</span> <span class='ocrx_word' id='word_1_219' title='bbox 1126 3061 1182 3111; x_wconf 89' lang='lat' dir='ltr'>et</span> <span class='ocrx_word' id='word_1_220' title='bbox 1224 3056 1422 3110; x_wconf 87' lang='lat' dir='ltr'>furore</span> <span class='ocrx_word' id='word_1_221' title='bbox 1475 3054 1720 3121; x_wconf 90' lang='lat' dir='ltr'>crudeli,</span> <span class='ocrx_word' id='word_1_222' title='bbox 1757 3054 1886 3109; x_wconf 88' lang='lat' dir='ltr'>fus—</span> 
     </span>
    </p>
   </div>
   <div class='ocr_carea' id='block_1_34' title="bbox 225 3144 1886 3218">
    <p class='ocr_par' dir='ltr' id='par_1_34' title="bbox 225 3144 1886 3218">
     <span class='ocr_line' id='line_1_34' title="bbox 225 3144 1886 3218; baseline -0.002 -14"><span class='ocrx_word' id='word_1_223' title='bbox 225 3150 389 3205; x_wconf 88' lang='lat' dir='ltr'>tibus</span> <span class='ocrx_word' id='word_1_224' title='bbox 419 3153 474 3203; x_wconf 91' lang='lat' dir='ltr'>et</span> <span class='ocrx_word' id='word_1_225' title='bbox 504 3145 919 3218; x_wconf 89' lang='lat' dir='ltr'>cujuscemodi</span> <span class='ocrx_word' id='word_1_226' title='bbox 948 3144 1094 3211; x_wconf 90' lang='lat' dir='ltr'>telis,</span> <span class='ocrx_word' id='word_1_227' title='bbox 1126 3144 1302 3213; x_wconf 91' lang='lat' dir='ltr'>lignis</span> <span class='ocrx_word' id='word_1_228' title='bbox 1328 3144 1588 3216; x_wconf 90' lang='lat' dir='ltr'>denique</span> <span class='ocrx_word' id='word_1_229' title='bbox 1616 3144 1886 3215; x_wconf 88' lang='lat' dir='ltr'>ejusdem</span> 
     </span>
    </p>
   </div>
   <div class='ocr_carea' id='block_1_35' title="bbox 222 3233 1886 3305">
    <p class='ocr_par' dir='ltr' id='par_1_35' title="bbox 222 3233 1886 3305">
     <span class='ocr_line' id='line_1_35' title="bbox 222 3233 1886 3305; baseline -0.003 -11"><span class='ocrx_word' id='word_1_230' title='bbox 222 3237 434 3294; x_wconf 88' lang='lat' dir='ltr'>altaris</span> <span class='ocrx_word' id='word_1_231' title='bbox 446 3234 1030 3292; x_wconf 79' lang='lat' dir='ltr'>eﬂ&#39;ractiimmuniter</span> <span class='ocrx_word' id='word_1_232' title='bbox 1041 3233 1411 3298; x_wconf 90' lang='lat' dir='ltr'>ceciderunt;</span> <span class='ocrx_word' id='word_1_233' title='bbox 1432 3234 1690 3305; x_wconf 89' lang='lat' dir='ltr'>pugione</span> <span class='ocrx_word' id='word_1_234' title='bbox 1707 3234 1886 3289; x_wconf 92' lang='lat' dir='ltr'>etiam</span> 
     </span>
    </p>
   </div>
   <div class='ocr_carea' id='block_1_36' title="bbox 223 3321 1889 3398">
    <p class='ocr_par' dir='ltr' id='par_1_36' title="bbox 223 3321 1889 3398">
     <span class='ocr_line' id='line_1_36' title="bbox 223 3321 1889 3398; baseline -0.003 -16"><span class='ocrx_word' id='word_1_235' title='bbox 223 3332 653 3398; x_wconf 90' lang='lat' dir='ltr'>percusserunt</span> <span class='ocrx_word' id='word_1_236' title='bbox 683 3324 742 3379; x_wconf 92' lang='lat' dir='ltr'>in</span> <span class='ocrx_word' id='word_1_237' title='bbox 788 3323 1059 3394; x_wconf 86' lang='lat' dir='ltr'>inguine;</span> <span class='ocrx_word' id='word_1_238' title='bbox 1094 3338 1215 3395; x_wconf 91' lang='lat' dir='ltr'>quo</span> <span class='ocrx_word' id='word_1_239' title='bbox 1257 3322 1496 3378; x_wconf 90' lang='lat' dir='ltr'>vulnere</span> <span class='ocrx_word' id='word_1_240' title='bbox 1531 3322 1776 3391; x_wconf 82' lang='lat' dir='ltr'>sanguis</span> <span class='ocrx_word' id='word_1_241' title='bbox 1809 3321 1889 3377; x_wconf 88' lang='lat' dir='ltr'>ef-</span> 
     </span>
    </p>
   </div>
   <div class='ocr_carea' id='block_1_37' title="bbox 224 3411 1890 3477">
    <p class='ocr_par' dir='ltr' id='par_1_37' title="bbox 224 3411 1890 3477">
     <span class='ocr_line' id='line_1_37' title="bbox 224 3411 1890 3477; baseline -0.002 -6"><span class='ocrx_word' id='word_1_242' title='bbox 224 3415 425 3471; x_wconf 87' lang='lat' dir='ltr'>ﬂuens</span> <span class='ocrx_word' id='word_1_243' title='bbox 441 3431 581 3471; x_wconf 92' lang='lat' dir='ltr'>eum</span> <span class='ocrx_word' id='word_1_244' title='bbox 602 3413 944 3469; x_wconf 88' lang='lat' dir='ltr'>exanimem</span> <span class='ocrx_word' id='word_1_245' title='bbox 961 3411 1256 3477; x_wconf 89' lang='lat' dir='ltr'>redderet,</span> <span class='ocrx_word' id='word_1_246' title='bbox 1276 3411 1385 3465; x_wconf 88' lang='lat' dir='ltr'>nisi</span> <span class='ocrx_word' id='word_1_247' title='bbox 1405 3411 1457 3466; x_wconf 91' lang='lat' dir='ltr'>ei</span> <span class='ocrx_word' id='word_1_248' title='bbox 1476 3411 1549 3466; x_wconf 92' lang='lat' dir='ltr'>ad</span> <span class='ocrx_word' id='word_1_249' title='bbox 1569 3412 1747 3467; x_wconf 89' lang='lat' dir='ltr'>vitam</span> <span class='ocrx_word' id='word_1_250' title='bbox 1767 3427 1890 3467; x_wconf 91' lang='lat' dir='ltr'>ma-</span> 
     </span>
    </p>
   </div>
   <div class='ocr_carea' id='block_1_38' title="bbox 218 3500 1890 3576">
    <p class='ocr_par' dir='ltr' id='par_1_38' title="bbox 218 3500 1890 3576">
     <span class='ocr_line' id='line_1_38' title="bbox 218 3500 1890 3576; baseline -0.003 -16"><span class='ocrx_word' id='word_1_251' title='bbox 218 3506 323 3576; x_wconf 90' lang='lat' dir='ltr'>jor</span> <span class='ocrx_word' id='word_1_252' title='bbox 352 3503 577 3560; x_wconf 89' lang='lat' dir='ltr'>savitia</span> <span class='ocrx_word' id='word_1_253' title='bbox 606 3518 813 3558; x_wconf 92' lang='lat' dir='ltr'>eorum</span> <span class='ocrx_word' id='word_1_254' title='bbox 861 3500 1198 3572; x_wconf 80' lang='lat' dir='ltr'>profuisset.</span> <span class='ocrx_word' id='word_1_255' title='bbox 1251 3503 1397 3555; x_wconf 82' lang='lat' dir='ltr'>Nam</span> <span class='ocrx_word' id='word_1_256' title='bbox 1445 3516 1584 3556; x_wconf 91' lang='lat' dir='ltr'>cum</span> <span class='ocrx_word' id='word_1_257' title='bbox 1632 3500 1890 3570; x_wconf 87' lang='lat' dir='ltr'>graviter</span> 
     </span>
    </p>
   </div>
   <div class='ocr_carea' id='block_1_39' title="bbox 228 3588 1887 3663">
    <p class='ocr_par' dir='ltr' id='par_1_39' title="bbox 228 3588 1887 3663">
     <span class='ocr_line' id='line_1_39' title="bbox 228 3588 1887 3663; baseline -0.002 -15"><span class='ocrx_word' id='word_1_258' title='bbox 228 3593 571 3648; x_wconf 89' lang='lat' dir='ltr'>sauciatum</span> <span class='ocrx_word' id='word_1_259' title='bbox 594 3608 696 3663; x_wconf 90' lang='lat' dir='ltr'>per</span> <span class='ocrx_word' id='word_1_260' title='bbox 714 3596 929 3647; x_wconf 84' lang='lat' dir='ltr'>terram</span> <span class='ocrx_word' id='word_1_261' title='bbox 953 3605 1196 3660; x_wconf 84' lang='lat' dir='ltr'>insuper</span> <span class='ocrx_word' id='word_1_262' title='bbox 1220 3589 1537 3654; x_wconf 85' lang='lat' dir='ltr'>traherent,</span> <span class='ocrx_word' id='word_1_263' title='bbox 1563 3588 1887 3644; x_wconf 85' lang='lat' dir='ltr'>exundanti</span> 
     </span>
    </p>
   </div>
   <div class='ocr_carea' id='block_1_40' title="bbox 228 3678 1891 3753">
    <p class='ocr_par' dir='ltr' id='par_1_40' title="bbox 228 3678 1891 3753">
     <span class='ocr_line' id='line_1_40' title="bbox 228 3678 1891 3753; baseline -0.002 -16"><span class='ocrx_word' id='word_1_264' title='bbox 228 3698 396 3737; x_wconf 90' lang='lat' dir='ltr'>vena</span> <span class='ocrx_word' id='word_1_265' title='bbox 422 3680 620 3753; x_wconf 87' lang='lat' dir='ltr'>pulvis</span> <span class='ocrx_word' id='word_1_266' title='bbox 644 3682 961 3736; x_wconf 91' lang='lat' dir='ltr'>obstrusus</span> <span class='ocrx_word' id='word_1_267' title='bbox 980 3679 1339 3748; x_wconf 90' lang='lat' dir='ltr'>sanguinem</span> <span class='ocrx_word' id='word_1_268' title='bbox 1358 3678 1702 3744; x_wconf 68' lang='lat' dir='ltr'>abstinuit’,</span> <span class='ocrx_word' id='word_1_269' title='bbox 1718 3678 1891 3748; x_wconf 90' lang='lat' dir='ltr'>cujus</span> 
     </span>
    </p>
   </div>
   <div class='ocr_carea' id='block_1_41' title="bbox 230 3767 1893 3827">
    <p class='ocr_par' dir='ltr' id='par_1_41' title="bbox 230 3767 1893 3827">
     <span class='ocr_line' id='line_1_41' title="bbox 230 3767 1893 3827; baseline -0.004 0"><span class='ocrx_word' id='word_1_270' title='bbox 230 3770 526 3827; x_wconf 79' lang='lat' dir='ltr'>effusione</span> <span class='ocrx_word' id='word_1_271' title='bbox 555 3769 683 3826; x_wconf 90' lang='lat' dir='ltr'>ibat</span> <span class='ocrx_word' id='word_1_272' title='bbox 713 3770 773 3824; x_wconf 91' lang='lat' dir='ltr'>in</span> <span class='ocrx_word' id='word_1_273' title='bbox 808 3774 1083 3824; x_wconf 90' lang='lat' dir='ltr'>mortem.</span> <span class='ocrx_word' id='word_1_274' title='bbox 1122 3767 1341 3822; x_wconf 88' lang='lat' dir='ltr'>Deinde</span> <span class='ocrx_word' id='word_1_275' title='bbox 1373 3783 1510 3823; x_wconf 90' lang='lat' dir='ltr'>cum</span> <span class='ocrx_word' id='word_1_276' title='bbox 1541 3767 1618 3823; x_wconf 91' lang='lat' dir='ltr'>ab</span> <span class='ocrx_word' id='word_1_277' title='bbox 1650 3767 1734 3822; x_wconf 91' lang='lat' dir='ltr'>eis</span> <span class='ocrx_word' id='word_1_278' title='bbox 1768 3772 1893 3821; x_wconf 90' lang='lat' dir='ltr'>tau-</span> 
     </span>
    </p>
   </div>
   <div class='ocr_carea' id='block_1_42' title="bbox 232 3855 1890 3927">
    <p class='ocr_par' dir='ltr' id='par_1_42' title="bbox 232 3855 1890 3927">
     <span class='ocr_line' id='line_1_42' title="bbox 232 3855 1890 3927; baseline -0.004 -12"><span class='ocrx_word' id='word_1_279' title='bbox 232 3860 377 3915; x_wconf 90' lang='lat' dir='ltr'>dem</span> <span class='ocrx_word' id='word_1_280' title='bbox 396 3859 684 3925; x_wconf 85' lang='lat' dir='ltr'>relictum,</span> <span class='ocrx_word' id='word_1_281' title='bbox 707 3858 887 3914; x_wconf 89' lang='lat' dir='ltr'>nostri</span> <span class='ocrx_word' id='word_1_282' title='bbox 903 3874 1038 3912; x_wconf 93' lang='lat' dir='ltr'>cum</span> <span class='ocrx_word' id='word_1_283' title='bbox 1054 3855 1303 3927; x_wconf 85' lang='lat' dir='ltr'>psalmis</span> <span class='ocrx_word' id='word_1_284' title='bbox 1321 3856 1552 3911; x_wconf 87' lang='lat' dir='ltr'>auferre</span> <span class='ocrx_word' id='word_1_285' title='bbox 1574 3860 1890 3921; x_wconf 88' lang='lat' dir='ltr'>tentarent,</span> 
     </span>
    </p>
   </div>
   <div class='ocr_carea' id='block_1_43' title="bbox 235 3944 1893 4015">
    <p class='ocr_par' dir='ltr' id='par_1_43' title="bbox 235 3944 1893 4015">
     <span class='ocr_line' id='line_1_43' title="bbox 235 3944 1893 4015; baseline -0.004 -10"><span class='ocrx_word' id='word_1_286' title='bbox 235 3948 319 4005; x_wconf 90' lang='lat' dir='ltr'>illi</span> <span class='ocrx_word' id='word_1_287' title='bbox 349 3950 438 4005; x_wconf 93' lang='lat' dir='ltr'>ira</span> <span class='ocrx_word' id='word_1_288' title='bbox 463 3948 801 4003; x_wconf 88' lang='lat' dir='ltr'>ardentiore</span> <span class='ocrx_word' id='word_1_289' title='bbox 824 3946 1108 4014; x_wconf 86' lang='lat' dir='ltr'>succensi,</span> <span class='ocrx_word' id='word_1_290' title='bbox 1133 3960 1273 4000; x_wconf 90' lang='lat' dir='ltr'>eum</span> <span class='ocrx_word' id='word_1_291' title='bbox 1295 3944 1369 3999; x_wconf 92' lang='lat' dir='ltr'>de</span> <span class='ocrx_word' id='word_1_292' title='bbox 1392 3944 1757 4015; x_wconf 88' lang='lat' dir='ltr'>portantium</span> <span class='ocrx_word' id='word_1_293' title='bbox 1772 3960 1893 3999; x_wconf 88' lang='lat' dir='ltr'>ma-</span> 
     </span>
    </p>
   </div>
   <div class='ocr_carea' id='block_1_44' title="bbox 234 4033 1893 4106">
    <p class='ocr_par' dir='ltr' id='par_1_44' title="bbox 234 4033 1893 4106">
     <span class='ocr_line' id='line_1_44' title="bbox 234 4033 1893 4106; baseline -0.003 -12"><span class='ocrx_word' id='word_1_294' title='bbox 234 4038 416 4094; x_wconf 85' lang='lat' dir='ltr'>nibus</span> <span class='ocrx_word' id='word_1_295' title='bbox 446 4036 839 4101; x_wconf 89' lang='lat' dir='ltr'>abstulerunt,</span> <span class='ocrx_word' id='word_1_296' title='bbox 864 4034 1019 4090; x_wconf 92' lang='lat' dir='ltr'>male</span> <span class='ocrx_word' id='word_1_297' title='bbox 1047 4033 1297 4090; x_wconf 91' lang='lat' dir='ltr'>multatis</span> <span class='ocrx_word' id='word_1_298' title='bbox 1325 4033 1658 4106; x_wconf 81' lang='lat' dir='ltr'>fugatisque</span> <span class='ocrx_word' id='word_1_299' title='bbox 1685 4033 1893 4089; x_wconf 86' lang='lat' dir='ltr'>Catho-</span> 
     </span>
    </p>
   </div>
   <div class='ocr_carea' id='block_1_45' title="bbox 238 4122 1897 4200">
    <p class='ocr_par' dir='ltr' id='par_1_45' title="bbox 238 4122 1897 4200">
     <span class='ocr_line' id='line_1_45' title="bbox 238 4122 1897 4200; baseline -0.002 -17"><span class='ocrx_word' id='word_1_300' title='bbox 238 4128 392 4196; x_wconf 89' lang='lat' dir='ltr'>licis,</span> <span class='ocrx_word' id='word_1_301' title='bbox 418 4144 571 4200; x_wconf 91' lang='lat' dir='ltr'>quos</span> <span class='ocrx_word' id='word_1_302' title='bbox 600 4126 822 4197; x_wconf 88' lang='lat' dir='ltr'>ingenti</span> <span class='ocrx_word' id='word_1_303' title='bbox 866 4124 1244 4180; x_wconf 87' lang='lat' dir='ltr'>multitudine</span> <span class='ocrx_word' id='word_1_304' title='bbox 1286 4122 1677 4194; x_wconf 88' lang='lat' dir='ltr'>superabant,</span> <span class='ocrx_word' id='word_1_305' title='bbox 1732 4128 1788 4178; x_wconf 93' lang='lat' dir='ltr'>et</span> <span class='ocrx_word' id='word_1_306' title='bbox 1812 4123 1897 4179; x_wconf 89' lang='lat' dir='ltr'>fa-</span> 
     </span>
    </p>
   </div>
   <div class='ocr_carea' id='block_1_46' title="bbox 242 4211 1895 4284">
    <p class='ocr_par' dir='ltr' id='par_1_46' title="bbox 242 4211 1895 4284">
     <span class='ocr_line' id='line_1_46' title="bbox 242 4211 1895 4284; baseline -0.004 -10"><span class='ocrx_word' id='word_1_307' title='bbox 242 4218 352 4273; x_wconf 90' lang='lat' dir='ltr'>cile</span> <span class='ocrx_word' id='word_1_308' title='bbox 367 4216 670 4273; x_wconf 88' lang='lat' dir='ltr'>saviendo</span> <span class='ocrx_word' id='word_1_309' title='bbox 688 4213 1001 4270; x_wconf 88' lang='lat' dir='ltr'>terrebant.</span> <span class='ocrx_word' id='word_1_310' title='bbox 1020 4213 1161 4268; x_wconf 90' lang='lat' dir='ltr'>Inde</span> <span class='ocrx_word' id='word_1_311' title='bbox 1174 4214 1233 4267; x_wconf 91' lang='lat' dir='ltr'>in</span> <span class='ocrx_word' id='word_1_312' title='bbox 1247 4228 1433 4284; x_wconf 88' lang='lat' dir='ltr'>quam</span> <span class='ocrx_word' id='word_1_313' title='bbox 1446 4211 1567 4268; x_wconf 91' lang='lat' dir='ltr'>lam</span> <span class='ocrx_word' id='word_1_314' title='bbox 1582 4217 1803 4268; x_wconf 90' lang='lat' dir='ltr'>turrem</span> <span class='ocrx_word' id='word_1_315' title='bbox 1816 4212 1895 4267; x_wconf 89' lang='lat' dir='ltr'>le-</span> 
     </span>
    </p>
   </div>
   <div class='ocr_carea' id='block_1_47' title="bbox 236 4301 1896 4377">
    <p class='ocr_par' dir='ltr' id='par_1_47' title="bbox 236 4301 1896 4377">
     <span class='ocr_line' id='line_1_47' title="bbox 236 4301 1896 4377; baseline -0.004 -15"><span class='ocrx_word' id='word_1_316' title='bbox 236 4313 467 4372; x_wconf 85' lang='lat' dir='ltr'>vatum,</span> <span class='ocrx_word' id='word_1_317' title='bbox 502 4306 633 4377; x_wconf 91' lang='lat' dir='ltr'>jam</span> <span class='ocrx_word' id='word_1_318' title='bbox 674 4303 967 4360; x_wconf 89' lang='lat' dir='ltr'>defecisse</span> <span class='ocrx_word' id='word_1_319' title='bbox 1019 4302 1394 4367; x_wconf 89' lang='lat' dir='ltr'>arbitrantes,</span> <span class='ocrx_word' id='word_1_320' title='bbox 1448 4317 1587 4357; x_wconf 91' lang='lat' dir='ltr'>cum</span> <span class='ocrx_word' id='word_1_321' title='bbox 1640 4301 1734 4357; x_wconf 92' lang='lat' dir='ltr'>ille</span> <span class='ocrx_word' id='word_1_322' title='bbox 1787 4304 1896 4358; x_wconf 90' lang='lat' dir='ltr'>ad-</span> 
     </span>
    </p>
   </div>
   <div class='ocr_carea' id='block_1_48' title="bbox 236 4390 1896 4464">
    <p class='ocr_par' dir='ltr' id='par_1_48' title="bbox 236 4390 1896 4464">
     <span class='ocr_line' id='line_1_48' title="bbox 236 4390 1896 4464; baseline -0.003 -12"><span class='ocrx_word' id='word_1_323' title='bbox 236 4397 358 4452; x_wconf 90' lang='lat' dir='ltr'>huc</span> <span class='ocrx_word' id='word_1_324' title='bbox 388 4397 628 4460; x_wconf 88' lang='lat' dir='ltr'>viveret,</span> <span class='ocrx_word' id='word_1_325' title='bbox 661 4394 1027 4464; x_wconf 91' lang='lat' dir='ltr'>adjecerunt.</span> <span class='ocrx_word' id='word_1_326' title='bbox 1054 4391 1167 4447; x_wconf 90' lang='lat' dir='ltr'>Sed</span> <span class='ocrx_word' id='word_1_327' title='bbox 1187 4390 1458 4462; x_wconf 91' lang='lat' dir='ltr'>quodam</span> <span class='ocrx_word' id='word_1_328' title='bbox 1483 4390 1646 4446; x_wconf 90' lang='lat' dir='ltr'>molli</span> <span class='ocrx_word' id='word_1_329' title='bbox 1678 4406 1896 4461; x_wconf 87' lang='lat' dir='ltr'>aggere</span> 
     </span>
    </p>
   </div>
   <div class='ocr_carea' id='block_1_49' title="bbox 238 4480 1897 4558">
    <p class='ocr_par' dir='ltr' id='par_1_49' title="bbox 238 4480 1897 4558">
     <span class='ocr_line' id='line_1_49' title="bbox 238 4480 1897 4558; baseline -0.005 -16"><span class='ocrx_word' id='word_1_330' title='bbox 238 4491 542 4558; x_wconf 90' lang='lat' dir='ltr'>exceptus,</span> <span class='ocrx_word' id='word_1_331' title='bbox 573 4490 628 4539; x_wconf 93' lang='lat' dir='ltr'>et</span> <span class='ocrx_word' id='word_1_332' title='bbox 654 4499 691 4539; x_wconf 91' lang='lat' dir='ltr'>a</span> <span class='ocrx_word' id='word_1_333' title='bbox 728 4481 1097 4555; x_wconf 91' lang='lat' dir='ltr'>quibusdam</span> <span class='ocrx_word' id='word_1_334' title='bbox 1123 4486 1293 4536; x_wconf 89' lang='lat' dir='ltr'>nocte</span> <span class='ocrx_word' id='word_1_335' title='bbox 1324 4480 1764 4535; x_wconf 90' lang='lat' dir='ltr'>transeuntibus</span> <span class='ocrx_word' id='word_1_336' title='bbox 1792 4495 1897 4551; x_wconf 90' lang='lat' dir='ltr'>per</span> 
     </span>
    </p>
   </div>
   <div class='ocr_carea' id='block_1_50' title="bbox 237 4569 1895 4643">
    <p class='ocr_par' dir='ltr' id='par_1_50' title="bbox 237 4569 1895 4643">
     <span class='ocr_line' id='line_1_50' title="bbox 237 4569 1895 4643; baseline -0.003 -12"><span class='ocrx_word' id='word_1_337' title='bbox 237 4576 549 4631; x_wconf 91' lang='lat' dir='ltr'>lucernam</span> <span class='ocrx_word' id='word_1_338' title='bbox 578 4576 957 4643; x_wconf 86' lang='lat' dir='ltr'>conspectus,</span> <span class='ocrx_word' id='word_1_339' title='bbox 992 4570 1229 4640; x_wconf 87' lang='lat' dir='ltr'>agnitus</span> <span class='ocrx_word' id='word_1_340' title='bbox 1260 4575 1438 4641; x_wconf 90' lang='lat' dir='ltr'>atque</span> <span class='ocrx_word' id='word_1_341' title='bbox 1491 4569 1789 4633; x_wconf 90' lang='lat' dir='ltr'>collectus,</span> <span class='ocrx_word' id='word_1_342' title='bbox 1840 4572 1895 4626; x_wconf 88' lang='lat' dir='ltr'>et</span> 
     </span>
    </p>
   </div>
   <div class='ocr_carea' id='block_1_51' title="bbox 240 4657 1898 4733">
    <p class='ocr_par' dir='ltr' id='par_1_51' title="bbox 240 4657 1898 4733">
     <span class='ocr_line' id='line_1_51' title="bbox 240 4657 1898 4733; baseline -0.005 -12"><span class='ocrx_word' id='word_1_343' title='bbox 240 4665 319 4721; x_wconf 91' lang='lat' dir='ltr'>ad</span> <span class='ocrx_word' id='word_1_344' title='bbox 340 4663 681 4733; x_wconf 88' lang='lat' dir='ltr'>religiosam</span> <span class='ocrx_word' id='word_1_345' title='bbox 707 4661 960 4716; x_wconf 91' lang='lat' dir='ltr'>domum</span> <span class='ocrx_word' id='word_1_346' title='bbox 983 4662 1351 4731; x_wconf 89' lang='lat' dir='ltr'>apportatus,</span> <span class='ocrx_word' id='word_1_347' title='bbox 1377 4657 1646 4716; x_wconf 89' lang='lat' dir='ltr'>adhibita</span> <span class='ocrx_word' id='word_1_348' title='bbox 1676 4672 1898 4727; x_wconf 88' lang='lat' dir='ltr'>magna</span> 
     </span>
    </p>
   </div>
   <div class='ocr_carea' id='block_1_52' title="bbox 240 4746 1899 4824">
    <p class='ocr_par' dir='ltr' id='par_1_52' title="bbox 240 4746 1899 4824">
     <span class='ocr_line' id='line_1_52' title="bbox 240 4746 1899 4824; baseline -0.005 -14"><span class='ocrx_word' id='word_1_349' title='bbox 240 4770 406 4822; x_wconf 89' lang='lat' dir='ltr'>cura,</span> <span class='ocrx_word' id='word_1_350' title='bbox 431 4760 562 4824; x_wconf 91' lang='lat' dir='ltr'>post</span> <span class='ocrx_word' id='word_1_351' title='bbox 593 4750 811 4807; x_wconf 87' lang='lat' dir='ltr'>multos</span> <span class='ocrx_word' id='word_1_352' title='bbox 839 4748 965 4804; x_wconf 91' lang='lat' dir='ltr'>dies</span> <span class='ocrx_word' id='word_1_353' title='bbox 1005 4748 1083 4804; x_wconf 93' lang='lat' dir='ltr'>ab</span> <span class='ocrx_word' id='word_1_354' title='bbox 1112 4746 1213 4803; x_wconf 92' lang='lat' dir='ltr'>illa</span> <span class='ocrx_word' id='word_1_355' title='bbox 1242 4746 1659 4818; x_wconf 89' lang='lat' dir='ltr'>desperatione</span> <span class='ocrx_word' id='word_1_356' title='bbox 1705 4762 1899 4802; x_wconf 90' lang='lat' dir='ltr'>recre-</span> 
     </span>
    </p>
   </div>
   <div class='ocr_carea' id='block_1_53' title="bbox 243 4834 1901 4899">
    <p class='ocr_par' dir='ltr' id='par_1_53' title="bbox 243 4834 1901 4899">
     <span class='ocr_line' id='line_1_53' title="bbox 243 4834 1901 4899; baseline -0.005 0"><span class='ocrx_word' id='word_1_357' title='bbox 243 4849 372 4899; x_wconf 89' lang='lat' dir='ltr'>atus</span> <span class='ocrx_word' id='word_1_358' title='bbox 404 4847 518 4898; x_wconf 86' lang='lat' dir='ltr'>est:</span> <span class='ocrx_word' id='word_1_359' title='bbox 553 4840 816 4896; x_wconf 89' lang='lat' dir='ltr'>occisum</span> <span class='ocrx_word' id='word_1_360' title='bbox 846 4853 983 4893; x_wconf 92' lang='lat' dir='ltr'>eum</span> <span class='ocrx_word' id='word_1_361' title='bbox 1016 4842 1217 4892; x_wconf 91' lang='lat' dir='ltr'>tamen</span> <span class='ocrx_word' id='word_1_362' title='bbox 1244 4834 1406 4890; x_wconf 89' lang='lat' dir='ltr'>fama</span> <span class='ocrx_word' id='word_1_363' title='bbox 1438 4834 1657 4890; x_wconf 89' lang='lat' dir='ltr'>scelere</span> <span class='ocrx_word' id='word_1_364' title='bbox 1704 4835 1901 4891; x_wconf 89' lang='lat' dir='ltr'>Dona-</span> 
     </span>
    </p>
   </div>
   <div class='ocr_carea' id='block_1_54' title="bbox 244 4924 1897 4995">
    <p class='ocr_par' dir='ltr' id='par_1_54' title="bbox 244 4924 1897 4995">
     <span class='ocr_line' id='line_1_54' title="bbox 244 4924 1897 4995; baseline -0.005 -7"><span class='ocrx_word' id='word_1_365' title='bbox 244 4932 511 4988; x_wconf 89' lang='lat' dir='ltr'>tistarum</span> <span class='ocrx_word' id='word_1_366' title='bbox 532 4931 711 4986; x_wconf 88' lang='lat' dir='ltr'>etiam</span> <span class='ocrx_word' id='word_1_367' title='bbox 734 4934 895 4984; x_wconf 91' lang='lat' dir='ltr'>trans</span> <span class='ocrx_word' id='word_1_368' title='bbox 920 4941 1083 4981; x_wconf 89' lang='lat' dir='ltr'>mare</span> <span class='ocrx_word' id='word_1_369' title='bbox 1103 4924 1636 4995; x_wconf 89' lang='lat' dir='ltr'>nuntiaverat,quo</span> <span class='ocrx_word' id='word_1_370' title='bbox 1657 4926 1897 4995; x_wconf 87' lang='lat' dir='ltr'>postea-</span> 
     </span>
    </p>
   </div>
   <div class='ocr_carea' id='block_1_55' title="bbox 240 5012 1900 5095">
    <p class='ocr_par' dir='ltr' id='par_1_55' title="bbox 240 5012 1900 5095">
     <span class='ocr_line' id='line_1_55' title="bbox 240 5012 1900 5095; baseline -0.005 -17"><span class='ocrx_word' id='word_1_371' title='bbox 240 5037 427 5095; x_wconf 88' lang='lat' dir='ltr'>quam</span> <span class='ocrx_word' id='word_1_372' title='bbox 451 5019 625 5086; x_wconf 90' lang='lat' dir='ltr'>venit,</span> <span class='ocrx_word' id='word_1_373' title='bbox 660 5022 719 5074; x_wconf 92' lang='lat' dir='ltr'>et</span> <span class='ocrx_word' id='word_1_374' title='bbox 749 5016 871 5073; x_wconf 93' lang='lat' dir='ltr'>vita</span> <span class='ocrx_word' id='word_1_375' title='bbox 900 5016 1029 5087; x_wconf 89' lang='lat' dir='ltr'>ejus</span> <span class='ocrx_word' id='word_1_376' title='bbox 1074 5012 1555 5086; x_wconf 89' lang='lat' dir='ltr'>inopinatissima</span> <span class='ocrx_word' id='word_1_377' title='bbox 1597 5012 1900 5085; x_wconf 89' lang='lat' dir='ltr'>apparuit,</span> 
     </span>
    </p>
   </div>
   <div class='ocr_carea' id='block_1_56' title="bbox 305 5208 1899 5277">
    <p class='ocr_par' dir='ltr' id='par_1_56' title="bbox 305 5208 1899 5277">
     <span class='ocr_line' id='line_1_56' title="bbox 305 5208 1899 5277; baseline -0.006 -10"><span class='ocrx_word' id='word_1_378' title='bbox 305 5222 319 5253; x_wconf 84' lang='grc'>¹</span> <span class='ocrx_word' id='word_1_379' title='bbox 358 5218 416 5268; x_wconf 90' lang='lat' dir='ltr'>In</span> <span class='ocrx_word' id='word_1_380' title='bbox 452 5217 681 5273; x_wconf 87' lang='lat' dir='ltr'>excusis,</span> <span class='ocrx_word' id='word_1_381' title='bbox 726 5214 1005 5277; x_wconf 71' lang='lat' dir='ltr'>Vagiemis.</span> <span class='ocrx_word' id='word_1_382' title='bbox 1044 5213 1101 5277; x_wconf 87' lang='lat' dir='ltr'>In</span> <span class='ocrx_word' id='word_1_383' title='bbox 1146 5209 1522 5277; x_wconf 18' lang='lat' dir='ltr'>Messaliquot,</span> <span class='ocrx_word' id='word_1_384' title='bbox 1580 5208 1899 5277; x_wconf 62' lang='lat' dir='ltr'>Vagjnensjs.</span> 
     </span>
    </p>
   </div>
   <div class='ocr_carea' id='block_1_57' title="bbox 245 5271 1899 5351">
    <p class='ocr_par' dir='ltr' id='par_1_57' title="bbox 245 5271 1899 5351">
     <span class='ocr_line' id='line_1_57' title="bbox 245 5271 1899 5351; baseline -0.008 -20"><span class='ocrx_word' id='word_1_385' title='bbox 245 5282 301 5330; x_wconf 91' lang='lat' dir='ltr'>In</span> <span class='ocrx_word' id='word_1_386' title='bbox 333 5282 454 5331; x_wconf 88' lang='lat' dir='ltr'>aliis</span> <span class='ocrx_word' id='word_1_387' title='bbox 490 5271 774 5351; x_wconf 70' lang='lat' dir='ltr'>plerisque,</span> <span class='ocrx_word' id='word_1_388' title='bbox 801 5271 1115 5351; x_wconf 41' lang='lat' dir='ltr'>:lfaggiensis</span> <span class='ocrx_word' id='word_1_389' title='bbox 1140 5293 1156 5322; x_wconf 87' lang='lat'>.-</span> <span class='ocrx_word' id='word_1_390' title='bbox 1178 5271 1622 5351; x_wconf 37' lang='lat' dir='ltr'>.scil‘icet&#39;mutato</span> <span class='ocrx_word' id='word_1_391' title='bbox 1724 5274 1778 5320; x_wconf 92' lang='lat' dir='ltr'>in</span> <span class='ocrx_word' id='word_1_392' title='bbox 1818 5271 1899 5351; x_wconf 32' lang='grc' dir='ltr'>ιν)</span> 
     </span>
    </p>
   </div>
   <div class='ocr_carea' id='block_1_58' title="bbox 245 5335 1902 5401">
    <p class='ocr_par' dir='ltr' id='par_1_58' title="bbox 245 5335 1902 5401">
     <span class='ocr_line' id='line_1_58' title="bbox 245 5335 1902 5401; baseline -0.008 -7"><span class='ocrx_word' id='word_1_393' title='bbox 245 5358 371 5394; x_wconf 88' lang='lat' dir='ltr'>cum</span> <span class='ocrx_word' id='word_1_394' title='bbox 406 5335 751 5392; x_wconf 77' lang='lat' dir='ltr'>scribendum</span> <span class='ocrx_word' id='word_1_395' title='bbox 787 5340 871 5394; x_wconf 85' lang='lat' dir='ltr'>sit,</span> <span class='ocrx_word' id='word_1_396' title='bbox 896 5335 1232 5401; x_wconf 63' lang='lat' dir='ltr'>&#39;Bagaiensis.</span> <span class='ocrx_word' id='word_1_397' title='bbox 1266 5337 1501 5401; x_wconf 84' lang='lat' dir='ltr'>Consule</span> <span class='ocrx_word' id='word_1_398' title='bbox 1521 5339 1632 5385; x_wconf 91' lang='lat' dir='ltr'>not.</span> <span class='ocrx_word' id='word_1_399' title='bbox 1664 5336 1715 5383; x_wconf 88' lang='lat' dir='ltr'>in</span> <span class='ocrx_word' id='word_1_400' title='bbox 1747 5335 1902 5398; x_wconf 87' lang='lat' dir='ltr'>epist.</span> 
     </span>
    </p>
   </div>
   <div class='ocr_carea' id='block_1_59' title="bbox 248 5400 1530 5462">
    <p class='ocr_par' dir='ltr' id='par_1_59' title="bbox 248 5400 1530 5462">
     <span class='ocr_line' id='line_1_59' title="bbox 248 5400 1530 5462; baseline -0.007 -7"><span class='ocrx_word' id='word_1_401' title='bbox 248 5409 342 5461; x_wconf 83' lang='lat'>88;</span> <span class='ocrx_word' id='word_1_402' title='bbox 376 5420 429 5454; x_wconf 89' lang='lat' dir='ltr'>n.</span> <span class='ocrx_word' id='word_1_403' title='bbox 462 5407 509 5462; x_wconf 90' lang='lat'>8,</span> <span class='ocrx_word' id='word_1_404' title='bbox 542 5409 593 5454; x_wconf 91' lang='lat' dir='ltr'>et</span> <span class='ocrx_word' id='word_1_405' title='bbox 628 5404 717 5452; x_wconf 85' lang='lat' dir='ltr'>lib.</span> <span class='ocrx_word' id='word_1_406' title='bbox 748 5404 775 5451; x_wconf 86' lang='lat'><strong>3</strong></span> <span class='ocrx_word' id='word_1_407' title='bbox 810 5405 951 5451; x_wconf 90' lang='lat' dir='ltr'>cont.</span> <span class='ocrx_word' id='word_1_408' title='bbox 989 5400 1352 5455; x_wconf 87' lang='lat' dir='ltr'>Cresconium,</span> <span class='ocrx_word' id='word_1_409' title='bbox 1385 5413 1429 5447; x_wconf 90' lang='lat' dir='ltr'>c.</span> <span class='ocrx_word' id='word_1_410' title='bbox 1453 5400 1530 5462; x_wconf 65' lang='grc' dir='ltr'>ιβ.</span> 
     </span>
    </p>
   </div>
   <div class='ocr_carea' id='block_1_60' title="bbox 307 5459 1906 5530">
    <p class='ocr_par' dir='ltr' id='par_1_60' title="bbox 307 5459 1906 5530">
     <span class='ocr_line' id='line_1_60' title="bbox 307 5459 1906 5530; baseline -0.008 -11"><span class='ocrx_word' id='word_1_411' title='bbox 307 5459 504 5525; x_wconf 43' lang='lat' dir='ltr'>&quot;Low,</span> <span class='ocrx_word' id='word_1_412' title='bbox 537 5467 787 5530; x_wconf 73' lang='lat' dir='ltr'>sanguine</span> <span class='ocrx_word' id='word_1_413' title='bbox 816 5465 1054 5514; x_wconf 74' lang='lat' dir='ltr'>obtinuit.</span> <span class='ocrx_word' id='word_1_414' title='bbox 1088 5462 1213 5512; x_wconf 89' lang='lat' dir='ltr'>Bad.</span> <span class='ocrx_word' id='word_1_415' title='bbox 1241 5464 1369 5530; x_wconf 81' lang='lat' dir='ltr'>Am._</span> <span class='ocrx_word' id='word_1_416' title='bbox 1398 5464 1450 5509; x_wconf 88' lang='lat' dir='ltr'>et</span> <span class='ocrx_word' id='word_1_417' title='bbox 1476 5461 1578 5530; x_wconf 86' lang='lat' dir='ltr'>Er_.,</span> <span class='ocrx_word' id='word_1_418' title='bbox 1603 5459 1906 5530; x_wconf 63' lang='lat' dir='ltr'>sanguinem</span> 
     </span>
    </p>
   </div>
   <div class='ocr_carea' id='block_1_61' title="bbox 245 5522 1773 5591">
    <p class='ocr_par' dir='ltr' id='par_1_61' title="bbox 245 5522 1773 5591">
     <span class='ocr_line' id='line_1_61' title="bbox 245 5522 1773 5591; baseline -0.009 -9"><span class='ocrx_word' id='word_1_419' title='bbox 245 5522 576 5582; x_wconf 37' lang='lat' dir='ltr'>obtinuitIAt</span> <span class='ocrx_word' id='word_1_420' title='bbox 611 5522 731 5578; x_wconf 72' lang='lat' dir='ltr'>Mss.</span> <span class='ocrx_word' id='word_1_421' title='bbox 766 5541 929 5591; x_wconf 89' lang='lat' dir='ltr'>prope</span> <span class='ocrx_word' id='word_1_422' title='bbox 950 5539 1153 5591; x_wconf 54' lang='lat' dir='ltr'>omnes,</span> <span class='ocrx_word' id='word_1_423' title='bbox 1170 5524 1484 5591; x_wconf 59' lang='lat' dir='ltr'>sanguinem</span> <span class='ocrx_word' id='word_1_424' title='bbox 1500 5522 1773 5570; x_wconf 76' lang='lat' dir='ltr'>abstinuit.</span> 
     </span>
    </p>
   </div>
   <div class='ocr_carea' id='block_1_62' title="bbox 334 5586 1360 5656">
    <p class='ocr_par' dir='ltr' id='par_1_62' title="bbox 334 5586 1360 5656">
     <span class='ocr_line' id='line_1_62' title="bbox 334 5586 1360 5656; baseline -0.01 -13"><span class='ocrx_word' id='word_1_425' title='bbox 334 5600 384 5656; x_wconf 83' lang='grc' dir='ltr'>α)</span> <span class='ocrx_word' id='word_1_426' title='bbox 419 5592 727 5656; x_wconf 82' lang='lat' dir='ltr'>Carthagin.</span> <span class='ocrx_word' id='word_1_427' title='bbox 748 5586 993 5656; x_wconf 63' lang='lat' dir='ltr'>_an.&#39;40_4,</span> <span class='ocrx_word' id='word_1_428' title='bbox 1016 5588 1101 5656; x_wconf 64' lang='lat' dir='ltr'>die</span> <span class='ocrx_word' id='word_1_429' title='bbox 1130 5586 1360 5656; x_wconf 53' lang='lat' dir='ltr'>26_junii:</span> 
     </span>
    </p>
   </div>
   <div class='ocr_carea' id='block_1_63' title="bbox 308 5596 1901 5720">
    <p class='ocr_par' dir='ltr' id='par_1_63' title="bbox 308 5596 1901 5720">
     <span class='ocr_line' id='line_1_63' title="bbox 334 5596 1360 5656; baseline -0.011 -13"><span class='ocrx_word' id='word_1_430' title='bbox 334 5600 384 5656; x_wconf 84' lang='grc' dir='ltr'>α)</span> <span class='ocrx_word' id='word_1_431' title='bbox 420 5596 613 5642; x_wconf 86' lang='lat' dir='ltr'>Cartha</span> <span class='ocrx_word' id='word_1_432' title='bbox 655 5596 727 5640; x_wconf 88' lang='lat' dir='ltr'>in.</span> <span class='ocrx_word' id='word_1_433' title='bbox 764 5604 852 5640; x_wconf 90' lang='lat' dir='ltr'>an.</span> <span class='ocrx_word' id='word_1_434' title='bbox 883 5596 993 5645; x_wconf 74' lang='grc'>404,</span> <span class='ocrx_word' id='word_1_435' title='bbox 1016 5596 1101 5636; x_wconf 80' lang='lat' dir='ltr'>die</span> <span class='ocrx_word' id='word_1_436' title='bbox 1130 5596 1360 5649; x_wconf 73' lang='lat' dir='ltr'>zojunn.</span> 
     </span>
     <span class='ocr_line' id='line_1_64' title="bbox 308 5596 1901 5720; baseline -0.005 -15"><span class='ocrx_word' id='word_1_437' title='bbox 308 5596 380 5720; x_wconf 53' lang='lat' dir='ltr'>Eb)</span> <span class='ocrx_word' id='word_1_438' title='bbox 414 5655 585 5705; x_wconf 82' lang='lat' dir='ltr'>Fundi</span> <span class='ocrx_word' id='word_1_439' title='bbox 616 5607 979 5705; x_wconf 54' lang='lat' dir='ltr'>Ealvianensis</span> <span class='ocrx_word' id='word_1_440' title='bbox 1005 5666 1015 5700; x_wconf 93' lang='lat'><strong>:</strong></span> <span class='ocrx_word' id='word_1_441' title='bbox 1046 5650 1136 5700; x_wconf 88' lang='lat' dir='ltr'>lib.</span> <span class='ocrx_word' id='word_1_442' title='bbox 1174 5651 1201 5697; x_wconf 91' lang='lat'><strong>3</strong></span> <span class='ocrx_word' id='word_1_443' title='bbox 1240 5651 1403 5705; x_wconf 90' lang='lat' dir='ltr'>cont.,</span> <span class='ocrx_word' id='word_1_444' title='bbox 1436 5646 1703 5705; x_wconf 90' lang='lat' dir='ltr'>Crescon.,</span> <span class='ocrx_word' id='word_1_445' title='bbox 1748 5661 1792 5697; x_wconf 92' lang='lat' dir='ltr'>c.</span> <span class='ocrx_word' id='word_1_446' title='bbox 1825 5648 1901 5697; x_wconf 77' lang='grc'>43.</span> 
     </span>
    </p>
   </div>
   <div class='ocr_carea' id='block_1_64' title="bbox 1472 126 2448 229">
    <p class='ocr_par' dir='ltr' id='par_1_64' title="bbox 1472 126 2448 229">
     <span class='ocr_line' id='line_1_65' title="bbox 1472 126 2448 229; baseline 0.002 -3"><span class='ocrx_word' id='word_1_447' title='bbox 1472 126 1983 229; x_wconf 79' lang='lat' dir='ltr'>EPISTOLARUM</span> <span class='ocrx_word' id='word_1_448' title='bbox 2025 168 2313 228; x_wconf 80' lang='lat' dir='ltr'>CLASSIS</span> <span class='ocrx_word' id='word_1_449' title='bbox 2353 169 2448 228; x_wconf 87' lang='grc' dir='ltr'><strong>ιιι.</strong></span> 
     </span>
    </p>
   </div>
   <div class='ocr_carea' id='block_1_65' title="bbox 3546 177 3651 235">
    <p class='ocr_par' dir='ltr' id='par_1_65' title="bbox 3546 177 3651 235">
     <span class='ocr_line' id='line_1_66' title="bbox 3546 177 3651 235; baseline 0 0"><span class='ocrx_word' id='word_1_450' title='bbox 3546 177 3651 235; x_wconf 88' lang='lat'>806</span> 
     </span>
    </p>
   </div>
   <div class='ocr_carea' id='block_1_66' title="bbox 1993 295 3649 371">
    <p class='ocr_par' dir='ltr' id='par_1_66' title="bbox 1993 295 3649 371">
     <span class='ocr_line' id='line_1_67' title="bbox 1993 295 3649 371; baseline 0.005 -20"><span class='ocrx_word' id='word_1_451' title='bbox 1993 295 2395 368; x_wconf 87' lang='lat' dir='ltr'>cicatricibus,</span> <span class='ocrx_word' id='word_1_452' title='bbox 2430 296 2553 353; x_wconf 83' lang='lat' dir='ltr'>suis</span> <span class='ocrx_word' id='word_1_453' title='bbox 2579 299 2701 354; x_wconf 89' lang='lat' dir='ltr'>tam</span> <span class='ocrx_word' id='word_1_454' title='bbox 2732 297 2954 365; x_wconf 89' lang='lat' dir='ltr'>multis,</span> <span class='ocrx_word' id='word_1_455' title='bbox 2982 300 3103 355; x_wconf 87' lang='lat' dir='ltr'>tam</span> <span class='ocrx_word' id='word_1_456' title='bbox 3132 298 3495 371; x_wconf 89' lang='lat' dir='ltr'>ingentibus,</span> <span class='ocrx_word' id='word_1_457' title='bbox 3525 305 3649 360; x_wconf 89' lang='lat' dir='ltr'>tam</span> 
     </span>
    </p>
   </div>
   <div class='ocr_carea' id='block_1_67' title="bbox 1990 384 3647 453">
    <p class='ocr_par' dir='ltr' id='par_1_67' title="bbox 1990 384 3647 453">
     <span class='ocr_line' id='line_1_68' title="bbox 1990 384 3647 453; baseline 0.006 -14"><span class='ocrx_word' id='word_1_458' title='bbox 1990 384 2347 453; x_wconf 90' lang='lat' dir='ltr'>recentibus,</span> <span class='ocrx_word' id='word_1_459' title='bbox 2380 401 2502 442; x_wconf 93' lang='lat' dir='ltr'>non</span> <span class='ocrx_word' id='word_1_460' title='bbox 2534 386 2750 445; x_wconf 83' lang='lat' dir='ltr'>frustra</span> <span class='ocrx_word' id='word_1_461' title='bbox 2790 385 3021 444; x_wconf 89' lang='lat' dir='ltr'>famam</span> <span class='ocrx_word' id='word_1_462' title='bbox 3053 394 3356 446; x_wconf 86' lang='lat' dir='ltr'>mortuum</span> <span class='ocrx_word' id='word_1_463' title='bbox 3388 406 3450 448; x_wconf 90' lang='lat' dir='ltr'>se</span> <span class='ocrx_word' id='word_1_464' title='bbox 3483 406 3647 449; x_wconf 92' lang='lat' dir='ltr'>nun-</span> 
     </span>
    </p>
   </div>
   <div class='ocr_carea' id='block_1_68' title="bbox 1992 474 2585 530">
    <p class='ocr_par' dir='ltr' id='par_1_68' title="bbox 1992 474 2585 530">
     <span class='ocr_line' id='line_1_69' title="bbox 1992 474 2585 530; baseline 0 -1"><span class='ocrx_word' id='word_1_465' title='bbox 1992 474 2169 529; x_wconf 89' lang='lat' dir='ltr'>tiasse</span> <span class='ocrx_word' id='word_1_466' title='bbox 2212 475 2585 530; x_wconf 89' lang='lat' dir='ltr'>monstravit.</span> 
     </span>
    </p>
   </div>
   <div class='ocr_carea' id='block_1_69' title="bbox 2064 563 3651 639">
    <p class='ocr_par' dir='ltr' id='par_1_69' title="bbox 2064 563 3651 639">
     <span class='ocr_line' id='line_1_70' title="bbox 2064 563 3651 639; baseline 0.006 -23"><span class='ocrx_word' id='word_1_467' title='bbox 2064 565 2150 617; x_wconf 81' lang='lat'>28.</span> <span class='ocrx_word' id='word_1_468' title='bbox 2180 563 2479 620; x_wconf 83' lang='lat' dir='ltr'>Auxilium</span> <span class='ocrx_word' id='word_1_469' title='bbox 2509 580 2652 634; x_wconf 84' lang='lat' dir='ltr'>ergo</span> <span class='ocrx_word' id='word_1_470' title='bbox 2682 565 2889 636; x_wconf 90' lang='lat' dir='ltr'>petivit</span> <span class='ocrx_word' id='word_1_471' title='bbox 2935 566 3013 622; x_wconf 94' lang='lat' dir='ltr'>ab</span> <span class='ocrx_word' id='word_1_472' title='bbox 3063 566 3417 639; x_wconf 90' lang='lat' dir='ltr'>imperatore</span> <span class='ocrx_word' id='word_1_473' title='bbox 3462 570 3651 627; x_wconf 88' lang='lat' dir='ltr'>chris-</span> 
     </span>
    </p>
   </div>
   <div class='ocr_carea' id='block_1_70' title="bbox 1992 652 3651 729">
    <p class='ocr_par' dir='ltr' id='par_1_70' title="bbox 1992 652 3651 729">
     <span class='ocr_line' id='line_1_71' title="bbox 1992 652 3651 729; baseline 0.005 -22"><span class='ocrx_word' id='word_1_474' title='bbox 1992 652 2177 717; x_wconf 87' lang='lat' dir='ltr'>tiano.</span> <span class='ocrx_word' id='word_1_475' title='bbox 2208 667 2328 708; x_wconf 91' lang='lat' dir='ltr'>non</span> <span class='ocrx_word' id='word_1_476' title='bbox 2361 658 2482 707; x_wconf 86' lang='lat' dir='ltr'>tam</span> <span class='ocrx_word' id='word_1_477' title='bbox 2513 654 2605 708; x_wconf 90' lang='lat' dir='ltr'>sui</span> <span class='ocrx_word' id='word_1_478' title='bbox 2635 653 2952 709; x_wconf 88' lang='lat' dir='ltr'>ulciscendi</span> <span class='ocrx_word' id='word_1_479' title='bbox 2976 671 3179 722; x_wconf 90' lang='lat' dir='ltr'>causa,</span> <span class='ocrx_word' id='word_1_480' title='bbox 3204 674 3387 729; x_wconf 89' lang='lat' dir='ltr'>quam</span> <span class='ocrx_word' id='word_1_481' title='bbox 3411 659 3651 716; x_wconf 89' lang='lat' dir='ltr'>tuenda</span> 
     </span>
    </p>
   </div>
   <div class='ocr_carea' id='block_1_71' title="bbox 1996 741 3651 816">
    <p class='ocr_par' dir='ltr' id='par_1_71' title="bbox 1996 741 3651 816">
     <span class='ocr_line' id='line_1_72' title="bbox 1996 741 3651 816; baseline 0.006 -21"><span class='ocrx_word' id='word_1_482' title='bbox 1996 742 2264 797; x_wconf 89' lang='lat' dir='ltr'>Ecclesia</span> <span class='ocrx_word' id='word_1_483' title='bbox 2290 741 2400 796; x_wconf 92' lang='lat' dir='ltr'>sibi</span> <span class='ocrx_word' id='word_1_484' title='bbox 2427 742 2683 798; x_wconf 86' lang='lat' dir='ltr'>credita.</span> <span class='ocrx_word' id='word_1_485' title='bbox 2717 742 2889 811; x_wconf 91' lang='lat' dir='ltr'>Quod</span> <span class='ocrx_word' id='word_1_486' title='bbox 2920 744 2965 798; x_wconf 91' lang='lat' dir='ltr'>si</span> <span class='ocrx_word' id='word_1_487' title='bbox 3002 747 3498 816; x_wconf 87' lang='lat' dir='ltr'>pratermisisset,</span> <span class='ocrx_word' id='word_1_488' title='bbox 3527 764 3651 805; x_wconf 90' lang='lat' dir='ltr'>non</span> 
     </span>
    </p>
   </div>
   <div class='ocr_carea' id='block_1_72' title="bbox 1994 829 3653 906">
    <p class='ocr_par' dir='ltr' id='par_1_72' title="bbox 1994 829 3653 906">
     <span class='ocr_line' id='line_1_73' title="bbox 1994 829 3653 906; baseline 0.007 -22"><span class='ocrx_word' id='word_1_489' title='bbox 1994 829 2044 900; x_wconf 92' lang='lat' dir='ltr'>ej</span> <span class='ocrx_word' id='word_1_490' title='bbox 2057 846 2123 885; x_wconf 92' lang='lat' dir='ltr'>us</span> <span class='ocrx_word' id='word_1_491' title='bbox 2136 830 2662 887; x_wconf 87' lang='lat' dir='ltr'>fuissetlaudanda</span> <span class='ocrx_word' id='word_1_492' title='bbox 2681 831 2988 903; x_wconf 87' lang='lat' dir='ltr'>patientia,</span> <span class='ocrx_word' id='word_1_493' title='bbox 3016 833 3122 889; x_wconf 91' lang='lat' dir='ltr'>sed</span> <span class='ocrx_word' id='word_1_494' title='bbox 3156 835 3515 906; x_wconf 89' lang='lat' dir='ltr'>negligentia</span> <span class='ocrx_word' id='word_1_495' title='bbox 3533 853 3653 894; x_wconf 92' lang='lat' dir='ltr'>me-</span> 
     </span>
    </p>
   </div>
   <div class='ocr_carea' id='block_1_73' title="bbox 1993 919 3653 994">
    <p class='ocr_par' dir='ltr' id='par_1_73' title="bbox 1993 919 3653 994">
     <span class='ocr_line' id='line_1_74' title="bbox 1993 919 3653 994; baseline 0.004 -19"><span class='ocrx_word' id='word_1_496' title='bbox 1993 919 2105 975; x_wconf 90' lang='lat' dir='ltr'>rito</span> <span class='ocrx_word' id='word_1_497' title='bbox 2136 920 2457 991; x_wconf 90' lang='lat' dir='ltr'>culpanda.</span> <span class='ocrx_word' id='word_1_498' title='bbox 2488 924 2687 993; x_wconf 85' lang='lat' dir='ltr'>Neque</span> <span class='ocrx_word' id='word_1_499' title='bbox 2720 921 2879 977; x_wconf 91' lang='lat' dir='ltr'>enim</span> <span class='ocrx_word' id='word_1_500' title='bbox 2907 927 2963 978; x_wconf 91' lang='lat' dir='ltr'>et</span> <span class='ocrx_word' id='word_1_501' title='bbox 2992 923 3304 994; x_wconf 88' lang='lat' dir='ltr'>apostolus</span> <span class='ocrx_word' id='word_1_502' title='bbox 3325 925 3544 980; x_wconf 89' lang='lat' dir='ltr'>Paulus</span> <span class='ocrx_word' id='word_1_503' title='bbox 3570 926 3653 982; x_wconf 87' lang='lat' dir='ltr'>vi-</span> 
     </span>
    </p>
   </div>
   <div class='ocr_carea' id='block_1_74' title="bbox 1996 1010 3648 1079">
    <p class='ocr_par' dir='ltr' id='par_1_74' title="bbox 1996 1010 3648 1079">
     <span class='ocr_line' id='line_1_75' title="bbox 1996 1010 3648 1079; baseline 0.004 -17"><span class='ocrx_word' id='word_1_504' title='bbox 1996 1012 2067 1063; x_wconf 86' lang='lat' dir='ltr'>ta</span> <span class='ocrx_word' id='word_1_505' title='bbox 2100 1025 2226 1065; x_wconf 91' lang='lat' dir='ltr'>sua</span> <span class='ocrx_word' id='word_1_506' title='bbox 2256 1010 2605 1066; x_wconf 87' lang='lat' dir='ltr'>transitoria</span> <span class='ocrx_word' id='word_1_507' title='bbox 2641 1011 3013 1076; x_wconf 88' lang='lat' dir='ltr'>consulebat,</span> <span class='ocrx_word' id='word_1_508' title='bbox 3068 1012 3175 1067; x_wconf 91' lang='lat' dir='ltr'>sed</span> <span class='ocrx_word' id='word_1_509' title='bbox 3213 1012 3480 1069; x_wconf 87' lang='lat' dir='ltr'>Ecclesia</span> <span class='ocrx_word' id='word_1_510' title='bbox 3526 1013 3648 1079; x_wconf 91' lang='lat' dir='ltr'>Dei,</span> 
     </span>
    </p>
   </div>
   <div class='ocr_carea' id='block_1_75' title="bbox 1994 1097 3651 1173">
    <p class='ocr_par' dir='ltr' id='par_1_75' title="bbox 1994 1097 3651 1173">
     <span class='ocr_line' id='line_1_76' title="bbox 1994 1097 3651 1173; baseline 0.005 -22"><span class='ocrx_word' id='word_1_511' title='bbox 1994 1097 2231 1169; x_wconf 91' lang='lat' dir='ltr'>quando</span> <span class='ocrx_word' id='word_1_512' title='bbox 2244 1104 2450 1154; x_wconf 90' lang='lat' dir='ltr'>contra</span> <span class='ocrx_word' id='word_1_513' title='bbox 2464 1099 2596 1155; x_wconf 91' lang='lat' dir='ltr'>illos</span> <span class='ocrx_word' id='word_1_514' title='bbox 2608 1100 2706 1170; x_wconf 91' lang='lat' dir='ltr'>qui</span> <span class='ocrx_word' id='word_1_515' title='bbox 2720 1115 2850 1154; x_wconf 88' lang='lat' dir='ltr'>eum</span> <span class='ocrx_word' id='word_1_516' title='bbox 2862 1100 3128 1156; x_wconf 86' lang='lat' dir='ltr'>occidere</span> <span class='ocrx_word' id='word_1_517' title='bbox 3142 1101 3651 1173; x_wconf 89' lang='lat' dir='ltr'>conspiraverant,</span> 
     </span>
    </p>
   </div>
   <div class='ocr_carea' id='block_1_76' title="bbox 1994 1185 3648 1262">
    <p class='ocr_par' dir='ltr' id='par_1_76' title="bbox 1994 1185 3648 1262">
     <span class='ocr_line' id='line_1_77' title="bbox 1994 1185 3648 1262; baseline 0.002 -21"><span class='ocrx_word' id='word_1_518' title='bbox 1994 1186 2314 1243; x_wconf 91' lang='lat' dir='ltr'>consilium</span> <span class='ocrx_word' id='word_1_519' title='bbox 2348 1185 2584 1243; x_wconf 91' lang='lat' dir='ltr'>illorum</span> <span class='ocrx_word' id='word_1_520' title='bbox 2617 1188 2852 1245; x_wconf 89' lang='lat' dir='ltr'>tribuno</span> <span class='ocrx_word' id='word_1_521' title='bbox 2912 1195 2975 1246; x_wconf 94' lang='lat' dir='ltr'>ut</span> <span class='ocrx_word' id='word_1_522' title='bbox 3022 1191 3376 1262; x_wconf 89' lang='lat' dir='ltr'>proderetur</span> <span class='ocrx_word' id='word_1_523' title='bbox 3419 1191 3648 1248; x_wconf 77' lang='lat' dir='ltr'>effecit:</span> 
     </span>
    </p>
   </div>
   <div class='ocr_carea' id='block_1_77' title="bbox 1999 1275 3654 1353">
    <p class='ocr_par' dir='ltr' id='par_1_77' title="bbox 1999 1275 3654 1353">
     <span class='ocr_line' id='line_1_78' title="bbox 1999 1275 3654 1353; baseline 0.004 -23"><span class='ocrx_word' id='word_1_524' title='bbox 1999 1276 2155 1331; x_wconf 90' lang='lat' dir='ltr'>unde</span> <span class='ocrx_word' id='word_1_525' title='bbox 2188 1275 2410 1331; x_wconf 89' lang='lat' dir='ltr'>factum</span> <span class='ocrx_word' id='word_1_526' title='bbox 2440 1281 2529 1331; x_wconf 88' lang='lat' dir='ltr'>est</span> <span class='ocrx_word' id='word_1_527' title='bbox 2561 1283 2621 1332; x_wconf 92' lang='lat' dir='ltr'>ut</span> <span class='ocrx_word' id='word_1_528' title='bbox 2652 1293 2788 1333; x_wconf 90' lang='lat' dir='ltr'>eum</span> <span class='ocrx_word' id='word_1_529' title='bbox 2823 1278 2899 1333; x_wconf 92' lang='lat' dir='ltr'>ad</span> <span class='ocrx_word' id='word_1_530' title='bbox 2925 1278 3124 1333; x_wconf 93' lang='lat' dir='ltr'>locum</span> <span class='ocrx_word' id='word_1_531' title='bbox 3152 1294 3274 1350; x_wconf 93' lang='lat' dir='ltr'>quo</span> <span class='ocrx_word' id='word_1_532' title='bbox 3302 1279 3493 1337; x_wconf 88' lang='lat' dir='ltr'>fuerat</span> <span class='ocrx_word' id='word_1_533' title='bbox 3525 1296 3654 1353; x_wconf 86' lang='lat' dir='ltr'>per-</span> 
     </span>
    </p>
   </div>
   <div class='ocr_carea' id='block_1_78' title="bbox 1994 1364 3655 1441">
    <p class='ocr_par' dir='ltr' id='par_1_78' title="bbox 1994 1364 3655 1441">
     <span class='ocr_line' id='line_1_79' title="bbox 1994 1364 3655 1441; baseline 0.005 -23"><span class='ocrx_word' id='word_1_534' title='bbox 1994 1364 2328 1430; x_wconf 91' lang='lat' dir='ltr'>ducendus,</span> <span class='ocrx_word' id='word_1_535' title='bbox 2350 1365 2672 1421; x_wconf 89' lang='lat' dir='ltr'>deduceret</span> <span class='ocrx_word' id='word_1_536' title='bbox 2694 1367 2862 1421; x_wconf 89' lang='lat' dir='ltr'>miles</span> <span class='ocrx_word' id='word_1_537' title='bbox 2880 1374 3169 1432; x_wconf 91' lang='lat' dir='ltr'>armatus,</span> <span class='ocrx_word' id='word_1_538' title='bbox 3197 1384 3269 1423; x_wconf 91' lang='lat' dir='ltr'>ne</span> <span class='ocrx_word' id='word_1_539' title='bbox 3292 1368 3528 1425; x_wconf 91' lang='lat' dir='ltr'>illorum</span> <span class='ocrx_word' id='word_1_540' title='bbox 3552 1385 3655 1441; x_wconf 85' lang='lat' dir='ltr'>pa-</span> 
     </span>
    </p>
   </div>
   <div class='ocr_carea' id='block_1_79' title="bbox 1996 1454 3654 1527">
    <p class='ocr_par' dir='ltr' id='par_1_79' title="bbox 1996 1454 3654 1527">
     <span class='ocr_line' id='line_1_80' title="bbox 1996 1454 3654 1527; baseline 0.004 -19"><span class='ocrx_word' id='word_1_541' title='bbox 1996 1458 2211 1509; x_wconf 89' lang='lat' dir='ltr'>teretur</span> <span class='ocrx_word' id='word_1_542' title='bbox 2237 1454 2485 1509; x_wconf 90' lang='lat' dir='ltr'>insidias</span> <span class='ocrx_word' id='word_1_543' title='bbox 2513 1455 2666 1526; x_wconf 83' lang='lat' dir='ltr'>(Act.</span> <span class='ocrx_word' id='word_1_544' title='bbox 2709 1472 2873 1519; x_wconf 81' lang='lat' dir='ltr'>xxiu,</span> <span class='ocrx_word' id='word_1_545' title='bbox 2911 1458 3114 1527; x_wconf 76' lang='lat'>17-32).</span> <span class='ocrx_word' id='word_1_546' title='bbox 3143 1460 3444 1513; x_wconf 85' lang='lat' dir='ltr'>Romanas</span> <span class='ocrx_word' id='word_1_547' title='bbox 3474 1458 3654 1515; x_wconf 85' lang='lat' dir='ltr'>etiam</span> 
     </span>
    </p>
   </div>
   <div class='ocr_carea' id='block_1_80' title="bbox 1991 1539 3653 1611">
    <p class='ocr_par' dir='ltr' id='par_1_80' title="bbox 1991 1539 3653 1611">
     <span class='ocr_line' id='line_1_81' title="bbox 1991 1539 3653 1611; baseline 0.004 -15"><span class='ocrx_word' id='word_1_548' title='bbox 1991 1539 2152 1610; x_wconf 88' lang='lat' dir='ltr'>leges</span> <span class='ocrx_word' id='word_1_549' title='bbox 2174 1542 2494 1611; x_wconf 91' lang='lat' dir='ltr'>implorare</span> <span class='ocrx_word' id='word_1_550' title='bbox 2518 1543 2761 1598; x_wconf 91' lang='lat' dir='ltr'>minime</span> <span class='ocrx_word' id='word_1_551' title='bbox 2781 1544 3091 1609; x_wconf 89' lang='lat' dir='ltr'>dubitavit,</span> <span class='ocrx_word' id='word_1_552' title='bbox 3108 1545 3295 1601; x_wconf 91' lang='lat' dir='ltr'>civem</span> <span class='ocrx_word' id='word_1_553' title='bbox 3315 1549 3653 1603; x_wconf 82' lang='lat' dir='ltr'>Romanum</span> 
     </span>
    </p>
   </div>
   <div class='ocr_carea' id='block_1_81' title="bbox 1994 1630 3653 1704">
    <p class='ocr_par' dir='ltr' id='par_1_81' title="bbox 1994 1630 3653 1704">
     <span class='ocr_line' id='line_1_82' title="bbox 1994 1630 3653 1704; baseline 0.004 -19"><span class='ocrx_word' id='word_1_554' title='bbox 1994 1646 2055 1685; x_wconf 90' lang='lat' dir='ltr'>se</span> <span class='ocrx_word' id='word_1_555' title='bbox 2083 1646 2211 1685; x_wconf 89' lang='lat' dir='ltr'>esse</span> <span class='ocrx_word' id='word_1_556' title='bbox 2240 1630 2642 1701; x_wconf 90' lang='lat' dir='ltr'>proclamans,</span> <span class='ocrx_word' id='word_1_557' title='bbox 2684 1648 2837 1703; x_wconf 90' lang='lat' dir='ltr'>quos</span> <span class='ocrx_word' id='word_1_558' title='bbox 2886 1636 3026 1687; x_wconf 90' lang='lat' dir='ltr'>tunc</span> <span class='ocrx_word' id='word_1_559' title='bbox 3070 1632 3256 1704; x_wconf 80' lang='lat' dir='ltr'>afﬂigi</span> <span class='ocrx_word' id='word_1_560' title='bbox 3306 1635 3653 1691; x_wconf 87' lang='lat' dir='ltr'>verberibus</span> 
     </span>
    </p>
   </div>
   <div class='ocr_carea' id='block_1_82' title="bbox 1995 1718 3656 1794">
    <p class='ocr_par' dir='ltr' id='par_1_82' title="bbox 1995 1718 3656 1794">
     <span class='ocr_line' id='line_1_83' title="bbox 1995 1718 3656 1794; baseline 0.005 -21"><span class='ocrx_word' id='word_1_561' title='bbox 1995 1734 2116 1774; x_wconf 90' lang='lat' dir='ltr'>non</span> <span class='ocrx_word' id='word_1_562' title='bbox 2143 1718 2360 1775; x_wconf 89' lang='lat' dir='ltr'>licebat</span> <span class='ocrx_word' id='word_1_563' title='bbox 2388 1719 2497 1790; x_wconf 86' lang='lat' dir='ltr'>(Id.</span> <span class='ocrx_word' id='word_1_564' title='bbox 2531 1737 2670 1785; x_wconf 84' lang='lat' dir='ltr'>xxu,</span> <span class='ocrx_word' id='word_1_565' title='bbox 2704 1721 2837 1793; x_wconf 80' lang='lat'>25):</span> <span class='ocrx_word' id='word_1_566' title='bbox 2873 1721 3137 1794; x_wconf 88' lang='lat' dir='ltr'>itemque</span> <span class='ocrx_word' id='word_1_567' title='bbox 3168 1739 3241 1778; x_wconf 92' lang='lat' dir='ltr'>ne</span> <span class='ocrx_word' id='word_1_568' title='bbox 3266 1723 3489 1780; x_wconf 80' lang='lat' dir='ltr'>Judais</span> <span class='ocrx_word' id='word_1_569' title='bbox 3514 1739 3656 1781; x_wconf 90' lang='lat' dir='ltr'>eum</span> 
     </span>
    </p>
   </div>
   <div class='ocr_carea' id='block_1_83' title="bbox 1993 1808 3654 1886">
    <p class='ocr_par' dir='ltr' id='par_1_83' title="bbox 1993 1808 3654 1886">
     <span class='ocr_line' id='line_1_84' title="bbox 1993 1808 3654 1886; baseline 0.004 -24"><span class='ocrx_word' id='word_1_570' title='bbox 1993 1808 2329 1864; x_wconf 90' lang='lat' dir='ltr'>interimere</span> <span class='ocrx_word' id='word_1_571' title='bbox 2358 1810 2735 1880; x_wconf 89' lang='lat' dir='ltr'>cupientibus</span> <span class='ocrx_word' id='word_1_572' title='bbox 2766 1811 3113 1877; x_wconf 87' lang='lat' dir='ltr'>traderetur,</span> <span class='ocrx_word' id='word_1_573' title='bbox 3157 1814 3403 1870; x_wconf 71' lang='lat' dir='ltr'>Casaris</span> <span class='ocrx_word' id='word_1_574' title='bbox 3430 1828 3654 1886; x_wconf 90' lang='lat' dir='ltr'>popos-</span> 
     </span>
    </p>
   </div>
   <div class='ocr_carea' id='block_1_84' title="bbox 1994 1896 3656 1974">
    <p class='ocr_par' dir='ltr' id='par_1_84' title="bbox 1994 1896 3656 1974">
     <span class='ocr_line' id='line_1_85' title="bbox 1994 1896 3656 1974; baseline 0.005 -23"><span class='ocrx_word' id='word_1_575' title='bbox 1994 1896 2071 1952; x_wconf 92' lang='lat' dir='ltr'>cit</span> <span class='ocrx_word' id='word_1_576' title='bbox 2093 1896 2385 1953; x_wconf 82' lang='lat' dir='ltr'>auxilium</span> <span class='ocrx_word' id='word_1_577' title='bbox 2417 1898 2531 1969; x_wconf 87' lang='lat' dir='ltr'>(Id.</span> <span class='ocrx_word' id='word_1_578' title='bbox 2573 1915 2707 1966; x_wconf 82' lang='lat' dir='ltr'>xxv,</span> <span class='ocrx_word' id='word_1_579' title='bbox 2747 1900 2854 1970; x_wconf 85' lang='lat' dir='ltr'>ll),</span> <span class='ocrx_word' id='word_1_580' title='bbox 2884 1900 3133 1957; x_wconf 84' lang='lat' dir='ltr'>Romani</span> <span class='ocrx_word' id='word_1_581' title='bbox 3164 1902 3408 1972; x_wconf 90' lang='lat' dir='ltr'>quidem</span> <span class='ocrx_word' id='word_1_582' title='bbox 3437 1902 3656 1974; x_wconf 85' lang='lat' dir='ltr'>princi-</span> 
     </span>
    </p>
   </div>
   <div class='ocr_carea' id='block_1_85' title="bbox 1997 1986 3653 2062">
    <p class='ocr_par' dir='ltr' id='par_1_85' title="bbox 1997 1986 3653 2062">
     <span class='ocr_line' id='line_1_86' title="bbox 1997 1986 3653 2062; baseline 0.004 -22"><span class='ocrx_word' id='word_1_583' title='bbox 1997 1986 2111 2057; x_wconf 90' lang='lat' dir='ltr'>pis,</span> <span class='ocrx_word' id='word_1_584' title='bbox 2133 1986 2234 2041; x_wconf 91' lang='lat' dir='ltr'>sed</span> <span class='ocrx_word' id='word_1_585' title='bbox 2255 2002 2375 2042; x_wconf 92' lang='lat' dir='ltr'>non</span> <span class='ocrx_word' id='word_1_586' title='bbox 2390 1986 2715 2043; x_wconf 88' lang='lat' dir='ltr'>christiani.</span> <span class='ocrx_word' id='word_1_587' title='bbox 2737 1988 2838 2043; x_wconf 91' lang='lat' dir='ltr'>Ubi</span> <span class='ocrx_word' id='word_1_588' title='bbox 2860 1988 3001 2044; x_wconf 90' lang='lat' dir='ltr'>satis</span> <span class='ocrx_word' id='word_1_589' title='bbox 3019 1989 3279 2045; x_wconf 91' lang='lat' dir='ltr'>ostendit</span> <span class='ocrx_word' id='word_1_590' title='bbox 3295 1991 3441 2062; x_wconf 92' lang='lat' dir='ltr'>quid</span> <span class='ocrx_word' id='word_1_591' title='bbox 3460 1990 3653 2047; x_wconf 89' lang='lat' dir='ltr'>facere</span> 
     </span>
    </p>
   </div>
   <div class='ocr_carea' id='block_1_86' title="bbox 1997 2074 3657 2150">
    <p class='ocr_par' dir='ltr' id='par_1_86' title="bbox 1997 2074 3657 2150">
     <span class='ocr_line' id='line_1_87' title="bbox 1997 2074 3657 2150; baseline 0.003 -20"><span class='ocrx_word' id='word_1_592' title='bbox 1997 2081 2205 2147; x_wconf 90' lang='lat' dir='ltr'>postea</span> <span class='ocrx_word' id='word_1_593' title='bbox 2231 2074 2517 2130; x_wconf 90' lang='lat' dir='ltr'>deberent</span> <span class='ocrx_word' id='word_1_594' title='bbox 2537 2076 2748 2131; x_wconf 88' lang='lat' dir='ltr'>Christi</span> <span class='ocrx_word' id='word_1_595' title='bbox 2771 2075 3238 2147; x_wconf 87' lang='lat' dir='ltr'>dispensatores,</span> <span class='ocrx_word' id='word_1_596' title='bbox 3276 2078 3524 2150; x_wconf 91' lang='lat' dir='ltr'>quando</span> <span class='ocrx_word' id='word_1_597' title='bbox 3543 2079 3657 2135; x_wconf 89' lang='lat' dir='ltr'>im-</span> 
     </span>
    </p>
   </div>
   <div class='ocr_carea' id='block_1_87' title="bbox 1999 2163 3657 2239">
    <p class='ocr_par' dir='ltr' id='par_1_87' title="bbox 1999 2163 3657 2239">
     <span class='ocr_line' id='line_1_88' title="bbox 1999 2163 3657 2239; baseline 0.003 -21"><span class='ocrx_word' id='word_1_598' title='bbox 1999 2169 2298 2235; x_wconf 90' lang='lat' dir='ltr'>peratores</span> <span class='ocrx_word' id='word_1_599' title='bbox 2324 2163 2682 2220; x_wconf 90' lang='lat' dir='ltr'>christianos</span> <span class='ocrx_word' id='word_1_600' title='bbox 2708 2165 3074 2236; x_wconf 89' lang='lat' dir='ltr'>periclitante</span> <span class='ocrx_word' id='word_1_601' title='bbox 3115 2166 3389 2222; x_wconf 90' lang='lat' dir='ltr'>Ecclesia</span> <span class='ocrx_word' id='word_1_602' title='bbox 3433 2168 3657 2239; x_wconf 86' lang='lat' dir='ltr'>reperi-</span> 
     </span>
    </p>
   </div>
   <div class='ocr_carea' id='block_1_88' title="bbox 1994 2253 3654 2327">
    <p class='ocr_par' dir='ltr' id='par_1_88' title="bbox 1994 2253 3654 2327">
     <span class='ocr_line' id='line_1_89' title="bbox 1994 2253 3654 2327; baseline 0.002 -18"><span class='ocrx_word' id='word_1_603' title='bbox 1994 2258 2144 2309; x_wconf 90' lang='lat' dir='ltr'>rent.</span> <span class='ocrx_word' id='word_1_604' title='bbox 2173 2254 2317 2310; x_wconf 85' lang='lat' dir='ltr'>Hinc</span> <span class='ocrx_word' id='word_1_605' title='bbox 2348 2269 2489 2323; x_wconf 89' lang='lat' dir='ltr'>ergo</span> <span class='ocrx_word' id='word_1_606' title='bbox 2516 2253 2741 2310; x_wconf 85' lang='lat' dir='ltr'>factum</span> <span class='ocrx_word' id='word_1_607' title='bbox 2772 2260 2859 2310; x_wconf 92' lang='lat' dir='ltr'>est</span> <span class='ocrx_word' id='word_1_608' title='bbox 2888 2261 2948 2310; x_wconf 92' lang='lat' dir='ltr'>ut</span> <span class='ocrx_word' id='word_1_609' title='bbox 2979 2256 3307 2327; x_wconf 88' lang='lat' dir='ltr'>Imperator</span> <span class='ocrx_word' id='word_1_610' title='bbox 3339 2256 3654 2327; x_wconf 90' lang='lat' dir='ltr'>religiosus</span> 
     </span>
    </p>
   </div>
   <div class='ocr_carea' id='block_1_89' title="bbox 1995 2341 3654 2414">
    <p class='ocr_par' dir='ltr' id='par_1_89' title="bbox 1995 2341 3654 2414">
     <span class='ocr_line' id='line_1_90' title="bbox 1995 2341 3654 2414; baseline 0.002 -17"><span class='ocrx_word' id='word_1_611' title='bbox 1995 2347 2052 2397; x_wconf 92' lang='lat' dir='ltr'>et</span> <span class='ocrx_word' id='word_1_612' title='bbox 2091 2344 2243 2413; x_wconf 90' lang='lat' dir='ltr'>pius,</span> <span class='ocrx_word' id='word_1_613' title='bbox 2274 2342 2512 2413; x_wconf 91' lang='lat' dir='ltr'>perlatis</span> <span class='ocrx_word' id='word_1_614' title='bbox 2544 2341 2604 2397; x_wconf 92' lang='lat' dir='ltr'>in</span> <span class='ocrx_word' id='word_1_615' title='bbox 2632 2344 2903 2399; x_wconf 90' lang='lat' dir='ltr'>notitiam</span> <span class='ocrx_word' id='word_1_616' title='bbox 2960 2360 3137 2400; x_wconf 92' lang='lat' dir='ltr'>suam</span> <span class='ocrx_word' id='word_1_617' title='bbox 3184 2345 3403 2401; x_wconf 91' lang='lat' dir='ltr'>talibus</span> <span class='ocrx_word' id='word_1_618' title='bbox 3433 2346 3654 2414; x_wconf 90' lang='lat' dir='ltr'>causis,</span> 
     </span>
    </p>
   </div>
   <div class='ocr_carea' id='block_1_90' title="bbox 1997 2431 3654 2503">
    <p class='ocr_par' dir='ltr' id='par_1_90' title="bbox 1997 2431 3654 2503">
     <span class='ocr_line' id='line_1_91' title="bbox 1997 2431 3654 2503; baseline 0.003 -17"><span class='ocrx_word' id='word_1_619' title='bbox 1997 2431 2202 2486; x_wconf 91' lang='lat' dir='ltr'>mallet</span> <span class='ocrx_word' id='word_1_620' title='bbox 2231 2432 2511 2503; x_wconf 85' lang='lat' dir='ltr'>piissimis</span> <span class='ocrx_word' id='word_1_621' title='bbox 2552 2432 2781 2503; x_wconf 89' lang='lat' dir='ltr'>legibus</span> <span class='ocrx_word' id='word_1_622' title='bbox 2812 2432 2967 2488; x_wconf 90' lang='lat' dir='ltr'>illius</span> <span class='ocrx_word' id='word_1_623' title='bbox 3019 2433 3344 2503; x_wconf 91' lang='lat' dir='ltr'>impietatis</span> <span class='ocrx_word' id='word_1_624' title='bbox 3390 2449 3654 2491; x_wconf 90' lang='lat' dir='ltr'>errorem</span> 
     </span>
    </p>
   </div>
   <div class='ocr_carea' id='block_1_91' title="bbox 1996 2520 3656 2593">
    <p class='ocr_par' dir='ltr' id='par_1_91' title="bbox 1996 2520 3656 2593">
     <span class='ocr_line' id='line_1_92' title="bbox 1996 2520 3656 2593; baseline 0.002 -17"><span class='ocrx_word' id='word_1_625' title='bbox 1996 2520 2244 2576; x_wconf 87' lang='lat' dir='ltr'>omnino</span> <span class='ocrx_word' id='word_1_626' title='bbox 2265 2521 2577 2590; x_wconf 90' lang='lat' dir='ltr'>corrigere,</span> <span class='ocrx_word' id='word_1_627' title='bbox 2593 2524 2766 2576; x_wconf 87' lang='lat' dir='ltr'>eteos</span> <span class='ocrx_word' id='word_1_628' title='bbox 2780 2521 2881 2593; x_wconf 93' lang='lat' dir='ltr'>qui</span> <span class='ocrx_word' id='word_1_629' title='bbox 2896 2525 3107 2577; x_wconf 90' lang='lat' dir='ltr'>contra</span> <span class='ocrx_word' id='word_1_630' title='bbox 3129 2522 3425 2578; x_wconf 89' lang='lat' dir='ltr'>Christum</span> <span class='ocrx_word' id='word_1_631' title='bbox 3444 2522 3656 2579; x_wconf 91' lang='lat' dir='ltr'>Christi</span> 
     </span>
    </p>
   </div>
   <div class='ocr_carea' id='block_1_92' title="bbox 1997 2608 3655 2681">
    <p class='ocr_par' dir='ltr' id='par_1_92' title="bbox 1997 2608 3655 2681">
     <span class='ocr_line' id='line_1_93' title="bbox 1997 2608 3655 2681; baseline 0.003 -18"><span class='ocrx_word' id='word_1_632' title='bbox 1997 2608 2166 2679; x_wconf 89' lang='lat' dir='ltr'>signa</span> <span class='ocrx_word' id='word_1_633' title='bbox 2198 2615 2518 2681; x_wconf 90' lang='lat' dir='ltr'>portarent,</span> <span class='ocrx_word' id='word_1_634' title='bbox 2552 2609 2628 2665; x_wconf 94' lang='lat' dir='ltr'>ad</span> <span class='ocrx_word' id='word_1_635' title='bbox 2665 2611 2952 2666; x_wconf 90' lang='lat' dir='ltr'>unitatem</span> <span class='ocrx_word' id='word_1_636' title='bbox 2992 2610 3346 2667; x_wconf 89' lang='lat' dir='ltr'>catholicam</span> <span class='ocrx_word' id='word_1_637' title='bbox 3377 2610 3655 2668; x_wconf 87' lang='lat' dir='ltr'>terrendo</span> 
     </span>
    </p>
   </div>
   <div class='ocr_carea' id='block_1_93' title="bbox 1997 2697 3657 2777">
    <p class='ocr_par' dir='ltr' id='par_1_93' title="bbox 1997 2697 3657 2777">
     <span class='ocr_line' id='line_1_94' title="bbox 1997 2697 3657 2777; baseline 0.002 -24"><span class='ocrx_word' id='word_1_638' title='bbox 1997 2703 2053 2753; x_wconf 91' lang='lat' dir='ltr'>et</span> <span class='ocrx_word' id='word_1_639' title='bbox 2072 2697 2403 2777; x_wconf 86' lang='lat' dir='ltr'>coercendo</span> <span class='ocrx_word' id='word_1_640' title='bbox 2424 2699 2713 2769; x_wconf 89' lang='lat' dir='ltr'>redigere,</span> <span class='ocrx_word' id='word_1_641' title='bbox 2728 2715 2915 2771; x_wconf 89' lang='lat' dir='ltr'>quam</span> <span class='ocrx_word' id='word_1_642' title='bbox 2934 2699 3217 2755; x_wconf 86' lang='lat' dir='ltr'>saviendi</span> <span class='ocrx_word' id='word_1_643' title='bbox 3238 2700 3657 2757; x_wconf 89' lang='lat' dir='ltr'>tantummodo</span> 
     </span>
    </p>
   </div>
   <div class='ocr_carea' id='block_1_94' title="bbox 1995 2786 3657 2861">
    <p class='ocr_par' dir='ltr' id='par_1_94' title="bbox 1995 2786 3657 2861">
     <span class='ocr_line' id='line_1_95' title="bbox 1995 2786 3657 2861; baseline 0.001 -20"><span class='ocrx_word' id='word_1_644' title='bbox 1995 2786 2226 2842; x_wconf 88' lang='lat' dir='ltr'>auferre</span> <span class='ocrx_word' id='word_1_645' title='bbox 2247 2787 2569 2851; x_wconf 88' lang='lat' dir='ltr'>licentiam,</span> <span class='ocrx_word' id='word_1_646' title='bbox 2585 2793 2641 2844; x_wconf 92' lang='lat' dir='ltr'>et</span> <span class='ocrx_word' id='word_1_647' title='bbox 2659 2787 2895 2844; x_wconf 88' lang='lat' dir='ltr'>errandi</span> <span class='ocrx_word' id='word_1_648' title='bbox 2910 2804 2979 2844; x_wconf 91' lang='lat' dir='ltr'>ac</span> <span class='ocrx_word' id='word_1_649' title='bbox 2995 2788 3285 2861; x_wconf 90' lang='lat' dir='ltr'>pereundi</span> <span class='ocrx_word' id='word_1_650' title='bbox 3300 2788 3657 2861; x_wconf 90' lang='lat' dir='ltr'>relinquere.</span> 
     </span>
    </p>
   </div>
   <div class='ocr_carea' id='block_1_95' title="bbox 2067 2876 3655 2948">
    <p class='ocr_par' dir='ltr' id='par_1_95' title="bbox 2067 2876 3655 2948">
     <span class='ocr_line' id='line_1_96' title="bbox 2067 2876 3655 2948; baseline 0.002 -17"><span class='ocrx_word' id='word_1_651' title='bbox 2067 2876 2153 2932; x_wconf 88' lang='lat'>29.</span> <span class='ocrx_word' id='word_1_652' title='bbox 2176 2880 2454 2933; x_wconf 85' lang='lat' dir='ltr'>Jamvero</span> <span class='ocrx_word' id='word_1_653' title='bbox 2471 2894 2606 2932; x_wconf 91' lang='lat' dir='ltr'>cum</span> <span class='ocrx_word' id='word_1_654' title='bbox 2625 2878 2769 2948; x_wconf 89' lang='lat' dir='ltr'>ipsa</span> <span class='ocrx_word' id='word_1_655' title='bbox 2791 2878 2955 2946; x_wconf 90' lang='lat' dir='ltr'>leges</span> <span class='ocrx_word' id='word_1_656' title='bbox 2978 2878 3281 2934; x_wconf 89' lang='lat' dir='ltr'>venissent</span> <span class='ocrx_word' id='word_1_657' title='bbox 3299 2879 3357 2935; x_wconf 92' lang='lat' dir='ltr'>in</span> <span class='ocrx_word' id='word_1_658' title='bbox 3374 2879 3655 2946; x_wconf 85' lang='lat' dir='ltr'>Africam,</span> 
     </span>
    </p>
   </div>
   <div class='ocr_carea' id='block_1_96' title="bbox 1997 2965 3659 3037">
    <p class='ocr_par' dir='ltr' id='par_1_96' title="bbox 1997 2965 3659 3037">
     <span class='ocr_line' id='line_1_97' title="bbox 1997 2965 3659 3037; baseline 0.002 -17"><span class='ocrx_word' id='word_1_659' title='bbox 1997 2966 2297 3037; x_wconf 88' lang='lat' dir='ltr'>pracipue</span> <span class='ocrx_word' id='word_1_660' title='bbox 2330 2965 2410 3019; x_wconf 90' lang='lat' dir='ltr'>illi</span> <span class='ocrx_word' id='word_1_661' title='bbox 2450 2967 2551 3037; x_wconf 90' lang='lat' dir='ltr'>qui</span> <span class='ocrx_word' id='word_1_662' title='bbox 2585 2967 2937 3037; x_wconf 89' lang='lat' dir='ltr'>quarebant</span> <span class='ocrx_word' id='word_1_663' title='bbox 2967 2968 3373 3033; x_wconf 88' lang='lat' dir='ltr'>occasionem,</span> <span class='ocrx_word' id='word_1_664' title='bbox 3406 2972 3510 3024; x_wconf 91' lang='lat' dir='ltr'>aut</span> <span class='ocrx_word' id='word_1_665' title='bbox 3553 2984 3659 3023; x_wconf 88' lang='lat' dir='ltr'>sa-</span> 
     </span>
    </p>
   </div>
   <div class='ocr_carea' id='block_1_97' title="bbox 1997 3054 3658 3120">
    <p class='ocr_par' dir='ltr' id='par_1_97' title="bbox 1997 3054 3658 3120">
     <span class='ocr_line' id='line_1_98' title="bbox 1997 3054 3658 3120; baseline 0.002 -12"><span class='ocrx_word' id='word_1_666' title='bbox 1997 3055 2200 3110; x_wconf 90' lang='lat' dir='ltr'>vitiam</span> <span class='ocrx_word' id='word_1_667' title='bbox 2233 3054 2559 3110; x_wconf 90' lang='lat' dir='ltr'>furentium</span> <span class='ocrx_word' id='word_1_668' title='bbox 2592 3054 2959 3120; x_wconf 89' lang='lat' dir='ltr'>metuebant,</span> <span class='ocrx_word' id='word_1_669' title='bbox 2991 3059 3096 3111; x_wconf 91' lang='lat' dir='ltr'>aut</span> <span class='ocrx_word' id='word_1_670' title='bbox 3122 3071 3264 3111; x_wconf 89' lang='lat' dir='ltr'>suos</span> <span class='ocrx_word' id='word_1_671' title='bbox 3294 3055 3658 3112; x_wconf 89' lang='lat' dir='ltr'>verecunda-</span> 
     </span>
    </p>
   </div>
   <div class='ocr_carea' id='block_1_98' title="bbox 1996 3143 3656 3208">
    <p class='ocr_par' dir='ltr' id='par_1_98' title="bbox 1996 3143 3656 3208">
     <span class='ocr_line' id='line_1_99' title="bbox 1996 3143 3656 3208; baseline 0.001 -9"><span class='ocrx_word' id='word_1_672' title='bbox 1996 3144 2217 3200; x_wconf 88' lang='lat' dir='ltr'>bantur</span> <span class='ocrx_word' id='word_1_673' title='bbox 2249 3143 2570 3208; x_wconf 82' lang='lat' dir='ltr'>offendere,</span> <span class='ocrx_word' id='word_1_674' title='bbox 2615 3144 2691 3200; x_wconf 93' lang='lat' dir='ltr'>ad</span> <span class='ocrx_word' id='word_1_675' title='bbox 2731 3143 3054 3200; x_wconf 90' lang='lat' dir='ltr'>Ecclesiam</span> <span class='ocrx_word' id='word_1_676' title='bbox 3091 3144 3374 3200; x_wconf 92' lang='lat' dir='ltr'>continuo</span> <span class='ocrx_word' id='word_1_677' title='bbox 3414 3145 3656 3201; x_wconf 87' lang='lat' dir='ltr'>transie-</span> 
     </span>
    </p>
   </div>
   <div class='ocr_carea' id='block_1_99' title="bbox 1996 3232 3660 3306">
    <p class='ocr_par' dir='ltr' id='par_1_99' title="bbox 1996 3232 3660 3306">
     <span class='ocr_line' id='line_1_100' title="bbox 1996 3232 3660 3306; baseline 0.001 -18"><span class='ocrx_word' id='word_1_678' title='bbox 1996 3238 2152 3288; x_wconf 89' lang='lat' dir='ltr'>runt.</span> <span class='ocrx_word' id='word_1_679' title='bbox 2186 3232 2345 3289; x_wconf 86' lang='lat' dir='ltr'>Multi</span> <span class='ocrx_word' id='word_1_680' title='bbox 2375 3234 2551 3289; x_wconf 90' lang='lat' dir='ltr'>etiam</span> <span class='ocrx_word' id='word_1_681' title='bbox 2583 3233 2688 3304; x_wconf 92' lang='lat' dir='ltr'>qui</span> <span class='ocrx_word' id='word_1_682' title='bbox 2718 3232 2843 3289; x_wconf 90' lang='lat' dir='ltr'>sola</span> <span class='ocrx_word' id='word_1_683' title='bbox 2865 3233 2983 3288; x_wconf 91' lang='lat' dir='ltr'>illic</span> <span class='ocrx_word' id='word_1_684' title='bbox 3006 3249 3040 3289; x_wconf 91' lang='lat' dir='ltr'>a</span> <span class='ocrx_word' id='word_1_685' title='bbox 3064 3233 3412 3306; x_wconf 90' lang='lat' dir='ltr'>parentibus</span> <span class='ocrx_word' id='word_1_686' title='bbox 3440 3233 3660 3290; x_wconf 86' lang='lat' dir='ltr'>tradita</span> 
     </span>
    </p>
   </div>
   <div class='ocr_carea' id='block_1_100' title="bbox 1997 3321 3662 3395">
    <p class='ocr_par' dir='ltr' id='par_1_100' title="bbox 1997 3321 3662 3395">
     <span class='ocr_line' id='line_1_101' title="bbox 1997 3321 3662 3395; baseline 0.001 -17"><span class='ocrx_word' id='word_1_687' title='bbox 1997 3321 2428 3378; x_wconf 89' lang='lat' dir='ltr'>consuetudine</span> <span class='ocrx_word' id='word_1_688' title='bbox 2446 3322 2819 3389; x_wconf 90' lang='lat' dir='ltr'>tenebantur,</span> <span class='ocrx_word' id='word_1_689' title='bbox 2838 3323 3080 3395; x_wconf 89' lang='lat' dir='ltr'>qualem</span> <span class='ocrx_word' id='word_1_690' title='bbox 3106 3338 3241 3378; x_wconf 90' lang='lat' dir='ltr'>vero</span> <span class='ocrx_word' id='word_1_691' title='bbox 3255 3338 3501 3379; x_wconf 91' lang='lat' dir='ltr'>causam</span> <span class='ocrx_word' id='word_1_692' title='bbox 3525 3322 3662 3394; x_wconf 89' lang='lat' dir='ltr'>ipsa</span> 
     </span>
    </p>
   </div>
   <div class='ocr_carea' id='block_1_101' title="bbox 1997 3410 3660 3484">
    <p class='ocr_par' dir='ltr' id='par_1_101' title="bbox 1997 3410 3660 3484">
     <span class='ocr_line' id='line_1_102' title="bbox 1997 3410 3660 3484; baseline 0.001 -17"><span class='ocrx_word' id='word_1_693' title='bbox 1997 3410 2242 3467; x_wconf 87' lang='lat' dir='ltr'>haresis</span> <span class='ocrx_word' id='word_1_694' title='bbox 2264 3411 2511 3468; x_wconf 90' lang='lat' dir='ltr'>haberet</span> <span class='ocrx_word' id='word_1_695' title='bbox 2531 3427 2848 3484; x_wconf 89' lang='lat' dir='ltr'>nunquam</span> <span class='ocrx_word' id='word_1_696' title='bbox 2867 3416 3044 3468; x_wconf 88' lang='lat' dir='ltr'>antea</span> <span class='ocrx_word' id='word_1_697' title='bbox 3063 3410 3493 3481; x_wconf 90' lang='lat' dir='ltr'>cogitaverant,</span> <span class='ocrx_word' id='word_1_698' title='bbox 3509 3426 3660 3468; x_wconf 86' lang='lat' dir='ltr'>nun-</span> 
     </span>
    </p>
   </div>
   <div class='ocr_carea' id='block_1_102' title="bbox 2001 3501 3660 3573">
    <p class='ocr_par' dir='ltr' id='par_1_102' title="bbox 2001 3501 3660 3573">
     <span class='ocr_line' id='line_1_103' title="bbox 2001 3501 3660 3573; baseline 0.001 -17"><span class='ocrx_word' id='word_1_699' title='bbox 2001 3516 2187 3572; x_wconf 90' lang='lat' dir='ltr'>quam</span> <span class='ocrx_word' id='word_1_700' title='bbox 2212 3516 2480 3573; x_wconf 84' lang='lat' dir='ltr'>quarere</span> <span class='ocrx_word' id='word_1_701' title='bbox 2506 3508 2562 3557; x_wconf 92' lang='lat' dir='ltr'>et</span> <span class='ocrx_word' id='word_1_702' title='bbox 2590 3501 2973 3557; x_wconf 88' lang='lat' dir='ltr'>considerare</span> <span class='ocrx_word' id='word_1_703' title='bbox 3008 3503 3336 3566; x_wconf 89' lang='lat' dir='ltr'>voluerant,</span> <span class='ocrx_word' id='word_1_704' title='bbox 3371 3516 3514 3557; x_wconf 86' lang='lat' dir='ltr'>mox</span> <span class='ocrx_word' id='word_1_705' title='bbox 3556 3501 3660 3558; x_wconf 90' lang='lat' dir='ltr'>ubi</span> 
     </span>
    </p>
   </div>
   <div class='ocr_carea' id='block_1_103' title="bbox 2001 3589 3663 3660">
    <p class='ocr_par' dir='ltr' id='par_1_103' title="bbox 2001 3589 3663 3660">
     <span class='ocr_line' id='line_1_104' title="bbox 2001 3589 3663 3660; baseline 0.002 -16"><span class='ocrx_word' id='word_1_706' title='bbox 2001 3596 2307 3660; x_wconf 83' lang='lat' dir='ltr'>caperunt</span> <span class='ocrx_word' id='word_1_707' title='bbox 2335 3590 2661 3653; x_wconf 87' lang='lat' dir='ltr'>advertere,</span> <span class='ocrx_word' id='word_1_708' title='bbox 2693 3593 2752 3645; x_wconf 92' lang='lat' dir='ltr'>et</span> <span class='ocrx_word' id='word_1_709' title='bbox 2777 3589 2921 3645; x_wconf 89' lang='lat' dir='ltr'>nihil</span> <span class='ocrx_word' id='word_1_710' title='bbox 2947 3591 3005 3644; x_wconf 91' lang='lat' dir='ltr'>in</span> <span class='ocrx_word' id='word_1_711' title='bbox 3033 3604 3104 3645; x_wconf 91' lang='lat' dir='ltr'>ea</span> <span class='ocrx_word' id='word_1_712' title='bbox 3124 3589 3377 3659; x_wconf 92' lang='lat' dir='ltr'>dignum</span> <span class='ocrx_word' id='word_1_713' title='bbox 3399 3590 3663 3647; x_wconf 88' lang='lat' dir='ltr'>invenire</span> 
     </span>
    </p>
   </div>
   <div class='ocr_carea' id='block_1_104' title="bbox 2002 3678 3661 3751">
    <p class='ocr_par' dir='ltr' id='par_1_104' title="bbox 2002 3678 3661 3751">
     <span class='ocr_line' id='line_1_105' title="bbox 2002 3678 3661 3751; baseline 0.002 -18"><span class='ocrx_word' id='word_1_714' title='bbox 2002 3687 2241 3750; x_wconf 89' lang='lat' dir='ltr'>propter</span> <span class='ocrx_word' id='word_1_715' title='bbox 2274 3679 2439 3751; x_wconf 92' lang='lat' dir='ltr'>quod</span> <span class='ocrx_word' id='word_1_716' title='bbox 2472 3683 2636 3734; x_wconf 89' lang='lat' dir='ltr'>tanta</span> <span class='ocrx_word' id='word_1_717' title='bbox 2666 3678 2893 3734; x_wconf 90' lang='lat' dir='ltr'>damna</span> <span class='ocrx_word' id='word_1_718' title='bbox 2936 3684 3295 3749; x_wconf 85' lang='lat' dir='ltr'>paterentur,</span> <span class='ocrx_word' id='word_1_719' title='bbox 3355 3681 3482 3736; x_wconf 90' lang='lat' dir='ltr'>sine</span> <span class='ocrx_word' id='word_1_720' title='bbox 3541 3679 3661 3737; x_wconf 89' lang='lat' dir='ltr'>ulla</span> 
     </span>
    </p>
   </div>
   <div class='ocr_carea' id='block_1_105' title="bbox 2002 3766 3661 3825">
    <p class='ocr_par' dir='ltr' id='par_1_105' title="bbox 2002 3766 3661 3825">
     <span class='ocr_line' id='line_1_106' title="bbox 2002 3766 3661 3825; baseline 0.002 -3"><span class='ocrx_word' id='word_1_721' title='bbox 2002 3767 2351 3824; x_wconf 80' lang='lat' dir='ltr'>difﬁcultate</span> <span class='ocrx_word' id='word_1_722' title='bbox 2399 3767 2677 3823; x_wconf 88' lang='lat' dir='ltr'>catholici</span> <span class='ocrx_word' id='word_1_723' title='bbox 2712 3766 2851 3823; x_wconf 89' lang='lat' dir='ltr'>facti</span> <span class='ocrx_word' id='word_1_724' title='bbox 2882 3771 3054 3823; x_wconf 89' lang='lat' dir='ltr'>sunt:</span> <span class='ocrx_word' id='word_1_725' title='bbox 3105 3767 3312 3823; x_wconf 90' lang='lat' dir='ltr'>docuit</span> <span class='ocrx_word' id='word_1_726' title='bbox 3352 3769 3513 3824; x_wconf 92' lang='lat' dir='ltr'>enim</span> <span class='ocrx_word' id='word_1_727' title='bbox 3557 3784 3661 3825; x_wconf 89' lang='lat' dir='ltr'>eos</span> 
     </span>
    </p>
   </div>
   <div class='ocr_carea' id='block_1_106' title="bbox 2003 3855 3661 3927">
    <p class='ocr_par' dir='ltr' id='par_1_106' title="bbox 2003 3855 3661 3927">
     <span class='ocr_line' id='line_1_107' title="bbox 2003 3855 3661 3927; baseline 0.001 -15"><span class='ocrx_word' id='word_1_728' title='bbox 2003 3856 2367 3920; x_wconf 85' lang='lat' dir='ltr'>sollicitudo,</span> <span class='ocrx_word' id='word_1_729' title='bbox 2406 3872 2562 3927; x_wconf 89' lang='lat' dir='ltr'>quos</span> <span class='ocrx_word' id='word_1_730' title='bbox 2602 3855 2970 3925; x_wconf 88' lang='lat' dir='ltr'>negligentes</span> <span class='ocrx_word' id='word_1_731' title='bbox 3004 3857 3286 3913; x_wconf 85' lang='lat' dir='ltr'>securitas</span> <span class='ocrx_word' id='word_1_732' title='bbox 3314 3856 3554 3913; x_wconf 88' lang='lat' dir='ltr'>fecerat.</span> <span class='ocrx_word' id='word_1_733' title='bbox 3585 3860 3661 3912; x_wconf 89' lang='lat' dir='ltr'>ls-</span> 
     </span>
    </p>
   </div>
   <div class='ocr_carea' id='block_1_107' title="bbox 2004 3943 3660 4016">
    <p class='ocr_par' dir='ltr' id='par_1_107' title="bbox 2004 3943 3660 4016">
     <span class='ocr_line' id='line_1_108' title="bbox 2004 3943 3660 4016; baseline 0.001 -16"><span class='ocrx_word' id='word_1_734' title='bbox 2004 3950 2201 4002; x_wconf 91' lang='lat' dir='ltr'>torum</span> <span class='ocrx_word' id='word_1_735' title='bbox 2232 3950 2431 4001; x_wconf 90' lang='lat' dir='ltr'>autem</span> <span class='ocrx_word' id='word_1_736' title='bbox 2462 3945 2732 4001; x_wconf 91' lang='lat' dir='ltr'>omnium</span> <span class='ocrx_word' id='word_1_737' title='bbox 2754 3943 3222 4016; x_wconf 91' lang='lat' dir='ltr'>pracedentium</span> <span class='ocrx_word' id='word_1_738' title='bbox 3245 3945 3660 4002; x_wconf 87' lang='lat' dir='ltr'>auctoritatem</span> 
     </span>
    </p>
   </div>
   <div class='ocr_carea' id='block_1_108' title="bbox 2003 4032 3664 4107">
    <p class='ocr_par' dir='ltr' id='par_1_108' title="bbox 2003 4032 3664 4107">
     <span class='ocr_line' id='line_1_109' title="bbox 2003 4032 3664 4107; baseline 0 -17"><span class='ocrx_word' id='word_1_739' title='bbox 2003 4035 2526 4105; x_wconf 88' lang='lat' dir='ltr'>etpersuasionem</span> <span class='ocrx_word' id='word_1_740' title='bbox 2555 4035 2738 4090; x_wconf 89' lang='lat' dir='ltr'>secuti</span> <span class='ocrx_word' id='word_1_741' title='bbox 2762 4040 2901 4090; x_wconf 92' lang='lat' dir='ltr'>sunt</span> <span class='ocrx_word' id='word_1_742' title='bbox 2919 4032 3105 4098; x_wconf 91' lang='lat' dir='ltr'>multi,</span> <span class='ocrx_word' id='word_1_743' title='bbox 3129 4035 3233 4107; x_wconf 88' lang='lat' dir='ltr'>qui</span> <span class='ocrx_word' id='word_1_744' title='bbox 3247 4034 3664 4092; x_wconf 89' lang='lat' dir='ltr'>minusidonei</span> 
     </span>
    </p>
   </div>
   <div class='ocr_carea' id='block_1_109' title="bbox 2004 4122 3666 4197">
    <p class='ocr_par' dir='ltr' id='par_1_109' title="bbox 2004 4122 3666 4197">
     <span class='ocr_line' id='line_1_110' title="bbox 2004 4122 3666 4197; baseline 0.001 -17"><span class='ocrx_word' id='word_1_745' title='bbox 2004 4128 2175 4180; x_wconf 90' lang='lat' dir='ltr'>erant</span> <span class='ocrx_word' id='word_1_746' title='bbox 2188 4139 2291 4195; x_wconf 91' lang='lat' dir='ltr'>per</span> <span class='ocrx_word' id='word_1_747' title='bbox 2303 4124 2529 4195; x_wconf 90' lang='lat' dir='ltr'>seipsos</span> <span class='ocrx_word' id='word_1_748' title='bbox 2541 4122 2866 4194; x_wconf 89' lang='lat' dir='ltr'>intelligere</span> <span class='ocrx_word' id='word_1_749' title='bbox 2879 4122 3026 4197; x_wconf 92' lang='lat' dir='ltr'>quid</span> <span class='ocrx_word' id='word_1_750' title='bbox 3039 4122 3276 4180; x_wconf 88' lang='lat' dir='ltr'>distaret</span> <span class='ocrx_word' id='word_1_751' title='bbox 3298 4124 3448 4180; x_wconf 91' lang='lat' dir='ltr'>inter</span> <span class='ocrx_word' id='word_1_752' title='bbox 3467 4126 3666 4182; x_wconf 89' lang='lat' dir='ltr'>Dona-</span> 
     </span>
    </p>
   </div>
   <div class='ocr_carea' id='block_1_110' title="bbox 2004 4212 3412 4278">
    <p class='ocr_par' dir='ltr' id='par_1_110' title="bbox 2004 4212 3412 4278">
     <span class='ocr_line' id='line_1_111' title="bbox 2004 4212 3412 4278; baseline -0.002 -9"><span class='ocrx_word' id='word_1_753' title='bbox 2004 4212 2282 4269; x_wconf 87' lang='lat' dir='ltr'>tistarum</span> <span class='ocrx_word' id='word_1_754' title='bbox 2310 4229 2594 4278; x_wconf 89' lang='lat' dir='ltr'>errorem.</span> <span class='ocrx_word' id='word_1_755' title='bbox 2621 4218 2678 4270; x_wconf 92' lang='lat' dir='ltr'>et</span> <span class='ocrx_word' id='word_1_756' title='bbox 2697 4212 3051 4269; x_wconf 90' lang='lat' dir='ltr'>catholicam</span> <span class='ocrx_word' id='word_1_757' title='bbox 3081 4213 3412 4270; x_wconf 86' lang='lat' dir='ltr'>veritatem.</span> 
     </span>
    </p>
   </div>
   <div class='ocr_carea' id='block_1_111' title="bbox 2076 4301 3669 4374">
    <p class='ocr_par' dir='ltr' id='par_1_111' title="bbox 2076 4301 3669 4374">
     <span class='ocr_line' id='line_1_112' title="bbox 2076 4301 3669 4374; baseline 0.001 -15"><span class='ocrx_word' id='word_1_758' title='bbox 2076 4307 2163 4359; x_wconf 89' lang='grc'>30.</span> <span class='ocrx_word' id='word_1_759' title='bbox 2192 4303 2276 4358; x_wconf 90' lang='lat' dir='ltr'>Ita</span> <span class='ocrx_word' id='word_1_760' title='bbox 2308 4319 2446 4358; x_wconf 93' lang='lat' dir='ltr'>cum</span> <span class='ocrx_word' id='word_1_761' title='bbox 2471 4315 2693 4372; x_wconf 81' lang='lat' dir='ltr'>magna</span> <span class='ocrx_word' id='word_1_762' title='bbox 2721 4303 2967 4373; x_wconf 91' lang='lat' dir='ltr'>agmina</span> <span class='ocrx_word' id='word_1_763' title='bbox 2988 4301 3350 4374; x_wconf 89' lang='lat' dir='ltr'>populorum</span> <span class='ocrx_word' id='word_1_764' title='bbox 3372 4318 3512 4357; x_wconf 89' lang='lat' dir='ltr'>vera</span> <span class='ocrx_word' id='word_1_765' title='bbox 3537 4318 3669 4360; x_wconf 86' lang='lat' dir='ltr'>ma-</span> 
     </span>
    </p>
   </div>
   <div class='ocr_carea' id='block_1_112' title="bbox 2008 4389 3664 4463">
    <p class='ocr_par' dir='ltr' id='par_1_112' title="bbox 2008 4389 3664 4463">
     <span class='ocr_line' id='line_1_113' title="bbox 2008 4389 3664 4463; baseline -0.001 -15"><span class='ocrx_word' id='word_1_766' title='bbox 2008 4397 2091 4449; x_wconf 89' lang='lat' dir='ltr'>ter</span> <span class='ocrx_word' id='word_1_767' title='bbox 2119 4392 2177 4448; x_wconf 92' lang='lat' dir='ltr'>in</span> <span class='ocrx_word' id='word_1_768' title='bbox 2210 4393 2405 4447; x_wconf 91' lang='lat' dir='ltr'>sinum</span> <span class='ocrx_word' id='word_1_769' title='bbox 2422 4390 2692 4460; x_wconf 88' lang='lat' dir='ltr'>gaudens</span> <span class='ocrx_word' id='word_1_770' title='bbox 2710 4392 3012 4463; x_wconf 89' lang='lat' dir='ltr'>reciperet,</span> <span class='ocrx_word' id='word_1_771' title='bbox 3038 4396 3455 4447; x_wconf 89' lang='lat' dir='ltr'>remanserunt</span> <span class='ocrx_word' id='word_1_772' title='bbox 3479 4389 3664 4447; x_wconf 89' lang='lat' dir='ltr'>turba</span> 
     </span>
    </p>
   </div>
   <div class='ocr_carea' id='block_1_113' title="bbox 2007 4478 3662 4551">
    <p class='ocr_par' dir='ltr' id='par_1_113' title="bbox 2007 4478 3662 4551">
     <span class='ocr_line' id='line_1_114' title="bbox 2007 4478 3662 4551; baseline -0.001 -15"><span class='ocrx_word' id='word_1_773' title='bbox 2007 4482 2195 4547; x_wconf 86' lang='lat' dir='ltr'>dura,</span> <span class='ocrx_word' id='word_1_774' title='bbox 2223 4488 2278 4536; x_wconf 89' lang='lat' dir='ltr'>et</span> <span class='ocrx_word' id='word_1_775' title='bbox 2308 4482 2366 4535; x_wconf 92' lang='lat' dir='ltr'>in</span> <span class='ocrx_word' id='word_1_776' title='bbox 2398 4480 2497 4535; x_wconf 91' lang='lat' dir='ltr'>illa</span> <span class='ocrx_word' id='word_1_777' title='bbox 2525 4484 2689 4551; x_wconf 89' lang='lat' dir='ltr'>peste</span> <span class='ocrx_word' id='word_1_778' title='bbox 2716 4478 2931 4534; x_wconf 88' lang='lat' dir='ltr'>infelici</span> <span class='ocrx_word' id='word_1_779' title='bbox 2955 4479 3337 4535; x_wconf 89' lang='lat' dir='ltr'>animositate</span> <span class='ocrx_word' id='word_1_780' title='bbox 3362 4479 3662 4535; x_wconf 89' lang='lat' dir='ltr'>sistentes.</span> 
     </span>
    </p>
   </div>
   <div class='ocr_carea' id='block_1_114' title="bbox 2006 4568 3666 4641">
    <p class='ocr_par' dir='ltr' id='par_1_114' title="bbox 2006 4568 3666 4641">
     <span class='ocr_line' id='line_1_115' title="bbox 2006 4568 3666 4641; baseline -0.001 -16"><span class='ocrx_word' id='word_1_781' title='bbox 2006 4572 2087 4626; x_wconf 85' lang='lat' dir='ltr'>Ex</span> <span class='ocrx_word' id='word_1_782' title='bbox 2125 4572 2217 4626; x_wconf 90' lang='lat' dir='ltr'>his</span> <span class='ocrx_word' id='word_1_783' title='bbox 2272 4585 2515 4641; x_wconf 89' lang='lat' dir='ltr'>quoque</span> <span class='ocrx_word' id='word_1_784' title='bbox 2564 4568 2805 4639; x_wconf 83' lang='lat' dir='ltr'>plurimi</span> <span class='ocrx_word' id='word_1_785' title='bbox 2855 4568 3201 4624; x_wconf 89' lang='lat' dir='ltr'>simulando</span> <span class='ocrx_word' id='word_1_786' title='bbox 3254 4568 3666 4624; x_wconf 87' lang='lat' dir='ltr'>communica-</span> 
     </span>
    </p>
   </div>
   <div class='ocr_carea' id='block_1_115' title="bbox 2009 4656 3664 4729">
    <p class='ocr_par' dir='ltr' id='par_1_115' title="bbox 2009 4656 3664 4729">
     <span class='ocr_line' id='line_1_116' title="bbox 2009 4656 3664 4729; baseline -0.001 -14"><span class='ocrx_word' id='word_1_787' title='bbox 2009 4664 2238 4722; x_wconf 89' lang='lat' dir='ltr'>verunt,</span> <span class='ocrx_word' id='word_1_788' title='bbox 2268 4657 2367 4714; x_wconf 91' lang='lat' dir='ltr'>alii</span> <span class='ocrx_word' id='word_1_789' title='bbox 2397 4658 2694 4729; x_wconf 90' lang='lat' dir='ltr'>paucitate</span> <span class='ocrx_word' id='word_1_790' title='bbox 2722 4656 3044 4713; x_wconf 90' lang='lat' dir='ltr'>latuerunt.</span> <span class='ocrx_word' id='word_1_791' title='bbox 3079 4656 3194 4713; x_wconf 89' lang='lat' dir='ltr'>Sed</span> <span class='ocrx_word' id='word_1_792' title='bbox 3225 4656 3305 4712; x_wconf 92' lang='lat' dir='ltr'>illi</span> <span class='ocrx_word' id='word_1_793' title='bbox 3332 4657 3433 4728; x_wconf 90' lang='lat' dir='ltr'>qui</span> <span class='ocrx_word' id='word_1_794' title='bbox 3472 4658 3664 4713; x_wconf 89' lang='lat' dir='ltr'>simu-</span> 
     </span>
    </p>
   </div>
   <div class='ocr_carea' id='block_1_116' title="bbox 2004 4745 3664 4817">
    <p class='ocr_par' dir='ltr' id='par_1_116' title="bbox 2004 4745 3664 4817">
     <span class='ocr_line' id='line_1_117' title="bbox 2004 4745 3664 4817; baseline -0.001 -13"><span class='ocrx_word' id='word_1_795' title='bbox 2004 4748 2232 4811; x_wconf 89' lang='lat' dir='ltr'>labant,</span> <span class='ocrx_word' id='word_1_796' title='bbox 2269 4745 2557 4817; x_wconf 90' lang='lat' dir='ltr'>paulatim</span> <span class='ocrx_word' id='word_1_797' title='bbox 2605 4745 3014 4803; x_wconf 85' lang='lat' dir='ltr'>assuescendo</span> <span class='ocrx_word' id='word_1_798' title='bbox 3064 4750 3119 4802; x_wconf 91' lang='lat' dir='ltr'>et</span> <span class='ocrx_word' id='word_1_799' title='bbox 3173 4745 3664 4817; x_wconf 90' lang='lat' dir='ltr'>pradicationem</span> 
     </span>
    </p>
   </div>
   <div class='ocr_carea' id='block_1_117' title="bbox 2007 4834 3669 4907">
    <p class='ocr_par' dir='ltr' id='par_1_117' title="bbox 2007 4834 3669 4907">
     <span class='ocr_line' id='line_1_118' title="bbox 2007 4834 3669 4907; baseline -0.002 -15"><span class='ocrx_word' id='word_1_800' title='bbox 2007 4837 2265 4893; x_wconf 90' lang='lat' dir='ltr'>veritatis</span> <span class='ocrx_word' id='word_1_801' title='bbox 2286 4835 2609 4900; x_wconf 90' lang='lat' dir='ltr'>audiendo,</span> <span class='ocrx_word' id='word_1_802' title='bbox 2635 4835 2895 4891; x_wconf 88' lang='lat' dir='ltr'>maxime</span> <span class='ocrx_word' id='word_1_803' title='bbox 2924 4835 3447 4907; x_wconf 90' lang='lat' dir='ltr'>postcollationem</span> <span class='ocrx_word' id='word_1_804' title='bbox 3475 4840 3531 4892; x_wconf 92' lang='lat' dir='ltr'>et</span> <span class='ocrx_word' id='word_1_805' title='bbox 3548 4834 3669 4891; x_wconf 90' lang='lat' dir='ltr'>dis-</span> 
     </span>
    </p>
   </div>
   <div class='ocr_carea' id='block_1_118' title="bbox 2008 4922 3665 4999">
    <p class='ocr_par' dir='ltr' id='par_1_118' title="bbox 2008 4922 3665 4999">
     <span class='ocr_line' id='line_1_119' title="bbox 2008 4922 3665 4999; baseline -0.001 -17"><span class='ocrx_word' id='word_1_806' title='bbox 2008 4924 2379 4999; x_wconf 91' lang='lat' dir='ltr'>putationem</span> <span class='ocrx_word' id='word_1_807' title='bbox 2391 4940 2528 4996; x_wconf 91' lang='lat' dir='ltr'>qua</span> <span class='ocrx_word' id='word_1_808' title='bbox 2554 4924 2702 4979; x_wconf 91' lang='lat' dir='ltr'>inter</span> <span class='ocrx_word' id='word_1_809' title='bbox 2718 4940 2831 4980; x_wconf 92' lang='lat' dir='ltr'>nos</span> <span class='ocrx_word' id='word_1_810' title='bbox 2846 4930 2903 4980; x_wconf 90' lang='lat' dir='ltr'>et</span> <span class='ocrx_word' id='word_1_811' title='bbox 2924 4924 3239 4998; x_wconf 91' lang='lat' dir='ltr'>episcopos</span> <span class='ocrx_word' id='word_1_812' title='bbox 3266 4940 3475 4980; x_wconf 90' lang='lat' dir='ltr'>eorum</span> <span class='ocrx_word' id='word_1_813' title='bbox 3499 4922 3665 4995; x_wconf 90' lang='lat' dir='ltr'>apud</span> 
     </span>
    </p>
   </div>
   <div class='ocr_carea' id='block_1_119' title="bbox 2011 5013 3657 5086">
    <p class='ocr_par' dir='ltr' id='par_1_119' title="bbox 2011 5013 3657 5086">
     <span class='ocr_line' id='line_1_120' title="bbox 2011 5013 3657 5086; baseline -0.003 -14"><span class='ocrx_word' id='word_1_814' title='bbox 2011 5014 2430 5085; x_wconf 90' lang='lat' dir='ltr'>Carthaginem</span> <span class='ocrx_word' id='word_1_815' title='bbox 2455 5013 2584 5079; x_wconf 88' lang='lat' dir='ltr'>fuit,</span> <span class='ocrx_word' id='word_1_816' title='bbox 2617 5029 2691 5069; x_wconf 85' lang='lat' dir='ltr'>ex</span> <span class='ocrx_word' id='word_1_817' title='bbox 2720 5029 2943 5085; x_wconf 90' lang='lat' dir='ltr'>magna</span> <span class='ocrx_word' id='word_1_818' title='bbox 2971 5018 3138 5086; x_wconf 91' lang='lat' dir='ltr'>parte</span> <span class='ocrx_word' id='word_1_819' title='bbox 3192 5013 3442 5069; x_wconf 90' lang='lat' dir='ltr'>correcti</span> <span class='ocrx_word' id='word_1_820' title='bbox 3491 5016 3657 5068; x_wconf 88' lang='lat' dir='ltr'>sunt.</span> 
     </span>
    </p>
   </div>
   <div class='ocr_carea' id='block_1_120' title="bbox 2012 5101 3670 5177">
    <p class='ocr_par' dir='ltr' id='par_1_120' title="bbox 2012 5101 3670 5177">
     <span class='ocr_line' id='line_1_121' title="bbox 2012 5101 3670 5177; baseline -0.002 -17"><span class='ocrx_word' id='word_1_821' title='bbox 2012 5108 2075 5160; x_wconf 90' lang='lat' dir='ltr'>ln</span> <span class='ocrx_word' id='word_1_822' title='bbox 2111 5103 2482 5177; x_wconf 87' lang='lat' dir='ltr'>quibusdam</span> <span class='ocrx_word' id='word_1_823' title='bbox 2512 5118 2653 5158; x_wconf 89' lang='lat' dir='ltr'>vero</span> <span class='ocrx_word' id='word_1_824' title='bbox 2679 5102 2845 5166; x_wconf 89' lang='lat' dir='ltr'>locis,</span> <span class='ocrx_word' id='word_1_825' title='bbox 2884 5102 2978 5158; x_wconf 92' lang='lat' dir='ltr'>ubi</span> <span class='ocrx_word' id='word_1_826' title='bbox 3008 5101 3363 5175; x_wconf 88' lang='lat' dir='ltr'>pertinacior</span> <span class='ocrx_word' id='word_1_827' title='bbox 3391 5105 3448 5157; x_wconf 91' lang='lat' dir='ltr'>et</span> <span class='ocrx_word' id='word_1_828' title='bbox 3478 5103 3670 5172; x_wconf 87' lang='lat' dir='ltr'>impa-</span> 
     </span>
    </p>
   </div>
   <div class='ocr_carea' id='block_1_121' title="bbox 2010 5190 3670 5265">
    <p class='ocr_par' dir='ltr' id='par_1_121' title="bbox 2010 5190 3670 5265">
     <span class='ocr_line' id='line_1_122' title="bbox 2010 5190 3670 5265; baseline -0.002 -16"><span class='ocrx_word' id='word_1_829' title='bbox 2010 5196 2196 5250; x_wconf 91' lang='lat' dir='ltr'>catior</span> <span class='ocrx_word' id='word_1_830' title='bbox 2226 5190 2538 5265; x_wconf 89' lang='lat' dir='ltr'>pravaluit</span> <span class='ocrx_word' id='word_1_831' title='bbox 2564 5191 2903 5255; x_wconf 88' lang='lat' dir='ltr'>multitudo,</span> <span class='ocrx_word' id='word_1_832' title='bbox 2935 5192 3029 5247; x_wconf 91' lang='lat' dir='ltr'>cui</span> <span class='ocrx_word' id='word_1_833' title='bbox 3074 5191 3342 5245; x_wconf 90' lang='lat' dir='ltr'>resistere</span> <span class='ocrx_word' id='word_1_834' title='bbox 3393 5204 3515 5246; x_wconf 93' lang='lat' dir='ltr'>non</span> <span class='ocrx_word' id='word_1_835' title='bbox 3564 5204 3670 5262; x_wconf 87' lang='lat' dir='ltr'>po-</span> 
     </span>
    </p>
   </div>
   <div class='ocr_carea' id='block_1_122' title="bbox 2012 5277 3667 5353">
    <p class='ocr_par' dir='ltr' id='par_1_122' title="bbox 2012 5277 3667 5353">
     <span class='ocr_line' id='line_1_123' title="bbox 2012 5277 3667 5353; baseline -0.002 -15"><span class='ocrx_word' id='word_1_836' title='bbox 2012 5287 2203 5338; x_wconf 84' lang='lat' dir='ltr'>terant</span> <span class='ocrx_word' id='word_1_837' title='bbox 2233 5282 2549 5353; x_wconf 87' lang='lat' dir='ltr'>pauciores</span> <span class='ocrx_word' id='word_1_838' title='bbox 2580 5295 2840 5352; x_wconf 91' lang='lat' dir='ltr'>quorum</span> <span class='ocrx_word' id='word_1_839' title='bbox 2872 5284 2996 5335; x_wconf 86' lang='lat' dir='ltr'>erat</span> <span class='ocrx_word' id='word_1_840' title='bbox 3029 5277 3240 5334; x_wconf 90' lang='lat' dir='ltr'>melior</span> <span class='ocrx_word' id='word_1_841' title='bbox 3278 5278 3352 5333; x_wconf 92' lang='lat' dir='ltr'>de</span> <span class='ocrx_word' id='word_1_842' title='bbox 3390 5293 3667 5334; x_wconf 90' lang='lat' dir='ltr'>commu-</span> 
     </span>
    </p>
   </div>
   <div class='ocr_carea' id='block_1_123' title="bbox 2012 5366 3669 5439">
    <p class='ocr_par' dir='ltr' id='par_1_123' title="bbox 2012 5366 3669 5439">
     <span class='ocr_line' id='line_1_124' title="bbox 2012 5366 3669 5439; baseline -0.002 -13"><span class='ocrx_word' id='word_1_843' title='bbox 2012 5373 2190 5427; x_wconf 91' lang='lat' dir='ltr'>nione</span> <span class='ocrx_word' id='word_1_844' title='bbox 2213 5370 2524 5433; x_wconf 86' lang='lat' dir='ltr'>sententia.</span> <span class='ocrx_word' id='word_1_845' title='bbox 2576 5374 2680 5424; x_wconf 90' lang='lat' dir='ltr'>aut</span> <span class='ocrx_word' id='word_1_846' title='bbox 2718 5368 2904 5424; x_wconf 88' lang='lat' dir='ltr'>turba</span> <span class='ocrx_word' id='word_1_847' title='bbox 2957 5366 3289 5423; x_wconf 89' lang='lat' dir='ltr'>auctoritati</span> <span class='ocrx_word' id='word_1_848' title='bbox 3336 5382 3669 5439; x_wconf 89' lang='lat' dir='ltr'>paucorum</span> 
     </span>
    </p>
   </div>
   <div class='ocr_carea' id='block_1_124' title="bbox 2014 5455 3667 5531">
    <p class='ocr_par' dir='ltr' id='par_1_124' title="bbox 2014 5455 3667 5531">
     <span class='ocr_line' id='line_1_125' title="bbox 2014 5455 3667 5531; baseline -0.002 -16"><span class='ocrx_word' id='word_1_849' title='bbox 2014 5460 2415 5531; x_wconf 89' lang='lat' dir='ltr'>potentiorum</span> <span class='ocrx_word' id='word_1_850' title='bbox 2448 5457 2701 5513; x_wconf 89' lang='lat' dir='ltr'>subdita</span> <span class='ocrx_word' id='word_1_851' title='bbox 2728 5459 2788 5511; x_wconf 90' lang='lat' dir='ltr'>in</span> <span class='ocrx_word' id='word_1_852' title='bbox 2820 5455 3044 5511; x_wconf 90' lang='lat' dir='ltr'>malam</span> <span class='ocrx_word' id='word_1_853' title='bbox 3085 5460 3313 5526; x_wconf 89' lang='lat' dir='ltr'>partem</span> <span class='ocrx_word' id='word_1_854' title='bbox 3357 5456 3667 5527; x_wconf 84' lang='lat' dir='ltr'>obtempe-</span> 
     </span>
    </p>
   </div>
   <div class='ocr_carea' id='block_1_125' title="bbox 2012 5544 3672 5619">
    <p class='ocr_par' dir='ltr' id='par_1_125' title="bbox 2012 5544 3672 5619">
     <span class='ocr_line' id='line_1_126' title="bbox 2012 5544 3672 5619; baseline -0.001 -15"><span class='ocrx_word' id='word_1_855' title='bbox 2012 5552 2236 5613; x_wconf 89' lang='lat' dir='ltr'>rarunt,</span> <span class='ocrx_word' id='word_1_856' title='bbox 2260 5548 2566 5619; x_wconf 91' lang='lat' dir='ltr'>aliquanto</span> <span class='ocrx_word' id='word_1_857' title='bbox 2587 5544 3163 5601; x_wconf 89' lang='lat' dir='ltr'>diutiuslaboratum</span> <span class='ocrx_word' id='word_1_858' title='bbox 3175 5550 3279 5600; x_wconf 91' lang='lat' dir='ltr'>est.</span> <span class='ocrx_word' id='word_1_859' title='bbox 3298 5547 3379 5601; x_wconf 85' lang='lat' dir='ltr'>Ex</span> <span class='ocrx_word' id='word_1_860' title='bbox 3424 5545 3515 5601; x_wconf 89' lang='lat' dir='ltr'>his</span> <span class='ocrx_word' id='word_1_861' title='bbox 3530 5548 3672 5602; x_wconf 88' lang='lat' dir='ltr'>sunt</span> 
     </span>
    </p>
   </div>
   <div class='ocr_carea' id='block_1_126' title="bbox 2013 5632 3669 5709">
    <p class='ocr_par' dir='ltr' id='par_1_126' title="bbox 2013 5632 3669 5709">
     <span class='ocr_line' id='line_1_127' title="bbox 2013 5632 3669 5709; baseline -0.001 -16"><span class='ocrx_word' id='word_1_862' title='bbox 2013 5636 2071 5693; x_wconf 89' lang='lat' dir='ltr'>in</span> <span class='ocrx_word' id='word_1_863' title='bbox 2085 5637 2307 5709; x_wconf 89' lang='lat' dir='ltr'>quibus</span> <span class='ocrx_word' id='word_1_864' title='bbox 2321 5636 2518 5693; x_wconf 89' lang='lat' dir='ltr'>adhuc</span> <span class='ocrx_word' id='word_1_865' title='bbox 2531 5633 2859 5701; x_wconf 89' lang='lat' dir='ltr'>laboratur,</span> <span class='ocrx_word' id='word_1_866' title='bbox 2878 5634 2936 5690; x_wconf 89' lang='lat' dir='ltr'>in</span> <span class='ocrx_word' id='word_1_867' title='bbox 2950 5650 3071 5707; x_wconf 91' lang='lat' dir='ltr'>quo</span> <span class='ocrx_word' id='word_1_868' title='bbox 3097 5632 3299 5691; x_wconf 88' lang='lat' dir='ltr'>labore</span> <span class='ocrx_word' id='word_1_869' title='bbox 3328 5633 3516 5692; x_wconf 91' lang='lat' dir='ltr'>multa</span> <span class='ocrx_word' id='word_1_870' title='bbox 3558 5632 3669 5692; x_wconf 81' lang='lat' dir='ltr'>Ca-</span> 
     </span>
    </p>
   </div>
  </div>
