4118 6164
541 166 647 222 807

530 290 752 359 tholici,
781 295 837 349 et
864 291 1123 348 maxime
1160 289 1425 363 episcopi
1455 292 1512 345 et
1553 288 1749 345 clerici
1801 288 2098 345 horrenda
2127 292 2184 344 et

529 382 683 439 dura
704 382 965 455 perpessi
979 385 1133 448 sunt,
1150 397 1283 453 quas
1296 395 1772 436 commemorare
1793 378 2041 449 longum
2055 383 2142 434 est
2166 394 2180 445 ;

527 472 773 543 quando
798 469 1203 541 quorumdam
1236 476 1293 524 et
1321 468 1473 524 oculi
1502 468 1776 523 exstincti
1807 474 1964 532 sunt,
1998 474 2054 522 et
2079 484 2180 522 cu-

523 561 764 631 jusdam
797 556 1062 629 episcopi
1083 574 1297 613 manus
1318 563 1375 612 et
1397 557 1602 626 lingua
1622 557 2003 627 praecisaest;
2030 571 2183 611 non-

524 647 667 704 nulli
698 646 877 703 etiam
908 646 1176 702 trucidati
1204 649 1360 701 sunt.
1389 647 1576 700 Taceo
1606 645 2051 700 crudelissimas
2075 660 2181 699 cae-

524 736 651 802 des,
689 740 744 793 et
788 736 1110 791 domorum
1162 734 1660 806 depraedationes,
1715 750 1821 805 per
1857 739 2180 789 nocturnas

522 826 938 895 aggressiones
960 829 1016 879 et
1041 823 1336 889 incendia,
1390 839 1510 879 non
1567 823 1761 878 solum
1811 823 2181 894 privatorum

522 914 1023 983 habitaculorum,
1050 929 1258 969 verum
1289 914 1465 969 etiam
1493 912 1879 968 ecclesiarum
1910 928 1922 976 ;
1950 912 2006 966 in
2029 926 2182 983 quas

519 1003 801 1060 ﬂammas
834 1019 953 1059 non
984 1002 1301 1058 defuerunt
1328 1003 1431 1074 qui
1461 1006 1518 1057 et
1545 1001 1785 1057 Codices
1844 1000 2182 1057 dominicas

523 1092 843 1149 mitterent.

595 1182 653 1237 3|
672 1224 683 1236 .
703 1182 812 1238 Sed
830 1196 940 1237 nos
953 1180 1054 1251 huj
1068 1180 1305 1235 usmodi
1322 1178 1571 1235 afﬂictos
1594 1174 1787 1247 malis,
1805 1194 2183 1251 consequens

522 1272 873 1345 consolatus.
895 1276 978 1325 est
1005 1270 1251 1325 fructus.
1278 1269 1431 1323 Nam
1462 1268 1827 1339 ubicumque
1859 1285 1894 1322 a
1941 1268 2182 1339 perditis

522 1360 641 1416 ista
671 1359 995 1415 commissa
1016 1362 1172 1419 sunt,
1207 1357 1289 1413 ibi
1317 1358 1643 1413 ferventius
1659 1364 1840 1428 atque
1865 1357 2182 1428 perfectius

524 1450 720 1505 unitas
750 1446 1072 1505 christiana
1112 1447 1359 1519 profecit
1387 1451 1443 1503 et
1476 1446 1714 1501 uberius
1746 1446 2023 1501 laudatur
2068 1445 2179 1501 Do-

521 1539 742 1602 minus,
774 1536 877 1608 qui
907 1537 1132 1591 donare
1156 1536 1436 1604 dignatus
1466 1539 1554 1589 est
1586 1539 1650 1589 ut
1680 1534 1832 1588 servi
1866 1535 1994 1605 ejus
2039 1550 2181 1606 pas-

522 1626 792 1682 sionibus
824 1626 948 1680 suis
978 1625 1349 1679 lucrarentur
1379 1623 1583 1678 fratres
1614 1640 1773 1686 suos,
1806 1628 1860 1677 et
1890 1639 2027 1677 oves
2052 1623 2180 1693 ejus

521 1714 825 1771 mortifero
848 1729 1043 1769 errore
1067 1714 1374 1783 dispersas
1404 1712 1461 1765 in
1491 1727 1701 1783 pacem
1720 1712 1927 1766 salutis
1944 1718 2179 1766 aeternae

521 1820 631 1860 suo
662 1803 952 1873 sanguine
994 1806 1447 1871 congregarent.
1497 1804 1707 1855 Potens
1747 1808 1835 1855 est
1893 1800 2181 1855 Dominus

518 1897 575 1947 et
606 1890 959 1953 misericors,
993 1906 1175 1961 quem
1192 1887 1460 1960 quotidie
1481 1903 1768 1957 rogamus
1792 1893 1851 1942 ut
1873 1888 2053 1943 etiam
2067 1904 2181 1943 cae-

517 1980 657 2036 teris
704 1980 803 2035 det
850 1978 1282 2050 pmnitentiam,
1332 1984 1387 2031 et
1429 1977 1784 2047 resipiscant
1834 1977 1908 2031 de
1954 1976 2178 2031 diaboli

516 2067 768 2142 laqueis,
810 2084 846 2123 a
875 2083 996 2140 quo
1028 2066 1243 2138 captivi
1282 2070 1554 2120 tenentur
1603 2065 1933 2120 secundum
1990 2066 2178 2136 ipsius

518 2156 885 2213 voluntatem
917 2157 984 2227 (ll
1016 2157 1159 2212 Tim.
1192 2173 1248 2220 ιι,
1280 2156 1374 2224 26)
1407 2175 1418 2210 ;
1463 2153 1563 2226 qui
1611 2170 1728 2209 non
1756 2159 2031 2226 quaerunt
2065 2154 2177 2209 nisi

518 2246 677 2302 unde
703 2245 876 2302 nobis
906 2245 1363 2309 calumnientur,
1412 2247 1468 2298 et
1507 2244 1833 2299 retribuant
1879 2244 2036 2299 mala
2069 2259 2177 2313 pro

515 2334 691 2391 bonis
705 2334 870 2407 ;quia
889 2350 997 2389 nec
1024 2332 1346 2405 intelligere
1380 2339 1692 2397 noverunt,
1709 2348 1887 2403 quem
1905 2333 2060 2387 circa
2075 2348 2175 2387 eos

515 2423 788 2481 animum
835 2422 1336 2494 dilectionemque
1381 2437 1707 2485 servemus,
1754 2426 1813 2475 et
1864 2423 2175 2493 quomodo

513 2530 617 2570 eos
662 2513 907 2569 velimus
938 2512 1271 2567 secundum
1309 2510 1539 2566 Domini
1583 2517 1968 2581 praeceptum,
2010 2510 2173 2582 quod

516 2619 624 2675 per
655 2601 1008 2657 Ezechielem
1043 2599 1398 2672 prophetam
1424 2599 1764 2671 pastoribus
1795 2599 1978 2665 dedit,
2009 2615 2172 2656 revo-

517 2706 651 2747 care
666 2696 952 2755 errantes,
973 2694 1028 2744 et
1042 2688 1305 2760 perditos
1322 2686 1607 2742 invenire.
1626 2687 1863 2758 (Ezech.
1880 2704 2081 2756 xxxnv,
2094 2690 2170 2760 4).

591 2780 813 2835 CAPUT
849 2778 983 2833 VIII.
1017 2809 1085 2817 —
1117 2780 1203 2833 32.
1236 2775 1320 2831 Illi
1358 2781 1577 2841 autem,
1609 2776 1776 2848 quod
1805 2781 1861 2831 et
1893 2777 2035 2832 alibi
2074 2777 2176 2832 ali-

516 2868 768 2941 quando
799 2867 1079 2932 diximus,
1112 2872 1167 2922 et
1192 2865 1355 2938 quod
1388 2865 1563 2921 nobis
1596 2864 1841 2929 faciunt,
1886 2865 1997 2921 sibi
2051 2881 2173 2921 non

514 2957 851 3029 imputant;
893 2962 949 3013 et
979 2955 1135 3028 quod
1165 2955 1279 3010 sibi
1329 2954 1575 3019 faciunt,
1629 2954 1802 3010 nobis
1852 2957 2170 3025 imputant.

513 3046 657 3113 Quis
688 3047 845 3103 enim
877 3052 1148 3101 nostrum
1180 3042 1318 3099 velit
1351 3060 1469 3099 non
1502 3043 1696 3098 solum
1739 3043 2001 3114 aliquem
2048 3044 2171 3099 illo-

507 3152 643 3193 rum
675 3136 882 3207 perire,
917 3150 1127 3191 verum
1157 3133 1334 3188 etiam
1364 3132 1593 3204 aliquid
1638 3132 1885 3203 perdere
1916 3132 1944 3186 ‘i
1969 3132 2081 3188 Sed
2122 3133 2169 3187 si

510 3225 680 3281 aliter
705 3240 824 3280 non
851 3224 1063 3279 meruit
1091 3238 1299 3293 pacem
1327 3221 1547 3276 habere
1577 3220 1794 3276 domus
1819 3222 2023 3287 David,
2056 3222 2168 3277 nisi

508 3314 775 3371 Absalon
806 3313 964 3368 ﬁlius
1015 3312 1143 3382 ejus
1174 3310 1234 3365 in
1260 3309 1422 3365 bello
1452 3309 1612 3381 quod
1669 3314 1877 3365 contra
1936 3317 2168 3381 patrem

509 3403 771 3473 gerebat,
814 3402 1021 3457 fuisset
1059 3400 1410 3464 exstinctus,
1444 3399 1724 3470 quamvis
1768 3414 1989 3468 magna
2028 3416 2169 3456 cura

508 3491 883 3549 mandaverit
912 3488 1037 3543 suis
1070 3492 1132 3544 ut
1161 3503 1300 3543 eum
1330 3492 1625 3559 quantum
1680 3494 1928 3558 possent
1966 3488 2165 3545 vivum

509 3582 867 3651 salvumque
900 3584 1220 3642 servarent,
1252 3582 1315 3632 ut
1338 3581 1493 3632 esset
1523 3576 1616 3631 cui
1644 3577 1947 3647 poenitenti
1972 3582 2164 3649 pater-

507 3685 621 3725 nus
634 3668 879 3725 aﬂectus
893 3667 1252 3737 ignosceret;
1269 3665 1413 3737 quid
1430 3666 1481 3720 ei
1498 3666 1722 3732 restitit,
1740 3666 1849 3721 nisi
1867 3666 2163 3737 perditum

505 3758 667 3826 ﬂere,
701 3764 757 3813 et
787 3756 876 3813 sui
909 3757 1071 3827 regni
1104 3772 1247 3827 pace
1279 3754 1573 3827 acquisita
1604 3771 1776 3810 suam
1821 3754 2163 3812 maestitiam

504 3848 798 3905 consolari
812 3847 876 3917 (ll
889 3848 1184 3919 Reg.xvm,
1200 3848 1363 3913 χχιι).
1380 3844 1475 3900 Sic
1489 3861 1629 3915 ergo
1643 3844 1934 3901 catholica
1953 3850 2160 3907 mater,

500 3937 861 3995 bellantibus
887 3936 1181 3992 adversus
1222 3950 1360 3989 eum
1396 3934 1617 4005 quibus
1648 3934 1778 3990 aliis
1810 3950 1994 4006 quam
2029 3935 2163 3989 ﬁliis

503 4028 646 4092 suis,
678 4026 823 4099 quia
851 4026 1050 4096 utique
1078 4040 1147 4078 ex
1176 4024 1305 4095 ipsa
1342 4038 1563 4092 magna
1588 4022 1800 4078 arbore
1816 4040 1947 4095 quas
1969 4040 2163 4080 ramo-

501 4131 638 4172 rum
664 4130 912 4170 suorum
938 4113 1305 4183 porrectione
1338 4116 1456 4166 toto
1482 4111 1626 4166 orbe
1653 4111 2025 4177 diffunditur,
2056 4114 2162 4169 iste

504 4204 567 4260 in
598 4202 790 4259 Africa
810 4200 1187 4258 ramusculus
1211 4199 1428 4255 fractus
1450 4204 1559 4264 est,
1586 4216 1724 4255 cum
1753 4216 1854 4256 eos
1876 4202 2161 4257 charitate

501 4292 791 4366 parturiat
804 4289 1118 4347 utredeant
1131 4290 1202 4345 ad
1218 4288 1475 4344 radicem
1492 4289 1617 4343 sine
1631 4306 1749 4361 qua
1762 4306 1959 4345 veram
1980 4290 2160 4347 vitam

501 4382 721 4439 habere
752 4395 873 4437 non
905 4384 1193 4452 possunt;
1224 4378 1272 4433 si
1305 4376 1645 4450 aliquorum
1675 4378 2003 4450 perditione
2045 4396 2160 4436 cae-

499 4476 659 4528 teros
685 4476 807 4527 tam
834 4469 1052 4527 multos
1086 4467 1328 4538 colligit,
1364 4468 1693 4539 prmsertim
1726 4469 1871 4540 quia
1902 4469 2017 4532 isti,
2040 4486 2159 4525 non

498 4562 651 4618 sicut
688 4559 949 4617 Absalon
975 4575 1119 4615 casu
1151 4557 1385 4622 bellico,
1431 4557 1531 4612 sed
1580 4562 1915 4629 spontaneo
1968 4560 2160 4629 magis

499 4650 740 4707 interitu
765 4652 1033 4722 pereunt,
1058 4647 1327 4703 dolorem
1348 4647 1597 4702 materni
1619 4647 1815 4702 cordis
1834 4646 1973 4703 lenit
1995 4659 2049 4703 et
2072 4664 2157 4704 sa-

502 4745 605 4797 nat
632 4744 934 4795 tantorum
963 4736 1316 4793 liberatione
1365 4736 1749 4807 populorum.
1797 4738 2063 4802 Quorum
2112 4738 2159 4793 si

499 4829 709 4885 videas
735 4828 793 4883 in
823 4825 1035 4883 Christi
1068 4841 1215 4897 pace
1244 4824 1500 4891 laetitias,
1536 4824 1921 4897 frequentias,
1952 4826 2159 4882 alacri-

500 4922 669 4985 tates,
694 4923 751 4974 et
779 4916 855 4973 ad
884 4916 1141 4987 hymnos
1168 4913 1502 4970 audiendos
1531 4920 1584 4969 et
1618 4914 1944 4981 canendos,
1992 4920 2046 4971 et
2086 4914 2159 4972 ad

499 5009 750 5065 verbum
780 5006 876 5061 Dei
902 5003 1352 5076 percipiendum
1378 5002 1639 5057 celebres
1657 5003 1999 5075 hilaresque
2022 5020 2159 5060 con-

498 5104 730 5163 ventus,
762 5095 1209 5165 multorumque
1240 5092 1299 5147 in
1322 5092 1405 5147 eis
1433 5108 1570 5147 cum
1594 5092 1797 5147 dolore
1827 5109 2046 5162 magno
2074 5110 2159 5149 re-

497 5188 904 5245 cordationem
938 5182 1211 5256 prteteriti
1242 5182 1478 5247 erroris,
1512 5187 1569 5237 et
1599 5197 1735 5236 cum
1764 5182 1983 5251 gaudio
2010 5198 2156 5239 con-

498 5277 920 5334 siderationem
936 5276 1191 5344 cognitae
1212 5270 1495 5337 veritatis,
1521 5275 1727 5325 etcum
1748 5271 2157 5341 indignatione

497 5364 951 5421 etdetestatione
974 5361 1357 5419 mendacium
1383 5358 1825 5430 magistrorum,
1844 5360 2005 5431 quod
2036 5378 2157 5417 mo-

494 5452 571 5507 do
602 5458 965 5524 cognoscant
991 5452 1064 5506 de
1092 5450 1308 5506 nostris
1338 5450 1738 5505 Sacramentis
1784 5465 1966 5521 quam
2002 5450 2155 5507 falsa

491 5540 873 5613 jactaverint;
920 5540 1244 5595 multorum
1287 5540 1471 5595 etiam
1510 5540 1567 5594 in
1616 5539 1699 5593 eis
1752 5538 2156 5595 confessiones

495 5627 663 5705 quod
693 5626 835 5683 olim
860 5627 1080 5685 vellent
1101 5642 1231 5683 esse
1253 5627 1549 5700 catholici,
1575 5643 1682 5683 nec
1705 5626 1857 5685 inter
1877 5629 2154 5687 homines

1813 157 1874 219 S.
1916 160 2303 219 AUGUSTINI
2343 160 2666 222 EPISCOPI
3787 170 3868 227 808

2294 290 2437 345 tanti
2476 290 2690 347 furoris
2738 289 3071 347 auderent:
3123 287 3340 346 horum
3396 303 3535 359 ergo
3586 291 3897 363 populorum

2290 380 2787 451 congregationes
2812 395 2917 452 per
2929 378 3217 451 plurimas
3230 378 3438 435 Africa
3451 380 3707 449 regiones
3727 381 3794 436 ab
3822 382 3901 439 illa

2291 468 2618 539 perditione
2649 468 3058 531 liberatorum,
3109 468 3157 523 si
3198 469 3309 523 sub
3351 484 3471 523 uno
3512 474 3808 538 conspectu
3842 472 3901 525 vi-

2290 557 2461 612 deres
2486 574 2499 623 ;
2520 563 2659 613 tunc
2672 558 2898 613 diceres
2922 557 3119 612 nimiae
3142 556 3321 612 fuisse
3341 556 3712 618 crudelitatis,
3731 559 3770 612 si
3787 559 3899 615 dum

2292 646 2595 702 timeretur
2625 663 2699 702 ne
2722 647 2996 702 homines
3028 646 3349 717 desperati,
3386 650 3443 701 et
3471 646 3708 700 istorum
3762 648 3905 702 innu-

2293 736 2564 791 merabili
2579 736 2941 791 multitudini
2958 734 3118 791 nulla
3130 735 3903 806 asstimationecomparandi,

2292 826 2415 881 suis
2444 825 2795 881 voluntariis
2827 824 3065 895 ignibus
3096 832 3522 889 cremarentur,
3554 824 3644 879 isti
3675 826 3728 879 in
3769 831 3906 881 aeter-

2292 929 2437 969 num
2469 914 2757 985 perdendi
2789 919 2845 970 et
2866 914 3241 986 sempiternis
3266 914 3508 983 ignibus
3533 912 3814 969 cruciandi
3838 931 3907 970 re-

2289 1002 2723 1075 linquerentur.

2362 1096 2448 1147 33.
2478 1094 2532 1148 Si
2558 1092 2719 1148 enim
2750 1092 2871 1148 duo
2903 1091 3089 1163 aliqui
3130 1092 3189 1147 in
3223 1107 3342 1147 una
3375 1091 3561 1147 domo
3588 1090 3901 1158 habitarent,

2290 1198 2475 1253 quam
2499 1181 2823 1237 certissime
2851 1182 3140 1236 sciremus
3160 1197 3291 1237 esse
3315 1181 3632 1245 ruituram,
3651 1180 3904 1252 nobisque

2293 1269 2350 1324 id
2373 1270 2910 1340 praenuntiantibus
2928 1269 3151 1325 nollent
3171 1269 3433 1333 credere,
3458 1274 3635 1341 atque
3655 1268 3710 1322 in
3733 1284 3907 1325 eama-

2291 1374 2430 1413 nere
2458 1360 2864 1430 persisterent;
2895 1360 2939 1413 si
2974 1374 3076 1414 eos
3104 1359 3241 1413 inde
3269 1374 3595 1430 possemus
3622 1374 3809 1413 eruere
3834 1358 3907 1412 vel

2290 1448 2526 1514 invitos,
2554 1450 2776 1520 quibus
2808 1448 3220 1503 imminentem
3269 1447 3435 1502 illam
3467 1447 3700 1501 ruinam
3733 1450 3908 1517 postea

2288 1536 2864 1602 demonstraremus,
2895 1542 2954 1592 ut
2986 1537 3176 1592 redire
3207 1536 3457 1591 ulterius
3486 1536 3602 1591 sub
3634 1536 3755 1605 ejus
3775 1537 3903 1607 peri-

2289 1626 2490 1682 culum
2519 1642 2637 1681 non
2665 1626 2972 1693 auderent,
3000 1632 3139 1697 puto
3168 1625 3278 1681 nisi
3308 1624 3663 1690 faceremus,
3693 1640 3800 1679 non
3820 1626 3907 1679 im-

2292 1716 2501 1770 merito
2531 1715 2801 1771 crudeles
2832 1715 3320 1785 dijudicaremur.
3355 1718 3535 1769 Porro
3563 1714 3609 1768 si
3632 1729 3777 1769 unus
3805 1713 3905 1769 illo-

2288 1821 2421 1860 rum
2444 1804 2617 1859 nobis
2647 1806 2885 1867 diceret,
2912 1804 3166 1869 Quando
3193 1804 3555 1859 intraveritis
3578 1818 3772 1857 eruere
3795 1818 3898 1867 nos,

2290 1893 2586 1964 meipsum
2610 1893 2896 1948 continuo
2912 1893 3227 1949 trucidabo
3242 1909 3255 1957 ;
3273 1893 3423 1947 alter
3444 1899 3645 1949 autem
3664 1891 3901 1946 necexire

2288 1984 2527 2055 quidem
2558 1982 2716 2045 inde,
2749 1997 2855 2036 nec
2886 1982 3012 2037 erui
3042 1982 3227 2047 vellet,
3261 1982 3367 2036 sed
3411 1997 3608 2053 neque
3643 1996 3832 2035 necare
3856 1996 3902 2033 se

2290 2071 2563 2137 auderet;
2580 2070 2726 2142 quid
2741 2071 3313 2139 eligeremus,utrum
3329 2070 3539 2125 ambos
3554 2069 3729 2124 ruinae
3742 2069 3903 2139 Oppri-

2290 2160 2541 2215 mendos
2556 2160 2909 2231 relinquere,
2925 2175 3001 2215 an
3019 2175 3136 2214 uno
3151 2158 3362 2214 saltem
3378 2174 3487 2230 per
3502 2158 3901 2213 misericordem

2288 2252 2554 2303 nostram
2586 2264 2831 2319 operam
2855 2248 3121 2311 liberato,
3156 2247 3417 2303 alterum
3448 2262 3571 2302 non
3598 2251 3788 2301 nostra
3809 2245 3902 2300 cul-

2288 2354 2385 2409 pa,
2420 2337 2525 2392 sed
2549 2354 2655 2392 sua
2690 2338 2886 2408 potius
2916 2335 3199 2393 interire?
3243 2339 3431 2392 Nemo
3459 2343 3547 2391 est
3578 2341 3694 2391 tam
3733 2334 3901 2390 infelix

2286 2432 2389 2498 qui
2422 2442 2541 2482 non
2572 2426 2717 2498 quid
2749 2426 2875 2481 fieri
2902 2426 2960 2480 iu
2993 2425 3209 2481 talibus
3239 2426 3443 2480 causis
3467 2431 3749 2497 oporteat,
3772 2422 3904 2478 facil-

2284 2515 2425 2571 lime
2451 2516 2698 2586 judicet.
2734 2518 2794 2571 Et
2824 2516 2897 2571 dc
2916 2516 3155 2571 duobus
3172 2516 3550 2578 hominibus,
3583 2530 3696 2569 uno
3719 2513 3905 2567 scilicet

2286 2606 2535 2675 perdito,
2567 2611 2623 2660 et
2649 2620 2766 2661 uno
2788 2605 3036 2661 liberato
3055 2604 3513 2660 similitudinem
3532 2604 3702 2658 istam
3717 2616 3903 2672 propo-

2287 2694 2411 2749 sui:
2438 2694 2581 2764 quid
2597 2710 2739 2765 ergo
2758 2694 3136 2749 sentiendum
3151 2699 3241 2749 est
3254 2693 3329 2748 de
3343 2691 3707 2764 quibusdam
3732 2689 3902 2760 paucis

2284 2782 2551 2854 perditis,
2586 2790 2639 2836 et
2670 2782 3090 2838 innumerabili
3156 2781 3544 2837 multitudine
3589 2778 3903 2851 populorum

2282 2861 2722 2927 liberatorum‘?
2752 2874 2878 2926 Non
2905 2871 3063 2926 enim
3100 2870 3191 2925 vel
3248 2876 3332 2925 tot
3362 2875 3505 2924 sunt
3541 2868 3619 2924 illi
3665 2867 3897 2923 homines

2281 2961 2384 3032 qui
2404 2977 2515 3015 sua
2528 2960 2830 3015 voluntate
2849 2963 3119 3031 pereunt,
3135 2959 3301 3031 quod
3323 2958 3655 3014 liberantur
3671 2972 3766 3028 per
3789 2958 3902 3009 istas

2281 3049 2441 3117 leges
2456 3049 2532 3104 ab
2548 3048 2647 3104 illa
2663 3048 2939 3120 pestifera
2956 3053 3297 3119 aeternaque
3312 3047 3576 3119 pernicie
3590 3043 3895 3117 fundi,pagi.

2281 3137 2413 3201 vici,
2441 3136 2708 3201 castella,
2740 3137 3091 3208 municipia,
3136 3136 3437 3193 civitates.

2350 3227 2437 3281 34.
2464 3226 2519 3283 Si
2552 3232 2753 3281 autem
2778 3226 3119 3297 diligentius
3140 3241 3261 3280 rem
3281 3225 3355 3281 de
3377 3242 3506 3298 qua
3522 3223 3800 3297 loquimur
3818 3235 3898 3275 co—

2279 3316 2557 3385 gitemus,
2588 3322 2732 3386 puto
2762 3316 2926 3387 quod
2960 3316 3006 3369 si
3037 3315 3277 3387 plurimi
3309 3320 3512 3370 essent
3534 3314 3591 3368 in
3618 3309 3894 3367 domorui-

2280 3410 2426 3469 tura,
2463 3411 2516 3461 et
2549 3403 2687 3460 inde
2712 3404 2921 3460 saltem
2956 3420 3110 3459 unus
3144 3402 3383 3459 liberari
3415 3407 3635 3475 posset,
3668 3408 3824 3472 atque
3848 3396 3895 3452 id

2278 3507 2415 3547 cum
2432 3492 2622 3548 facere
2638 3508 3017 3557 conaremur,
3046 3492 3145 3547 alii
3163 3492 3396 3564 seipsos
3425 3490 3735 3564 praecipitio
3758 3502 3897 3542 ncca-

2276 3589 2423 3646 rent,
2445 3582 2715 3637 dolorem
2736 3581 2809 3636 de
2838 3583 3064 3637 caneris
3096 3586 3388 3645 nostrum,
3424 3583 3499 3637 de
3516 3583 3682 3635 unius
3712 3576 3888 3632 saltem

2277 3671 2468 3726 salute
2496 3672 2981 3735 consolaremur;
3019 3687 3137 3726 non
3184 3677 3409 3734 tamen,
3448 3688 3520 3726 ne
3561 3670 3773 3741 seipsos
3813 3664 3890 3719 alii

2276 3760 2607 3830 perderent,
2644 3762 2834 3831 perire
2876 3761 3191 3815 universos
3218 3759 3381 3815 nullo
3417 3760 3662 3815 liberato
3689 3752 3892 3828 permit-

2275 3854 2555 3904 teremus.
2592 3848 2744 3917 Quid
2773 3849 2950 3918 igitur
2980 3848 3054 3903 de
3077 3864 3257 3918 opere
3281 3847 3724 3909 misericordiae,
3754 3840 3887 3915 quod

2274 3955 2383 4009 pro
2412 3940 2529 3993 vita
2561 3944 2781 3993 aeterna
2830 3938 3245 4007 adipiscenda,
3279 3943 3335 3992 et
3382 3952 3565 4008 paena
3594 3940 3796 3991 aeterna
3822 3930 3889 3983 vi-

2274 4028 2478 4093 tanda,
2511 4028 2861 4083 hominibus
2912 4028 3206 4082 debemus
3251 4026 3620 4097 impendere,
3647 4022 3884 4094 judican-

2272 4116 2419 4171 dum
2448 4124 2569 4181 est;
2602 4117 2646 4171 si
2680 4131 2787 4188 pro
2820 4115 3008 4171 salute
3037 4117 3149 4171 ista
3182 4131 3303 4171 non
3344 4116 3541 4170 solum
3588 4105 3883 4182 temporali,

2273 4206 2377 4260 sed
2398 4207 2578 4260 etiam
2610 4205 2797 4271 brevi,
2834 4205 2911 4259 ad
2944 4204 3146 4277 ipsum
3178 4210 3416 4275 tempus
3458 4205 3731 4273 exiguum
3761 4197 3879 4255 libe-

2270 4295 2481 4363 randa,
2516 4296 2598 4349 sic
2632 4311 2740 4351 nos
2776 4295 3126 4351 hominibus
3158 4295 3499 4359 subvenire,
3529 4293 3673 4349 ratio
3702 4302 3822 4344 vera
3843 4290 3886 4338 et

2271 4383 2535 4454 benigna
2568 4384 2872 4456 compellit
2901 4384 2929 4439 ‘I

2343 4476 2565 4530 CAPUT
2597 4476 2679 4529 IX.
2712 4505 2781 4514 —
2814 4477 2901 4529 35.
2947 4472 3115 4538 Quod
3169 4476 3372 4529 autem
3401 4470 3578 4527 nobis
3610 4466 3882 4538 objiciunt,

2270 4564 2432 4635 quod
2462 4578 2555 4617 res
2576 4578 2781 4617 eorum
2811 4564 3312 4633 concupiscamus
3337 4567 3392 4616 et
3414 4560 3775 4619 auferamus;
3800 4548 3888 4605 uti-

2269 4667 2413 4707 nam
2444 4652 2719 4707 catholici
2750 4652 2914 4717 fiant,
2943 4654 2999 4705 et
3026 4666 3144 4706 non
3168 4650 3363 4705 solum
3391 4665 3528 4721 quae
3553 4648 3747 4702 dicunt
3775 4654 3880 4699 sua.

2270 4740 2375 4795 sed
2419 4741 2598 4795 etiam
2630 4746 2854 4806 nostra,
2897 4741 2956 4795 in
3008 4754 3156 4811 pace
3206 4738 3517 4793 nobiscum
3550 4742 3604 4791 et
3636 4730 3883 4789 charitate

2269 4830 2620 4901 possideant
2646 4830 2657 4884 ε
2692 4832 2887 4901 Usque
2917 4829 3068 4885 adeo
3099 4834 3299 4883 autem
3332 4820 3729 4883 calumniandi
3745 4815 3881 4888 cupi-

2268 4917 2449 4974 ditate
2476 4924 2796 4985 caecantur,
2828 4924 2888 4973 ut
2922 4933 3039 4973 non
3072 4916 3387 4973 attendant
3415 4929 3596 4988 quam
3621 4912 3730 4965 sint
3754 4908 3878 4962 inter

2269 5024 2332 5062 se
2364 5008 2658 5063 contraria
2688 5024 2824 5079 quae
2878 5007 3222 5079 loquuntur.
3254 5006 3373 5077 Ipsi
3405 5012 3557 5059 certe
3605 4999 3809 5058 dicunt,
3835 4994 3879 5045 et

2268 5097 2738 5153 invidiosissime
2793 5096 2908 5151 sibi
2964 5094 3248 5167 conqueri
3295 5093 3566 5149 videntur
3616 5084 3763 5160 quod
3794 5094 3878 5136 eos

2267 5187 2326 5240 in
2357 5190 2621 5241 nostram
2640 5186 3129 5241 communionem
3160 5183 3421 5239 violento
3444 5182 3637 5250 legum
3660 5168 3873 5244 imperio

2266 5281 2641 5331 coarctamus
2668 5294 2678 5333 :
2709 5276 2821 5330 hoc
2854 5274 3053 5346 utique
3085 5272 3250 5329 nullo
3276 5272 3455 5327 modo
3485 5270 3804 5325 faceremus,
3834 5255 3871 5346 Si

2265 5380 2360 5420 res
2388 5380 2593 5419 eorum
2619 5364 2923 5436 possidere
2958 5344 3265 5417 vellemus.
3292 5361 3433 5425 Quis
3461 5372 3665 5414 avarus
3695 5344 3869 5423 quaerit

2265 5468 2793 5525 compossessorem
2813 5453 2987 5524 ?quis
3004 5450 3348 5506 dominandi
3364 5436 3865 5525 cupiditateinﬂam-

2266 5523 2487 5607 matus,
2516 5542 2608 5599 vel
2631 5541 2783 5598 fastu
2816 5523 3244 5596 dominationis
3268 5539 3457 5595 elatus
3488 5531 3759 5592 desiderat
3782 5523 3866 5577 ha-

2264 5631 2403 5688 bere
2439 5636 2779 5689 consortem
2800 5631 2829 5689 7
2855 5631 3025 5703 Ipsos
3059 5634 3214 5687 certe
3269 5626 3571 5685 attendant
3596 5612 3857 5694 quondam
