4118 6164
136 179 251 236 809

1398 182 1907 243 EPISTOLARUM
1947 185 2238 245 CLASSIS
2266 191 2359 247 III.

3463 214 3572 271 810

130 304 446 375 suos,jam
461 308 697 361 nostros
723 305 918 362 socios
947 309 1006 363 et
1034 305 1295 365 fraterna
1326 308 1502 365 nobis
1534 309 1805 366 dilectine
1904 310 2677 409 jamponhabetmaculam
2691 325 3017 396 autrugam
3031 331 3370 405 autaliquid
3383 335 3571 409 hujus

127 394 521 465 conjunctos,
550 393 1079 467 quemadmodum
1110 413 1226 453 sua
1258 402 1515 462 teneant,
1558 414 1680 455 non
1712 414 1803 454 so-

124 480 261 537 lum
295 499 433 555 quas
462 482 787 550 habebant,
824 483 929 539 sed
950 484 1129 541 etiam
1160 490 1365 542 nostra
1393 503 1529 558 quae
1561 504 1682 543 non
1699 488 1802 544 ha-

124 570 404 628 bebant:
461 588 600 644 qua:
628 576 853 638 tamen,
891 573 941 627 si
982 589 1316 645 pauperum
1363 591 1801 648 compauperes

121 675 367 730 sumus,
395 665 454 716 et
483 665 838 718 nostrasunt
853 665 910 718 et
931 662 1166 719 illorum
1192 680 1206 729 ;
1230 664 1491 720 siautem
1522 665 1799 736 privatim

119 764 269 821 quas
302 749 479 806 nobis
533 749 855 816 sufﬁciant,
907 750 1312 823 possidemus,
1370 770 1491 809 non
1527 766 1666 810 sunt
1696 753 1798 810 illa

119 846 341 895 nostra
370 838 476 894 sed
503 855 840 912 pauperum
862 856 1124 912 quorum
1155 843 1796 916 procurationemquo-

121 927 466 985 dammodo
490 928 775 1000 gerimus,
811 944 935 985 non
965 931 1387 1001 proprietatem
1419 931 1595 988 nobis
1622 950 1795 989 usur-

120 1018 377 1089 patione
408 1016 739 1074 damnabili
767 1018 1163 1075 vindicamus.

200 1106 298 1162 36.
330 1106 633 1178 Quidquid
645 1121 788 1177 ergo
814 1107 1056 1163 nomine
1074 1108 1465 1166 Ecclesiarum
1487 1113 1670 1184 partis
1685 1115 1793 1168 Do-

123 1196 254 1252 nati
291 1195 729 1267 possidebatur,
784 1196 1089 1253 christiani
1126 1197 1516 1270 imperatores
1558 1200 1792 1270 legibus

119 1284 425 1355 religiosis
442 1300 582 1340 cum
603 1285 750 1357 ipsis
772 1284 1044 1341 Ecclesiis
1065 1286 1143 1341 ad
1157 1286 1519 1344 Catholicam
1541 1292 1791 1347 transire

118 1375 443 1445 jusserunt
463 1374 567 1445 (a).
600 1374 751 1430 Cum
776 1390 919 1445 ergo
943 1374 1257 1431 nobiscum
1295 1377 1411 1432 sint
1437 1379 1789 1436 earumdem

124 1463 529 1519 Ecclesiarum
544 1478 841 1536 pauperes
867 1464 972 1535 qui
997 1464 1223 1520 eisdem
1241 1467 1257 1500 ¹
1282 1468 1787 1536 possessiunculis

122 1552 470 1619 alebantur,
503 1552 615 1625 ipsi
644 1552 844 1625 potius
876 1551 1017 1609 foris
1046 1553 1225 1624 positi
1250 1554 1526 1612 desinant
1569 1573 1786 1615 concu-

121 1643 365 1714 piscere
394 1640 620 1708 aliena;
657 1641 766 1696 sed
794 1641 1010 1697 intrent
1035 1642 1095 1697 in
1131 1643 1373 1699 unitatis
1418 1645 1785 1717 societatem,

126 1735 191 1788 ut
213 1731 442 1803 pariter
462 1731 881 1800 gubernemus,
898 1746 1019 1785 non
1037 1729 1135 1787 illa
1164 1736 1394 1789 tantum
1424 1750 1561 1806 quae
1582 1735 1787 1792 dicunt

124 1836 264 1886 sua,
285 1835 497 1875 verum
519 1818 848 1891 etiamquaa
864 1818 1143 1875 dicuntur
1155 1824 1212 1876 et
1235 1828 1455 1879 nostra.
1489 1823 1785 1896 Scriptum

122 1913 217 1965 est
248 1908 412 1964 enim
438 1924 450 1963 :
487 1908 692 1964 Omnia
729 1913 923 1965 vestra
948 1915 1135 1975 sunt;
1166 1924 1264 1965 vos
1294 1918 1490 1968 autem
1519 1913 1784 1985 Christi,-

124 1998 409 2054 Chrislus
439 2004 633 2054 autem
660 1997 770 2054 Dei
799 1997 843 2068 (l
878 1998 1007 2053 Cor.
1041 2014 1123 2067 Ill,
1154 2002 1244 2063 22,
1274 2001 1385 2072 23).
1419 2002 1541 2057 Sub
1567 2002 1667 2058 illo
1689 2019 1785 2060 ca-

122 2088 274 2160 pite,
304 2087 367 2142 in
394 2101 514 2142 uno
540 2086 670 2157 ejus
701 2102 950 2158 corpore
982 2102 1171 2143 unum
1220 2088 1429 2155 simus,
1466 2095 1524 2146 et
1551 2091 1627 2147 de
1655 2092 1784 2148 istis

120 2176 350 2233 talibus
378 2191 513 2231 reus
538 2174 826 2231 faciamus
855 2175 1019 2246 quod
1033 2175 1320 2248 scriptum
1334 2183 1421 2234 est
1446 2178 1506 2235 in
1538 2181 1782 2238 Actibus

119 2265 549 2338 Apostolorum
575 2282 587 2320 :
622 2265 769 2320 Erat
800 2264 923 2320 illis
951 2265 1150 2321 anima
1182 2282 1305 2324 una
1333 2274 1387 2324 et
1419 2284 1523 2324 cor
1552 2287 1734 2327 unum
1761 2294 1782 2342 ,-

119 2362 177 2412 et
209 2370 379 2410 nemo
409 2354 641 2410 dicebat
681 2353 916 2425 aliquid
941 2356 1277 2424 proprium,
1308 2358 1412 2414 sed
1462 2366 1630 2415 erant
1657 2360 1782 2417 illis

118 2444 328 2500 omnia
357 2442 694 2499 communia
724 2441 891 2512 (Act.
912 2459 987 2508 1v,
1019 2445 1129 2513 32).
1150 2443 1437 2501 Amemus
1451 2447 1618 2519 quod
1642 2464 1779 2504 can-

117 2538 348 2598 tamus,
397 2533 546 2588 Ecce
569 2546 749 2602 quam
779 2531 992 2587 bonum
1023 2538 1077 2588 et
1098 2548 1275 2603 quam
1291 2534 1652 2604 jucundum,
1676 2538 1780 2594 ha-

122 2622 319 2677 bitare
342 2622 571 2691 fratres
599 2620 663 2675 in
695 2636 881 2676 unum
911 2621 1100 2691 (Psal.
1133 2637 1347 2687 cxxxu,
1381 2625 1434 2696 1)
1460 2624 1473 2680 l
1505 2626 1667 2682 utsic
1683 2642 1780 2682 cx-

117 2711 435 2783 periantur
460 2715 515 2765 et
549 2709 740 2765 sciant
768 2725 955 2781 quam
1001 2712 1289 2768 veraciter
1319 2713 1397 2770 ad
1429 2730 1532 2771 eos
1564 2716 1781 2775 clamet

118 2804 317 2855 mater
347 2798 651 2855 Catholica
675 2798 841 2870 quod
872 2799 1076 2855 scribit
1103 2799 1316 2857 beatus
1346 2804 1669 2875 Apostolus
1701 2806 1779 2863 ad

121 2889 482 2958 Corinthios,
513 2889 647 2945 Non
698 2904 895 2960 quaero
943 2904 1072 2960 quae
1100 2897 1241 2947 sunt
1286 2900 1501 2960 vestra,
1550 2896 1654 2952 sed
1680 2911 1778 2952 vos

120 2977 192 3049 (It
226 2977 368 3033 Cor.
399 2993 504 3046 xu,
534 2977 646 3047 14).

193 3067 351 3122 37.Si
364 3071 565 3122 autem
579 3065 1030 3122 consideremus
1044 3068 1210 3139 quod
1222 3068 1433 3125 dictum
1449 3071 1611 3127 estin
1624 3072 1778 3131 libro

123 3155 467 3227 Sapientiae,
484 3155 618 3212 Ideo
629 3156 1058 3224 iustitulerunt
1078 3157 1272 3226 spolia
1286 3159 1598 3229 impiorum
1615 3162 1774 3233 (Sap.

115 3261 177 3311 x,
218 3245 343 3317 19);
376 3245 514 3300 item
538 3244 704 3317 quod
731 3243 947 3314 legitur
975 3244 1038 3301 in
1072 3246 1429 3316 Proverbiis,
1465 3251 1779 3309 Thesauri-

116 3332 736 3403 zanturautemjustis
761 3333 980 3389 divitiae
992 3334 1310 3403 impiorum
1337 3337 1534 3409 (Prov.
1550 3356 1670 3410 xui,
1684 3347 1773 3409 22,

115 3439 233 3480 sec.
261 3424 445 3495 LXX);
475 3427 612 3478 tunc
625 3420 967 3479 videbimus
980 3438 1100 3479 non
1115 3439 1246 3479 esse
1262 3430 1659 3497 quaerendum
1672 3431 1775 3504 qui

112 3512 380 3568 habeant
393 3527 483 3567 res
495 3511 1038 3577 haereticorum,sed
1049 3513 1152 3584 qui
1168 3514 1356 3570 sintin
1371 3517 1648 3575 societate
1655 3521 1675 3589 j
1688 3539 1777 3577 us-

114 3605 338 3659 torum.
368 3601 602 3656 Scimus
644 3600 892 3673 quidem
931 3600 1065 3656 illos
1100 3607 1327 3660 tantam
1354 3606 1465 3662 sibi
1494 3624 1775 3680 arrogare

109 3692 431 3764 justitiam,
468 3696 677 3747 uteam
699 3691 997 3761 sejactent
1025 3707 1147 3748 non
1180 3693 1376 3751 solum
1406 3697 1771 3765 habere,sed

115 3782 303 3837 etiam
317 3780 446 3837 aliis
459 3779 804 3836 hominibus
819 3780 981 3837 dare.
996 3781 1042 3834 A
1058 3798 1120 3836 se
1144 3782 1368 3855 quippe
1389 3785 1620 3858 dicuntj
1634 3790 1775 3845 usti-

112 3869 285 3926 ﬁcari
302 3885 440 3925 eum
454 3885 634 3941 quem
648 3869 1090 3940 baptizaverint;
1101 3870 1199 3925 ubi
1213 3872 1358 3928 nihil
1369 3873 1453 3928 eis
1467 3880 1644 3932 restat
1658 3878 1773 3935 nisi

114 3958 317 4014 dicere
346 3957 427 4012 illi
452 3957 555 4029 qui
585 3956 1006 4029 baptizaturab
1029 3957 1133 4028 eis,
1166 3963 1231 4015 ut
1258 3961 1318 4015 in
1339 3960 1777 4034 baptizatorem‘

114 4063 299 4103 suum
312 4045 515 4103 credat
528 4059 539 4098 :
552 4062 658 4102 cur
670 4046 828 4102 enim
845 4061 962 4102 non
980 4045 1178 4117 faciat,
1192 4050 1439 4121 quando
1453 4054 1773 4123 Apostolus

116 4135 564 4201 dicit,Credenti
573 4135 635 4190 in
648 4149 778 4190 eum
789 4135 893 4207 qui
893 4135 1774 4209 justiﬁcatimpium,deputatur

113 4226 265 4294 ﬁdes
277 4226 405 4292 eius
417 4224 498 4280 ad
498 4224 800 4293 justitiam
817 4226 1090 4294 (Romav,
1102 4224 1196 4298 5)?
1208 4228 1270 4281 lu
1286 4227 1482 4299 ipsum
1496 4246 1638 4301 ergo
1651 4248 1772 4288 cre-

114 4314 244 4379 dat,
267 4312 314 4367 si
333 4328 471 4368 eum
492 4312 943 4384 ipsejustiﬁcat,
967 4312 1358 4386 utdeputetur
1377 4317 1529 4374 ﬁdes
1551 4319 1679 4390 ejus
1692 4321 1772 4378 ad

110 4402 405 4473 justitiam
416 4401 547 4459 .Sed
564 4407 709 4473 puto
723 4401 887 4474 quod
901 4402 1077 4458 etiam
1094 4403 1207 4475 ipsi
1221 4405 1300 4460 sei
1308 4421 1451 4477 psos
1467 4407 1768 4477 horreant,

116 4493 166 4548 si
193 4491 524 4548 tamenista
552 4490 647 4547 vel
660 4491 924 4561 cogitare
947 4491 1290 4561 dignantur.
1316 4497 1684 4555 Justusenim
1715 4503 1774 4557 et

114 4580 455 4651 justiﬁcans
471 4596 594 4636 non
609 4583 716 4649 est,
734 4580 849 4635 nisi
864 4581 1041 4636 Deus.
1068 4582 1263 4639 Potest
1277 4589 1477 4641 autem
1493 4588 1773 4645 etdeistis

115 4667 234 4723 dici
268 4667 434 4739 quod
455 4667 598 4723 dicit
622 4668 942 4740 Apostolus
971 4669 1043 4725 de
1063 4670 1305 4737 Iudaeis,
1333 4674 1476 4745 quia
1489 4675 1775 4745 ignoranc

120 4762 203 4812 tes
234 4758 343 4812 Dei
381 4757 715 4826 justitiam.
765 4764 821 4813 et
878 4773 1047 4815 suam
1090 4761 1344 4818 volentes
1401 4765 1771 4832 constituere,

102 4844 355 4915 justitite
387 4844 494 4902 Dei
522 4862 639 4901 non
665 4852 802 4902 sunt
832 4847 1084 4919 subjecti
1102 4848 1290 4919 (Rom.
1321 4867 1380 4916 x,
1406 4854 1482 4923 3).

187 4933 661 4991 38.Absitautem
679 4935 1083 5008 utquisquam
1098 4944 1369 4996 nostrum
1382 4942 1463 4997 ita
1483 4958 1544 4998 se
1551 4943 1571 5013 j
1584 4948 1770 5000 ustum

112 5023 297 5089 dicat,
334 5028 708 5081 utautsuam
730 5025 1030 5095 justitiam
1048 5025 1582 5099 velitconstituere,
1600 5033 1659 5088 id
1682 5040 1773 5089 est

115 5112 294 5185 quasi
309 5114 556 5186 aseipso
577 5113 689 5170 sibi
712 5113 937 5182 datam,
955 5132 1087 5170 cum
1105 5116 1337 5174 dicatur
1351 5119 1423 5187 ei,
1445 5121 1601 5189 Quid
1616 5124 1770 5180 enim

116 5200 298 5258 habes
312 5202 473 5272 quod
493 5218 611 5258 non
633 5203 916 5272 accepisti
944 5204 988 5272 (Ι
1014 5204 1149 5261 Cor.
1168 5223 1243 5271 ιν,
1259 5208 1355 5279 7)?
1371 5213 1474 5265 aut
1497 5210 1621 5267 sine
1638 5229 1773 5285 pec-

112 5294 252 5347 cato
271 5306 336 5347 se
357 5306 488 5347 esse
499 5292 729 5364 jactare
751 5292 971 5350 audeat
1001 5293 1062 5349 in
1090 5295 1207 5351 hac
1234 5297 1378 5366 vita,
1406 5297 1687 5373 sicutipsi
1707 5302 1770 5358 in

112 5384 325 5436 nostra
350 5379 664 5437 collatione
681 5381 1029 5439 dixeruntin
1050 5399 1122 5441 ea
1133 5400 1195 5440 se
1209 5401 1338 5442 esse
1360 5387 1622 5446 Ecclesia
1635 5406 1769 5462 qua:

175 5516 204 5585 ί.
228 5513 357 5585 _Lov.
383 5529 396 5562 :
433 5512 705 5564 Nobiscum
738 5516 841 5585 sint
860 5515 1039 5585 plebes
1071 5519 1362 5585 earumdem
1405 5520 1768 5585 Ecclesiarum,

110 5576 379 5641 nobiseum
403 5591 672 5641 pauperes,
703 5580 791 5641 qui
820 5576 886 5628 ab
904 5580 1106 5629 eisdem.
1128 5582 1193 5630 At
1221 5586 1462 5633 nostram
1485 5576 1769 5636 lectionem

109 5638 413 5703 praeferunt
434 5638 559 5703 Mss.

176 5702 249 5765 (a)
279 5700 409 5753 Cod.
434 5701 639 5758 Theod.
682 5702 720 5755 Ι.
752 5705 831 5762 52,
864 5704 930 5755 de
957 5706 1248 5757 Hiereticis.

411 5782 657 5843 Paraon.
688 5784 936 5843 XXXIII.

1910 400 2075 455 modi
2102 403 2281 472 (Eph.
2314 422 2366 472 v,
2392 411 2485 475 27)
2511 424 2524 464 :
2553 400 3279 478 nescienteshocmodoiu
3298 425 3382 480 eis
3398 400 3555 484 coin-

1908 489 2074 559 pleri,
2098 491 2201 562 qui
2226 493 2312 547 vel
2332 504 2461 565 post
2481 497 2851 569 Baptismum
2870 504 3273 573 continuo,vel
3288 510 3551 570 dimissis

1908 576 2286 651 debitis,quaa
2300 581 2714 642 dimittendain
2728 589 2993 646 oratione
3009 602 3432 664 poscuntur,de
3445 602 3561 659 hoc

1907 672 2125 723 exeunt
2154 685 2431 742 corpore;
2456 673 2514 728 in
2535 678 2655 731 tota
2676 692 2812 733 vero
2831 680 3084 739 Ecclesia
3104 689 3241 741 tunc
3267 687 3554 757 futurum,

1909 759 1970 809 ut
1997 755 2070 811 sit
2089 758 2338 815 omnino
2360 776 2482 817 non
2503 761 2735 819 habens
2757 768 3056 825 maculam
3078 779 3179 829 aut
3201 791 3432 844 rugam,
3456 755 3562 836 aut

1904 843 2133 916 aliquid
2151 845 2476 918 ejusmodi,
2503 853 2752 922 quando
2777 854 3103 915 dicendum
3136 862 3264 917 erit.
3290 843 3414 921 iUbi
3445 875 3547 935 est,

1901 948 2080 998 mors,
2132 934 2384 994 victoria
2416 944 2520 995 tua
2548 940 2577 995 ?
2607 941 2710 997 ubi
2736 948 2841 1008 est,
2876 961 3052 1013 mors,
3082 950 3324 1008 aculeus
3366 960 3504 1011 tuus
3527 957 3556 1012 ‘t

1898 1021 2161 1079 Aculeus
2172 1024 2325 1081 enim
2340 1027 2545 1083 mortis
2557 1035 2641 1086 est
2651 1039 2961 1100 peccatum
2984 1035 3025 1108 (Ι
3053 1036 3188 1093 Cor.
3218 1057 3316 1107 xv,
3331 1042 3421 1107 55,
3442 1044 3553 1116 36).

1970 1113 2124 1169 39.ln
2142 1112 2253 1168 hac
2264 1120 2464 1171 autem
2480 1116 2729 1182 vita,ubi
2743 1126 3139 1195 corpusquod
3153 1112 3559 1203 corrumpitur

1898 1206 2190 1270 aggravat
2215 1203 2482 1260 animam
2517 1206 2685 1277 (Sap.
2718 1224 2797 1274 rx,
2835 1211 2945 1277 15),
2981 1213 3029 1267 si
3062 1215 3319 1274 Ecclesia
3344 1235 3555 1278 eorum

1891 1287 2019 1358 jam
2038 1288 2168 1346 talis
2184 1296 2417 1356 est,non
2432 1309 2573 1364 ergo
2586 1295 2789 1353 dicant
2803 1300 2938 1369 Deo,
2964 1303 3129 1374 quod
3144 1306 3430 1363 Dominus
3446 1325 3558 1365 nos

1896 1391 2069 1434 orare
2082 1378 2305 1447 docuit,
2318 1382 2568 1440 Dimitte
2581 1385 2745 1440 nobis
2757 1386 2954 1444 debila
2986 1399 3191 1450 nostra
3208 1394 3448 1465 (Matth.
3476 1414 3554 1464 vr,

1898 1466 2009 1537 12).
2034 1468 2180 1523 Cum
2199 1470 2357 1526 enim
2379 1471 2437 1525 in
2461 1473 2766 1544 Baptismo
2780 1482 2994 1534 cuncta
3016 1479 3261 1539 dimissa
3281 1492 3440 1552 sunt,
3465 1492 3560 1543 ut-

1895 1554 2044 1625 quid
2061 1555 2175 1612 hoc
2195 1560 2386 1629 poscit
2404 1560 2680 1629 Ecclesia,
2698 1563 2746 1618 si
2754 1564 2885 1634 jam
2897 1567 3071 1622 etiam
3087 1570 3147 1624 in
3169 1570 3282 1628 hac
3299 1573 3420 1630 vita
3436 1591 3557 1631 non

1893 1641 2076 1700 habet
2093 1646 2416 1712 maculam,
2442 1654 2797 1721 autrugam,
2816 1654 3560 1730 autaliquidhujusmodi?

1897 1732 2294 1792 Contemnant
2325 1741 2382 1793 et
2411 1738 2755 1809 apostolum
2781 1743 3073 1800 Joannem
3102 1746 3466 1806 clamantem
3496 1752 3558 1809 in

1894 1821 2155 1893 Epistola
2177 1840 2287 1882 sua
2307 1841 2320 1880 :
2344 1825 2405 1880 Si
2414 1826 2668 1884 dixerim
2678 1845 2743 1884 us
2756 1831 2901 1901 quia
2917 1841 3227 1901 peccatum
3247 1854 3364 1894 non
3380 1840 3555 1897 liabe-

1892 1925 2153 1975 mus,nos
2169 1913 2324 1982 ipsos
2338 1913 2682 1984 decipimus,
2707 1924 2761 1974 et
2784 1920 3001 1977 veritas
3022 1923 3084 1978 in
3106 1925 3272 1981 nobis
3301 1943 3419 1983 non
3448 1936 3551 1985 est.

1891 1997 1952 2053 Si
1966 2004 2164 2056 autem
2186 2002 2441 2071 confessi
2454 2004 2754 2073 fuerimus
2764 2012 3008 2076 peccata
3022 2015 3449 2081 nostra,ﬁdelis
3468 2025 3553 2073 est

1892 2093 1946 2144 et
1959 2089 2185 2157 justus,
2208 2089 2313 2161 qui
2331 2090 2593 2148 dimittat
2620 2094 2788 2150 nobis
2805 2103 3132 2165 peccata,et
3170 2103 3417 2159 mandet
3446 2121 3552 2161 nos

1892 2175 1967 2233 ab
1979 2178 2142 2232 omni
2150 2176 2517 2251 iniquitate(l
2530 2181 2704 2239 Joan.
2729 2188 2774 2247 t,
2790 2185 2844 2249 8,
2859 2186 2935 2257 9).
2954 2187 3192 2260 Propter
3203 2190 3362 2247 hanc
3378 2209 3551 2264 spem

1891 2264 2035 2321 dicit
2066 2266 2346 2324 universa
2374 2269 2655 2335 Ecclesia,
2671 2272 2905 2331 Dimitte
2920 2276 3087 2332 nobis
3099 2278 3299 2338 debita
3321 2288 3546 2349 nostra,

1892 2359 1957 2409 ut
1980 2369 2100 2410 non
2117 2355 2552 2427 superbientes,
2577 2361 2683 2416 sed
2699 2362 3050 2420 conﬁtentes
3074 2369 3448 2426 mundetnos
3471 2373 3551 2429 ab

1891 2444 2057 2499 omni
2071 2445 2401 2516 iniquitate,
2427 2452 2605 2520 atque
2622 2449 2703 2506 ita
2729 2451 2839 2507 sibi
2862 2456 3147 2511 Dominus
3169 2458 3436 2515 Christus
3456 2477 3554 2517 ex-

1890 2531 2094 2589 hibeat
2109 2533 2169 2588 in
2183 2534 2282 2590 illa
2295 2534 2391 2590 die
2405 2535 2732 2608 gloriosam
2749 2541 3070 2600 Ecclesiam
3085 2561 3207 2602 non
3224 2547 3550 2605 habentem

1888 2622 2212 2688 maculam,
2237 2628 2341 2679 aut
2368 2641 2607 2696 rugam,
2643 2634 2745 2684 aut
2765 2629 2997 2704 aliquid
3015 2633 3345 2704 ejusmodi;
3364 2654 3552 2709 quam

1889 2711 2072 2767 modo
2086 2713 2338 2769 mundat
2354 2714 2596 2771 lavacro
2613 2733 2781 2789 aquae
2797 2720 2859 2775 in
2876 2723 3075 2779 verbo:
3088 2724 3232 2795 quia
3245 2741 3438 2798 neque
3451 2727 3553 2783 ali-

1888 2799 2036 2872 quid
2049 2808 2317 2858 remanet
2337 2802 2398 2857 in
2412 2804 2727 2876 Baptismo,
2743 2809 2909 2879 quod
2928 2826 3049 2866 non
3069 2811 3404 2871 dimittatur
3425 2832 3552 2873 om-

1888 2889 2057 2944 nium
2071 2891 2504 2961 praeteritorum
2520 2898 2903 2964 peccatorum
2932 2898 3004 2969 (si
3028 2904 3229 2957 tamen
3256 2904 3383 2975 ipse
3401 2906 3552 2978 Bap-

1888 2977 2019 3034 tism
2031 2995 2099 3033 us
2112 2994 2232 3035 non
2245 2979 2463 3037 frustra
2475 2980 2617 3037 foris
2628 2983 3051 3052 habeatur,sed
3070 2991 3343 3047 autintus
3358 2977 3544 3059 detur,

1886 3070 1991 3122 aut
2011 3066 2055 3121 si
2069 3066 2198 3137 jam
2214 3065 2354 3122 foris
2377 3068 2553 3125 datus
2579 3076 2683 3136 est,
2715 3088 2835 3128 non
2868 3074 3008 3130 foris
3034 3092 3174 3133 cum
3201 3078 3302 3135 illo
3342 3096 3545 3138 rema-

1885 3157 2151 3226 neatur);
2180 3156 2542 3229 etquidquid
2566 3158 2644 3215 ab
2673 3160 2756 3215 eis
2779 3162 2882 3234 qui
2904 3169 3036 3234 post
3060 3173 3372 3239 acceptum
3390 3172 3543 3243 Bap-

1885 3244 2132 3300 tismum
2156 3243 2254 3300 hic
2276 3244 2503 3313 vivunt,
2526 3247 2744 3304 inﬁrmi
2755 3255 2867 3306 tate
2885 3251 3158 3311 humana
3170 3258 3541 3315 contrahitur

1885 3346 2397 3405 quarumcumque
2411 3335 3011 3413 culparum,propteri
3021 3359 3185 3414 psum
3207 3346 3538 3403 1lavacrum

1884 3417 2425 3494 dimittitur.Neque
2439 3424 2598 3479 enim
2612 3425 2838 3499 aliquid
2852 3429 3095 3500 prodest
3109 3447 3229 3488 non
3244 3434 3539 3507 baptizato

1884 3508 2100 3575 dicere,
2135 3509 2379 3568 Dimitte
2403 3513 2569 3569 nobis
2595 3514 2794 3571 debita
2815 3524 3041 3575 nostra.

1954 3598 2041 3653 40.
2075 3598 2161 3654 Ita
2185 3599 2370 3655 modo
2407 3603 2662 3658 mundat
2710 3605 3029 3663 Ecclesiam
3075 3626 3248 3667 suam
3297 3612 3539 3670 lavacro

1884 3700 2059 3756 aqua)
2074 3686 2133 3742 in
2149 3687 2353 3753 verbo,
2380 3694 2440 3744 ut
2457 3693 2741 3746 tunceam
2760 3692 2873 3748 sibi
2892 3696 3303 3755 exhibeatnon
3317 3701 3541 3758 haben-

1883 3778 2002 3830 tem
2018 3775 2321 3832 maculam
2344 3781 2695 3848 autrugam,
2733 3786 2833 3836 aut
2855 3780 3083 3856 aliquid
3115 3787 3429 3860 ejusmodi,
3456 3796 3541 3845 to-

1882 3867 2001 3918 tam
2020 3863 2235 3921 scilicet
2247 3864 2561 3934 pulchram
2592 3876 2768 3940 atque
2782 3870 3129 3941 perfectam,
3162 3877 3408 3946 quando
3431 3878 3538 3934 ab-

1882 3951 2217 4009 sorbebitur
2244 3955 2483 4011 morsin
2509 3958 2816 4014 victoriam
2841 3960 2887 4031 (1
2925 3961 3062 4017 Cor.
3093 3979 3191 4030 xv,
3227 3966 3338 4033 54).
3370 3969 3537 4023 Nunc

1881 4056 2023 4112 ergo
2048 4042 2107 4097 in
2150 4047 2446 4115 quantum
2475 4045 2631 4117 viget
2661 4046 2721 4101 in
2752 4049 2929 4104 nobis
2957 4052 3120 4122 quod
3152 4068 3225 4109 ex
3260 4055 3378 4112 Deo
3408 4056 3535 4112 nati

1881 4146 2113 4200 sumus,
2138 4146 2209 4187 ex
2235 4131 2351 4187 ﬁde
2385 4134 2667 4203 viventes,
2694 4137 2839 4207 justi
2874 4156 3115 4198 sumus:
3137 4141 3196 4198 in
3236 4150 3536 4216 quantum

1881 4223 2080 4275 autem
2095 4219 2376 4292 reliquias
2392 4223 2767 4280 mortalitatis
2789 4242 2859 4282 ex
2876 4229 3064 4286 Adam
3083 4231 3536 4298 trahimus,sine

1881 4312 2127 4379 peccato
2140 4324 2262 4364 non
2277 4327 2508 4366 sumus.
2530 4315 2593 4368 Et
2608 4313 2755 4368 illud
2770 4316 2929 4371 enim
2948 4334 3150 4374 verum
3168 4325 3275 4386 est,
3303 4322 3416 4388 Qui
3431 4340 3537 4380 na-

1883 4402 1977 4451 tus
1990 4402 2073 4453 est
2085 4412 2161 4453 ea:
2177 4399 3309 4477 Deo,nonpeccat(IJoan.111,9);etillud
3329 4426 3535 4468 verum

1881 4485 2063 4550 est,Si
2073 4485 2327 4542 dixerim
2337 4504 2402 4542 us
2415 4489 2554 4559 quia
2566 4497 2876 4557 peccatum
2892 4508 3010 4549 non
3026 4494 3439 4566 habemus,nos
3450 4499 3538 4569 ip-

1879 4573 2390 4643 sosdecipimus,et
2408 4577 2625 4631 veritas
2641 4578 2699 4632 in
2714 4579 2880 4634 nobis
2894 4596 3010 4636 non
3026 4583 3294 4654 est(Id.1,
3325 4589 3398 4656 8).
3432 4590 3538 4643 Do-

1883 4661 2084 4716 minus
2115 4661 2317 4733 itaque
2349 4663 2613 4720 Christus
2645 4672 2701 4721 et
2725 4668 2917 4737 justus
2939 4676 3044 4737 est,
3073 4675 3132 4726 et
3155 4672 3534 4745 justiﬁcans;

1881 4764 1993 4804 nos
2006 4753 2207 4805 autem
2218 4750 2523 4820 justiﬁcati
2544 4755 2726 4823 gratis
2742 4771 2845 4827 per
2859 4758 3112 4826 gratiam
3134 4760 3326 4832 ipsius
3349 4765 3535 4822 (Rom.

1881 4852 1957 4909 ni,
1975 4838 2084 4898 24).
2115 4840 2243 4894 Non
2266 4847 2466 4896 autem
2487 4842 2893 4910 iustiﬁcatnisi
2912 4863 3130 4919 corpus
3151 4848 3350 4917 suum,
3372 4855 3539 4926 quod

1880 4930 1968 4981 est
1996 4925 2289 4982 Ecclesia:
2323 4933 2380 4983 et
2422 4927 2556 4985 ideo
2590 4930 2638 4985 si
2684 4947 2902 5005 corpus
2934 4935 3143 4994 Christi
3174 4940 3320 4996 tollit
3350 4925 3541 5013 spolia

1882 5013 2224 5087 impiorum,
2258 5020 2315 5073 et
2343 5019 2578 5090 corpori
2621 5021 2834 5078 Christi
2891 5024 3364 5083 thesaurizantur
3392 5030 3540 5085 divi-

1879 5104 1975 5160 tia:
1999 5104 2340 5176 impierum,
2374 5122 2494 5162 non
2521 5107 2743 5165 debent
2773 5110 3098 5183 impiitoris
3122 5131 3452 5185 remanere,
3480 5123 3540 5175 ut

1879 5191 2341 5260 calumnientur,
2371 5195 2475 5251 sed
2507 5195 2725 5254 intrare
2755 5201 2954 5270 potius
2995 5206 3058 5257 ut
3104 5203 3532 5273 justiﬁcentur.

1950 5284 2039 5336 41.
2070 5282 2235 5338 Unde
2253 5289 2309 5338 et
2328 5283 2472 5339 illud
2491 5286 2658 5356 quod
2684 5286 2758 5341 de
2776 5287 2872 5342 die
2889 5288 3097 5358 judicii
3122 5291 3411 5363 scriptum
3429 5299 3537 5363 est,

1890 5369 2055 5425 Tunc
2068 5372 2307 5428 stabunt
2309 5374 2469 5442 justi
2480 5372 2543 5428 in
2562 5388 2783 5445 magna
2798 5378 3133 5434 constantia
3150 5380 3435 5439 adversus
3447 5400 3540 5442 eos

1880 5459 1985 5530 qui
2009 5472 2071 5514 se
2090 5462 2610 5530 angustiaverunt,
2636 5471 2689 5519 et
2704 5462 3083 5523 abstulerunt
3098 5468 3325 5527 labores
3336 5487 3540 5531 eorum

1877 5544 2047 5614 (Sap.
2070 5562 2127 5610 v,
2156 5547 2231 5612 1),
2265 5563 2389 5605 non
2415 5550 2616 5623 utique
2668 5552 2750 5607 sic
2779 5550 3232 5624 intelligendum
3259 5564 3369 5627 est,
3396 5563 3544 5635 quia

1878 5726 1914 5784 Ρ
1942 5653 1956 5680 ι
1990 5651 2397 5765 Βᾼεὲὼὲιθτίᾳυθ
2429 5668 2445 5705 :
2509 5654 2855 5709 Contrahitur
2884 5672 3204 5727 quarumque
3247 5667 3539 5733 culparum,

1916 5727 1974 5764 er
2008 5729 2062 5778 sp
2183 5747 2197 5763 .

1916 5727 1974 5764 er
2008 5727 2197 5778 ipsum.

2866 5802 3258 5882 (Vingt-Six.)
