4118 6164
678 208 781 269 811

681 340 860 397 stabit
890 340 1254 396 Chananreus
1286 334 1575 392 adversus
1607 332 1783 389 Israel
1811 352 1822 400 ;
1849 349 1983 388 cum
2010 333 2330 389 Chananaei

680 430 986 485 abstulerit
1034 428 1267 481 labores
1317 424 1489 479 Israel
1530 441 1542 489 ;
1578 423 1681 478 sed
1733 423 1916 478 stabit
1968 422 2329 477 Nabuthaeus

676 520 964 572 adversus
993 514 1216 580 Achab,
1238 514 1522 585 quoniam
1549 512 1783 567 labores
1802 511 2328 567 Nabuthaeiabstu-

673 606 735 660 lit
764 606 969 660 Achab
996 622 1009 657 :
1035 606 1410 661 Clianameus
1436 602 1659 674 quippe
1687 601 1928 671 impius,
1964 602 2325 655 Nabuthaaus

666 694 885 765 justus.
916 694 1135 749 Eodem
1156 693 1356 758 modo,
1391 706 1511 746 non
1532 690 1709 745 stabit
1730 705 2002 760 paganus
2031 689 2324 743 adversus

669 783 1064 838 christianum
1078 782 1181 853 qui
1197 780 1437 837 abstulit
1453 780 1687 835 labores
1704 780 1851 848 ejus,
1882 778 2123 849 quando
2138 776 2322 831 idolo-

662 886 798 925 rum
829 871 1159 943 exspoliata
1190 869 1280 924 vel
1305 869 1533 923 diruta1
1569 872 1709 921 sunt
1736 866 1990 938 templa;
2017 866 2119 920 sed
2144 865 2320 919 stabit

665 961 1025 1015 christianos
1045 960 1334 1015 adversus
1354 974 1662 1029 paganum
1693 956 1794 1027 qui
1812 954 2047 1010 abstulit
2072 955 2312 1012 labores

662 1051 815 1123 ejus,
849 1051 1095 1122 quando
1128 1053 1459 1119 martyrum
1493 1051 1673 1101 strata
1722 1050 1860 1099 sunt
1910 1060 2182 1113 corpora.
2222 1044 2315 1099 Sic

661 1156 824 1209 ergo,
851 1156 969 1194 non
992 1139 1165 1193 stabit
1188 1137 1496 1192 haereticus
1522 1136 1807 1190 adversus
1836 1134 2195 1189 catholicum
2213 1134 2316 1205 qui

658 1229 900 1284 abstulit
930 1228 1161 1283 labores
1196 1227 1343 1297 ejus,
1396 1224 1641 1296 quando
1675 1223 2113 1294 praevaluerunt
2152 1222 2313 1291 leges

660 1318 1087 1374 catholicorum
1130 1317 1557 1386 imperatorum
1586 1330 1597 1373 ;
1634 1313 1737 1367 sed
1770 1313 1951 1367 stabit
1981 1312 2310 1367 catholicus

656 1407 945 1463 adversus
970 1407 1310 1461 hiereticum
1326 1404 1425 1475 qui
1443 1403 1693 1457 abstulit
1712 1401 1941 1457 labores
1958 1401 2006 1471 ej
2021 1418 2104 1465 us,
2122 1418 2310 1472 quan-

567 1498 571 1501 ⁷
656 1498 734 1552 do
776 1498 1001 1552 furores
1044 1494 1453 1566 praevalebant
1492 1492 1817 1563 impiorum
1876 1490 2308 1545 Circumcellio-

656 1602 823 1640 num.
884 1589 1010 1656 Ipsa
1056 1585 1282 1655 quippe
1316 1583 1618 1653 Scriptura
1679 1580 1851 1635 solvit
1886 1580 2302 1651 quaestionem,

652 1692 787 1747 quae
819 1690 939 1729 non
972 1674 1069 1741 ait,
1104 1673 1266 1726 Tunc
1324 1673 1565 1725 stabunt
1615 1670 1910 1737 homines,
1971 1668 2095 1732 sed,
2143 1669 2305 1724 Tunc

654 1762 892 1817 stabunt
912 1763 1101 1832 justi:
1132 1765 1185 1815 et
1214 1760 1345 1815 ideo
1366 1760 1425 1813 in
1452 1774 1671 1828 magna
1702 1759 2054 1821 constantia,
2088 1758 2302 1828 quiain

649 1852 813 1907 bona
849 1851 1230 1906 conscientia.

719 1944 807 1995 42.
835 1942 1046 1997 Justus
1075 1944 1275 1993 autem
1295 1938 1390 1992 hic
1413 1952 1590 1992 nemo
1609 1935 1937 2007 estjustitia
1960 1952 2087 1999 sua,
2106 1935 2163 1989 id
2188 1940 2295 2001 est,

648 2034 935 2100 tanquam
954 2029 1062 2082 sibi
1082 2028 1324 2098 aseipso
1354 2027 1507 2082 facta
1533 2043 1545 2091 ;
1574 2027 1697 2089 sed,
1720 2032 1780 2079 ut
1800 2025 2295 2095 dicitApostolus,

641 2119 809 2173 Sicut
840 2118 1156 2187 unicuique
1190 2119 1340 2172 Deus
1370 2116 1624 2184 partitus
1656 2122 1734 2169 est
1766 2130 2105 2170 mensuram
2134 2114 2290 2181 ﬁdei.

642 2206 923 2278 Sequitur
955 2211 1225 2261 autemet
1249 2206 1523 2275 adjungit
1548 2222 1559 2259 :
1585 2206 1920 2261 Sicutenim
1954 2203 2013 2257 in
2044 2219 2294 2257 unocor-

639 2313 785 2365 pore
799 2297 985 2351 multa
1010 2296 1269 2351 membra
1286 2295 1585 2357 habemus,
1602 2295 1800 2348 omnia
1822 2297 2013 2347 autem
2031 2292 2291 2347 membra

640 2403 759 2441 non
787 2386 1044 2441 eumdem
1071 2391 1268 2439 actum
1295 2385 1541 2439 habent:
1560 2384 1640 2437 ita
1668 2381 1843 2437 multi
1866 2398 2047 2436 unum
2077 2396 2292 2449 corpus

638 2490 840 2529 sumus
871 2473 932 2528 in
965 2472 1194 2527 Christo
1221 2474 1407 2541 (Rom.
1436 2488 1529 2533 xu,
1566 2475 1695 2533 3-5).
1730 2470 1808 2523 Ac
1839 2486 1941 2539 per
1967 2468 2079 2522 hoc
2112 2484 2289 2523 nemo

639 2568 837 2633 potest
857 2578 988 2616 esse
1014 2560 1232 2630 justus,
1258 2559 1549 2631 quamdiu
1581 2556 1751 2611 fuerit
1774 2557 1850 2611 ab
1873 2557 2093 2611 unitate
2112 2556 2289 2626 hujus

639 2652 904 2721 corporis
938 2655 1272 2719 separatus.
1325 2646 1848 2713 Quemadmodum
1911 2647 2069 2700 enim
2104 2662 2288 2700 mem-

635 2740 811 2795 brum
849 2740 895 2793 si
928 2737 1283 2809 praacirlatur
1309 2736 1385 2791 ab
1417 2736 1677 2791 hominis
1711 2734 1827 2790 vivi
1859 2751 2129 2806 corpore,
2164 2752 2284 2790 non

635 2834 1037 2900 potesttenere
1058 2826 1331 2898 spiritum
1350 2828 1479 2881 vita:
1498 2843 1509 2891 ;
1528 2826 1613 2880 sic
1626 2826 1807 2879 homo
1835 2825 1934 2896 qui
1952 2824 2286 2895 praeciditur

634 2917 707 2972 de
736 2916 945 2971 Christi
969 2916 1111 2983 justi
1134 2932 1401 2986 corpore,
1429 2913 1787 2969 nullomodo
1807 2913 2282 2983 potestspiritum

633 3012 829 3063 tenere
878 3006 1140 3076 justitiae,
1194 3003 1428 3060 etiamsi
1486 3004 1740 3073 figuram
1778 3002 2027 3057 membri
2064 3007 2279 3069 teneat,

630 3112 817 3168 quam
841 3096 1097 3167 sumpsit
1116 3096 1168 3149 in
1186 3109 1456 3165 corpore.
1486 3096 1545 3147 In
1574 3092 1753 3162 hujus
1771 3107 1911 3160 ergo
1925 3106 2281 3161 compagem

628 3184 897 3257 corporis
930 3185 1188 3247 veniant,
1242 3190 1297 3237 et
1334 3183 1569 3238 labores
1598 3199 1736 3236 suos
1765 3197 1885 3236 non
1928 3180 2280 3235 dominandi

630 3274 974 3345 cupiditate,
1004 3272 1109 3327 sed
1144 3272 1292 3326 bene
1316 3272 1518 3325 utendi
1550 3271 1765 3341 pietate
1794 3269 2125 3340 possidere,
2163 3272 2279 3324 Nos

628 3370 830 3418 autem
862 3363 1227 3417 voluntatem
1260 3366 1549 3424 nostram,
1577 3362 1639 3413 ut
1666 3360 1789 3429 jam
1815 3358 2039 3411 dictum
2074 3364 2180 3421 est,
2202 3357 2279 3412 ab

627 3452 812 3522 hujus
829 3451 1167 3522 cupiditatis
1183 3447 1750 3519 sordibus,quolibet
1765 3447 2278 3517 inimicojudican-

627 3546 681 3597 te
709 3557 1059 3613 purgamus,
1112 3539 1356 3611 quando
1384 3554 1485 3592 eos
1534 3537 1694 3609 ipsos
1750 3553 2008 3608 quorum
2039 3534 2275 3591 labores

627 3630 926 3696 dicuntur,
958 3637 1016 3683 ut
1047 3627 1558 3683 nobiscumetillis
1585 3632 1639 3681 et
1672 3626 1887 3681 nostris
1916 3626 1973 3679 in
1995 3624 2273 3680 societate

627 3726 887 3782 utantur,
921 3725 1215 3790 quantum
1247 3717 1516 3772 valemus
1551 3716 1927 3789 inquirimus.

698 3811 918 3865 CAPUT
944 3811 1003 3863 Χ.
1032 3838 1097 3848 —-
1126 3812 1213 3863 43.
1249 3806 1360 3862 Sed
1392 3806 1505 3860 hoc
1532 3810 1637 3872 est,
1660 3805 1956 3877 inquiunt,
1979 3804 2142 3874 quod
2164 3819 2271 3859 nos

621 3904 821 3953 movet
846 3914 859 3951 :
882 3898 931 3951 si
948 3898 1023 3967 inj
1038 3895 1146 3952 usti
1163 3913 1389 3965 sumus,
1407 3912 1589 3966 quare
1602 3912 1709 3949 nos
1724 3894 2027 3966 quaeritis?
2043 3893 2269 3957 Quibus

618 3987 1417 4056 responden1us:Quaarimus
1433 4002 1536 4039 vos
1553 3985 1903 4055 injustos,ne
1920 3998 2267 4055 permanea-

616 4076 689 4130 tis
718 4074 952 4144 injusti;
979 4075 1302 4145 quaerimus
1334 4073 1617 4144 perditos,
1650 4079 1713 4126 ut
1735 4073 1807 4127 de
1839 4071 2094 4127 inventis
2119 4087 2267 4141 gau-

612 4164 751 4218 dere
784 4165 1104 4233 pOss-imus,
1140 4162 1419 4226 dicentes,
1449 4164 1707 4216 Mortuus
1728 4166 1856 4215 erat
1883 4161 2077 4225 frater,
2112 4166 2263 4215 etre-

612 4252 790 4318 vixit;
819 4254 1091 4324 perierat,
1126 4256 1180 4306 et
1206 4252 1480 4305 inventus
1503 4256 1592 4305 est
1623 4252 1786 4317 (Luc.
1808 4267 1902 4318 xv,
1932 4255 2037 4314 32).
2070 4252 2263 4315 Quare

612 4357 754 4410 ergo
782 4341 1126 4411 me,inquit,
1160 4356 1279 4395 non
1296 4340 1583 4411 baptizas,
1616 4338 2262 4409 utabluasapeccatis?

608 4430 966 4501 Respondeo
1014 4446 1025 4484 :
1061 4429 1209 4495 Quia
1241 4446 1356 4483 non
1410 4428 1564 4483 facio
1596 4428 1877 4498 injuriam
1935 4420 2260 4483 characteri

606 4520 1004 4591 imperatoris,
1030 4537 1098 4575 cu
1111 4536 1166 4574 m
1182 4535 1441 4574 errorem
1456 4517 1687 4586 corrigo
1701 4517 2257 4582 desertoris.Quare,

608 4609 819 4679 inquit,
854 4608 1016 4680 apud
1047 4614 1096 4664 te
1120 4607 1206 4663 vel
1235 4607 1645 4679 penitentiam
1673 4622 1793 4662 non
1820 4606 1977 4676 ago?
2002 4606 2257 4661 Imonisi

608 4698 821 4765 egeris,
880 4698 1080 4752 salvus
1110 4714 1241 4752 esse
1291 4712 1412 4752 non
1445 4697 1665 4768 poteris
1699 4714 1709 4750 :
1743 4695 2047 4768 quomodo
2098 4696 2255 4750 enim

604 4787 898 4854 gaudebis
923 4794 973 4842 te
1007 4803 1133 4841 esse
1164 4792 1519 4852 correctum,
1550 4786 1663 4839 nisi
1693 4784 1899 4840 doleas
1927 4784 2110 4839 fuisse
2128 4801 2256 4857 per-

603 4892 840 4931 versum
867 4877 893 4933 ἓ)
922 4876 1069 4942 Quid
1102 4892 1263 4947 ergo,
1293 4875 1506 4947 inquit,
1534 4874 1696 4947 apud
1720 4891 1844 4943 vos,
1878 4891 2011 4928 cum
2042 4874 2118 4929 ad
2149 4891 2253 4929 vos

601 4966 953 5031 transimus,
1003 4966 1374 5037 accipimus?
1407 4966 1789 5035 Respondeo:
1852 4966 1978 5018 Non
2006 4963 2253 5035 quidem

602 5056 871 5129 accipitis
908 5056 1302 5125 Baptismum,
1337 5054 1439 5125 qui
1470 5053 1639 5107 vobis
1694 5057 1860 5107 extra
1896 5067 2251 5123 compagem

602 5146 868 5217 corporis
900 5144 1107 5201 Christi
1139 5144 1331 5199 inesse
1350 5142 1562 5215 potuit,
1582 5141 1867 5214 prodesse
1886 5157 2005 5196 non
2022 5142 2211 5207 potuit
2235 5160 2247 5210 ;

600 5236 703 5290 sed
719 5234 983 5305 accipitis
1000 5234 1285 5289 unitatem
1302 5232 1540 5304 spiritus
1562 5231 1620 5285 in
1637 5230 1873 5285 vinculo
1888 5230 2055 5300 pacis
2070 5230 2245 5299 (Eph.

595 5339 676 5390 1v,
710 5329 787 5393 3),
818 5325 941 5379 sine
971 5340 1092 5396 qua
1124 5339 1302 5378 nemo
1329 5321 1538 5393 poterit
1571 5319 1767 5375 videre
1788 5320 1995 5385 Deum,
2032 5326 2086 5373 et
2113 5319 2251 5375 cha-

595 5412 855 5479 ritatem,
884 5429 1038 5482 quae,
1071 5414 1220 5467 sicut
1249 5412 1537 5482 scriptum
1571 5415 1675 5475 est,
1704 5409 1955 5478 cooperit
1977 5410 2248 5463 multitu-

594 5500 790 5556 dinem
816 5510 1190 5569 peccatorum
1215 5504 1255 5563 (l
1272 5504 1521 5567 Petr.1v,
1540 5498 1610 5563 8).
1634 5500 1801 5565 Quod
1818 5504 1938 5554 tam
1956 5516 2245 5569 magnum

597 5584 853 5654 bonum,
874 5589 995 5644 sine
1018 5607 1138 5661 quo
1166 5607 1274 5646 nec
1304 5591 1541 5662 linguas
1565 5589 1883 5647 hominum
1914 5593 1969 5645 et
1999 5588 2247 5661 Angelo-

660 5734 680 5799 ξ
707 5729 871 5790 Alias,
899 5732 1108 5785 donata.

1962 204 2023 262 S.
2066 202 2448 265 AUGUSTINI
2496 204 2814 267 EPISCOPI

3774 83 4004 281 ζ

2439 351 2592 401 rum,
2629 352 2737 391 nec
2773 337 3080 393 scientiam
3113 335 3388 392 omnium
3414 346 4009 409 sacramentorummec

2439 425 2836 495 prophetiam,
2870 442 2977 479 nec
3007 431 3232 481 tantam
3262 426 3441 481 ﬁdem
3477 443 3597 498 qua
3626 439 3837 486 montes
3862 442 4010 491 trans-

2435 512 2718 577 ferantur,
2752 530 2861 569 nec
2883 516 3088 569 omnia
3112 532 3247 586 quae
3273 516 3531 585 possidet
3559 518 3729 572 homo
3756 520 4005 581 distributa

2433 603 2815 673 pauperibus,
2848 620 2954 658 uec
2982 606 3247 676 corporis
3270 606 3579 673 inignibus
3595 612 3894 675 passionem
3912 630 4002 683 pro.

2433 690 2600 745 desse
2628 691 2855 764 aliquid
2886 693 3202 764 Apostolus
3237 694 3399 749 testis
3424 700 3516 749 est
3546 696 3586 755 (Ι
3619 696 3739 751 Cor.
3766 714 3867 763 χιιι,
3897 706 4004 763 1-31:

2431 779 2544 835 hoc
2574 796 2715 847 ergo
2750 788 2871 836 tam
2896 798 3184 853 magnum
3206 786 3456 849 bonum,
3487 785 3532 836 si
3561 800 3801 854 parvum
3828 790 4007 844 velnui-

2428 868 2551 923 lum
2580 871 2825 939 putatis,
2860 872 3070 926 merito
3093 872 3398 927 infeliciter
3421 876 3662 939 erratis;
3696 877 3881 931 merito
3907 880 4007 934 siin

2428 958 2710 1013 unitatem
2740 960 3098 1015 catholicam
3131 976 3252 1015 non
3284 963 3564 1026 transitis,
3602 964 3809 1033 peritis.

2496 1050 2585 1103 44.
2618 1048 2671 1102 Si
2704 1064 2865 1117 ergo,
2896 1050 3191 1120 inquiunt,
3222 1056 3453 1121 oportet
3482 1057 3543 1105 ut
3570 1068 3677 1105 nos
3701 1058 3849 1108 extra
3865 1054 4005 1110 Eccle-

2424 1134 2571 1189 siam
2596 1142 2649 1190 et
2670 1137 2959 1191 adversus
2984 1138 3301 1194 Ecclesiam
3327 1139 3509 1194 fuisse
3533 1141 3821 1210 pceuiteat,
3840 1145 4004 1199 utsalvi

2423 1240 2550 1277 esse
2578 1226 2910 1295 possimus;
2945 1228 3253 1297 quomodo
3282 1235 3414 1297 post
3446 1228 3623 1283 istam
3661 1233 4001 1300 paenitentiam

2420 1312 2583 1381 apud
2618 1330 2716 1366 vos
2748 1314 2961 1382 clerici,
2994 1314 3086 1369 vel
3112 1317 3291 1371 etiam
3315 1316 3587 1388 episcopi
3613 1324 4002 1388 permanemus?

2420 1403 2537 1455 Hoc
2552 1417 2668 1456 non
2686 1404 2867 1468 fieret,
2894 1405 3183 1475 quoniam
3207 1420 3434 1467 revera,
3454 1408 3616 1477 quod
3635 1408 3909 1462 fatendum
3927 1419 3997 1472 est,

2417 1488 2540 1543 fieri
2570 1507 2688 1545 non
2717 1492 2979 1557 deberet,
3014 1493 3123 1547 nisi
3166 1495 3333 1562 pacis
3363 1496 3559 1565 ipsius
3585 1499 3999 1567 compensatione

2417 1588 2747 1634 sanaretur.
2784 1582 2897 1635 Sed
2928 1583 3039 1637 sibi
3073 1584 3184 1638 hoc
3213 1584 3437 1647 dicant,
3472 1589 3531 1638 et
3585 1584 3763 1641 multo
3799 1588 3998 1642 maxime

2412 1666 2713 1723 humiliter
2764 1670 3023 1735 doleant,
3059 1673 3162 1743 qui
3194 1672 3253 1727 in
3285 1679 3451 1727 tanta
3484 1681 3667 1727 morte
3710 1676 3997 1744 praecisionis

2407 1756 2627 1825 jacent,
2667 1766 2726 1812 ut
2752 1759 2863 1814 isto
2916 1761 3184 1831 quodam
3237 1762 3482 1817 vulnere
3515 1764 3718 1818 matris
3748 1765 3994 1819 Catholica

2410 1846 2785 1903 reviviscant.
2821 1846 2969 1903 Cum
2996 1851 3157 1903 enim
3204 1852 3491 1921 praecisus
3526 1868 3726 1907 ramus
3765 1855 3993 1913 inseritur,

2406 1934 2470 1989 ﬁt
2501 1935 2661 1990 aliud
2711 1937 2929 1991 vulnus
2963 1938 3021 1991 in
3072 1938 3305 2003 arbore,
3370 1955 3492 2010 quo
3549 1941 3730 2011 possit
3762 1942 3925 2013 recipi,
3953 1950 3993 1996 ut

2407 2023 2680 2095 vivatqui
2706 2026 2833 2080 sine
2849 2033 2967 2081 v1ta
2990 2028 3206 2081 radicis
3225 2028 3484 2099 peribat:
3516 2030 3620 2083 sed
3636 2047 3765 2085 cum
3783 2039 3989 2101 receptus

2405 2113 2708 2183 recipienti
2732 2116 3034 2180 coaiuerit,
3053 2123 3106 2171 et
3136 2117 3302 2185 vigor
3315 2120 3700 2190 consequitur
3720 2124 3769 2173 et
3790 2119 3985 2183 fructus;

2405 2201 2449 2253 si
2470 2208 2669 2257 autem
2698 2219 2816 2258 non
2837 2205 3139 2269 coaluerit,
3170 2205 3264 2260 ille
3296 2207 3549 2277 quidem
3570 2209 3792 2275 arescit,
3808 2208 3987 2261 sedvita

2404 2290 2633 2343 arboris
2648 2292 3038 2360 permanebit.
3052 2296 3143 2347 Est
3158 2295 3317 2348 enim
3331 2302 3389 2348 et
3403 2296 3521 2350 tale
3538 2296 3816 2350 inserendi
3830 2312 3983 2365 genus,

2404 2385 2467 2432 ut
2498 2379 2659 2433 nullo
2688 2381 2937 2450 praeciso
2968 2398 3138 2437 ramo
3182 2382 3284 2453 qui
3317 2382 3483 2438 intus
3515 2390 3621 2449 est,
3654 2384 3739 2439 ille
3768 2386 3857 2455 qui
3882 2384 3983 2438 foris

2402 2474 2485 2522 est
2513 2469 2824 2533 inseratur,
2852 2486 2971 2524 non
3006 2477 3207 2526 tamen
3258 2472 3445 2539 nullo,
3484 2475 3589 2528 sed
3636 2474 3717 2527 vel
3749 2473 3983 2527 levissimo

2400 2556 2630 2611 arboris
2662 2558 2925 2612 vulnere.
2960 2560 3044 2613 Ita
3075 2575 3217 2629 ergo
3248 2566 3305 2614 et
3358 2562 3454 2615 isti
3491 2578 3628 2617 cum
3656 2563 3725 2617 ad
3781 2562 3979 2615 radicem

2399 2646 2762 2700 Catholicam
2798 2648 3061 2713 veniunt,
3093 2664 3199 2701 nec
3229 2651 3314 2703 eis
3346 2653 3628 2721 quamvis
3676 2657 3795 2720 post
3822 2650 3979 2703 erroris

2398 2735 2488 2787 sui
2523 2736 2927 2805 paenitentiam
2959 2736 3152 2791 honor
3183 2738 3497 2794 clericatus
3556 2739 3641 2793 vel
3673 2740 3978 2809 episcopatus

2395 2824 2674 2888 aufertur,
2712 2824 2774 2877 tit
2816 2824 3062 2895 quidem
3096 2825 3321 2896 aliquid
3384 2834 3671 2899 tanquam
3724 2830 3779 2881 in
3817 2826 3977 2880 cortice

2395 2911 2625 2966 arboris
2674 2914 2880 2966 matris
2936 2921 3143 2969 contra
3202 2916 3607 2986 integritatem
3665 2915 3975 2971 severitatis:

2395 3007 2807 3055 verumtamen
2840 3003 2985 3073 quia
3034 3020 3229 3075 neque
3259 3006 3364 3076 qui
3398 3006 3631 3076 plantat
3660 3014 3740 3061 est
3785 3002 3973 3074 aliquid,

2393 3092 2699 3161 nequequi
2734 3092 2882 3159 rigat
2904 3092 2950 3163 (Ι
2983 3094 3118 3148 Cor.
3146 3096 3315 3165 111,7),
3347 3095 3424 3149 ad
3458 3097 3553 3151 Dei
3578 3093 3971 3151 misericordiam

2392 3179 2668 3249 precibus
2685 3180 2829 3234 fusis
2842 3181 3428 3239 coalescenteinsitor
3439 3202 3541 3240 um
3560 3201 3697 3255 pace
3718 3196 3967 3241 ramorum,

2393 3268 2649 3322 Charitas
2680 3272 2945 3340 cooperit
2974 3272 3412 3327 multitudinem
3461 3281 3838 3345 peccatorum.

2462 3360 2549 3411 45.
2584 3358 2655 3412 Ut
2684 3358 2845 3413 enim
2876 3362 3326 3415 constitueretur
3357 3361 3415 3415 in
3468 3363 3735 3425 Ecclesia,
3766 3377 3828 3416 ne
3852 3358 3967 3430 quis-

2389 3462 2574 3515 quam
2590 3446 2908 3517 postalicuj
2921 3465 2985 3501 us
3000 3450 3262 3503 criminis
3279 3450 3439 3520 pmni
3452 3454 3688 3506 tentiam
3703 3450 3965 3505 clericatum

2384 3535 2654 3605 accipiat,
2684 3536 2772 3589 vel
2803 3537 2880 3591 ad
2901 3538 3244 3593 clericatum
3272 3539 3505 3605 redeat,
3543 3541 3632 3595 vel
3664 3542 3718 3595 in
3748 3538 3964 3594 clericatu

2383 3630 2625 3678 maneat
2665 3626 2769 3693 (τι),
2810 3642 2929 3679 non
2988 3628 3405 3699 desperatione
3472 3628 3849 3698 indulgentiae,
3890 3624 3959 3678 sed

2380 3711 2571 3780 rigore
2600 3714 2819 3769 factum
2834 3716 3261 3787 estdisciplinze
3284 3734 3295 3769 :
3322 3718 3592 3790 alioquin
3608 3726 3796 3772 contra
3818 3716 3959 3770 claves
4044 3706 4047 3790 ί

2378 3801 2551 3855 datas
2572 3802 2841 3857 Ecclesiae
2873 3804 3294 3875 disputabitur,
3325 3806 3399 3861 de
3430 3809 3652 3879 quibus
3675 3808 3867 3861 dictum
3883 3810 3956 3861 est,

2379 3892 2514 3955 ()uze
2532 3893 2815 3947 solverilis
2830 3894 2889 3947 in
2908 3897 3293 3959 terra,soluta
3306 3904 3483 3951 erunt
3498 3904 3551 3952 et
3565 3898 3623 3951 in
3638 3898 3771 3952 caelo
3784 3892 3952 3961 (Matth.

2375 3996 2488 4043 xw,
2514 3982 2618 4051 19).
2640 3981 2755 4035 Sed
2772 3998 2843 4036 ne
2867 3982 3111 4039 forsitan
3131 3985 3311 4039 etiam
3339 3985 3585 4041 detectis
3616 3980 3954 4042 criminibus‘,

2374 4084 2478 4138 spe
2510 4069 2753 4125 honoris
2783 4072 3165 4127 ecclesiastici
3223 4075 3459 4129 animus
3491 4076 3859 4129 intumescens
3894 4084 3955 4121 su-

2373 4158 2554 4227 perbe
2587 4166 2787 4227 ageret
2814 4162 3245 4230 pcenitentiam,
3304 4164 3676 4218 severissime
3708 4158 3891 4232 placuit
3913 4161 3954 4208 ut

2372 4252 2505 4315 post
2547 4253 2745 4304 actum
2799 4249 2872 4303 de
2917 4251 3161 4305 crimine
3192 4251 3525 4307 damnabili
3580 4248 3949 4323 paenitentiam,

2369 4350 2549 4391 nemo
2601 4339 2670 4391 sit
2727 4338 2995 4401 clericus,
3069 4346 3129 4393 ut
3184 4340 3601 4411 desperatione
3669 4334 3950 4408 temporalis

2368 4423 2692 4480 altitudinis
2709 4427 2982 4483 mediena
2999 4428 3192 4497 major
3207 4434 3263 4484 et
3280 4429 3469 4484 verior
3482 4436 3629 4485 esset
3641 4422 3950 4484 humilitatis.

2366 4515 2513 4567 Nam
2570 4522 2626 4568 et
2666 4521 2876 4570 sanctu
2929 4518 3108 4571 David
3159 4518 3233 4572 de
3287 4518 3637 4573 criminibus
3699 4510 3949 4571 mortiferis

2364 4603 2767 4671 pmnitentiam
2797 4604 2999 4674 egit,et
3023 4612 3221 4661 tamen
3249 4608 3306 4661 in
3339 4608 3567 4663 honore
3600 4623 3704 4662 suo
3727 4602 3941 4676 perstitit.

2365 4692 2429 4744 Et
2460 4691 2700 4747 beatum
2727 4696 2959 4749 Petrum
2985 4697 3231 4766 quando
3264 4698 3673 4753 amarissimas
3704 4696 3944 4764 lacrymas

2363 4780 2533 4849 fudit,
2564 4783 2765 4853 utique
2797 4782 3116 4840 Dominum
3148 4800 3385 4855 regasse
3413 4786 3698 4857 paenituit,
3720 4790 3766 4839 et
3792 4788 3942 4836 tamen

2360 4870 2677 4940 Apostolus
2693 4872 3053 4927 mansit.Sed
3070 4889 3189 4928 non
3206 4874 3339 4929 ideo
3354 4890 3715 4947 supervacua
3729 4866 3941 4943 putanda

2361 4964 2447 5013 est
2487 4960 2877 5029 posteriorum
2926 4961 3253 5031 diligentia,
3317 4965 3416 5035 qui
3474 4964 3575 5019 ubi
3628 4960 3786 5016 saluti
3835 4950 3941 5011 nihil

2357 5047 2801 5117 detrahebatur,
2855 5049 3173 5105 humilitati
3206 5051 3433 5123 aliquid
3460 5052 3812 5111 addiderunt,
3848 5056 3937 5113 quo

2359 5136 2519 5190 salus
2552 5136 2734 5191 tutius
2768 5139 3120 5209 muniretur,
3155 5142 3399 5210 experti,
3438 5142 3630 5205 credo,
3659 5139 3936 5207 aliquorum

2357 5225 2525 5280 fictas
2565 5227 2947 5296 pmniteutias
2978 5245 3083 5300 per
3128 5229 3434 5287 aﬂ'ectalas
3478 5232 3754 5286 honorum
3776 5228 3935 5295 poten-

2356 5315 2485 5369 tias.
2548 5318 2775 5384 Cogunt
2830 5317 2991 5371 enim
3047 5318 3264 5375 multas
3332 5320 3591 5376 invenire
3661 5313 3930 5371 medicinas

2416 5493 2429 5522 ί
2460 5491 2619 5549 Edd.,
2653 5493 2803 5539 etiam
2838 5494 2897 5539 de
2928 5496 3120 5543 ueteris
3154 5496 3473 5545 criminibus.
3506 5498 3639 5551 Mss,
3674 5490 3883 5553 detectis.

2418 5516 2429 5522 “
2460 5516 2619 5549 Γλυιιη
2653 5516 2803 5539 cuum
2838 5516 2897 5539 ασ
2928 5516 3120 5543 (αἰαῖ-ιδ
3154 5516 3473 5545 σΓΗηιηῑυΙιδ.
3506 5516 3639 5551 3155.,
3674 5516 3855 5541 “CH'HM-

2418 5556 2486 5613 (α)
2522 5554 3111 5622 innocentiusjfapal.
3144 5559 3199 5606 in
3235 5560 3460 5622 epistola
3485 5562 3510 5605 6
3544 5560 3603 5606 ad
3631 5554 3805 5622 Apuliae
3823 5548 3923 5622 cpia“
3998 5516 4005 5595 Ὗ

2353 5629 2535 5683 copos,
2556 5619 2860 5683 Agapitum,
2884 5616 3281 5677 Macedoniam,
3307 5626 3423 5679 ctc.,
3456 5622 3641 5677 scribit,
3670 5616 3689 5665 ἆ
3714 5616 3919 5683 Constitg-
4000 5624 4003 5633 ‘

2352 5695 2377 5723 ι
2417 5669 2496 5749 tos
2523 5669 2941 5749 rapileicieam
2974 5696 3223 5749 canones.
3257 5669 3567 5749 pcenitentes
3594 5669 3733 5733 etiam
3756 5677 3809 5727 ab
3834 5669 3916 5721 inﬁ-

2356 5756 2383 5789 ι
2413 5742 2515 5789 mis
2550 5742 2738 5793 ofﬁciis
2764 5745 3079 5795 clericorum
3096 5742 3375 5799 excludere
3404 5764 3449 5798 ιο.
