4118 6164
157 212 258 273 813

153 345 476 399 multorum
493 342 898 415 experimenta
912 344 1506 399 morborum.Verum
1523 345 1583 399 in
1597 345 1799 415 hujus-

152 434 312 488 modi
336 434 532 489 causis
560 434 659 487 ubi
687 449 792 504 per
811 448 1024 501 graves
1046 434 1490 489 dissensionum
1511 434 1799 490 scissuras

150 539 266 578 non
301 523 480 593 hujus
532 528 633 577 aut
686 522 840 576 illius
888 522 1149 577 hominis
1179 528 1266 578 est
1304 524 1655 594 periculum,
1692 523 1798 577 sed

146 612 510 684 populorum
526 611 980 682 stragesjacent,
998 612 1433 667 detrahendum
1462 618 1547 667 est
1568 611 1796 683 aliquid

146 701 459 766 severitati,
506 706 571 755 ut
610 701 944 771 majoribus
986 701 1160 756 malis
1217 702 1505 757 sanandis
1538 701 1799 756 charitas

146 792 377 846 sincera
405 790 741 845 subveniat.

214 883 303 934 46.
338 879 613 933 Habeant
639 894 781 949 ergo
814 878 903 934 isti
929 878 1002 933 de
1031 880 1322 950 praeterito
1351 878 1686 934 detestabili
1712 894 1798 934 er-

142 968 454 1033 rore,sicut
470 971 667 1023 Petrus
681 968 976 1023 habuitde
994 968 1266 1023 mendaci
1282 968 1797 1031 timore,amarum

144 1059 437 1123 dolorem,
468 1062 522 1112 et
538 1058 780 1113 veniant
797 1057 872 1113 ad
890 1058 1207 1113 Ecclesiam
1226 1057 1435 1113 Christi
1456 1058 1797 1124 veram,hoc

143 1153 497 1201 estmalrem
525 1145 892 1202 Catholicam
922 1164 934 1200 :
968 1147 1159 1201 sintin
1180 1146 1505 1211 illaclerici,
1539 1147 1657 1200 sint
1678 1147 1797 1217 epi-

143 1236 308 1307 scopi
340 1235 1088 1307 utiliter,quicontraillam
1105 1236 1796 1290 fuerunthostiliter.Non

140 1324 1797 1395 invidemus,imoamplectimur,optamus,hortamur,et

140 1430 295 1485 quos
312 1412 497 1467 inviis
521 1418 575 1468 et
606 1414 852 1483 sepibus
870 1413 1234 1478 invenimus,
1252 1414 1474 1467 intrare
1489 1412 1791 1482 cogimus;

139 1502 251 1557 etsi
287 1503 557 1556 nondum
585 1503 608 1566 ,ί
652 1501 1016 1574 quibusdam
1042 1502 1479 1573 persuademus
1509 1501 1654 1572 quia
1676 1515 1795 1555 non

137 1608 231 1646 res
276 1608 506 1655 eorum,
549 1591 835 1663 sedipsos
866 1593 1212 1662 quaerimus.
1248 1591 1563 1663 Apostolus
1594 1592 1794 1645 Petrus

136 1681 386 1752 quando
413 1680 782 1736 Salvatorem
816 1682 1075 1749 negavit,
1101 1687 1161 1735 et
1187 1681 1362 1750 tlevit,
1399 1686 1454 1735 et
1485 1678 1794 1750 apostolus

137 1770 382 1839 mansit,
417 1769 689 1825 nondum
737 1775 1047 1840 acceperat
1092 1770 1459 1840 promissum
1509 1769 1792 1840 Spiritum

136 1864 416 1913 sanctum
443 1875 455 1912 ε
482 1858 587 1912 sed
602 1858 790 1913 multo
808 1859 996 1927 magis
1011 1859 1103 1913 isti
1116 1874 1253 1913 cum
1276 1874 1396 1914 non
1412 1860 1789 1928 acceperunt,

134 1948 234 2002 ubi
268 1964 301 2002 a
332 1947 596 2019 corporis
619 1962 911 2018 compage
930 1947 1127 2011 divisi,
1160 1948 1319 2018 quod
1347 1947 1541 2001 solum
1573 1962 1792 2017 corpus

130 2037 397 2092 viviﬁcat
416 2037 666 2107 Spiritus
684 2043 946 2099 sanctus,
970 2043 1133 2091 extra
1160 2036 1484 2092 Ecclesiam
1517 2042 1793 2091 etcontra

130 2126 458 2182 Ecclesiam
486 2125 754 2180 Ecclesiae
792 2128 1176 2181 Sacramenta
1209 2129 1542 2193 tenuerunt,
1576 2131 1631 2180 et
1663 2129 1793 2178 tan-

132 2232 324 2287 quam
357 2215 511 2270 civili
542 2214 717 2285 bello,
755 2216 971 2269 nostris
1000 2220 1207 2271 contra
1228 2232 1338 2271 nos
1369 2220 1575 2270 erectis
1607 2213 1790 2281 signis

133 2306 437 2375 armisque
465 2310 907 2375 pugnaverunt.
928 2305 1199 2372 Veniant;
1232 2303 1465 2375 tiatpax
1491 2304 1553 2357 in
1577 2304 1790 2357 virtute

129 2394 485 2461 Jerusalem,
509 2409 644 2465 quae
660 2394 847 2447 virtus
870 2393 1127 2449 charitas
1141 2399 1261 2448 est:
1295 2394 1387 2448 cui
1406 2398 1629 2448 sanctae
1657 2390 1794 2446 civi-

129 2483 239 2538 tati
271 2483 495 2537 dictum
528 2488 632 2546 est,
650 2483 782 2537 Fiat
805 2498 931 2551 pax
950 2482 1011 2537 in
1027 2482 1388 2547 virtutetua,
1405 2488 1458 2538 et
1480 2481 1791 2538 abundan-

131 2574 213 2629 tia
252 2572 314 2627 in
349 2571 743 2626 turribustuis
764 2573 949 2638 (Psal.
976 2589 1130 2635 cxxr,
1155 2574 1233 2642 7).
1259 2575 1387 2627 Non
1416 2589 1479 2625 se
1506 2569 1791 2626 extollant

132 2662 205 2717 ad
217 2676 428 2716 versus
452 2665 785 2715 maternam
800 2660 1279 2726 sollicitudinem,
1296 2677 1477 2731 quam
1505 2658 1787 2731 proipsis,

134 2757 315 2821 etpro
333 2751 508 2805 tantis
536 2750 771 2821 populis
796 2749 1788 2821 quosdecipiuntveldecipiebant,

132 2839 488 2908 colligendis
528 2844 583 2893 et
614 2838 823 2894 habuit
871 2845 926 2894 et.
964 2839 1144 2895 habet
1183 2856 1193 2893 :
1250 2856 1373 2894 non
1416 2839 1791 2909 superbiant,

131 2930 283 3002 quia
305 2929 388 2984 sic
410 2944 513 2983 eos
545 2927 793 2998 suscipit
824 2945 838 2992 ;
864 2943 985 2982 non
1009 2927 1263 2983 referant
1283 2928 1359 2983 ad
1378 2928 1647 2983 elationis
1665 2943 1790 2981 suae

134 3018 369 3073 malum
411 3017 575 3088 quod
616 3016 753 3072 facit
789 3016 920 3087 ipsa
952 3022 1188 3089 propter
1218 3018 1381 3088 pacis
1408 3018 1656 3072 bonum.

202 3108 298 3161 47.
344 3108 436 3162 Sic
468 3105 950 3161 multitudinibus
978 3122 1080 3177 per
1102 3107 1429 3162 schismata
1452 3113 1505 3161 et
1539 3107 1791 3161 haereses

128 3197 521 3270 pereuntibus
578 3195 896 3250 subvenire
936 3197 1264 3252 consuevit.
1326 3198 1443 3251 Hoc
1488 3192 1793 3266 displicuit

128 3284 406 3343 Lucifero
432 3284 533 3355 (a),
565 3285 707 3355 quia
728 3283 951 3341 factum
978 3291 1064 3340 est
1086 3285 1145 3339 in
1174 3286 1256 3340 eis
1287 3284 1688 3356 suscipiendis
1712 3288 1792 3341 at-

131 3390 252 3447 que
270 3373 559 3430 sanandis
590 3373 691 3443 qui
719 3389 951 3428 veneno
983 3374 1280 3445 perierant
1310 3375 1527 3428 Ariano
1560 3390 1573 3439 ;
1610 3378 1666 3427 et
1694 3372 1791 3427 cui

131 3462 443 3536 displicuit
468 3462 527 3517 in
543 3462 819 3519 tenebras
834 3462 1046 3517 cecidit
1068 3463 1428 3529 schismatis,
1463 3463 1685 3518 amisso
1705 3461 1792 3516 lu-

131 3552 298 3607 mine
351 3550 683 3606 charitatis.
714 3553 831 3607 Hoc
872 3567 1014 3620 erga
1045 3551 1189 3607 istos
1223 3551 1299 3606 ab
1331 3551 1499 3607 initio
1536 3550 1791 3606 servavit

131 3640 413 3695 Africana
434 3639 741 3695 Catholica
757 3656 828 3696 ex
842 3640 1262 3711 episcoporum
1281 3640 1591 3705 sententia,
1617 3642 1718 3710 qui
1733 3640 1789 3694 in

134 3729 405 3785 Ecclesia
420 3731 687 3783 Romana
704 3730 855 3783 inter
867 3728 1247 3786 Caecilianum
1272 3735 1326 3783 et
1339 3734 1568 3800 partem
1582 3728 1793 3784 Donati

126 3818 577 3889 judicaverunt,
594 3818 1008 3889 damnatoque
1033 3834 1151 3875 uno
1176 3818 1442 3889 quodam
1467 3817 1792 3887 Donato(b)

129 3908 237 3979 qui
269 3914 477 3962 auctor
505 3906 841 3961 schismatis
863 3906 1044 3961 fuisse
1068 3906 1484 3964 manifestatus
1500 3913 1605 3971 est,
1626 3914 1793 3960 caete-

128 4013 234 4052 ros
261 4001 581 4060 correctos,
616 3995 847 4050 etiamsi
869 4000 1034 4051 extra
1060 3996 1385 4052 Ecclesiam
1412 3995 1673 4051 ordinati
1704 4011 1793 4049 es-

130 4085 354 4149 sent,in
370 4085 493 4139 suis
505 4084 834 4139 honoribus
849 4084 1252 4155 suscipiendos
1268 4101 1395 4142 esse
1410 4089 1790 4142 censuerunt:

131 4190 257 4229 non
284 4173 450 4245 quod
491 4172 671 4228 etiam
716 4172 860 4227 foris
894 4172 970 4228 ab
1026 4174 1244 4229 unitate
1278 4174 1547 4245 corporis
1579 4172 1793 4229 Christi

128 4267 381 4335 possent
427 4261 651 4317 habere
702 4261 982 4333 Spiritum
1024 4269 1329 4327 sanctum;
1383 4263 1489 4317 sed
1534 4262 1794 4319 maxime

126 4358 379 4425 prOpter
405 4368 528 4419 eos,
562 4368 715 4423 quos
737 4352 876 4407 foris
895 4353 1637 4425 positipossentdecipere,
1679 4360 1736 4409 et
1761 4370 1793 4407 a

131 4439 686 4513 susceptioneillius
706 4433 968 4497 muneris
986 4442 1294 4513 impedire;
1311 4442 1525 4497 deinde
1543 4444 1794 4497 utetiam

126 4533 405 4603 ipsorum
440 4530 753 4585 inﬁrmitas
786 4532 976 4586 lenius
1011 4539 1261 4605 excepta
1304 4534 1461 4586 intus
1508 4533 1794 4587 sanabilis

130 4621 467 4690 ﬁeret,jam
488 4620 651 4675 nulla
664 4621 1025 4692 petotinacia
1050 4621 1358 4677 claudente
1373 4622 1578 4677 oculos
1600 4624 1796 4677 cordis

130 4710 429 4766 adversus
487 4710 817 4764 evidentior
865 4711 1153 4765 veritatis.
1201 4711 1350 4775 Quid
1395 4716 1593 4766 autem
1632 4710 1797 4765 aliud

131 4800 321 4853 etiam
368 4797 482 4869 ipsi
522 4798 956 4867 cogitaverunt,
1014 4800 1261 4869 quando
1326 4799 1795 4854 Maximianistas

132 4901 302 4958 quos
325 4885 382 4940 in
396 4887 706 4956 sacrilego,
724 4887 873 4942 sicut
894 4903 1099 4941 eorum
1117 4887 1435 4942 concilium
1450 4888 1525 4959 (ε)
1552 4888 1793 4953 indicat,

128 4974 461 5031 schismate
485 4975 940 5041 damnaverant,
974 4982 1029 5031 et
1058 4976 1119 5030 in
1164 4978 1560 5047 quorumjam
1596 4978 1797 5033 locum

129 5063 291 5121 alios
343 5064 786 5130 ordinaverant,
830 5069 1225 5137 posteaquam
1274 5066 1549 5121 viderunt
1597 5067 1673 5121 ab
1715 5066 1797 5121 eis

128 5152 403 5226 populos
433 5168 554 5208 non
580 5154 877 5220 recedere,
908 5170 981 5209 ne
1003 5170 1213 5211 omnes
1228 5155 1565 5226 perderent,
1587 5156 1646 5211 in
1671 5156 1797 5211 suis

198 5383 209 5413 ¹
246 5380 331 5431 Sic
362 5382 568 5445 aliquot
608 5383 730 5432 Mss.
771 5384 900 5433 Edd.
935 5398 1076 5441 vero,
1115 5392 1160 5434 et
1186 5386 1256 5436 sic
1291 5387 1539 5435 nondum.
1576 5385 1671 5435 Ms.
1698 5389 1801 5436 Au-

124 5446 581 5512 gu‘stiniaporum
607 5461 617 5493 :
658 5446 727 5495 Et
751 5447 821 5495 sic
850 5449 1149 5512 intrandum
1175 5450 1494 5512 quibusdam.

144 5508 160 5599 ζ
201 5510 293 5617 (ξιῶ
316 5508 621 5557 Calaritano
648 5512 921 5574 episcopo.
945 5511 1061 5561 Vid.
1094 5508 1266 5561 libfde
1281 5514 1464 5576 Agone
1480 5511 1797 5573 Christiano,

131 5590 537 5698 L'.(§‘)L_Cascnsi
571 5634 833 5698 Nigrcnsi.

200 5698 269 5761 (ο)
308 5695 680 5760 Bagaitanum.

1396 208 1899 273 EPISTOLARUM
1937 216 2225 274 CLASSIS
2253 212 2352 277 III.

3456 224 3561 283 814

1906 345 2236 403 honoribus
2262 355 2617 419 receperunt
2649 369 2660 414 ;
2691 351 2748 402 et
2775 350 3077 420 Baptismo
3105 366 3285 423 quem
3316 352 3459 409 foris
3481 354 3559 411 ab

1906 434 1990 489 eis
2036 436 2307 491 damnati
2368 437 2677 502 dederant,
2733 438 2962 494 nullam
3028 442 3556 498 contradictionem

1905 526 2424 597 quiestionemque
2455 531 2768 581 moverunt
2799 528 2826 582 ?
2854 528 3047 591 Quare
3068 544 3211 597 ergo
3244 531 3552 598 mirantur,

1907 618 2010 667 aut
2066 618 2419 684 queruntur,
2474 619 2578 669 aut
2615 614 3059 671 calumniantur
3114 617 3278 687 quod
3331 634 3434 674 eos
3471 620 3555 675 sic

1905 702 2267 772 suscipimus
2293 718 2402 774 pro
2433 719 2575 757 vera
2589 718 2733 774 pace
2751 702 2985 770 Christi,
3013 710 3071 759 et
3096 721 3216 761 non
3239 708 3556 763 recordan-

1907 795 1999 845 tur
2027 790 2173 861 quid
2205 792 2320 862 ipsi
2350 790 2593 846 fecerint
2623 807 2733 862 pro
2764 807 2941 859 vana,
2971 808 3102 864 quae
3131 801 3337 851 contra
3359 796 3555 851 Chris-

1904 884 2031 934 tum
2093 885 2197 945 est,
2242 895 2389 951 pace
2430 879 2700 935 Donati?
2760 880 2930 945 Quod
2985 897 3193 937 eorum
3244 884 3466 940 factum
3506 886 3556 941 si

1904 973 2112 1023 contra
2141 985 2245 1024 eos
2278 974 2549 1025 teneatur
2570 974 2623 1025 et
2647 969 3044 1039 intelligenter
3068 976 3391 1042 asseratur,
3408 976 3553 1045 quid

1901 1058 2151 1113 omnino
2181 1058 2585 1129 respondeant
2609 1074 2729 1114 non
2768 1058 3098 1115 habebunt.

1976 1146 2204 1201 CAPUT
2226 1149 2310 1202 Xl.
2344 1178 2411 1187 —
2434 1151 2521 1201 48.
2545 1147 2716 1212 Quod
2740 1154 2938 1203 autem
2956 1149 3180 1215 dicunt,
3210 1151 3555 1221 Sipeccavi-

1905 1250 2040 1288 mus
2066 1235 2411 1306 inSpiritum
2429 1241 2721 1303 sanctum,
2740 1237 2882 1307 quia
2896 1238 3271 1293 exsufﬂavim
3282 1256 3348 1294 us
3362 1240 3554 1311 bapti-

1903 1339 2104 1377 smum
2130 1330 2415 1391 vestrum,
2439 1324 2667 1395 utquid
2700 1340 2811 1379 nos
2847 1326 3129 1397 quaeritis,
3169 1344 3307 1382 cum
3338 1329 3552 1386 remitti

1902 1412 2077 1466 nobis
2108 1412 2222 1467 hoc
2250 1419 2561 1485 peccatum
2616 1415 2865 1469 omnino
2904 1430 3025 1469 non
3074 1417 3285 1487 possit,
3320 1417 3549 1473 dicente

1904 1501 2178 1568 Domino,
2211 1500 2323 1566 Qui
2335 1504 2668 1569 peccaverit
2692 1502 2754 1556 in
2785 1502 3079 1571 Spiritum
3105 1512 3400 1570 sanctum,
3428 1494 3549 1562 non

1900 1589 2238 1644 remittetur
2251 1591 2323 1655 ei,
2350 1605 2535 1660 neque
2553 1590 2617 1645 in
2644 1591 2754 1646 hoc
2779 1593 3015 1656 saeculo,
3044 1608 3230 1663 neque
3250 1595 3312 1648 in
3335 1596 3550 1662 futuro

1900 1678 2143 1749 (Matth.
2184 1695 2279 1743 xu,
2317 1679 2407 1749 32)
2446 1695 2460 1744 ;
2499 1694 2619 1733 non
2647 1679 2964 1734 attendunt
3015 1682 3157 1751 quia
3216 1686 3552 1738 secundum

1900 1767 2081 1821 istum
2111 1783 2357 1822 sensum
2385 1782 2565 1823 nemo
2589 1766 2939 1823 liberandus
2955 1774 3060 1823 est.
3096 1771 3237 1835 Quis
3253 1771 3409 1826 enim
3430 1787 3554 1827 non

1900 1855 2163 1927 loquitur
2202 1856 2490 1911 adversus
2533 1856 2814 1927 Spiritum
2865 1864 3141 1913 sanctum
3174 1864 3231 1914 et
3255 1867 3463 1931 peccat
3493 1861 3554 1916 in

1900 1960 2059 2013 eum,
2089 1946 2209 2001 sive
2234 1946 2341 2017 qui
2372 1945 2645 2000 nondum
2672 1950 2760 2001 est
2787 1946 3159 2013 christianus,
3194 1948 3317 2003 sive
3337 1950 3440 2020 qui
3465 1956 3554 2006 est

1900 2033 2211 2089 haereticus
2247 2035 2517 2100 Arianus,
2548 2038 2653 2089 aut
2689 2034 3123 2100 Eunomianus,
3154 2042 3255 2091 aut
3286 2039 3554 2094 Macedo-

1898 2123 2395 2193 nianus,quieum
2411 2123 2762 2177 dicuntesse
2776 2129 3132 2191 creaturam;
3148 2126 3553 2184 autPhotinia—

1898 2226 2031 2281 nus,
2058 2211 2159 2282 qui
2190 2212 2322 2282 ejus
2348 2211 2597 2267 omnino
2627 2218 2806 2281 negat
2826 2212 3090 2285 aliquam
3122 2229 3249 2269 esse
3277 2214 3553 2272 substan-

1901 2300 2065 2366 tiam,
2094 2300 2200 2355 sed
2226 2316 2413 2355 unum
2443 2301 2861 2357 tantummodo
2893 2317 3020 2357 esse
3052 2305 3237 2357 Deum
3266 2303 3505 2361 Patrem
3534 2321 3549 2371 ;

1898 2389 2020 2444 sive
2036 2389 2131 2444 alii
2154 2389 2433 2453 haeretici,
2464 2405 2618 2460 quos
2646 2405 3122 2447 commemorare
3148 2391 3396 2462 longum
3410 2400 3496 2449 est
3522 2394 3551 2448 ?

1898 2478 2049 2534 Nulli
2075 2493 2217 2547 ergo
2256 2478 2506 2533 istorum
2535 2478 2833 2533 liberandi
2864 2485 3003 2535 sunt
3032 2481 3181 2536 ‘Iaut
3210 2481 3547 2552 ipsiJudaei,

1899 2567 2120 2639 quibus
2154 2567 2441 2623 Dominus
2480 2567 2593 2622 hoc
2618 2567 2858 2637 objecit,
2883 2569 2930 2622 si
2958 2570 3017 2623 in
3043 2584 3183 2624 eum
3221 2570 3547 2637 crederent,

1898 2671 2021 2711 non
2063 2661 2233 2711 erant
2260 2656 2605 2727 baptizandi
2634 2658 2661 2709 ‘t
2692 2672 2813 2712 non
2857 2657 3017 2712 enim
3051 2658 3131 2713 ait
3159 2658 3448 2725 Salvator,
3487 2662 3553 2715 In

1903 2746 2202 2816 Baptismo
2246 2746 2572 2800 remittetur
2605 2763 2618 2812 ;
2650 2746 2778 2811 sed,
2806 2761 2926 2801 non
2952 2748 3310 2814 remittetur,
3336 2749 3549 2821 inquit,

1896 2850 2085 2905 neque
2112 2837 2174 2889 in
2199 2835 2307 2890 hoc
2332 2835 2568 2899 sarculo,
2600 2848 2787 2903 neque
2810 2835 2873 2889 in
2894 2836 3127 2903 futuro.

1968 2936 2057 2986 49.
2092 2931 2431 3001 Intelligant
2454 2946 2597 3001 ergo
2628 2946 2746 2986 non
2774 2934 3094 2999 omne,sed
3109 2933 3355 3005 aliquod
3375 2935 3552 3005 signi-

1897 3020 2143 3077 ﬁcatum
2172 3036 2303 3074 esse
2335 3023 2649 3092 peccatum
2674 3019 2732 3073 in
2748 3020 3023 3091 Spiritum
3052 3028 3349 3087 sanctum,
3382 3024 3551 3095 quod

1898 3108 2146 3164 omnino
2172 3123 2295 3163 non
2315 3108 2663 3163 remittetur.
2690 3108 2849 3163 Sicut
2866 3109 3024 3163 enim
3042 3124 3179 3163 cum
3202 3108 3551 3180 dixisset,8i

1899 3213 2015 3253 non
2042 3196 2321 3260 venirem,
2342 3202 2651 3266 peccatum
2665 3213 2783 3252 non
2801 3196 3080 3253 haberent
3095 3199 3293 3267 (Joan.
3311 3215 3406 3266 xv,
3435 3203 3547 3270 22),

1897 3284 2103 3356 utique
2127 3300 2245 3339 non
2261 3300 2440 3339 omne
2454 3289 2765 3356 peccatum
2790 3285 3033 3354 intelligi
3053 3286 3255 3351 voluit,
3280 3288 3552 3359 quando-

1896 3374 2144 3446 quidem
2166 3373 2510 3446 plenierant
2530 3374 2731 3429 multis
2763 3375 3122 3446 magnisque
3139 3376 3398 3447 peccatis
3417 3394 3429 3443 ;
3445 3376 3551 3433 sed

1900 3462 2145 3535 aliquod
2172 3463 2481 3534 proprium
2498 3468 2831 3534 peccatum,
2849 3464 3011 3535 quod
3035 3465 3082 3518 si
3105 3480 3225 3520 non
3238 3464 3548 3533 haberent,

1899 3557 2147 3623 possent
2177 3550 2291 3606 illis
2320 3552 2529 3607 omnia
2556 3551 2769 3606 dimitti
2817 3567 2954 3622 quae
2993 3552 3319 3619 habebant,
3352 3555 3413 3609 id
3439 3560 3549 3619 est,

1899 3640 2063 3712 quod
2080 3642 2137 3694 in
2158 3656 2296 3695 cum
2314 3639 2653 3695 venientem
2675 3654 2796 3695 non
2823 3640 3203 3696 crediderunt
3226 3661 3238 3711 ;
3262 3643 3375 3698 hoc
3392 3644 3552 3699 enim

1899 3745 2021 3785 non
2043 3729 2333 3783 haberent
2356 3733 2693 3800 peccatum,
2720 3730 2771 3783 si
2804 3744 2926 3785 non
2956 3731 3183 3786 veniret
3217 3748 3229 3785 :
3259 3733 3341 3786 sic
3372 3733 3551 3789 etiam

1901 3835 2040 3873 cum
2067 3818 2235 3883 dixit,
2258 3818 2366 3881 Qui
2388 3818 2721 3886 peccaverit
2744 3818 3108 3886 inSpiritum
3123 3826 3415 3886 sanctum,
3434 3821 3549 3886 vel,

1903 3908 2011 3973 Qui
2025 3907 2266 3963 verbum
2288 3906 2509 3962 dixerit
2523 3905 2806 3962 adversus
2818 3906 3108 3975 Spiritum
3128 3914 3551 3973 sanctum,nou

1902 3996 2107 4069 utique
2139 4011 2317 4051 omne
2349 3994 2514 4066 quod
2544 3996 2603 4050 in
2636 3996 2915 4067 Spiritum
2957 4002 3228 4053 sanctum
3274 4005 3554 4069 peccatur

1902 4086 2062 4141 facto
2092 4085 2214 4140 sive
2246 4086 2426 4153 dicto,
2456 4085 2566 4140 sed
2597 4084 2845 4156 aliquod
2894 4090 3124 4142 certum
3152 4091 3212 4142 et
3239 4089 3553 4160 proprium

1902 4173 2374 4245 intelligivoluit.
2409 4173 2531 4229 Hoc
2549 4179 2642 4229 est
2661 4180 2860 4230 autem
2891 4174 3112 4232 duritia
3137 4177 3335 4233 cordis
3364 4195 3555 4250 usque

1903 4264 1982 4319 ad
2011 4265 2193 4319 ﬁdem
2222 4263 2402 4332 hujus
2433 4264 2582 4328 vita,
2615 4279 2740 4334 qua
2768 4264 2951 4320 homo
2978 4270 3219 4321 recusat
3246 4266 3307 4322 in
3331 4268 3555 4325 unitate

1904 4354 2170 4424 corporis
2193 4352 2424 4417 Christi,
2440 4352 2605 4422 quod
2619 4351 2881 4408 viviﬁcat
2910 4354 3161 4424 Spiritus
3176 4362 3442 4421 sanctus,
3468 4373 3557 4411 re-

1903 4442 2256 4497 missionem
2270 4441 2541 4511 accipere
2554 4440 3115 4510 peccatorum.Cum
3139 4444 3297 4497 enim
3311 4444 3557 4500 dixisset

1904 4530 2231 4602 discipulis,
2266 4529 2533 4597 Accipite
2582 4529 2873 4597 Spiritqu
2924 4537 3219 4597 sanctum,
3272 4533 3555 4588 continuo

1906 4620 2179 4689 subjecit,
2206 4617 2271 4673 Si
2291 4616 2742 4672 cuidimiseritis
2765 4619 3428 4686 peccata,dimittentur
3456 4622 3507 4678 ei
3535 4643 3558 4692 ,-

1904 4710 1955 4763 si
1993 4709 2090 4765 cui
2120 4706 2446 4770 tenueritis,
2484 4706 2842 4761 tenebuntur
2870 4708 2981 4777 (Id.
3010 4724 3110 4773 xx,
3147 4712 3234 4775 22,
3268 4711 3379 4779 23).
3414 4711 3558 4766 Huic

1905 4813 2046 4867 ergo
2078 4796 2240 4851 dono
2260 4795 2463 4865 gratiae
2479 4794 2597 4857 Dei,
2631 4794 2999 4866 quicumque
3016 4797 3356 4853 restiteritet
3380 4815 3559 4870 repu-

1906 4884 2192 4956 gnaverit,
2226 4883 2315 4938 vel
2336 4898 2580 4956 quoquo
2610 4884 2794 4939 modo
2820 4885 2995 4939 fuerit
3026 4886 3102 4940 ab
3121 4902 3191 4941 eo
3219 4887 3446 4942 alienus
3466 4904 3559 4942 us-

1906 4974 2099 5047 quein
2135 4972 2309 5028 tinem
2333 4972 2513 5043 hujus
2535 4972 2881 5043 temporalis
2909 4973 3062 5041 vitae,
3095 4976 3558 5031 nonremittetur

1908 5063 1981 5127 ei,
2013 5077 2209 5133 neque
2230 5061 2290 5116 in
2317 5060 2432 5116 hoc
2448 5060 2902 5133 saeculo,neque
2924 5062 2984 5117 in
3006 5062 3205 5117 futuro
3236 5063 3382 5127 ;hoc
3405 5063 3558 5119 scili-

1906 5157 2000 5208 cet
2021 5158 2139 5207 tam
2169 5149 2397 5220 grande
2436 5154 2771 5218 peccatum,
2808 5156 2870 5205 ut
2901 5166 2973 5205 eo
3004 5155 3315 5206 teneantur
3339 5157 3560 5208 cuncta

1908 5247 2175 5314 peccata,
2210 5239 2375 5311 quod
2388 5254 2507 5294 non
2522 5238 2812 5310 probatur
2826 5239 2901 5293 ab
2917 5239 3119 5310 aliquo
3133 5255 3261 5295 esse
3287 5243 3561 5296 commis-

1911 5348 2070 5400 sum,
2086 5330 2201 5385 nisi
2232 5345 2370 5384 cum
2397 5329 2470 5383 de
2484 5344 2733 5399 corpore
2750 5329 2973 5384 exierit.
2991 5330 3291 5393 Quamdiu
3308 5346 3444 5386 vero
3461 5330 3560 5385 hic

1908 5420 2071 5483 vivit,
2097 5434 2258 5483 eum,
2291 5419 2440 5473 sicut
2477 5416 2622 5472 dicit
2651 5416 2989 5489 Apostolus,
3020 5418 3312 5486 patientia
3346 5420 3455 5476 Dei
3481 5418 3563 5475 ad

1906 5507 2319 5580 paenitentiam
2332 5506 2578 5563 adducit
2605 5505 2741 5571 ;sed
2755 5505 2802 5559 si
2825 5506 2951 5577 ipse
2972 5510 3563 5578 perseverantissima

1911 5598 2243 5669 iniquitate,
2276 5596 2427 5651 sicut
2453 5600 2889 5667 consequenter
2918 5596 3193 5668 adjungit
3218 5599 3561 5669 Apostolus,

1911 5686 2248 5744 Secundum
2274 5684 2564 5742 duritiam
2607 5684 2803 5742 cordis
2826 5684 2922 5742 sui
2950 5691 3003 5743 et
3036 5701 3138 5743 cor
3168 5688 3564 5764 impaenitens,
