  <div class='ocr_page' id='page_1' title='image "/cluster/home/n/w/nwhite01/storage/ocr_20150623/33/hvd.32044096580568/405.png"; bbox 0 0 4118 6164; ppageno 0'>
   <div class='ocr_carea' id='block_1_1' title="bbox 637 190 740 243">
    <p class='ocr_par' dir='ltr' id='par_1_1' title="bbox 637 190 740 243">
     <span class='ocr_line' id='line_1_1' title="bbox 637 190 740 243; baseline 0 0"><span class='ocrx_word' id='word_1_1' title='bbox 637 190 740 243; x_wconf 77' lang='grc'>815</span> 
     </span>
    </p>
   </div>
   <div class='ocr_carea' id='block_1_2' title="bbox 638 310 2293 381">
    <p class='ocr_par' dir='ltr' id='par_1_2' title="bbox 638 310 2293 381">
     <span class='ocr_line' id='line_1_2' title="bbox 638 310 2293 381; baseline -0.002 -14"><span class='ocrx_word' id='word_1_2' title='bbox 638 314 1000 369; x_wconf 78' lang='lat' dir='ltr'>thesaurizat</span> <span class='ocrx_word' id='word_1_3' title='bbox 1024 312 1133 367; x_wconf 82' lang='lat' dir='ltr'>sibi</span> <span class='ocrx_word' id='word_1_4' title='bbox 1163 314 1313 368; x_wconf 80' lang='lat' dir='ltr'>iram</span> <span class='ocrx_word' id='word_1_5' title='bbox 1334 313 1395 368; x_wconf 84' lang='lat' dir='ltr'>in</span> <span class='ocrx_word' id='word_1_6' title='bbox 1419 313 1512 369; x_wconf 83' lang='lat' dir='ltr'>die</span> <span class='ocrx_word' id='word_1_7' title='bbox 1528 315 1635 371; x_wconf 75' lang='lat' dir='ltr'>ira:</span> <span class='ocrx_word' id='word_1_8' title='bbox 1667 320 1720 371; x_wconf 87' lang='lat' dir='ltr'>et</span> <span class='ocrx_word' id='word_1_9' title='bbox 1736 313 2115 371; x_wconf 79' lang='lat' dir='ltr'>reuelationis</span> <span class='ocrx_word' id='word_1_10' title='bbox 2136 310 2293 381; x_wconf 80' lang='lat' dir='ltr'>justi</span> 
     </span>
    </p>
   </div>
   <div class='ocr_carea' id='block_1_3' title="bbox 624 401 2290 473">
    <p class='ocr_par' dir='ltr' id='par_1_3' title="bbox 624 401 2290 473">
     <span class='ocr_line' id='line_1_3' title="bbox 624 401 2290 473; baseline -0.001 -18"><span class='ocrx_word' id='word_1_11' title='bbox 624 401 848 472; x_wconf 77' lang='lat' dir='ltr'>judicii</span> <span class='ocrx_word' id='word_1_12' title='bbox 876 403 983 457; x_wconf 81' lang='lat' dir='ltr'>Dei</span> <span class='ocrx_word' id='word_1_13' title='bbox 1011 402 1283 473; x_wconf 63' lang='lat'>(120111.11,</span> <span class='ocrx_word' id='word_1_14' title='bbox 1316 405 1369 466; x_wconf 81' lang='grc'><strong>4,</strong></span> <span class='ocrx_word' id='word_1_15' title='bbox 1406 408 1483 467; x_wconf 76' lang='lat'>5),</span> <span class='ocrx_word' id='word_1_16' title='bbox 1512 419 1632 458; x_wconf 92' lang='lat' dir='ltr'>non</span> <span class='ocrx_word' id='word_1_17' title='bbox 1651 404 1978 459; x_wconf 81' lang='lat' dir='ltr'>remittetur</span> <span class='ocrx_word' id='word_1_18' title='bbox 1994 403 2066 468; x_wconf 89' lang='lat' dir='ltr'>ei,</span> <span class='ocrx_word' id='word_1_19' title='bbox 2096 415 2290 472; x_wconf 89' lang='lat' dir='ltr'>neque</span> 
     </span>
    </p>
   </div>
   <div class='ocr_carea' id='block_1_4' title="bbox 633 490 1691 562">
    <p class='ocr_par' dir='ltr' id='par_1_4' title="bbox 633 490 1691 562">
     <span class='ocr_line' id='line_1_4' title="bbox 633 490 1691 562; baseline 0.002 -17"><span class='ocrx_word' id='word_1_20' title='bbox 633 490 695 545; x_wconf 88' lang='lat' dir='ltr'>in</span> <span class='ocrx_word' id='word_1_21' title='bbox 726 490 840 546; x_wconf 89' lang='lat' dir='ltr'>hoc</span> <span class='ocrx_word' id='word_1_22' title='bbox 871 491 1108 555; x_wconf 64' lang='lat' dir='ltr'>saeculo,</span> <span class='ocrx_word' id='word_1_23' title='bbox 1144 507 1337 562; x_wconf 91' lang='lat' dir='ltr'>neque</span> <span class='ocrx_word' id='word_1_24' title='bbox 1364 492 1427 546; x_wconf 88' lang='lat' dir='ltr'>in</span> <span class='ocrx_word' id='word_1_25' title='bbox 1468 492 1691 547; x_wconf 87' lang='lat' dir='ltr'>futuro.</span> 
     </span>
    </p>
   </div>
   <div class='ocr_carea' id='block_1_5' title="bbox 708 579 2289 651">
    <p class='ocr_par' dir='ltr' id='par_1_5' title="bbox 708 579 2289 651">
     <span class='ocr_line' id='line_1_5' title="bbox 708 579 2289 651; baseline -0.001 -17"><span class='ocrx_word' id='word_1_26' title='bbox 708 584 796 636; x_wconf 80' lang='lat'>50.</span> <span class='ocrx_word' id='word_1_27' title='bbox 816 579 912 633; x_wconf 89' lang='lat' dir='ltr'>Isti</span> <span class='ocrx_word' id='word_1_28' title='bbox 938 585 1136 635; x_wconf 90' lang='lat' dir='ltr'>autem</span> <span class='ocrx_word' id='word_1_29' title='bbox 1165 596 1303 633; x_wconf 91' lang='lat' dir='ltr'>cum</span> <span class='ocrx_word' id='word_1_30' title='bbox 1326 581 1548 650; x_wconf 87' lang='lat' dir='ltr'>quibus</span> <span class='ocrx_word' id='word_1_31' title='bbox 1579 583 1838 651; x_wconf 86' lang='lat' dir='ltr'>agimus,</span> <span class='ocrx_word' id='word_1_32' title='bbox 1867 581 1959 637; x_wconf 85' lang='lat' dir='ltr'>vel</span> <span class='ocrx_word' id='word_1_33' title='bbox 1976 581 2048 636; x_wconf 91' lang='lat' dir='ltr'>de</span> <span class='ocrx_word' id='word_1_34' title='bbox 2070 579 2289 650; x_wconf 84' lang='lat' dir='ltr'>quibus</span> 
     </span>
    </p>
   </div>
   <div class='ocr_carea' id='block_1_6' title="bbox 634 667 2287 740">
    <p class='ocr_par' dir='ltr' id='par_1_6' title="bbox 634 667 2287 740">
     <span class='ocr_line' id='line_1_6' title="bbox 634 667 2287 740; baseline -0.001 -18"><span class='ocrx_word' id='word_1_35' title='bbox 634 668 889 739; x_wconf 84' lang='lat' dir='ltr'>agimus,</span> <span class='ocrx_word' id='word_1_36' title='bbox 911 684 1032 723; x_wconf 90' lang='lat' dir='ltr'>non</span> <span class='ocrx_word' id='word_1_37' title='bbox 1062 673 1200 723; x_wconf 87' lang='lat' dir='ltr'>sunt</span> <span class='ocrx_word' id='word_1_38' title='bbox 1226 668 1589 738; x_wconf 87' lang='lat' dir='ltr'>desperandi</span> <span class='ocrx_word' id='word_1_39' title='bbox 1618 689 1634 740; x_wconf 85' lang='lat'>;</span> <span class='ocrx_word' id='word_1_40' title='bbox 1660 671 1859 726; x_wconf 89' lang='lat' dir='ltr'>adhuc</span> <span class='ocrx_word' id='word_1_41' title='bbox 1890 670 2049 725; x_wconf 87' lang='lat' dir='ltr'>enim</span> <span class='ocrx_word' id='word_1_42' title='bbox 2076 667 2287 722; x_wconf 86' lang='lat' dir='ltr'>suntin</span> 
     </span>
    </p>
   </div>
   <div class='ocr_carea' id='block_1_7' title="bbox 633 756 2288 829">
    <p class='ocr_par' dir='ltr' id='par_1_7' title="bbox 633 756 2288 829">
     <span class='ocr_line' id='line_1_7' title="bbox 633 756 2288 829; baseline -0.001 -19"><span class='ocrx_word' id='word_1_43' title='bbox 633 772 880 827; x_wconf 77' lang='lat' dir='ltr'>corpore</span> <span class='ocrx_word' id='word_1_44' title='bbox 908 774 920 807; x_wconf 89' lang='lat'><strong>:</strong></span> <span class='ocrx_word' id='word_1_45' title='bbox 957 756 1062 810; x_wconf 88' lang='lat' dir='ltr'>sed</span> <span class='ocrx_word' id='word_1_46' title='bbox 1076 772 1197 810; x_wconf 89' lang='lat' dir='ltr'>non</span> <span class='ocrx_word' id='word_1_47' title='bbox 1214 764 1485 828; x_wconf 59' lang='lat' dir='ltr'>quaerant</span> <span class='ocrx_word' id='word_1_48' title='bbox 1499 759 1781 829; x_wconf 81' lang='lat' dir='ltr'>Spiritum</span> <span class='ocrx_word' id='word_1_49' title='bbox 1797 756 2212 825; x_wconf 86' lang='lat' dir='ltr'>sanctum,nisi</span> <span class='ocrx_word' id='word_1_50' title='bbox 2228 756 2288 811; x_wconf 89' lang='lat' dir='ltr'>in</span> 
     </span>
    </p>
   </div>
   <div class='ocr_carea' id='block_1_8' title="bbox 633 843 2289 916">
    <p class='ocr_par' dir='ltr' id='par_1_8' title="bbox 633 843 2289 916">
     <span class='ocr_line' id='line_1_8' title="bbox 633 843 2289 916; baseline -0.001 -17"><span class='ocrx_word' id='word_1_51' title='bbox 633 844 839 899; x_wconf 79' lang='lat' dir='ltr'>Christi</span> <span class='ocrx_word' id='word_1_52' title='bbox 856 845 1221 916; x_wconf 86' lang='lat' dir='ltr'>corpore,cuj</span> <span class='ocrx_word' id='word_1_53' title='bbox 1236 862 1300 899; x_wconf 89' lang='lat' dir='ltr'>us</span> <span class='ocrx_word' id='word_1_54' title='bbox 1312 846 1535 901; x_wconf 88' lang='lat' dir='ltr'>habent</span> <span class='ocrx_word' id='word_1_55' title='bbox 1548 847 1691 902; x_wconf 88' lang='lat' dir='ltr'>foris</span> <span class='ocrx_word' id='word_1_56' title='bbox 1709 843 2289 911; x_wconf 87' lang='lat' dir='ltr'>sacramentum,sed</span> 
     </span>
    </p>
   </div>
   <div class='ocr_carea' id='block_1_9' title="bbox 628 934 2288 1006">
    <p class='ocr_par' dir='ltr' id='par_1_9' title="bbox 628 934 2288 1006">
     <span class='ocr_line' id='line_1_9' title="bbox 628 934 2288 1006; baseline 0.001 -19"><span class='ocrx_word' id='word_1_57' title='bbox 628 949 755 987; x_wconf 91' lang='lat' dir='ltr'>rem</span> <span class='ocrx_word' id='word_1_58' title='bbox 768 934 962 1003; x_wconf 83' lang='lat' dir='ltr'>ipsam</span> <span class='ocrx_word' id='word_1_59' title='bbox 979 949 1099 988; x_wconf 91' lang='lat' dir='ltr'>non</span> <span class='ocrx_word' id='word_1_60' title='bbox 1118 938 1318 989; x_wconf 89' lang='lat' dir='ltr'>tenent</span> <span class='ocrx_word' id='word_1_61' title='bbox 1330 935 1488 989; x_wconf 90' lang='lat' dir='ltr'>intus</span> <span class='ocrx_word' id='word_1_62' title='bbox 1502 936 1670 1006; x_wconf 90' lang='lat' dir='ltr'>cujus</span> <span class='ocrx_word' id='word_1_63' title='bbox 1685 942 1773 991; x_wconf 91' lang='lat' dir='ltr'>est</span> <span class='ocrx_word' id='word_1_64' title='bbox 1786 936 1932 991; x_wconf 90' lang='lat' dir='ltr'>illud</span> <span class='ocrx_word' id='word_1_65' title='bbox 1952 949 2288 991; x_wconf 89' lang='lat' dir='ltr'>sacramen-</span> 
     </span>
    </p>
   </div>
   <div class='ocr_carea' id='block_1_10' title="bbox 630 1022 2285 1093">
    <p class='ocr_par' dir='ltr' id='par_1_10' title="bbox 630 1022 2285 1093">
     <span class='ocr_line' id='line_1_10' title="bbox 630 1022 2285 1093; baseline 0 -16"><span class='ocrx_word' id='word_1_66' title='bbox 630 1028 756 1077; x_wconf 93' lang='lat' dir='ltr'>tum</span> <span class='ocrx_word' id='word_1_67' title='bbox 786 1038 800 1087; x_wconf 90' lang='lat'>;</span> <span class='ocrx_word' id='word_1_68' title='bbox 833 1026 889 1076; x_wconf 89' lang='lat' dir='ltr'>et</span> <span class='ocrx_word' id='word_1_69' title='bbox 918 1022 1051 1076; x_wconf 90' lang='lat' dir='ltr'>ideo</span> <span class='ocrx_word' id='word_1_70' title='bbox 1076 1022 1497 1091; x_wconf 89' lang='lat' dir='ltr'>sibijudicium</span> <span class='ocrx_word' id='word_1_71' title='bbox 1533 1025 1904 1080; x_wconf 87' lang='lat' dir='ltr'>manducant</span> <span class='ocrx_word' id='word_1_72' title='bbox 1928 1030 1984 1080; x_wconf 89' lang='lat' dir='ltr'>et</span> <span class='ocrx_word' id='word_1_73' title='bbox 2006 1024 2220 1079; x_wconf 88' lang='lat' dir='ltr'>bibunt</span> <span class='ocrx_word' id='word_1_74' title='bbox 2242 1025 2285 1093; x_wconf 87' lang='grc' dir='ltr'>(ι</span> 
     </span>
    </p>
   </div>
   <div class='ocr_carea' id='block_1_11' title="bbox 632 1110 2285 1182">
    <p class='ocr_par' dir='ltr' id='par_1_11' title="bbox 632 1110 2285 1182">
     <span class='ocr_line' id='line_1_11' title="bbox 632 1110 2285 1182; baseline 0 -16"><span class='ocrx_word' id='word_1_75' title='bbox 632 1111 767 1166; x_wconf 80' lang='lat' dir='ltr'>Cor.</span> <span class='ocrx_word' id='word_1_76' title='bbox 792 1127 866 1175; x_wconf 66' lang='grc' dir='ltr'>χι,</span> <span class='ocrx_word' id='word_1_77' title='bbox 898 1113 1011 1176; x_wconf 82' lang='lat'>29).</span> <span class='ocrx_word' id='word_1_78' title='bbox 1032 1113 1191 1165; x_wconf 88' lang='lat' dir='ltr'>Unus</span> <span class='ocrx_word' id='word_1_79' title='bbox 1204 1110 1364 1165; x_wconf 90' lang='lat' dir='ltr'>enim</span> <span class='ocrx_word' id='word_1_80' title='bbox 1387 1114 1562 1182; x_wconf 89' lang='lat' dir='ltr'>panis</span> <span class='ocrx_word' id='word_1_81' title='bbox 1584 1118 2032 1169; x_wconf 83' lang='lat' dir='ltr'>sacramentum</span> <span class='ocrx_word' id='word_1_82' title='bbox 2048 1112 2285 1167; x_wconf 90' lang='lat' dir='ltr'>estuni-</span> 
     </span>
    </p>
   </div>
   <div class='ocr_carea' id='block_1_12' title="bbox 630 1198 2282 1272">
    <p class='ocr_par' dir='ltr' id='par_1_12' title="bbox 630 1198 2282 1272">
     <span class='ocr_line' id='line_1_12' title="bbox 630 1198 2282 1272; baseline 0.002 -19"><span class='ocrx_word' id='word_1_83' title='bbox 630 1199 785 1268; x_wconf 90' lang='lat' dir='ltr'>tatis,</span> <span class='ocrx_word' id='word_1_84' title='bbox 819 1198 1111 1270; x_wconf 89' lang='lat' dir='ltr'>quoniam</span> <span class='ocrx_word' id='word_1_85' title='bbox 1140 1201 1291 1255; x_wconf 84' lang='lat' dir='ltr'>sicut</span> <span class='ocrx_word' id='word_1_86' title='bbox 1331 1202 1651 1272; x_wconf 86' lang='lat' dir='ltr'>Apostolus</span> <span class='ocrx_word' id='word_1_87' title='bbox 1682 1202 1841 1266; x_wconf 84' lang='lat' dir='ltr'>dicit,</span> <span class='ocrx_word' id='word_1_88' title='bbox 1902 1204 2064 1258; x_wconf 85' lang='lat' dir='ltr'>Unus</span> <span class='ocrx_word' id='word_1_89' title='bbox 2084 1201 2282 1270; x_wconf 78' lang='lat' dir='ltr'>panis,</span> 
     </span>
    </p>
   </div>
   <div class='ocr_carea' id='block_1_13' title="bbox 628 1290 2286 1362">
    <p class='ocr_par' dir='ltr' id='par_1_13' title="bbox 628 1290 2286 1362">
     <span class='ocr_line' id='line_1_13' title="bbox 628 1290 2286 1362; baseline 0.004 -21"><span class='ocrx_word' id='word_1_90' title='bbox 628 1303 809 1343; x_wconf 81' lang='lat' dir='ltr'>unum</span> <span class='ocrx_word' id='word_1_91' title='bbox 826 1304 1037 1357; x_wconf 77' lang='lat' dir='ltr'>corpus</span> <span class='ocrx_word' id='word_1_92' title='bbox 1052 1290 1441 1344; x_wconf 85' lang='lat' dir='ltr'>multisumus</span> <span class='ocrx_word' id='word_1_93' title='bbox 1454 1290 1665 1361; x_wconf 81' lang='lat' dir='ltr'>(Id.x,l</span> <span class='ocrx_word' id='word_1_94' title='bbox 1678 1291 2011 1362; x_wconf 84' lang='lat' dir='ltr'>7).Proinde</span> <span class='ocrx_word' id='word_1_95' title='bbox 2028 1290 2286 1347; x_wconf 76' lang='lat' dir='ltr'>Ecclesia</span> 
     </span>
    </p>
   </div>
   <div class='ocr_carea' id='block_1_14' title="bbox 626 1376 2286 1451">
    <p class='ocr_par' dir='ltr' id='par_1_14' title="bbox 626 1376 2286 1451">
     <span class='ocr_line' id='line_1_14' title="bbox 626 1376 2286 1451; baseline 0.003 -21"><span class='ocrx_word' id='word_1_96' title='bbox 626 1376 918 1431; x_wconf 91' lang='lat' dir='ltr'>catholica</span> <span class='ocrx_word' id='word_1_97' title='bbox 936 1377 1064 1431; x_wconf 87' lang='lat' dir='ltr'>sola</span> <span class='ocrx_word' id='word_1_98' title='bbox 1088 1394 1304 1447; x_wconf 89' lang='lat' dir='ltr'>corpus</span> <span class='ocrx_word' id='word_1_99' title='bbox 1320 1383 1405 1434; x_wconf 84' lang='lat' dir='ltr'>est</span> <span class='ocrx_word' id='word_1_100' title='bbox 1428 1379 1657 1444; x_wconf 88' lang='lat' dir='ltr'>Christi,</span> <span class='ocrx_word' id='word_1_101' title='bbox 1688 1396 1857 1450; x_wconf 58' lang='lat' dir='ltr'>culus</span> <span class='ocrx_word' id='word_1_102' title='bbox 1879 1380 1971 1435; x_wconf 91' lang='lat' dir='ltr'>ille</span> <span class='ocrx_word' id='word_1_103' title='bbox 1999 1386 2179 1451; x_wconf 90' lang='lat' dir='ltr'>caput</span> <span class='ocrx_word' id='word_1_104' title='bbox 2198 1384 2286 1435; x_wconf 89' lang='lat' dir='ltr'>est</span> 
     </span>
    </p>
   </div>
   <div class='ocr_carea' id='block_1_15' title="bbox 628 1464 2282 1539">
    <p class='ocr_par' dir='ltr' id='par_1_15' title="bbox 628 1464 2282 1539">
     <span class='ocr_line' id='line_1_15' title="bbox 628 1464 2282 1539; baseline 0.002 -20"><span class='ocrx_word' id='word_1_105' title='bbox 628 1464 1171 1535; x_wconf 87' lang='lat' dir='ltr'>Salvatorcorporis</span> <span class='ocrx_word' id='word_1_106' title='bbox 1204 1468 1291 1520; x_wconf 89' lang='lat' dir='ltr'>sui</span> <span class='ocrx_word' id='word_1_107' title='bbox 1323 1466 1498 1536; x_wconf 80' lang='lat' dir='ltr'>(Eph.</span> <span class='ocrx_word' id='word_1_108' title='bbox 1529 1484 1586 1532; x_wconf 89' lang='lat' dir='ltr'>v,</span> <span class='ocrx_word' id='word_1_109' title='bbox 1612 1469 2038 1539; x_wconf 79' lang='lat' dir='ltr'>23).Extrahoc</span> <span class='ocrx_word' id='word_1_110' title='bbox 2066 1485 2282 1539; x_wconf 90' lang='lat' dir='ltr'>corpus</span> 
     </span>
    </p>
   </div>
   <div class='ocr_carea' id='block_1_16' title="bbox 626 1553 2280 1628">
    <p class='ocr_par' dir='ltr' id='par_1_16' title="bbox 626 1553 2280 1628">
     <span class='ocr_line' id='line_1_16' title="bbox 626 1553 2280 1628; baseline 0.004 -22"><span class='ocrx_word' id='word_1_111' title='bbox 626 1553 931 1607; x_wconf 89' lang='lat' dir='ltr'>neminem</span> <span class='ocrx_word' id='word_1_112' title='bbox 953 1554 1206 1608; x_wconf 81' lang='lat' dir='ltr'>viviﬁcat</span> <span class='ocrx_word' id='word_1_113' title='bbox 1224 1554 1475 1625; x_wconf 85' lang='lat' dir='ltr'>Spiritus</span> <span class='ocrx_word' id='word_1_114' title='bbox 1499 1562 1741 1611; x_wconf 89' lang='lat' dir='ltr'>sanctus</span> <span class='ocrx_word' id='word_1_115' title='bbox 1770 1575 1783 1623; x_wconf 91' lang='lat'><strong>;</strong></span> <span class='ocrx_word' id='word_1_116' title='bbox 1805 1558 1965 1628; x_wconf 91' lang='lat' dir='ltr'>quia,</span> <span class='ocrx_word' id='word_1_117' title='bbox 1987 1558 2136 1612; x_wconf 88' lang='lat' dir='ltr'>sicut</span> <span class='ocrx_word' id='word_1_118' title='bbox 2158 1558 2280 1628; x_wconf 87' lang='lat' dir='ltr'>ipse</span> 
     </span>
    </p>
   </div>
   <div class='ocr_carea' id='block_1_17' title="bbox 633 1641 2280 1714">
    <p class='ocr_par' dir='ltr' id='par_1_17' title="bbox 633 1641 2280 1714">
     <span class='ocr_line' id='line_1_17' title="bbox 633 1641 2280 1714; baseline 0.002 -18"><span class='ocrx_word' id='word_1_119' title='bbox 633 1641 775 1696; x_wconf 89' lang='lat' dir='ltr'>dicit</span> <span class='ocrx_word' id='word_1_120' title='bbox 798 1642 1143 1713; x_wconf 82' lang='lat' dir='ltr'>Apostolus,</span> <span class='ocrx_word' id='word_1_121' title='bbox 1175 1644 1451 1699; x_wconf 81' lang='lat' dir='ltr'>Charitas</span> <span class='ocrx_word' id='word_1_122' title='bbox 1466 1646 1807 1714; x_wconf 73' lang='lat' dir='ltr'>Deidi/fusa</span> <span class='ocrx_word' id='word_1_123' title='bbox 1825 1654 1906 1702; x_wconf 70' lang='lat' dir='ltr'>es‘t</span> <span class='ocrx_word' id='word_1_124' title='bbox 1922 1647 1981 1700; x_wconf 87' lang='lat' dir='ltr'>in</span> <span class='ocrx_word' id='word_1_125' title='bbox 2006 1647 2280 1701; x_wconf 79' lang='lat' dir='ltr'>cordibus</span> 
     </span>
    </p>
   </div>
   <div class='ocr_carea' id='block_1_18' title="bbox 634 1731 2279 1806">
    <p class='ocr_par' dir='ltr' id='par_1_18' title="bbox 634 1731 2279 1806">
     <span class='ocr_line' id='line_1_18' title="bbox 634 1731 2279 1806; baseline 0.003 -20"><span class='ocrx_word' id='word_1_126' title='bbox 634 1733 855 1786; x_wconf 76' lang='lat' dir='ltr'>nostris</span> <span class='ocrx_word' id='word_1_127' title='bbox 899 1746 1009 1799; x_wconf 76' lang='lat' dir='ltr'>per</span> <span class='ocrx_word' id='word_1_128' title='bbox 1035 1731 1316 1799; x_wconf 78' lang='lat' dir='ltr'>Spiritum</span> <span class='ocrx_word' id='word_1_129' title='bbox 1365 1739 1637 1790; x_wconf 86' lang='lat' dir='ltr'>sanctum</span> <span class='ocrx_word' id='word_1_130' title='bbox 1681 1735 1785 1806; x_wconf 83' lang='lat' dir='ltr'>qui</span> <span class='ocrx_word' id='word_1_131' title='bbox 1811 1736 1987 1791; x_wconf 85' lang='lat' dir='ltr'>datus</span> <span class='ocrx_word' id='word_1_132' title='bbox 2009 1742 2089 1791; x_wconf 88' lang='lat' dir='ltr'>est</span> <span class='ocrx_word' id='word_1_133' title='bbox 2115 1735 2279 1791; x_wconf 82' lang='lat' dir='ltr'>nobis</span> 
     </span>
    </p>
   </div>
   <div class='ocr_carea' id='block_1_19' title="bbox 625 1819 2275 1896">
    <p class='ocr_par' dir='ltr' id='par_1_19' title="bbox 625 1819 2275 1896">
     <span class='ocr_line' id='line_1_19' title="bbox 625 1819 2275 1896; baseline 0.002 -20"><span class='ocrx_word' id='word_1_134' title='bbox 625 1820 812 1891; x_wconf 78' lang='lat' dir='ltr'>(Rom.</span> <span class='ocrx_word' id='word_1_135' title='bbox 839 1837 892 1886; x_wconf 91' lang='lat' dir='ltr'>v,</span> <span class='ocrx_word' id='word_1_136' title='bbox 913 1819 998 1891; x_wconf 78' lang='lat'>5):</span> <span class='ocrx_word' id='word_1_137' title='bbox 1033 1836 1154 1875; x_wconf 90' lang='lat' dir='ltr'>non</span> <span class='ocrx_word' id='word_1_138' title='bbox 1186 1827 1271 1877; x_wconf 89' lang='lat' dir='ltr'>est</span> <span class='ocrx_word' id='word_1_139' title='bbox 1297 1828 1500 1878; x_wconf 90' lang='lat' dir='ltr'>autem</span> <span class='ocrx_word' id='word_1_140' title='bbox 1525 1825 1821 1896; x_wconf 85' lang='lat' dir='ltr'>particeps</span> <span class='ocrx_word' id='word_1_141' title='bbox 1844 1825 2064 1879; x_wconf 63' lang='lat' dir='ltr'>divinae</span> <span class='ocrx_word' id='word_1_142' title='bbox 2087 1825 2275 1880; x_wconf 88' lang='lat' dir='ltr'>chari-</span> 
     </span>
    </p>
   </div>
   <div class='ocr_carea' id='block_1_20' title="bbox 624 1909 2279 1984">
    <p class='ocr_par' dir='ltr' id='par_1_20' title="bbox 624 1909 2279 1984">
     <span class='ocr_line' id='line_1_20' title="bbox 624 1909 2279 1984; baseline 0.004 -21"><span class='ocrx_word' id='word_1_143' title='bbox 624 1910 780 1973; x_wconf 91' lang='lat' dir='ltr'>tatis,</span> <span class='ocrx_word' id='word_1_144' title='bbox 798 1909 901 1981; x_wconf 89' lang='lat' dir='ltr'>qui</span> <span class='ocrx_word' id='word_1_145' title='bbox 918 1909 1107 1965; x_wconf 91' lang='lat' dir='ltr'>hostis</span> <span class='ocrx_word' id='word_1_146' title='bbox 1131 1916 1221 1965; x_wconf 91' lang='lat' dir='ltr'>est</span> <span class='ocrx_word' id='word_1_147' title='bbox 1246 1912 1510 1966; x_wconf 84' lang='lat' dir='ltr'>unitatis.</span> <span class='ocrx_word' id='word_1_148' title='bbox 1544 1916 1669 1968; x_wconf 90' lang='lat' dir='ltr'>Non</span> <span class='ocrx_word' id='word_1_149' title='bbox 1690 1913 2129 1984; x_wconf 87' lang='lat' dir='ltr'>habentitaque</span> <span class='ocrx_word' id='word_1_150' title='bbox 2153 1913 2279 1984; x_wconf 87' lang='lat' dir='ltr'>Spi-</span> 
     </span>
    </p>
   </div>
   <div class='ocr_carea' id='block_1_21' title="bbox 618 1998 2275 2071">
    <p class='ocr_par' dir='ltr' id='par_1_21' title="bbox 618 1998 2275 2071">
     <span class='ocr_line' id='line_1_21' title="bbox 618 1998 2275 2071; baseline 0.003 -19"><span class='ocrx_word' id='word_1_151' title='bbox 618 1998 797 2053; x_wconf 87' lang='lat' dir='ltr'>ritum</span> <span class='ocrx_word' id='word_1_152' title='bbox 824 2002 1121 2063; x_wconf 88' lang='lat' dir='ltr'>sanctum,</span> <span class='ocrx_word' id='word_1_153' title='bbox 1155 2000 1256 2071; x_wconf 91' lang='lat' dir='ltr'>qui</span> <span class='ocrx_word' id='word_1_154' title='bbox 1292 2007 1430 2054; x_wconf 89' lang='lat' dir='ltr'>sunt</span> <span class='ocrx_word' id='word_1_155' title='bbox 1460 2006 1626 2057; x_wconf 82' lang='lat' dir='ltr'>extra</span> <span class='ocrx_word' id='word_1_156' title='bbox 1662 2003 1987 2057; x_wconf 80' lang='lat' dir='ltr'>Ecclesiam</span> <span class='ocrx_word' id='word_1_157' title='bbox 2023 2020 2036 2057; x_wconf 92' lang='lat'>:</span> <span class='ocrx_word' id='word_1_158' title='bbox 2064 2003 2136 2057; x_wconf 86' lang='lat' dir='ltr'>de</span> <span class='ocrx_word' id='word_1_159' title='bbox 2162 2002 2275 2057; x_wconf 90' lang='lat' dir='ltr'>illis</span> 
     </span>
    </p>
   </div>
   <div class='ocr_carea' id='block_1_22' title="bbox 615 2085 2274 2159">
    <p class='ocr_par' dir='ltr' id='par_1_22' title="bbox 615 2085 2274 2159">
     <span class='ocr_line' id='line_1_22' title="bbox 615 2085 2274 2159; baseline 0.004 -20"><span class='ocrx_word' id='word_1_160' title='bbox 615 2085 837 2157; x_wconf 89' lang='lat' dir='ltr'>quique</span> <span class='ocrx_word' id='word_1_161' title='bbox 865 2086 1152 2157; x_wconf 87' lang='lat' dir='ltr'>scriptum</span> <span class='ocrx_word' id='word_1_162' title='bbox 1174 2092 1283 2150; x_wconf 90' lang='lat' dir='ltr'>est,</span> <span class='ocrx_word' id='word_1_163' title='bbox 1312 2089 1424 2153; x_wconf 83' lang='lat' dir='ltr'>Qui</span> <span class='ocrx_word' id='word_1_164' title='bbox 1442 2090 1661 2157; x_wconf 83' lang='lat' dir='ltr'>seipsos</span> <span class='ocrx_word' id='word_1_165' title='bbox 1683 2097 2020 2159; x_wconf 84' lang='lat' dir='ltr'>segregant,</span> <span class='ocrx_word' id='word_1_166' title='bbox 2046 2092 2274 2146; x_wconf 85' lang='lat' dir='ltr'>anima-</span> 
     </span>
    </p>
   </div>
   <div class='ocr_carea' id='block_1_23' title="bbox 620 2175 2273 2250">
    <p class='ocr_par' dir='ltr' id='par_1_23' title="bbox 620 2175 2273 2250">
     <span class='ocr_line' id='line_1_23' title="bbox 620 2175 2273 2250; baseline 0.003 -20"><span class='ocrx_word' id='word_1_167' title='bbox 620 2176 723 2244; x_wconf 87' lang='lat' dir='ltr'>les,</span> <span class='ocrx_word' id='word_1_168' title='bbox 753 2175 1039 2243; x_wconf 77' lang='lat' dir='ltr'>Spiritum</span> <span class='ocrx_word' id='word_1_169' title='bbox 1061 2191 1181 2230; x_wconf 86' lang='lat' dir='ltr'>non</span> <span class='ocrx_word' id='word_1_170' title='bbox 1213 2178 1493 2233; x_wconf 77' lang='lat' dir='ltr'>habentes</span> <span class='ocrx_word' id='word_1_171' title='bbox 1524 2179 1720 2250; x_wconf 76' lang='lat' dir='ltr'>(Judae</span> <span class='ocrx_word' id='word_1_172' title='bbox 1752 2180 1865 2249; x_wconf 91' lang='grc'><strong>19).</strong></span> <span class='ocrx_word' id='word_1_173' title='bbox 1894 2180 2005 2234; x_wconf 87' lang='lat' dir='ltr'>Sed</span> <span class='ocrx_word' id='word_1_174' title='bbox 2040 2196 2148 2235; x_wconf 90' lang='lat' dir='ltr'>nec</span> <span class='ocrx_word' id='word_1_175' title='bbox 2180 2179 2273 2235; x_wconf 89' lang='lat' dir='ltr'>ille</span> 
     </span>
    </p>
   </div>
   <div class='ocr_carea' id='block_1_24' title="bbox 618 2264 2275 2340">
    <p class='ocr_par' dir='ltr' id='par_1_24' title="bbox 618 2264 2275 2340">
     <span class='ocr_line' id='line_1_24' title="bbox 618 2264 2275 2340; baseline 0.004 -23"><span class='ocrx_word' id='word_1_176' title='bbox 618 2279 755 2318; x_wconf 90' lang='lat' dir='ltr'>eum</span> <span class='ocrx_word' id='word_1_177' title='bbox 784 2264 1051 2335; x_wconf 88' lang='lat' dir='ltr'>percipit,</span> <span class='ocrx_word' id='word_1_178' title='bbox 1080 2264 1177 2336; x_wconf 90' lang='lat' dir='ltr'>qui</span> <span class='ocrx_word' id='word_1_179' title='bbox 1206 2266 1377 2320; x_wconf 89' lang='lat' dir='ltr'>tictus</span> <span class='ocrx_word' id='word_1_180' title='bbox 1411 2273 1503 2321; x_wconf 90' lang='lat' dir='ltr'>est</span> <span class='ocrx_word' id='word_1_181' title='bbox 1523 2268 1581 2322; x_wconf 91' lang='lat' dir='ltr'>in</span> <span class='ocrx_word' id='word_1_182' title='bbox 1600 2268 1877 2333; x_wconf 81' lang='lat' dir='ltr'>Ecclesia,</span> <span class='ocrx_word' id='word_1_183' title='bbox 1907 2270 2195 2340; x_wconf 91' lang='lat' dir='ltr'>quoniam</span> <span class='ocrx_word' id='word_1_184' title='bbox 2219 2274 2275 2323; x_wconf 91' lang='lat' dir='ltr'>et</span> 
     </span>
    </p>
   </div>
   <div class='ocr_carea' id='block_1_25' title="bbox 614 2352 2273 2426">
    <p class='ocr_par' dir='ltr' id='par_1_25' title="bbox 614 2352 2273 2426">
     <span class='ocr_line' id='line_1_25' title="bbox 614 2352 2273 2426; baseline 0.004 -20"><span class='ocrx_word' id='word_1_185' title='bbox 614 2352 753 2407; x_wconf 89' lang='lat' dir='ltr'>inde</span> <span class='ocrx_word' id='word_1_186' title='bbox 770 2353 1056 2423; x_wconf 87' lang='lat' dir='ltr'>scriptum</span> <span class='ocrx_word' id='word_1_187' title='bbox 1073 2357 1185 2418; x_wconf 91' lang='lat' dir='ltr'>est,</span> <span class='ocrx_word' id='word_1_188' title='bbox 1216 2356 1475 2410; x_wconf 82' lang='lat' dir='ltr'>Sanctus</span> <span class='ocrx_word' id='word_1_189' title='bbox 1492 2356 1644 2411; x_wconf 84' lang='lat' dir='ltr'>enim</span> <span class='ocrx_word' id='word_1_190' title='bbox 1660 2358 1923 2424; x_wconf 76' lang='lat' dir='ltr'>Spiritus</span> <span class='ocrx_word' id='word_1_191' title='bbox 1939 2358 2273 2426; x_wconf 65' lang='lat' dir='ltr'>disciplinas</span> 
     </span>
    </p>
   </div>
   <div class='ocr_carea' id='block_1_26' title="bbox 616 2441 2269 2514">
    <p class='ocr_par' dir='ltr' id='par_1_26' title="bbox 616 2441 2269 2514">
     <span class='ocr_line' id='line_1_26' title="bbox 616 2441 2269 2514; baseline 0.002 -17"><span class='ocrx_word' id='word_1_192' title='bbox 616 2441 856 2510; x_wconf 75' lang='lat' dir='ltr'>e/iugiet</span> <span class='ocrx_word' id='word_1_193' title='bbox 910 2443 1115 2509; x_wconf 82' lang='lat' dir='ltr'>ﬁctum</span> <span class='ocrx_word' id='word_1_194' title='bbox 1167 2443 1333 2512; x_wconf 77' lang='lat' dir='ltr'>(Sap.</span> <span class='ocrx_word' id='word_1_195' title='bbox 1370 2461 1403 2509; x_wconf 83' lang='grc' dir='ltr'><strong>ι,</strong></span> <span class='ocrx_word' id='word_1_196' title='bbox 1446 2445 1519 2514; x_wconf 82' lang='lat'>5).</span> <span class='ocrx_word' id='word_1_197' title='bbox 1555 2444 1663 2510; x_wconf 88' lang='lat' dir='ltr'>Qui</span> <span class='ocrx_word' id='word_1_198' title='bbox 1724 2461 1865 2513; x_wconf 84' lang='lat' dir='ltr'>ergo</span> <span class='ocrx_word' id='word_1_199' title='bbox 1896 2447 2017 2499; x_wconf 86' lang='lat' dir='ltr'>vult</span> <span class='ocrx_word' id='word_1_200' title='bbox 2048 2446 2269 2501; x_wconf 89' lang='lat' dir='ltr'>habere</span> 
     </span>
    </p>
   </div>
   <div class='ocr_carea' id='block_1_27' title="bbox 617 2530 2270 2599">
    <p class='ocr_par' dir='ltr' id='par_1_27' title="bbox 617 2530 2270 2599">
     <span class='ocr_line' id='line_1_27' title="bbox 617 2530 2270 2599; baseline 0.004 -16"><span class='ocrx_word' id='word_1_201' title='bbox 617 2530 898 2599; x_wconf 86' lang='lat' dir='ltr'>Spiritum</span> <span class='ocrx_word' id='word_1_202' title='bbox 929 2534 1223 2595; x_wconf 90' lang='lat' dir='ltr'>sanctum,</span> <span class='ocrx_word' id='word_1_203' title='bbox 1258 2537 1461 2586; x_wconf 86' lang='lat' dir='ltr'>caveat</span> <span class='ocrx_word' id='word_1_204' title='bbox 1506 2532 1649 2586; x_wconf 81' lang='lat' dir='ltr'>foris</span> <span class='ocrx_word' id='word_1_205' title='bbox 1683 2534 1759 2587; x_wconf 88' lang='lat' dir='ltr'>ab</span> <span class='ocrx_word' id='word_1_206' title='bbox 1792 2534 2052 2590; x_wconf 86' lang='lat' dir='ltr'>Ecclesia</span> <span class='ocrx_word' id='word_1_207' title='bbox 2082 2551 2270 2590; x_wconf 85' lang='lat' dir='ltr'>rema-</span> 
     </span>
    </p>
   </div>
   <div class='ocr_carea' id='block_1_28' title="bbox 614 2619 2271 2682">
    <p class='ocr_par' dir='ltr' id='par_1_28' title="bbox 614 2619 2271 2682">
     <span class='ocr_line' id='line_1_28' title="bbox 614 2619 2271 2682; baseline 0.004 -10"><span class='ocrx_word' id='word_1_208' title='bbox 614 2633 777 2682; x_wconf 90' lang='lat' dir='ltr'>nere,</span> <span class='ocrx_word' id='word_1_209' title='bbox 810 2624 1018 2674; x_wconf 88' lang='lat' dir='ltr'>caveat</span> <span class='ocrx_word' id='word_1_210' title='bbox 1037 2619 1095 2673; x_wconf 91' lang='lat' dir='ltr'>in</span> <span class='ocrx_word' id='word_1_211' title='bbox 1114 2620 1326 2675; x_wconf 89' lang='lat' dir='ltr'>eadem</span> <span class='ocrx_word' id='word_1_212' title='bbox 1345 2636 1478 2675; x_wconf 88' lang='lat' dir='ltr'>eam</span> <span class='ocrx_word' id='word_1_213' title='bbox 1504 2620 1853 2676; x_wconf 73' lang='lat' dir='ltr'>simulatus1</span> <span class='ocrx_word' id='word_1_214' title='bbox 1893 2624 2138 2679; x_wconf 85' lang='lat' dir='ltr'>intrare:</span> <span class='ocrx_word' id='word_1_215' title='bbox 2167 2629 2271 2678; x_wconf 90' lang='lat' dir='ltr'>aut</span> 
     </span>
    </p>
   </div>
   <div class='ocr_carea' id='block_1_29' title="bbox 617 2706 2266 2783">
    <p class='ocr_par' dir='ltr' id='par_1_29' title="bbox 617 2706 2266 2783">
     <span class='ocr_line' id='line_1_29' title="bbox 617 2706 2266 2783; baseline 0.004 -22"><span class='ocrx_word' id='word_1_216' title='bbox 617 2706 664 2761; x_wconf 90' lang='lat' dir='ltr'>si</span> <span class='ocrx_word' id='word_1_217' title='bbox 674 2706 801 2777; x_wconf 86' lang='lat' dir='ltr'>jam</span> <span class='ocrx_word' id='word_1_218' title='bbox 828 2707 1210 2763; x_wconf 89' lang='lat' dir='ltr'>talisintravit</span> <span class='ocrx_word' id='word_1_219' title='bbox 1229 2710 1528 2773; x_wconf 89' lang='lat' dir='ltr'>;caveatin</span> <span class='ocrx_word' id='word_1_220' title='bbox 1543 2710 1918 2767; x_wconf 89' lang='lat' dir='ltr'>simulatione</span> <span class='ocrx_word' id='word_1_221' title='bbox 1935 2714 2266 2783; x_wconf 87' lang='lat' dir='ltr'>persistere,</span> 
     </span>
    </p>
   </div>
   <div class='ocr_carea' id='block_1_30' title="bbox 616 2795 1765 2854">
    <p class='ocr_par' dir='ltr' id='par_1_30' title="bbox 616 2795 1765 2854">
     <span class='ocr_line' id='line_1_30' title="bbox 616 2795 1765 2854; baseline 0.003 -5"><span class='ocrx_word' id='word_1_222' title='bbox 616 2799 678 2849; x_wconf 91' lang='lat' dir='ltr'>ut</span> <span class='ocrx_word' id='word_1_223' title='bbox 716 2795 1003 2851; x_wconf 88' lang='lat' dir='ltr'>veraciter</span> <span class='ocrx_word' id='word_1_224' title='bbox 1042 2796 1337 2852; x_wconf 86' lang='lat' dir='ltr'>coalescat</span> <span class='ocrx_word' id='word_1_225' title='bbox 1368 2798 1569 2852; x_wconf 90' lang='lat' dir='ltr'>arbori</span> <span class='ocrx_word' id='word_1_226' title='bbox 1605 2798 1765 2854; x_wconf 68' lang='lat' dir='ltr'>vitae.</span> 
     </span>
    </p>
   </div>
   <div class='ocr_carea' id='block_1_31' title="bbox 682 2884 2266 2953">
    <p class='ocr_par' dir='ltr' id='par_1_31' title="bbox 682 2884 2266 2953">
     <span class='ocr_line' id='line_1_31' title="bbox 682 2884 2266 2953; baseline 0.004 -16"><span class='ocrx_word' id='word_1_227' title='bbox 682 2885 769 2937; x_wconf 86' lang='grc'><strong>51.</strong></span> <span class='ocrx_word' id='word_1_228' title='bbox 804 2884 1108 2938; x_wconf 86' lang='lat' dir='ltr'>Prolixum</span> <span class='ocrx_word' id='word_1_229' title='bbox 1152 2885 1256 2939; x_wconf 90' lang='lat' dir='ltr'>tibi</span> <span class='ocrx_word' id='word_1_230' title='bbox 1288 2884 1509 2940; x_wconf 90' lang='lat' dir='ltr'>librum</span> <span class='ocrx_word' id='word_1_231' title='bbox 1553 2886 1760 2953; x_wconf 80' lang='lat' dir='ltr'>direxi,</span> <span class='ocrx_word' id='word_1_232' title='bbox 1788 2892 1844 2943; x_wconf 91' lang='lat' dir='ltr'>et</span> <span class='ocrx_word' id='word_1_233' title='bbox 1875 2888 1986 2942; x_wconf 89' lang='lat' dir='ltr'>tuis</span> <span class='ocrx_word' id='word_1_234' title='bbox 2019 2889 2266 2944; x_wconf 81' lang='lat' dir='ltr'>fortasse</span> 
     </span>
    </p>
   </div>
   <div class='ocr_carea' id='block_1_32' title="bbox 608 2972 2265 3046">
    <p class='ocr_par' dir='ltr' id='par_1_32' title="bbox 608 2972 2265 3046">
     <span class='ocr_line' id='line_1_32' title="bbox 608 2972 2265 3046; baseline 0.003 -19"><span class='ocrx_word' id='word_1_235' title='bbox 608 2972 1107 3043; x_wconf 90' lang='lat' dir='ltr'>occupationibus</span> <span class='ocrx_word' id='word_1_236' title='bbox 1137 2989 1479 3029; x_wconf 89' lang='lat' dir='ltr'>onerosum.</span> <span class='ocrx_word' id='word_1_237' title='bbox 1514 2973 1570 3028; x_wconf 93' lang='lat' dir='ltr'>Si</span> <span class='ocrx_word' id='word_1_238' title='bbox 1595 2990 1736 3043; x_wconf 90' lang='lat' dir='ltr'>ergo</span> <span class='ocrx_word' id='word_1_239' title='bbox 1762 2977 2019 3046; x_wconf 89' lang='lat' dir='ltr'>potuerit</span> <span class='ocrx_word' id='word_1_240' title='bbox 2044 2976 2147 3031; x_wconf 90' lang='lat' dir='ltr'>tibi</span> <span class='ocrx_word' id='word_1_241' title='bbox 2174 2977 2265 3032; x_wconf 88' lang='lat' dir='ltr'>vel</span> 
     </span>
    </p>
   </div>
   <div class='ocr_carea' id='block_1_33' title="bbox 608 3060 2266 3133">
    <p class='ocr_par' dir='ltr' id='par_1_33' title="bbox 608 3060 2266 3133">
     <span class='ocr_line' id='line_1_33' title="bbox 608 3060 2266 3133; baseline 0.004 -18"><span class='ocrx_word' id='word_1_242' title='bbox 608 3061 880 3131; x_wconf 86' lang='lat' dir='ltr'>partibus</span> <span class='ocrx_word' id='word_1_243' title='bbox 919 3060 1053 3132; x_wconf 84' lang='lat' dir='ltr'>legi,</span> <span class='ocrx_word' id='word_1_244' title='bbox 1094 3060 1263 3117; x_wconf 89' lang='lat' dir='ltr'>dabit</span> <span class='ocrx_word' id='word_1_245' title='bbox 1311 3061 1413 3117; x_wconf 86' lang='lat' dir='ltr'>tibi</span> <span class='ocrx_word' id='word_1_246' title='bbox 1448 3062 1739 3118; x_wconf 91' lang='lat' dir='ltr'>Dominus</span> <span class='ocrx_word' id='word_1_247' title='bbox 1785 3065 2170 3133; x_wconf 88' lang='lat' dir='ltr'>intellectum,</span> <span class='ocrx_word' id='word_1_248' title='bbox 2201 3071 2266 3121; x_wconf 84' lang='lat' dir='ltr'>ut</span> 
     </span>
    </p>
   </div>
   <div class='ocr_carea' id='block_1_34' title="bbox 611 3149 2263 3226">
    <p class='ocr_par' dir='ltr' id='par_1_34' title="bbox 611 3149 2263 3226">
     <span class='ocr_line' id='line_1_34' title="bbox 611 3149 2263 3226; baseline 0.003 -21"><span class='ocrx_word' id='word_1_249' title='bbox 611 3149 841 3205; x_wconf 88' lang='lat' dir='ltr'>habeas</span> <span class='ocrx_word' id='word_1_250' title='bbox 872 3149 1019 3221; x_wconf 90' lang='lat' dir='ltr'>quid</span> <span class='ocrx_word' id='word_1_251' title='bbox 1044 3149 1413 3221; x_wconf 89' lang='lat' dir='ltr'>respondeas</span> <span class='ocrx_word' id='word_1_252' title='bbox 1443 3152 1527 3205; x_wconf 91' lang='lat' dir='ltr'>eis</span> <span class='ocrx_word' id='word_1_253' title='bbox 1554 3152 1924 3221; x_wconf 87' lang='lat' dir='ltr'>corrigendis</span> <span class='ocrx_word' id='word_1_254' title='bbox 1966 3159 2146 3226; x_wconf 89' lang='lat' dir='ltr'>atque</span> <span class='ocrx_word' id='word_1_255' title='bbox 2174 3171 2263 3210; x_wconf 90' lang='lat' dir='ltr'>sa-</span> 
     </span>
    </p>
   </div>
   <div class='ocr_carea' id='block_1_35' title="bbox 606 3239 2263 3312">
    <p class='ocr_par' dir='ltr' id='par_1_35' title="bbox 606 3239 2263 3312">
     <span class='ocr_line' id='line_1_35' title="bbox 606 3239 2263 3312; baseline 0.003 -18"><span class='ocrx_word' id='word_1_256' title='bbox 606 3239 847 3303; x_wconf 88' lang='lat' dir='ltr'>nandis,</span> <span class='ocrx_word' id='word_1_257' title='bbox 881 3254 1030 3309; x_wconf 89' lang='lat' dir='ltr'>quos</span> <span class='ocrx_word' id='word_1_258' title='bbox 1062 3239 1239 3293; x_wconf 90' lang='lat' dir='ltr'>etiam</span> <span class='ocrx_word' id='word_1_259' title='bbox 1260 3239 1493 3310; x_wconf 90' lang='lat' dir='ltr'>tibiipsi</span> <span class='ocrx_word' id='word_1_260' title='bbox 1520 3241 1973 3312; x_wconf 81' lang='lat' dir='ltr'>tanquamﬁdeli</span> <span class='ocrx_word' id='word_1_261' title='bbox 1996 3244 2116 3299; x_wconf 86' lang='lat' dir='ltr'>tilio</span> <span class='ocrx_word' id='word_1_262' title='bbox 2138 3260 2263 3300; x_wconf 88' lang='lat' dir='ltr'>ma-</span> 
     </span>
    </p>
   </div>
   <div class='ocr_carea' id='block_1_36' title="bbox 606 3327 2259 3403">
    <p class='ocr_par' dir='ltr' id='par_1_36' title="bbox 606 3327 2259 3403">
     <span class='ocr_line' id='line_1_36' title="bbox 606 3327 2259 3403; baseline 0.001 -20"><span class='ocrx_word' id='word_1_263' title='bbox 606 3333 692 3383; x_wconf 89' lang='lat' dir='ltr'>ter</span> <span class='ocrx_word' id='word_1_264' title='bbox 753 3328 1035 3393; x_wconf 89' lang='lat' dir='ltr'>Ecclesia,</span> <span class='ocrx_word' id='word_1_265' title='bbox 1071 3327 1171 3381; x_wconf 90' lang='lat' dir='ltr'>ubi</span> <span class='ocrx_word' id='word_1_266' title='bbox 1222 3328 1501 3397; x_wconf 89' lang='lat' dir='ltr'>potueris,</span> <span class='ocrx_word' id='word_1_267' title='bbox 1538 3334 1594 3383; x_wconf 91' lang='lat' dir='ltr'>et</span> <span class='ocrx_word' id='word_1_268' title='bbox 1632 3330 1943 3400; x_wconf 91' lang='lat' dir='ltr'>quomodo</span> <span class='ocrx_word' id='word_1_269' title='bbox 1975 3332 2259 3403; x_wconf 89' lang='lat' dir='ltr'>potueris,</span> 
     </span>
    </p>
   </div>
   <div class='ocr_carea' id='block_1_37' title="bbox 607 3415 2262 3487">
    <p class='ocr_par' dir='ltr' id='par_1_37' title="bbox 607 3415 2262 3487">
     <span class='ocr_line' id='line_1_37' title="bbox 607 3415 2262 3487; baseline 0.004 -17"><span class='ocrx_word' id='word_1_270' title='bbox 607 3416 733 3471; x_wconf 88' lang='lat' dir='ltr'>sive</span> <span class='ocrx_word' id='word_1_271' title='bbox 764 3417 888 3486; x_wconf 89' lang='lat' dir='ltr'>ipse</span> <span class='ocrx_word' id='word_1_272' title='bbox 909 3415 1214 3487; x_wconf 88' lang='lat' dir='ltr'>loquendo</span> <span class='ocrx_word' id='word_1_273' title='bbox 1241 3420 1297 3471; x_wconf 90' lang='lat' dir='ltr'>et</span> <span class='ocrx_word' id='word_1_274' title='bbox 1318 3416 1771 3487; x_wconf 88' lang='lat' dir='ltr'>respondendo,</span> <span class='ocrx_word' id='word_1_275' title='bbox 1802 3419 1923 3473; x_wconf 86' lang='lat' dir='ltr'>sive</span> <span class='ocrx_word' id='word_1_276' title='bbox 1953 3420 2027 3475; x_wconf 90' lang='lat' dir='ltr'>ad</span> <span class='ocrx_word' id='word_1_277' title='bbox 2060 3421 2262 3476; x_wconf 90' lang='lat' dir='ltr'>docto-</span> 
     </span>
    </p>
   </div>
   <div class='ocr_carea' id='block_1_38' title="bbox 606 3504 2261 3577">
    <p class='ocr_par' dir='ltr' id='par_1_38' title="bbox 606 3504 2261 3577">
     <span class='ocr_line' id='line_1_38' title="bbox 606 3504 2261 3577; baseline 0.003 -17"><span class='ocrx_word' id='word_1_278' title='bbox 606 3520 702 3560; x_wconf 90' lang='lat' dir='ltr'>res</span> <span class='ocrx_word' id='word_1_279' title='bbox 761 3504 1030 3560; x_wconf 64' lang='lat' dir='ltr'>Ecclesiaa</span> <span class='ocrx_word' id='word_1_280' title='bbox 1083 3505 1489 3576; x_wconf 87' lang='lat' dir='ltr'>perducendo,</span> <span class='ocrx_word' id='word_1_281' title='bbox 1557 3506 1617 3560; x_wconf 92' lang='lat' dir='ltr'>in</span> <span class='ocrx_word' id='word_1_282' title='bbox 1673 3506 1971 3577; x_wconf 90' lang='lat' dir='ltr'>adjutorio</span> <span class='ocrx_word' id='word_1_283' title='bbox 2026 3509 2261 3565; x_wconf 88' lang='lat' dir='ltr'>Domini</span> 
     </span>
    </p>
   </div>
   <div class='ocr_carea' id='block_1_39' title="bbox 610 3594 1884 3666">
    <p class='ocr_par' dir='ltr' id='par_1_39' title="bbox 610 3594 1884 3666">
     <span class='ocr_line' id='line_1_39' title="bbox 610 3594 1884 3666; baseline 0.002 -18"><span class='ocrx_word' id='word_1_284' title='bbox 610 3594 997 3662; x_wconf 85' lang='lat' dir='ltr'>corrigendos</span> <span class='ocrx_word' id='word_1_285' title='bbox 1030 3595 1457 3666; x_wconf 89' lang='lat' dir='ltr'>sanandosque</span> <span class='ocrx_word' id='word_1_286' title='bbox 1482 3596 1884 3652; x_wconf 89' lang='lat' dir='ltr'>commendat.</span> 
     </span>
    </p>
   </div>
   <div class='ocr_carea' id='block_1_40' title="bbox 1002 3718 1863 3791">
    <p class='ocr_par' dir='ltr' id='par_1_40' title="bbox 1002 3718 1863 3791">
     <span class='ocr_line' id='line_1_40' title="bbox 1002 3718 1863 3791; baseline 0.003 -20"><span class='ocrx_word' id='word_1_287' title='bbox 1002 3718 1340 3773; x_wconf 82' lang='lat' dir='ltr'>EPISTOLA</span> <span class='ocrx_word' id='word_1_288' title='bbox 1383 3718 1667 3773; x_wconf 77' lang='lat' dir='ltr'>CLXXXVI</span> <span class='ocrx_word' id='word_1_289' title='bbox 1713 3720 1727 3734; x_wconf 95' lang='grc'><strong>·</strong></span> <span class='ocrx_word' id='word_1_290' title='bbox 1766 3720 1863 3791; x_wconf 86' lang='lat' dir='ltr'>(a).</span> 
     </span>
    </p>
   </div>
   <div class='ocr_carea' id='block_1_41' title="bbox 602 3844 2257 3915">
    <p class='ocr_par' dir='ltr' id='par_1_41' title="bbox 602 3844 2257 3915">
     <span class='ocr_line' id='line_1_41' title="bbox 602 3844 2257 3915; baseline 0.001 -14"><span class='ocrx_word' id='word_1_291' title='bbox 602 3844 865 3915; x_wconf 81' lang='lat' dir='ltr'>Alypius</span> <span class='ocrx_word' id='word_1_292' title='bbox 888 3844 1324 3914; x_wconf 76' lang='lat' dir='ltr'>etA-ugustiuus</span> <span class='ocrx_word' id='word_1_293' title='bbox 1345 3844 1600 3901; x_wconf 79' lang='lat' dir='ltr'>Paulino</span> <span class='ocrx_word' id='word_1_294' title='bbox 1620 3845 1902 3915; x_wconf 85' lang='lat' dir='ltr'>episcopo,</span> <span class='ocrx_word' id='word_1_295' title='bbox 1920 3848 2108 3914; x_wconf 82' lang='lat' dir='ltr'>ipsum</span> <span class='ocrx_word' id='word_1_296' title='bbox 2137 3848 2257 3915; x_wconf 76' lang='lat' dir='ltr'>ple-</span> 
     </span>
    </p>
   </div>
   <div class='ocr_carea' id='block_1_42' title="bbox 708 3933 2146 4003">
    <p class='ocr_par' dir='ltr' id='par_1_42' title="bbox 708 3933 2146 4003">
     <span class='ocr_line' id='line_1_42' title="bbox 708 3933 2146 4003; baseline 0.001 -14"><span class='ocrx_word' id='word_1_297' title='bbox 708 3934 842 3989; x_wconf 84' lang='lat' dir='ltr'>nius</span> <span class='ocrx_word' id='word_1_298' title='bbox 872 3934 1244 3988; x_wconf 85' lang='lat' dir='ltr'>instz’tuentes</span> <span class='ocrx_word' id='word_1_299' title='bbox 1276 3933 1562 3988; x_wconf 82' lang='lat' dir='ltr'>adversus</span> <span class='ocrx_word' id='word_1_300' title='bbox 1591 3934 1827 4003; x_wconf 81' lang='lat' dir='ltr'>Pelagii</span> <span class='ocrx_word' id='word_1_301' title='bbox 1858 3936 2146 3990; x_wconf 72' lang='lat' dir='ltr'>Itazresim.</span> 
     </span>
    </p>
   </div>
   <div class='ocr_carea' id='block_1_43' title="bbox 603 4058 2255 4133">
    <p class='ocr_par' dir='ltr' id='par_1_43' title="bbox 603 4058 2255 4133">
     <span class='ocr_line' id='line_1_43' title="bbox 603 4058 2255 4133; baseline 0.002 -18"><span class='ocrx_word' id='word_1_302' title='bbox 603 4059 857 4115; x_wconf 91' lang='lat' dir='ltr'>Domino</span> <span class='ocrx_word' id='word_1_303' title='bbox 911 4058 1257 4114; x_wconf 87' lang='lat' dir='ltr'>beatissimo</span> <span class='ocrx_word' id='word_1_304' title='bbox 1296 4064 1352 4114; x_wconf 90' lang='lat' dir='ltr'>et</span> <span class='ocrx_word' id='word_1_305' title='bbox 1403 4059 1463 4114; x_wconf 92' lang='lat' dir='ltr'>in</span> <span class='ocrx_word' id='word_1_306' title='bbox 1494 4060 1701 4115; x_wconf 85' lang='lat' dir='ltr'>Christi</span> <span class='ocrx_word' id='word_1_307' title='bbox 1748 4061 2079 4117; x_wconf 82' lang='lat' dir='ltr'>visceribus</span> <span class='ocrx_word' id='word_1_308' title='bbox 2129 4079 2255 4133; x_wconf 86' lang='lat' dir='ltr'>ger-</span> 
     </span>
    </p>
   </div>
   <div class='ocr_carea' id='block_1_44' title="bbox 668 4146 2253 4222">
    <p class='ocr_par' dir='ltr' id='par_1_44' title="bbox 668 4146 2253 4222">
     <span class='ocr_line' id='line_1_44' title="bbox 668 4146 2253 4222; baseline 0.003 -19"><span class='ocrx_word' id='word_1_309' title='bbox 668 4148 930 4204; x_wconf 88' lang='lat' dir='ltr'>manitus</span> <span class='ocrx_word' id='word_1_310' title='bbox 958 4146 1397 4218; x_wconf 90' lang='lat' dir='ltr'>amplectendo,</span> <span class='ocrx_word' id='word_1_311' title='bbox 1434 4147 1567 4218; x_wconf 91' lang='lat' dir='ltr'>plus</span> <span class='ocrx_word' id='word_1_312' title='bbox 1595 4164 1779 4218; x_wconf 89' lang='lat' dir='ltr'>quam</span> <span class='ocrx_word' id='word_1_313' title='bbox 1804 4148 1919 4204; x_wconf 89' lang='lat' dir='ltr'>dici</span> <span class='ocrx_word' id='word_1_314' title='bbox 1940 4152 2253 4222; x_wconf 87' lang='lat' dir='ltr'>potestde-</span> 
     </span>
    </p>
   </div>
   <div class='ocr_carea' id='block_1_45' title="bbox 671 4236 2248 4310">
    <p class='ocr_par' dir='ltr' id='par_1_45' title="bbox 671 4236 2248 4310">
     <span class='ocr_line' id='line_1_45' title="bbox 671 4236 2248 4310; baseline 0.001 -19"><span class='ocrx_word' id='word_1_315' title='bbox 671 4236 973 4293; x_wconf 89' lang='lat' dir='ltr'>siderabili</span> <span class='ocrx_word' id='word_1_316' title='bbox 1003 4236 1165 4292; x_wconf 85' lang='lat' dir='ltr'>fratri</span> <span class='ocrx_word' id='word_1_317' title='bbox 1212 4241 1269 4291; x_wconf 89' lang='lat' dir='ltr'>et</span> <span class='ocrx_word' id='word_1_318' title='bbox 1308 4239 1667 4307; x_wconf 91' lang='lat' dir='ltr'>coepiscopo</span> <span class='ocrx_word' id='word_1_319' title='bbox 1701 4238 1943 4293; x_wconf 77' lang='lat' dir='ltr'>PAULINO</span> <span class='ocrx_word' id='word_1_320' title='bbox 1970 4240 2076 4310; x_wconf 76' lang='grc' dir='ltr'>(ὁ),</span> <span class='ocrx_word' id='word_1_321' title='bbox 2108 4244 2248 4296; x_wconf 66' lang='lat' dir='ltr'>Arv-</span> 
     </span>
    </p>
   </div>
   <div class='ocr_carea' id='block_1_46' title="bbox 668 4328 1284 4383">
    <p class='ocr_par' dir='ltr' id='par_1_46' title="bbox 668 4328 1284 4383">
     <span class='ocr_line' id='line_1_46' title="bbox 668 4328 1284 4383; baseline -0.002 -3"><span class='ocrx_word' id='word_1_322' title='bbox 668 4343 783 4383; x_wconf 88' lang='lat' dir='ltr'>PlUS</span> <span class='ocrx_word' id='word_1_323' title='bbox 824 4332 880 4382; x_wconf 91' lang='lat' dir='ltr'>et</span> <span class='ocrx_word' id='word_1_324' title='bbox 904 4328 1284 4381; x_wconf 74' lang='lat' dir='ltr'>Aucusrmus.</span> 
     </span>
    </p>
   </div>
   <div class='ocr_carea' id='block_1_47' title="bbox 669 4441 2251 4517">
    <p class='ocr_par' dir='ltr' id='par_1_47' title="bbox 669 4441 2251 4517">
     <span class='ocr_line' id='line_1_47' title="bbox 669 4441 2251 4517; baseline 0.001 -16"><span class='ocrx_word' id='word_1_325' title='bbox 669 4444 895 4501; x_wconf 85' lang='lat' dir='ltr'>CAPUT</span> <span class='ocrx_word' id='word_1_326' title='bbox 935 4443 1217 4499; x_wconf 84' lang='lat' dir='ltr'>PRIMUM.</span> <span class='ocrx_word' id='word_1_327' title='bbox 1250 4473 1316 4481; x_wconf 96' lang='lat'><strong>—</strong></span> <span class='ocrx_word' id='word_1_328' title='bbox 1335 4442 1383 4495; x_wconf 91' lang='grc'><strong>1.</strong></span> <span class='ocrx_word' id='word_1_329' title='bbox 1404 4441 1670 4497; x_wconf 86' lang='lat' dir='ltr'>Tandem</span> <span class='ocrx_word' id='word_1_330' title='bbox 1697 4442 2026 4514; x_wconf 88' lang='lat' dir='ltr'>aliquando</span> <span class='ocrx_word' id='word_1_331' title='bbox 2053 4447 2251 4517; x_wconf 85' lang='lat' dir='ltr'>provi-</span> 
     </span>
    </p>
   </div>
   <div class='ocr_carea' id='block_1_48' title="bbox 597 4530 2244 4607">
    <p class='ocr_par' dir='ltr' id='par_1_48' title="bbox 597 4530 2244 4607">
     <span class='ocr_line' id='line_1_48' title="bbox 597 4530 2244 4607; baseline 0.002 -19"><span class='ocrx_word' id='word_1_332' title='bbox 597 4533 683 4588; x_wconf 91' lang='lat' dir='ltr'>dit</span> <span class='ocrx_word' id='word_1_333' title='bbox 706 4536 857 4587; x_wconf 89' lang='lat' dir='ltr'>Deus</span> <span class='ocrx_word' id='word_1_334' title='bbox 884 4532 1057 4588; x_wconf 90' lang='lat' dir='ltr'>nobis</span> <span class='ocrx_word' id='word_1_335' title='bbox 1086 4532 1416 4587; x_wconf 89' lang='lat' dir='ltr'>litterarum</span> <span class='ocrx_word' id='word_1_336' title='bbox 1434 4530 1848 4587; x_wconf 84' lang='lat' dir='ltr'>ﬁdelissimum</span> <span class='ocrx_word' id='word_1_337' title='bbox 1866 4533 2244 4607; x_wconf 88' lang='lat' dir='ltr'>perlatorem,</span> 
     </span>
    </p>
   </div>
   <div class='ocr_carea' id='block_1_49' title="bbox 597 4620 2246 4680">
    <p class='ocr_par' dir='ltr' id='par_1_49' title="bbox 597 4620 2246 4680">
     <span class='ocr_line' id='line_1_49' title="bbox 597 4620 2246 4680; baseline 0.002 -4"><span class='ocrx_word' id='word_1_338' title='bbox 597 4621 870 4677; x_wconf 90' lang='lat' dir='ltr'>omnium</span> <span class='ocrx_word' id='word_1_339' title='bbox 943 4625 1210 4675; x_wconf 88' lang='lat' dir='ltr'>nostrum</span> <span class='ocrx_word' id='word_1_340' title='bbox 1264 4620 1473 4675; x_wconf 88' lang='lat' dir='ltr'>merito</span> <span class='ocrx_word' id='word_1_341' title='bbox 1533 4620 1953 4677; x_wconf 86' lang='lat' dir='ltr'>charissimum</span> <span class='ocrx_word' id='word_1_342' title='bbox 2004 4622 2246 4680; x_wconf 82' lang='lat' dir='ltr'>fratrem</span> 
     </span>
    </p>
   </div>
   <div class='ocr_carea' id='block_1_50' title="bbox 598 4708 2243 4781">
    <p class='ocr_par' dir='ltr' id='par_1_50' title="bbox 598 4708 2243 4781">
     <span class='ocr_line' id='line_1_50' title="bbox 598 4708 2243 4781; baseline 0.001 -16"><span class='ocrx_word' id='word_1_343' title='bbox 598 4709 989 4780; x_wconf 78' lang='lat' dir='ltr'>Januarium;</span> <span class='ocrx_word' id='word_1_344' title='bbox 1027 4725 1134 4781; x_wconf 92' lang='lat' dir='ltr'>per</span> <span class='ocrx_word' id='word_1_345' title='bbox 1158 4725 1361 4781; x_wconf 89' lang='lat' dir='ltr'>quem,</span> <span class='ocrx_word' id='word_1_346' title='bbox 1413 4708 1648 4764; x_wconf 90' lang='lat' dir='ltr'>etiamsi</span> <span class='ocrx_word' id='word_1_347' title='bbox 1674 4726 1795 4765; x_wconf 88' lang='lat' dir='ltr'>non</span> <span class='ocrx_word' id='word_1_348' title='bbox 1828 4710 2243 4778; x_wconf 85' lang='lat' dir='ltr'>scriberemus,</span> 
     </span>
    </p>
   </div>
   <div class='ocr_carea' id='block_1_51' title="bbox 661 4933 1940 4994">
    <p class='ocr_par' dir='ltr' id='par_1_51' title="bbox 661 4933 1940 4994">
     <span class='ocr_line' id='line_1_51' title="bbox 661 4933 1940 4994; baseline -0.002 -10"><span class='ocrx_word' id='word_1_349' title='bbox 661 4938 675 4968; x_wconf 82' lang='grc'>¹</span> <span class='ocrx_word' id='word_1_350' title='bbox 713 4933 864 4994; x_wconf 85' lang='lat' dir='ltr'>Edd.,</span> <span class='ocrx_word' id='word_1_351' title='bbox 884 4933 1138 4982; x_wconf 75' lang='lat' dir='ltr'>simulate.</span> <span class='ocrx_word' id='word_1_352' title='bbox 1168 4935 1235 4981; x_wconf 87' lang='lat' dir='ltr'>At</span> <span class='ocrx_word' id='word_1_353' title='bbox 1264 4933 1409 4989; x_wconf 90' lang='lat' dir='ltr'>Mss.,</span> <span class='ocrx_word' id='word_1_354' title='bbox 1441 4933 1940 4983; x_wconf 78' lang='lat' dir='ltr'>simulatusintrare.</span> 
     </span>
    </p>
   </div>
   <div class='ocr_carea' id='block_1_52' title="bbox 655 4995 2242 5058">
    <p class='ocr_par' dir='ltr' id='par_1_52' title="bbox 655 4995 2242 5058">
     <span class='ocr_line' id='line_1_52' title="bbox 655 4995 2242 5058; baseline 0.002 -12"><span class='ocrx_word' id='word_1_355' title='bbox 655 5000 686 5031; x_wconf 68' lang='lat'><strong>*</strong></span> <span class='ocrx_word' id='word_1_356' title='bbox 718 4997 953 5046; x_wconf 82' lang='lat' dir='ltr'>Adhibiti</span> <span class='ocrx_word' id='word_1_357' title='bbox 985 5000 1109 5044; x_wconf 90' lang='lat' dir='ltr'>sunt</span> <span class='ocrx_word' id='word_1_358' title='bbox 1143 4996 1209 5043; x_wconf 87' lang='lat' dir='ltr'>ad</span> <span class='ocrx_word' id='word_1_359' title='bbox 1235 4995 1395 5058; x_wconf 84' lang='lat' dir='ltr'>hujus</span> <span class='ocrx_word' id='word_1_360' title='bbox 1413 4997 1819 5058; x_wconf 72' lang='lat' dir='ltr'>castigationem</span> <span class='ocrx_word' id='word_1_361' title='bbox 1850 5012 1927 5045; x_wconf 87' lang='lat' dir='ltr'>cc.</span> <span class='ocrx_word' id='word_1_362' title='bbox 1952 4997 2004 5045; x_wconf 81' lang='lat' dir='ltr'>ﬂ‘.</span> <span class='ocrx_word' id='word_1_363' title='bbox 2027 5014 2104 5047; x_wconf 83' lang='lat' dir='ltr'>vc.</span> <span class='ocrx_word' id='word_1_364' title='bbox 2136 4999 2242 5049; x_wconf 87' lang='lat' dir='ltr'>duo</span> 
     </span>
    </p>
   </div>
   <div class='ocr_carea' id='block_1_53' title="bbox 594 5058 2239 5123">
    <p class='ocr_par' dir='ltr' id='par_1_53' title="bbox 594 5058 2239 5123">
     <span class='ocr_line' id='line_1_53' title="bbox 594 5058 2239 5123; baseline 0 -12"><span class='ocrx_word' id='word_1_365' title='bbox 594 5077 645 5111; x_wconf 82' lang='grc' dir='ltr'><strong>ν.</strong></span> <span class='ocrx_word' id='word_1_366' title='bbox 680 5063 796 5109; x_wconf 82' lang='lat' dir='ltr'>Am.</span> <span class='ocrx_word' id='word_1_367' title='bbox 822 5060 946 5109; x_wconf 85' lang='lat' dir='ltr'>Bad.</span> <span class='ocrx_word' id='word_1_368' title='bbox 982 5060 1064 5107; x_wconf 90' lang='lat' dir='ltr'>Er.</span> <span class='ocrx_word' id='word_1_369' title='bbox 1093 5060 1227 5111; x_wconf 86' lang='lat' dir='ltr'>Lov.</span> <span class='ocrx_word' id='word_1_370' title='bbox 1261 5058 1456 5121; x_wconf 90' lang='lat' dir='ltr'>quibus</span> <span class='ocrx_word' id='word_1_371' title='bbox 1490 5059 1724 5123; x_wconf 81' lang='lat' dir='ltr'>accessit</span> <span class='ocrx_word' id='word_1_372' title='bbox 1758 5060 1852 5107; x_wconf 86' lang='lat' dir='ltr'>Ms.</span> <span class='ocrx_word' id='word_1_373' title='bbox 1888 5060 2239 5123; x_wconf 88' lang='lat' dir='ltr'>Sulpitianus.</span> 
     </span>
    </p>
   </div>
   <div class='ocr_carea' id='block_1_54' title="bbox 650 5122 2241 5186">
    <p class='ocr_par' dir='ltr' id='par_1_54' title="bbox 650 5122 2241 5186">
     <span class='ocr_line' id='line_1_54' title="bbox 650 5122 2241 5186; baseline 0.003 -15"><span class='ocrx_word' id='word_1_374' title='bbox 650 5127 725 5186; x_wconf 88' lang='lat' dir='ltr'>(a)</span> <span class='ocrx_word' id='word_1_375' title='bbox 762 5124 907 5175; x_wconf 83' lang='lat' dir='ltr'>Alias</span> <span class='ocrx_word' id='word_1_376' title='bbox 940 5124 1027 5170; x_wconf 90' lang='grc'>106</span> <span class='ocrx_word' id='word_1_377' title='bbox 1055 5137 1069 5186; x_wconf 66' lang='grc' dir='ltr'><strong><em>ς</em></strong></span> <span class='ocrx_word' id='word_1_378' title='bbox 1095 5136 1215 5185; x_wconf 69' lang='lat' dir='ltr'>quae</span> <span class='ocrx_word' id='word_1_379' title='bbox 1236 5124 1415 5186; x_wconf 80' lang='lat' dir='ltr'>autem</span> <span class='ocrx_word' id='word_1_380' title='bbox 1450 5122 1538 5168; x_wconf 86' lang='grc'>186</span> <span class='ocrx_word' id='word_1_381' title='bbox 1564 5122 2241 5186; x_wconf 76' lang='lat' dir='ltr'>erat,nuncinAppcndice</span> 
     </span>
    </p>
   </div>
   <div class='ocr_carea' id='block_1_55' title="bbox 589 5184 1679 5238">
    <p class='ocr_par' dir='ltr' id='par_1_55' title="bbox 589 5184 1679 5238">
     <span class='ocr_line' id='line_1_55' title="bbox 589 5184 1679 5238; baseline -0.007 0"><span class='ocrx_word' id='word_1_382' title='bbox 589 5184 670 5238; x_wconf 82' lang='lat' dir='ltr'>est</span> <span class='ocrx_word' id='word_1_383' title='bbox 704 5190 747 5235; x_wconf 88' lang='lat'>5.</span> <span class='ocrx_word' id='word_1_384' title='bbox 782 5186 987 5238; x_wconf 87' lang='lat' dir='ltr'>Scripta</span> <span class='ocrx_word' id='word_1_385' title='bbox 1020 5185 1161 5234; x_wconf 89' lang='lat' dir='ltr'>circa</span> <span class='ocrx_word' id='word_1_386' title='bbox 1182 5184 1416 5233; x_wconf 89' lang='lat' dir='ltr'>medium</span> <span class='ocrx_word' id='word_1_387' title='bbox 1449 5198 1535 5232; x_wconf 89' lang='lat' dir='ltr'>an.</span> <span class='ocrx_word' id='word_1_388' title='bbox 1572 5185 1679 5230; x_wconf 75' lang='grc'><strong>417.</strong></span> 
     </span>
    </p>
   </div>
   <div class='ocr_carea' id='block_1_56' title="bbox 650 5245 2241 5311">
    <p class='ocr_par' dir='ltr' id='par_1_56' title="bbox 650 5245 2241 5311">
     <span class='ocr_line' id='line_1_56' title="bbox 650 5245 2241 5311; baseline 0.001 -14"><span class='ocrx_word' id='word_1_389' title='bbox 650 5250 720 5311; x_wconf 78' lang='grc' dir='ltr'>(ὁ)</span> <span class='ocrx_word' id='word_1_390' title='bbox 756 5249 871 5297; x_wconf 88' lang='lat' dir='ltr'>Non</span> <span class='ocrx_word' id='word_1_391' title='bbox 898 5245 1190 5301; x_wconf 81' lang='lat' dir='ltr'>Bonitacio,</span> <span class='ocrx_word' id='word_1_392' title='bbox 1222 5248 1299 5295; x_wconf 85' lang='lat' dir='ltr'>uti</span> <span class='ocrx_word' id='word_1_393' title='bbox 1330 5245 1538 5295; x_wconf 85' lang='lat' dir='ltr'>codices</span> <span class='ocrx_word' id='word_1_394' title='bbox 1573 5246 1835 5311; x_wconf 79' lang='lat' dir='ltr'>qu_osd_a_m</span> <span class='ocrx_word' id='word_1_395' title='bbox 1858 5245 2109 5311; x_wconf 75' lang='lat' dir='ltr'>habuisse</span> <span class='ocrx_word' id='word_1_396' title='bbox 2132 5265 2241 5299; x_wconf 90' lang='lat' dir='ltr'>mo-</span> 
     </span>
    </p>
   </div>
   <div class='ocr_carea' id='block_1_57' title="bbox 586 5308 2238 5375">
    <p class='ocr_par' dir='ltr' id='par_1_57' title="bbox 586 5308 2238 5375">
     <span class='ocr_line' id='line_1_57' title="bbox 586 5308 2238 5375; baseline 0.001 -15"><span class='ocrx_word' id='word_1_397' title='bbox 586 5308 715 5360; x_wconf 83' lang='lat' dir='ltr'>nent</span> <span class='ocrx_word' id='word_1_398' title='bbox 747 5312 998 5375; x_wconf 80' lang='lat' dir='ltr'>Erasmus</span> <span class='ocrx_word' id='word_1_399' title='bbox 1022 5315 1073 5359; x_wconf 92' lang='lat' dir='ltr'>et</span> <span class='ocrx_word' id='word_1_400' title='bbox 1103 5310 1459 5375; x_wconf 70' lang='lat' dir='ltr'>bovanienses</span> <span class='ocrx_word' id='word_1_401' title='bbox 1486 5308 1605 5375; x_wconf 75' lang='lat' dir='ltr'>;sed</span> <span class='ocrx_word' id='word_1_402' title='bbox 1636 5308 1854 5355; x_wconf 84' lang='lat' dir='ltr'>Paulino</span> <span class='ocrx_word' id='word_1_403' title='bbox 1877 5308 2082 5359; x_wconf 89' lang='lat' dir='ltr'>Nolano</span> <span class='ocrx_word' id='word_1_404' title='bbox 2106 5315 2238 5375; x_wconf 84' lang='lat' dir='ltr'>epis-</span> 
     </span>
    </p>
   </div>
   <div class='ocr_carea' id='block_1_58' title="bbox 584 5370 2238 5487">
    <p class='ocr_par' dir='ltr' id='par_1_58' title="bbox 584 5370 2238 5487">
     <span class='ocr_line' id='line_1_58' title="bbox 586 5370 2238 5436; baseline 0.002 -14"><span class='ocrx_word' id='word_1_405' title='bbox 586 5388 720 5436; x_wconf 91' lang='lat' dir='ltr'>copo</span> <span class='ocrx_word' id='word_1_406' title='bbox 758 5374 937 5423; x_wconf 84' lang='lat' dir='ltr'>datam</span> <span class='ocrx_word' id='word_1_407' title='bbox 966 5388 1081 5422; x_wconf 87' lang='lat' dir='ltr'>esse</span> <span class='ocrx_word' id='word_1_408' title='bbox 1115 5373 1249 5422; x_wconf 88' lang='lat' dir='ltr'>hanc</span> <span class='ocrx_word' id='word_1_409' title='bbox 1273 5372 1551 5433; x_wconf 85' lang='lat' dir='ltr'>epistolam</span> <span class='ocrx_word' id='word_1_410' title='bbox 1569 5370 1737 5433; x_wconf 90' lang='lat' dir='ltr'>liquct</span> <span class='ocrx_word' id='word_1_411' title='bbox 1766 5384 2004 5433; x_wconf 87' lang='lat' dir='ltr'>prorsus,</span> <span class='ocrx_word' id='word_1_412' title='bbox 2024 5370 2153 5421; x_wconf 37' lang='lat' dir='ltr'>cum.</span> <span class='ocrx_word' id='word_1_413' title='bbox 2176 5390 2238 5425; x_wconf 81' lang='lat' dir='ltr'>ex</span> 
     </span>
     <span class='ocr_line' id='line_1_59' title="bbox 584 5434 2237 5487; baseline 0.004 -6"><span class='ocrx_word' id='word_1_414' title='bbox 584 5435 677 5483; x_wconf 89' lang='lat' dir='ltr'>lib.</span> <span class='ocrx_word' id='word_1_415' title='bbox 701 5436 765 5482; x_wconf 79' lang='lat' dir='ltr'>de</span> <span class='ocrx_word' id='word_1_416' title='bbox 797 5436 943 5483; x_wconf 90' lang='lat' dir='ltr'>Deno</span> <span class='ocrx_word' id='word_1_417' title='bbox 968 5436 1399 5487; x_wconf 64' lang='lat' dir='ltr'>perseverantia},</span> <span class='ocrx_word' id='word_1_418' title='bbox 1423 5449 1467 5482; x_wconf 88' lang='lat' dir='ltr'>c.</span> <span class='ocrx_word' id='word_1_419' title='bbox 1488 5436 1564 5487; x_wconf 79' lang='grc'><strong>21,</strong></span> <span class='ocrx_word' id='word_1_420' title='bbox 1597 5438 1757 5487; x_wconf 84' lang='lat' dir='ltr'>atque</span> <span class='ocrx_word' id='word_1_421' title='bbox 1793 5447 1857 5482; x_wconf 89' lang='lat' dir='ltr'>ex</span> <span class='ocrx_word' id='word_1_422' title='bbox 1877 5434 1967 5483; x_wconf 91' lang='lat' dir='ltr'>lib.</span> <span class='ocrx_word' id='word_1_423' title='bbox 1995 5435 2237 5487; x_wconf 82' lang='lat' dir='ltr'>Prosneri</span> 
     </span>
    </p>
   </div>
   <div class='ocr_carea' id='block_1_59' title="bbox 587 5447 2237 5562">
    <p class='ocr_par' dir='ltr' id='par_1_59' title="bbox 587 5447 2237 5562">
     <span class='ocr_line' id='line_1_60' title="bbox 587 5447 2237 5499; baseline 0.004 -18"><span class='ocrx_word' id='word_1_424' title='bbox 587 5447 677 5483; x_wconf 86' lang='lat' dir='ltr'>un.</span> <span class='ocrx_word' id='word_1_425' title='bbox 701 5447 765 5482; x_wconf 80' lang='lat' dir='ltr'>de</span> <span class='ocrx_word' id='word_1_426' title='bbox 797 5447 943 5483; x_wconf 85' lang='lat' dir='ltr'>ueno</span> <span class='ocrx_word' id='word_1_427' title='bbox 968 5447 1399 5499; x_wconf 63' lang='lat' dir='ltr'>perseverantia},</span> <span class='ocrx_word' id='word_1_428' title='bbox 1423 5449 1467 5482; x_wconf 88' lang='lat' dir='ltr'>c.</span> <span class='ocrx_word' id='word_1_429' title='bbox 1488 5447 1564 5488; x_wconf 72' lang='lat'>21,</span> <span class='ocrx_word' id='word_1_430' title='bbox 1597 5447 1757 5495; x_wconf 78' lang='lat' dir='ltr'>atque</span> <span class='ocrx_word' id='word_1_431' title='bbox 1793 5447 1857 5482; x_wconf 89' lang='lat' dir='ltr'>ex</span> <span class='ocrx_word' id='word_1_432' title='bbox 1877 5447 1967 5483; x_wconf 84' lang='lat' dir='ltr'>uo.</span> <span class='ocrx_word' id='word_1_433' title='bbox 1995 5447 2237 5499; x_wconf 82' lang='lat' dir='ltr'>t&#39;rosperi</span> 
     </span>
     <span class='ocr_line' id='line_1_61' title="bbox 587 5496 2237 5562; baseline 0.004 -19"><span class='ocrx_word' id='word_1_434' title='bbox 587 5501 775 5562; x_wconf 65' lang='lat' dir='ltr'>contra.</span> <span class='ocrx_word' id='word_1_435' title='bbox 803 5498 1138 5562; x_wconf 73' lang='lat' dir='ltr'>Collatorem,</span> <span class='ocrx_word' id='word_1_436' title='bbox 1167 5513 1216 5550; x_wconf 90' lang='lat' dir='ltr'>c.</span> <span class='ocrx_word' id='word_1_437' title='bbox 1250 5499 1327 5551; x_wconf 77' lang='grc'>43,</span> <span class='ocrx_word' id='word_1_438' title='bbox 1362 5502 1474 5545; x_wconf 91' lang='lat' dir='ltr'>tum</span> <span class='ocrx_word' id='word_1_439' title='bbox 1497 5497 1656 5562; x_wconf 79' lang='lat' dir='ltr'>etiam</span> <span class='ocrx_word' id='word_1_440' title='bbox 1690 5510 1766 5562; x_wconf 19' lang='lat' dir='ltr'>ex»</span> <span class='ocrx_word' id='word_1_441' title='bbox 1785 5496 1846 5543; x_wconf 88' lang='lat' dir='ltr'>iis</span> <span class='ocrx_word' id='word_1_442' title='bbox 1873 5503 2237 5562; x_wconf 71' lang='lat' dir='ltr'>quteAugus-</span> 
     </span>
    </p>
   </div>
   <div class='ocr_carea' id='block_1_60' title="bbox 589 5557 2234 5612">
    <p class='ocr_par' dir='ltr' id='par_1_60' title="bbox 589 5557 2234 5612">
     <span class='ocr_line' id='line_1_62' title="bbox 589 5557 2234 5612; baseline 0.006 -9"><span class='ocrx_word' id='word_1_443' title='bbox 589 5558 733 5604; x_wconf 89' lang='lat' dir='ltr'>tinus</span> <span class='ocrx_word' id='word_1_444' title='bbox 765 5557 847 5605; x_wconf 86' lang='lat' dir='ltr'>hic</span> <span class='ocrx_word' id='word_1_445' title='bbox 883 5573 935 5604; x_wconf 90' lang='lat' dir='ltr'>n.</span> <span class='ocrx_word' id='word_1_446' title='bbox 972 5561 1028 5606; x_wconf 78' lang='grc'>40</span> <span class='ocrx_word' id='word_1_447' title='bbox 1065 5564 1450 5609; x_wconf 88' lang='lat' dir='ltr'>commemorat</span> <span class='ocrx_word' id='word_1_448' title='bbox 1478 5560 1542 5607; x_wconf 85' lang='lat' dir='ltr'>de</span> <span class='ocrx_word' id='word_1_449' title='bbox 1579 5559 1800 5612; x_wconf 81' lang='lat' dir='ltr'>originis</span> <span class='ocrx_word' id='word_1_450' title='bbox 1836 5557 1962 5609; x_wconf 80' lang='lat' dir='ltr'>vitio</span> <span class='ocrx_word' id='word_1_451' title='bbox 1993 5557 2142 5612; x_wconf 63' lang='lat' dir='ltr'>dicta</span> <span class='ocrx_word' id='word_1_452' title='bbox 2168 5563 2234 5612; x_wconf 86' lang='lat' dir='ltr'>ab</span> 
     </span>
    </p>
   </div>
   <div class='ocr_carea' id='block_1_61' title="bbox 589 5618 2235 5686">
    <p class='ocr_par' dir='ltr' id='par_1_61' title="bbox 589 5618 2235 5686">
     <span class='ocr_line' id='line_1_63' title="bbox 589 5618 2235 5686; baseline 0.006 -22"><span class='ocrx_word' id='word_1_453' title='bbox 589 5619 681 5686; x_wconf 50' lang='lat' dir='ltr'>illo</span> <span class='ocrx_word' id='word_1_454' title='bbox 708 5618 807 5686; x_wconf 70' lang='lat' dir='ltr'>qui</span> <span class='ocrx_word' id='word_1_455' title='bbox 832 5619 1047 5686; x_wconf 72' lang='lat' dir='ltr'>scribit;</span> <span class='ocrx_word' id='word_1_456' title='bbox 1075 5621 1426 5686; x_wconf 51' lang='lat' dir='ltr'>quiequidem</span> <span class='ocrx_word' id='word_1_457' title='bbox 1461 5622 1621 5670; x_wconf 88' lang='lat' dir='ltr'>verba</span> <span class='ocrx_word' id='word_1_458' title='bbox 1652 5618 1715 5671; x_wconf 86' lang='lat' dir='ltr'>de</span> <span class='ocrx_word' id='word_1_459' title='bbox 1750 5626 1995 5685; x_wconf 86' lang='lat' dir='ltr'>prompta</span> <span class='ocrx_word' id='word_1_460' title='bbox 2023 5629 2150 5674; x_wconf 78' lang='lat' dir='ltr'>sunt</span> <span class='ocrx_word' id='word_1_461' title='bbox 2173 5641 2235 5675; x_wconf 82' lang='lat' dir='ltr'>ex</span> 
     </span>
    </p>
   </div>
   <div class='ocr_carea' id='block_1_62' title="bbox 591 5677 1670 5738">
    <p class='ocr_par' dir='ltr' id='par_1_62' title="bbox 591 5677 1670 5738">
     <span class='ocr_line' id='line_1_64' title="bbox 591 5677 1670 5738; baseline 0.007 -13"><span class='ocrx_word' id='word_1_462' title='bbox 591 5677 800 5731; x_wconf 81' lang='lat' dir='ltr'>Paulini</span> <span class='ocrx_word' id='word_1_463' title='bbox 832 5679 1056 5738; x_wconf 83' lang='lat' dir='ltr'>epistola</span> <span class='ocrx_word' id='word_1_464' title='bbox 1076 5677 1142 5728; x_wconf 74' lang='lat' dir='ltr'>ad</span> <span class='ocrx_word' id='word_1_465' title='bbox 1178 5677 1430 5730; x_wconf 75' lang='lat' dir='ltr'>Séverum</span> <span class='ocrx_word' id='word_1_466' title='bbox 1464 5688 1670 5733; x_wconf 88' lang='lat' dir='ltr'>octava.</span> 
     </span>
    </p>
   </div>
   <div class='ocr_carea' id='block_1_63' title="bbox 1925 179 2776 244">
    <p class='ocr_par' dir='ltr' id='par_1_63' title="bbox 1925 179 2776 244">
     <span class='ocr_line' id='line_1_65' title="bbox 1925 179 2776 244; baseline -0.009 -1"><span class='ocrx_word' id='word_1_467' title='bbox 1925 189 1987 244; x_wconf 88' lang='lat' dir='ltr'>S.</span> <span class='ocrx_word' id='word_1_468' title='bbox 2070 181 2399 242; x_wconf 85' lang='lat' dir='ltr'>UGUSTINI</span> <span class='ocrx_word' id='word_1_469' title='bbox 2458 179 2776 238; x_wconf 85' lang='lat' dir='ltr'>EPISCOPI</span> 
     </span>
    </p>
   </div>
   <div class='ocr_carea' id='block_1_64' title="bbox 3861 70 4057 263">
    <p class='ocr_par' dir='ltr' id='par_1_64' title="bbox 3861 70 4057 263">
     <span class='ocr_line' id='line_1_66' title="bbox 3861 70 4057 263; baseline -0.005 -14"><span class='ocrx_word' id='word_1_470' title='bbox 3861 196 3946 250; x_wconf 67' lang='grc' dir='ltr'>διδ</span> 
     </span>
    </p>
   </div>
   <div class='ocr_carea' id='block_1_65' title="bbox 2397 304 3951 377">
    <p class='ocr_par' dir='ltr' id='par_1_65' title="bbox 2397 304 3951 377">
     <span class='ocr_line' id='line_1_67' title="bbox 2397 304 3951 377; baseline 0.007 -15"><span class='ocrx_word' id='word_1_471' title='bbox 2397 307 2607 363; x_wconf 90' lang='lat' dir='ltr'>omnia</span> <span class='ocrx_word' id='word_1_472' title='bbox 2633 321 2769 377; x_wconf 81' lang='lat' dir='ltr'>quae</span> <span class='ocrx_word' id='word_1_473' title='bbox 2793 304 2951 361; x_wconf 87' lang='lat' dir='ltr'>circa</span> <span class='ocrx_word' id='word_1_474' title='bbox 2975 320 3088 361; x_wconf 88' lang='lat' dir='ltr'>nos</span> <span class='ocrx_word' id='word_1_475' title='bbox 3109 306 3245 361; x_wconf 89' lang='lat' dir='ltr'>sunt</span> <span class='ocrx_word' id='word_1_476' title='bbox 3262 305 3441 376; x_wconf 90' lang='lat' dir='ltr'>possit</span> <span class='ocrx_word' id='word_1_477' title='bbox 3468 307 3951 374; x_wconf 81' lang='lat' dir='ltr'>Sinceritastuatan-</span> 
     </span>
    </p>
   </div>
   <div class='ocr_carea' id='block_1_66' title="bbox 2396 394 3949 472">
    <p class='ocr_par' dir='ltr' id='par_1_66' title="bbox 2396 394 3949 472">
     <span class='ocr_line' id='line_1_68' title="bbox 2396 394 3949 472; baseline 0.008 -23"><span class='ocrx_word' id='word_1_478' title='bbox 2396 412 2581 467; x_wconf 90' lang='lat' dir='ltr'>quam</span> <span class='ocrx_word' id='word_1_479' title='bbox 2608 410 2713 466; x_wconf 90' lang='lat' dir='ltr'>per</span> <span class='ocrx_word' id='word_1_480' title='bbox 2751 395 3049 449; x_wconf 88' lang='lat' dir='ltr'>viventem</span> <span class='ocrx_word' id='word_1_481' title='bbox 3080 399 3262 466; x_wconf 89' lang='lat' dir='ltr'>atque</span> <span class='ocrx_word' id='word_1_482' title='bbox 3292 394 3684 464; x_wconf 84' lang='lat' dir='ltr'>intelligentem</span> <span class='ocrx_word' id='word_1_483' title='bbox 3706 402 3949 472; x_wconf 82' lang='lat' dir='ltr'>epistolam</span> 
     </span>
    </p>
   </div>
   <div class='ocr_carea' id='block_1_67' title="bbox 2396 483 3947 554">
    <p class='ocr_par' dir='ltr' id='par_1_67' title="bbox 2396 483 3947 554">
     <span class='ocr_line' id='line_1_69' title="bbox 2396 483 3947 554; baseline 0.006 -17"><span class='ocrx_word' id='word_1_484' title='bbox 2396 499 2664 538; x_wconf 89' lang='lat' dir='ltr'>noscere.</span> <span class='ocrx_word' id='word_1_485' title='bbox 2707 483 3035 554; x_wconf 78' lang='lat' dir='ltr'>Pelagium,</span> <span class='ocrx_word' id='word_1_486' title='bbox 3067 499 3249 554; x_wconf 88' lang='lat' dir='ltr'>quem</span> <span class='ocrx_word' id='word_1_487' title='bbox 3282 483 3583 548; x_wconf 89' lang='lat' dir='ltr'>credimus,</span> <span class='ocrx_word' id='word_1_488' title='bbox 3615 489 3756 543; x_wconf 88' lang='lat' dir='ltr'>utab</span> <span class='ocrx_word' id='word_1_489' title='bbox 3776 491 3853 545; x_wconf 88' lang='lat' dir='ltr'>illo</span> <span class='ocrx_word' id='word_1_490' title='bbox 3868 493 3947 548; x_wconf 85' lang='lat' dir='ltr'>dis-</span> 
     </span>
    </p>
   </div>
   <div class='ocr_carea' id='block_1_68' title="bbox 2396 572 3949 643">
    <p class='ocr_par' dir='ltr' id='par_1_68' title="bbox 2396 572 3949 643">
     <span class='ocr_line' id='line_1_70' title="bbox 2396 572 3949 643; baseline 0.006 -15"><span class='ocrx_word' id='word_1_491' title='bbox 2396 573 2878 643; x_wconf 73' lang='lat' dir='ltr'>tingueretur-qui</span> <span class='ocrx_word' id='word_1_492' title='bbox 2896 573 3162 641; x_wconf 82' lang='lat' dir='ltr'>Pelagius</span> <span class='ocrx_word' id='word_1_493' title='bbox 3177 574 3409 627; x_wconf 87' lang='lat' dir='ltr'>Tarenti</span> <span class='ocrx_word' id='word_1_494' title='bbox 3433 572 3633 629; x_wconf 88' lang='lat' dir='ltr'>dicitur</span> <span class='ocrx_word' id='word_1_495' title='bbox 3662 578 3698 643; x_wconf 85' lang='grc'><strong>¹,</strong></span> <span class='ocrx_word' id='word_1_496' title='bbox 3723 578 3949 638; x_wconf 85' lang='lat' dir='ltr'>Britonem</span> 
     </span>
    </p>
   </div>
   <div class='ocr_carea' id='block_1_69' title="bbox 2394 660 3950 732">
    <p class='ocr_par' dir='ltr' id='par_1_69' title="bbox 2394 660 3950 732">
     <span class='ocr_line' id='line_1_71' title="bbox 2394 660 3950 732; baseline 0.005 -17"><span class='ocrx_word' id='word_1_497' title='bbox 2394 661 2575 716; x_wconf 84' lang='lat' dir='ltr'>fuisse</span> <span class='ocrx_word' id='word_1_498' title='bbox 2598 662 3093 730; x_wconf 88' lang='lat' dir='ltr'>cognominatum</span> <span class='ocrx_word' id='word_1_499' title='bbox 3114 662 3219 731; x_wconf 89' lang='lat' dir='ltr'>(a),</span> <span class='ocrx_word' id='word_1_500' title='bbox 3241 660 3404 732; x_wconf 90' lang='lat' dir='ltr'>quod</span> <span class='ocrx_word' id='word_1_501' title='bbox 3434 667 3491 716; x_wconf 91' lang='lat' dir='ltr'>ut</span> <span class='ocrx_word' id='word_1_502' title='bbox 3517 678 3734 719; x_wconf 82' lang='lat' dir='ltr'>servum</span> <span class='ocrx_word' id='word_1_503' title='bbox 3754 667 3834 721; x_wconf 87' lang='lat' dir='ltr'>Dei</span> <span class='ocrx_word' id='word_1_504' title='bbox 3852 669 3950 724; x_wconf 80' lang='lat' dir='ltr'>dile-</span> 
     </span>
    </p>
   </div>
   <div class='ocr_carea' id='block_1_70' title="bbox 2393 750 4057 821">
    <p class='ocr_par' dir='ltr' id='par_1_70' title="bbox 2393 750 4057 821">
     <span class='ocr_line' id='line_1_72' title="bbox 2393 750 4057 821; baseline 0.006 -16"><span class='ocrx_word' id='word_1_505' title='bbox 2393 751 2572 819; x_wconf 85' lang='lat' dir='ltr'>xeris,</span> <span class='ocrx_word' id='word_1_506' title='bbox 2601 750 2883 805; x_wconf 90' lang='lat' dir='ltr'>novimus</span> <span class='ocrx_word' id='word_1_507' title='bbox 2918 768 2929 805; x_wconf 89' lang='lat'><strong>:</strong></span> <span class='ocrx_word' id='word_1_508' title='bbox 2963 765 3123 805; x_wconf 89' lang='lat' dir='ltr'>nunc</span> <span class='ocrx_word' id='word_1_509' title='bbox 3154 755 3355 804; x_wconf 90' lang='lat' dir='ltr'>autem</span> <span class='ocrx_word' id='word_1_510' title='bbox 3373 751 3838 821; x_wconf 88' lang='lat' dir='ltr'>quemadmodum</span> <span class='ocrx_word' id='word_1_511' title='bbox 3865 758 3955 811; x_wconf 82' lang='lat' dir='ltr'>dili-</span> <span class='ocrx_word' id='word_1_512' title='bbox 4056 812 4057 815; x_wconf 44' lang='grc' dir='ltr'><strong>η</strong></span> 
     </span>
    </p>
   </div>
   <div class='ocr_carea' id='block_1_71' title="bbox 2396 839 3952 911">
    <p class='ocr_par' dir='ltr' id='par_1_71' title="bbox 2396 839 3952 911">
     <span class='ocr_line' id='line_1_73' title="bbox 2396 839 3952 911; baseline 0.004 -18"><span class='ocrx_word' id='word_1_513' title='bbox 2396 855 2525 909; x_wconf 86' lang='lat' dir='ltr'>gas,</span> <span class='ocrx_word' id='word_1_514' title='bbox 2553 840 2925 909; x_wconf 85' lang='lat' dir='ltr'>ignoramus.</span> <span class='ocrx_word' id='word_1_515' title='bbox 2959 842 3105 894; x_wconf 89' lang='lat' dir='ltr'>Nam</span> <span class='ocrx_word' id='word_1_516' title='bbox 3128 844 3185 894; x_wconf 88' lang='lat' dir='ltr'>et</span> <span class='ocrx_word' id='word_1_517' title='bbox 3216 854 3325 894; x_wconf 90' lang='lat' dir='ltr'>nos</span> <span class='ocrx_word' id='word_1_518' title='bbox 3344 854 3463 893; x_wconf 89' lang='lat' dir='ltr'>non</span> <span class='ocrx_word' id='word_1_519' title='bbox 3486 839 3669 896; x_wconf 89' lang='lat' dir='ltr'>solum</span> <span class='ocrx_word' id='word_1_520' title='bbox 3690 842 3952 911; x_wconf 80' lang='lat' dir='ltr'>dileximus,</span> 
     </span>
    </p>
   </div>
   <div class='ocr_carea' id='block_1_72' title="bbox 2393 927 3955 998">
    <p class='ocr_par' dir='ltr' id='par_1_72' title="bbox 2393 927 3955 998">
     <span class='ocr_line' id='line_1_74' title="bbox 2393 927 3955 998; baseline 0.004 -15"><span class='ocrx_word' id='word_1_521' title='bbox 2393 944 2599 984; x_wconf 88' lang='lat' dir='ltr'>verum</span> <span class='ocrx_word' id='word_1_522' title='bbox 2633 929 2812 984; x_wconf 89' lang='lat' dir='ltr'>etiam</span> <span class='ocrx_word' id='word_1_523' title='bbox 2844 927 3149 998; x_wconf 82' lang='lat' dir='ltr'>diligimus</span> <span class='ocrx_word' id='word_1_524' title='bbox 3181 944 3318 983; x_wconf 91' lang='lat' dir='ltr'>eum</span> <span class='ocrx_word' id='word_1_525' title='bbox 3352 944 3364 992; x_wconf 94' lang='lat'><strong>;</strong></span> <span class='ocrx_word' id='word_1_526' title='bbox 3393 928 3496 983; x_wconf 91' lang='lat' dir='ltr'>sed</span> <span class='ocrx_word' id='word_1_527' title='bbox 3527 929 3682 985; x_wconf 88' lang='lat' dir='ltr'>aliter</span> <span class='ocrx_word' id='word_1_528' title='bbox 3710 947 3841 988; x_wconf 87' lang='lat' dir='ltr'>nunc</span> <span class='ocrx_word' id='word_1_529' title='bbox 3866 935 3955 989; x_wconf 86' lang='lat' dir='ltr'>dili-</span> 
     </span>
    </p>
   </div>
   <div class='ocr_carea' id='block_1_73' title="bbox 2396 1017 3955 1089">
    <p class='ocr_par' dir='ltr' id='par_1_73' title="bbox 2396 1017 3955 1089">
     <span class='ocr_line' id='line_1_75' title="bbox 2396 1017 3955 1089; baseline 0.004 -17"><span class='ocrx_word' id='word_1_530' title='bbox 2396 1018 2618 1088; x_wconf 88' lang='lat' dir='ltr'>gimus,</span> <span class='ocrx_word' id='word_1_531' title='bbox 2675 1017 2841 1075; x_wconf 85' lang='lat' dir='ltr'>aliter</span> <span class='ocrx_word' id='word_1_532' title='bbox 2891 1017 3218 1089; x_wconf 90' lang='lat' dir='ltr'>aliquando</span> <span class='ocrx_word' id='word_1_533' title='bbox 3258 1017 3610 1072; x_wconf 82' lang='lat' dir='ltr'>dileximus:</span> <span class='ocrx_word' id='word_1_534' title='bbox 3651 1022 3775 1075; x_wconf 86' lang='lat' dir='ltr'>tunc</span> <span class='ocrx_word' id='word_1_535' title='bbox 3823 1024 3955 1087; x_wconf 84' lang='lat' dir='ltr'>enim,</span> 
     </span>
    </p>
   </div>
   <div class='ocr_carea' id='block_1_74' title="bbox 2391 1105 3957 1180">
    <p class='ocr_par' dir='ltr' id='par_1_74' title="bbox 2391 1105 3957 1180">
     <span class='ocr_line' id='line_1_76' title="bbox 2391 1105 3957 1180; baseline 0.003 -18"><span class='ocrx_word' id='word_1_536' title='bbox 2391 1109 2537 1179; x_wconf 89' lang='lat' dir='ltr'>quia</span> <span class='ocrx_word' id='word_1_537' title='bbox 2576 1106 2751 1162; x_wconf 89' lang='lat' dir='ltr'>nobis</span> <span class='ocrx_word' id='word_1_538' title='bbox 2782 1111 2951 1162; x_wconf 64' lang='lat' dir='ltr'>rectae</span> <span class='ocrx_word' id='word_1_539' title='bbox 2980 1105 3119 1162; x_wconf 81' lang='lat' dir='ltr'>fidei</span> <span class='ocrx_word' id='word_1_540' title='bbox 3149 1106 3459 1161; x_wconf 82' lang='lat' dir='ltr'>videbatur</span> <span class='ocrx_word' id='word_1_541' title='bbox 3488 1123 3502 1172; x_wconf 87' lang='lat'><strong>;</strong></span> <span class='ocrx_word' id='word_1_542' title='bbox 3531 1123 3680 1163; x_wconf 90' lang='lat' dir='ltr'>nunc</span> <span class='ocrx_word' id='word_1_543' title='bbox 3707 1115 3888 1180; x_wconf 87' lang='lat' dir='ltr'>autem,</span> <span class='ocrx_word' id='word_1_544' title='bbox 3913 1119 3957 1167; x_wconf 89' lang='lat' dir='ltr'>ut</span> 
     </span>
    </p>
   </div>
   <div class='ocr_carea' id='block_1_75' title="bbox 2391 1194 3956 1267">
    <p class='ocr_par' dir='ltr' id='par_1_75' title="bbox 2391 1194 3956 1267">
     <span class='ocr_line' id='line_1_77' title="bbox 2391 1194 3956 1267; baseline 0.003 -16"><span class='ocrx_word' id='word_1_545' title='bbox 2391 1196 2468 1251; x_wconf 90' lang='lat' dir='ltr'>ab</span> <span class='ocrx_word' id='word_1_546' title='bbox 2498 1196 2569 1250; x_wconf 91' lang='lat' dir='ltr'>iis</span> <span class='ocrx_word' id='word_1_547' title='bbox 2596 1212 2729 1267; x_wconf 71' lang='lat' dir='ltr'>quae</span> <span class='ocrx_word' id='word_1_548' title='bbox 2756 1196 2999 1250; x_wconf 89' lang='lat' dir='ltr'>inimica</span> <span class='ocrx_word' id='word_1_549' title='bbox 3022 1199 3075 1249; x_wconf 89' lang='lat' dir='ltr'>et</span> <span class='ocrx_word' id='word_1_550' title='bbox 3099 1194 3355 1250; x_wconf 89' lang='lat' dir='ltr'>adversa</span> <span class='ocrx_word' id='word_1_551' title='bbox 3376 1197 3574 1262; x_wconf 80' lang='lat' dir='ltr'>gratiae</span> <span class='ocrx_word' id='word_1_552' title='bbox 3599 1197 3686 1251; x_wconf 89' lang='lat' dir='ltr'>Dei</span> <span class='ocrx_word' id='word_1_553' title='bbox 3705 1201 3882 1254; x_wconf 85' lang='lat' dir='ltr'>sentire</span> <span class='ocrx_word' id='word_1_554' title='bbox 3900 1202 3956 1255; x_wconf 85' lang='lat' dir='ltr'>di-</span> 
     </span>
    </p>
   </div>
   <div class='ocr_carea' id='block_1_76' title="bbox 2389 1284 4057 1363">
    <p class='ocr_par' dir='ltr' id='par_1_76' title="bbox 2389 1284 4057 1363">
     <span class='ocr_line' id='line_1_78' title="bbox 2389 1284 4057 1363; baseline 0.004 -24"><span class='ocrx_word' id='word_1_555' title='bbox 2389 1284 2557 1351; x_wconf 90' lang='lat' dir='ltr'>citur,</span> <span class='ocrx_word' id='word_1_556' title='bbox 2581 1284 2735 1339; x_wconf 90' lang='lat' dir='ltr'>illius</span> <span class='ocrx_word' id='word_1_557' title='bbox 2759 1284 3168 1340; x_wconf 88' lang='lat' dir='ltr'>misericordia</span> <span class='ocrx_word' id='word_1_558' title='bbox 3189 1284 3488 1339; x_wconf 84' lang='lat' dir='ltr'>liberetur.</span> <span class='ocrx_word' id='word_1_559' title='bbox 3508 1287 3649 1341; x_wconf 89' lang='lat' dir='ltr'>Nam</span> <span class='ocrx_word' id='word_1_560' title='bbox 3667 1302 3787 1342; x_wconf 86' lang='lat' dir='ltr'>cum</span> <span class='ocrx_word' id='word_1_561' title='bbox 3802 1288 3892 1343; x_wconf 87' lang='lat' dir='ltr'>hoc</span> <span class='ocrx_word' id='word_1_562' title='bbox 3907 1290 3955 1345; x_wconf 87' lang='lat' dir='ltr'>de</span> <span class='ocrx_word' id='word_1_563' title='bbox 4056 1284 4057 1363; x_wconf 52' lang='grc' dir='ltr'><em>ξ</em></span> 
     </span>
    </p>
   </div>
   <div class='ocr_carea' id='block_1_77' title="bbox 2388 1373 3957 1446">
    <p class='ocr_par' dir='ltr' id='par_1_77' title="bbox 2388 1373 3957 1446">
     <span class='ocr_line' id='line_1_79' title="bbox 2388 1373 3957 1446; baseline 0.003 -18"><span class='ocrx_word' id='word_1_564' title='bbox 2388 1373 2488 1429; x_wconf 92' lang='lat' dir='ltr'>illo</span> <span class='ocrx_word' id='word_1_565' title='bbox 2510 1373 2866 1444; x_wconf 89' lang='lat' dir='ltr'>aliquandiu</span> <span class='ocrx_word' id='word_1_566' title='bbox 2886 1373 3050 1429; x_wconf 79' lang='lat' dir='ltr'>fama</span> <span class='ocrx_word' id='word_1_567' title='bbox 3067 1373 3337 1444; x_wconf 89' lang='lat' dir='ltr'>jactaret,</span> <span class='ocrx_word' id='word_1_568' title='bbox 3362 1389 3484 1428; x_wconf 89' lang='lat' dir='ltr'>non</span> <span class='ocrx_word' id='word_1_569' title='bbox 3504 1374 3696 1446; x_wconf 91' lang='lat' dir='ltr'>utique</span> <span class='ocrx_word' id='word_1_570' title='bbox 3716 1375 3856 1432; x_wconf 84' lang='lat' dir='ltr'>facile</span> <span class='ocrx_word' id='word_1_571' title='bbox 3877 1395 3957 1433; x_wconf 85' lang='lat' dir='ltr'>cre-</span> 
     </span>
    </p>
   </div>
   <div class='ocr_carea' id='block_1_78' title="bbox 2387 1462 3956 1538">
    <p class='ocr_par' dir='ltr' id='par_1_78' title="bbox 2387 1462 3956 1538">
     <span class='ocr_line' id='line_1_80' title="bbox 2387 1462 3956 1538; baseline 0.004 -21"><span class='ocrx_word' id='word_1_572' title='bbox 2387 1462 2656 1518; x_wconf 90' lang='lat' dir='ltr'>dendum</span> <span class='ocrx_word' id='word_1_573' title='bbox 2688 1464 2794 1519; x_wconf 89' lang='lat' dir='ltr'>fuit</span> <span class='ocrx_word' id='word_1_574' title='bbox 2818 1482 2831 1531; x_wconf 89' lang='lat'><strong>;</strong></span> <span class='ocrx_word' id='word_1_575' title='bbox 2852 1463 2997 1518; x_wconf 90' lang='lat' dir='ltr'>solet</span> <span class='ocrx_word' id='word_1_576' title='bbox 3029 1463 3253 1534; x_wconf 89' lang='lat' dir='ltr'>quippe</span> <span class='ocrx_word' id='word_1_577' title='bbox 3286 1462 3450 1518; x_wconf 84' lang='lat' dir='ltr'>fama</span> <span class='ocrx_word' id='word_1_578' title='bbox 3480 1465 3731 1519; x_wconf 87' lang='lat' dir='ltr'>mentiri:</span> <span class='ocrx_word' id='word_1_579' title='bbox 3760 1466 3848 1520; x_wconf 87' lang='lat' dir='ltr'>sed</span> <span class='ocrx_word' id='word_1_580' title='bbox 3866 1483 3956 1538; x_wconf 85' lang='lat' dir='ltr'>pro-</span> 
     </span>
    </p>
   </div>
   <div class='ocr_carea' id='block_1_79' title="bbox 2388 1552 4057 1626">
    <p class='ocr_par' dir='ltr' id='par_1_79' title="bbox 2388 1552 4057 1626">
     <span class='ocr_line' id='line_1_81' title="bbox 2388 1552 4057 1626; baseline 0 -19"><span class='ocrx_word' id='word_1_581' title='bbox 2388 1552 3957 1626; x_wconf 87' lang='lat' dir='ltr'>piusutcrederemus,accessitquodlibrumquemdam</span> <span class='ocrx_word' id='word_1_582' title='bbox 4056 1560 4057 1607; x_wconf 74' lang='lat'><strong>1</strong></span> 
     </span>
    </p>
   </div>
   <div class='ocr_carea' id='block_1_80' title="bbox 2386 1630 4057 1714">
    <p class='ocr_par' dir='ltr' id='par_1_80' title="bbox 2386 1630 4057 1714">
     <span class='ocr_line' id='line_1_82' title="bbox 2386 1630 4057 1714; baseline 0.002 -18"><span class='ocrx_word' id='word_1_583' title='bbox 2386 1642 2535 1712; x_wconf 90' lang='lat' dir='ltr'>ejus,</span> <span class='ocrx_word' id='word_1_584' title='bbox 2571 1657 2643 1696; x_wconf 91' lang='lat' dir='ltr'>ea</span> <span class='ocrx_word' id='word_1_585' title='bbox 2670 1657 2917 1713; x_wconf 89' lang='lat' dir='ltr'>prorsus</span> <span class='ocrx_word' id='word_1_586' title='bbox 2965 1642 3327 1713; x_wconf 90' lang='lat' dir='ltr'>persuadere</span> <span class='ocrx_word' id='word_1_587' title='bbox 3358 1642 3691 1697; x_wconf 88' lang='lat' dir='ltr'>molientem</span> <span class='ocrx_word' id='word_1_588' title='bbox 3718 1660 3833 1714; x_wconf 73' lang='lat' dir='ltr'>qua:</span> <span class='ocrx_word' id='word_1_589' title='bbox 3864 1660 3957 1713; x_wconf 81' lang='lat' dir='ltr'>gra-</span> <span class='ocrx_word' id='word_1_590' title='bbox 4056 1630 4057 1653; x_wconf 50' lang='grc'><strong>¹</strong></span> 
     </span>
    </p>
   </div>
   <div class='ocr_carea' id='block_1_81' title="bbox 2386 1716 4057 1803">
    <p class='ocr_par' dir='ltr' id='par_1_81' title="bbox 2386 1716 4057 1803">
     <span class='ocr_line' id='line_1_83' title="bbox 2386 1716 4057 1803; baseline 0.003 -18"><span class='ocrx_word' id='word_1_591' title='bbox 2386 1730 2531 1785; x_wconf 88' lang='lat' dir='ltr'>tiam</span> <span class='ocrx_word' id='word_1_592' title='bbox 2566 1731 2669 1785; x_wconf 88' lang='lat' dir='ltr'>Dei</span> <span class='ocrx_word' id='word_1_593' title='bbox 2708 1747 2815 1803; x_wconf 90' lang='lat' dir='ltr'>per</span> <span class='ocrx_word' id='word_1_594' title='bbox 2859 1747 3048 1786; x_wconf 90' lang='lat' dir='ltr'>unum</span> <span class='ocrx_word' id='word_1_595' title='bbox 3082 1732 3479 1787; x_wconf 88' lang='lat' dir='ltr'>mediatorem</span> <span class='ocrx_word' id='word_1_596' title='bbox 3510 1732 3606 1788; x_wconf 90' lang='lat' dir='ltr'>Dei</span> <span class='ocrx_word' id='word_1_597' title='bbox 3636 1738 3689 1788; x_wconf 90' lang='lat' dir='ltr'>et</span> <span class='ocrx_word' id='word_1_598' title='bbox 3711 1734 3957 1789; x_wconf 87' lang='lat' dir='ltr'>hominum</span> <span class='ocrx_word' id='word_1_599' title='bbox 4056 1716 4057 1737; x_wconf 40' lang='lat'>‘</span> 
     </span>
    </p>
   </div>
   <div class='ocr_carea' id='block_1_82' title="bbox 2382 1818 3957 1894">
    <p class='ocr_par' dir='ltr' id='par_1_82' title="bbox 2382 1818 3957 1894">
     <span class='ocr_line' id='line_1_84' title="bbox 2382 1818 3957 1894; baseline 0.003 -21"><span class='ocrx_word' id='word_1_600' title='bbox 2382 1818 2693 1874; x_wconf 90' lang='lat' dir='ltr'>hominem</span> <span class='ocrx_word' id='word_1_601' title='bbox 2728 1821 2934 1875; x_wconf 85' lang='lat' dir='ltr'>Jesum</span> <span class='ocrx_word' id='word_1_602' title='bbox 2968 1820 3265 1875; x_wconf 90' lang='lat' dir='ltr'>Christum</span> <span class='ocrx_word' id='word_1_603' title='bbox 3300 1821 3769 1889; x_wconf 82' lang='lat' dir='ltr'>generihumano</span> <span class='ocrx_word' id='word_1_604' title='bbox 3793 1823 3957 1894; x_wconf 88' lang='lat' dir='ltr'>imper-</span> 
     </span>
    </p>
   </div>
   <div class='ocr_carea' id='block_1_83' title="bbox 2384 1908 4057 1982">
    <p class='ocr_par' dir='ltr' id='par_1_83' title="bbox 2384 1908 4057 1982">
     <span class='ocr_line' id='line_1_85' title="bbox 2384 1908 4057 1982; baseline 0.001 -19"><span class='ocrx_word' id='word_1_605' title='bbox 2384 1908 2572 1966; x_wconf 81' lang='lat' dir='ltr'>titain.</span> <span class='ocrx_word' id='word_1_606' title='bbox 2605 1908 2679 1962; x_wconf 92' lang='lat' dir='ltr'>de</span> <span class='ocrx_word' id='word_1_607' title='bbox 2710 1908 2977 1963; x_wconf 89' lang='lat' dir='ltr'>fidelium</span> <span class='ocrx_word' id='word_1_608' title='bbox 3009 1909 3290 1964; x_wconf 88' lang='lat' dir='ltr'>cordibus</span> <span class='ocrx_word' id='word_1_609' title='bbox 3313 1910 3597 1965; x_wconf 90' lang='lat' dir='ltr'>creditam</span> <span class='ocrx_word' id='word_1_610' title='bbox 3627 1910 3959 1982; x_wconf 83' lang='lat' dir='ltr'>deleant,legi-</span> <span class='ocrx_word' id='word_1_611' title='bbox 4056 1954 4057 1977; x_wconf 55' lang='grc'>,</span> 
     </span>
    </p>
   </div>
   <div class='ocr_carea' id='block_1_84' title="bbox 2384 1994 4057 2071">
    <p class='ocr_par' dir='ltr' id='par_1_84' title="bbox 2384 1994 4057 2071">
     <span class='ocr_line' id='line_1_86' title="bbox 2384 1994 4057 2071; baseline 0.002 -21"><span class='ocrx_word' id='word_1_612' title='bbox 2384 2013 2543 2061; x_wconf 88' lang='lat' dir='ltr'>mus,</span> <span class='ocrx_word' id='word_1_613' title='bbox 2562 1996 2844 2052; x_wconf 88' lang='lat' dir='ltr'>traditum</span> <span class='ocrx_word' id='word_1_614' title='bbox 2861 1997 3037 2052; x_wconf 89' lang='lat' dir='ltr'>nobis</span> <span class='ocrx_word' id='word_1_615' title='bbox 3054 2014 3091 2053; x_wconf 90' lang='lat' dir='ltr'>a</span> <span class='ocrx_word' id='word_1_616' title='bbox 3112 1998 3353 2053; x_wconf 87' lang='lat' dir='ltr'>famulis</span> <span class='ocrx_word' id='word_1_617' title='bbox 3369 1998 3603 2065; x_wconf 89' lang='lat' dir='ltr'>Christi,</span> <span class='ocrx_word' id='word_1_618' title='bbox 3624 1999 3721 2071; x_wconf 89' lang='lat' dir='ltr'>qui</span> <span class='ocrx_word' id='word_1_619' title='bbox 3739 2016 3852 2055; x_wconf 88' lang='lat' dir='ltr'>eum</span> <span class='ocrx_word' id='word_1_620' title='bbox 3866 2000 3959 2055; x_wconf 83' lang='lat' dir='ltr'>talia</span> 
     </span>
    </p>
   </div>
   <div class='ocr_carea' id='block_1_85' title="bbox 2378 2085 3956 2160">
    <p class='ocr_par' dir='ltr' id='par_1_85' title="bbox 2378 2085 3956 2160">
     <span class='ocr_line' id='line_1_87' title="bbox 2378 2085 3956 2160; baseline 0.002 -20"><span class='ocrx_word' id='word_1_621' title='bbox 2378 2085 2696 2140; x_wconf 89' lang='lat' dir='ltr'>docentem</span> <span class='ocrx_word' id='word_1_622' title='bbox 2729 2085 3148 2141; x_wconf 81' lang='lat' dir='ltr'>studosissinie</span> <span class='ocrx_word' id='word_1_623' title='bbox 3196 2087 3533 2153; x_wconf 88' lang='lat' dir='ltr'>audierant,</span> <span class='ocrx_word' id='word_1_624' title='bbox 3576 2088 3956 2160; x_wconf 81' lang='lat' dir='ltr'>fuerantquese-</span> 
     </span>
    </p>
   </div>
   <div class='ocr_carea' id='block_1_86' title="bbox 2380 2174 3954 2249">
    <p class='ocr_par' dir='ltr' id='par_1_86' title="bbox 2380 2174 3954 2249">
     <span class='ocr_line' id='line_1_88' title="bbox 2380 2174 3954 2249; baseline 0.001 -21"><span class='ocrx_word' id='word_1_625' title='bbox 2380 2175 2537 2228; x_wconf 88' lang='lat' dir='ltr'>ctati.</span> <span class='ocrx_word' id='word_1_626' title='bbox 2574 2174 2676 2228; x_wconf 93' lang='lat' dir='ltr'>Cui</span> <span class='ocrx_word' id='word_1_627' title='bbox 2709 2174 3141 2245; x_wconf 88' lang='lat' dir='ltr'>quidemlibro,</span> <span class='ocrx_word' id='word_1_628' title='bbox 3170 2175 3399 2231; x_wconf 88' lang='lat' dir='ltr'>eisdem</span> <span class='ocrx_word' id='word_1_629' title='bbox 3418 2177 3770 2247; x_wconf 82' lang='lat' dir='ltr'>rogantibus,</span> <span class='ocrx_word' id='word_1_630' title='bbox 3793 2178 3903 2249; x_wconf 86' lang='lat' dir='ltr'>quia</span> <span class='ocrx_word' id='word_1_631' title='bbox 3917 2178 3954 2231; x_wconf 89' lang='lat' dir='ltr'>id</span> 
     </span>
    </p>
   </div>
   <div class='ocr_carea' id='block_1_87' title="bbox 2379 2262 3955 2331">
    <p class='ocr_par' dir='ltr' id='par_1_87' title="bbox 2379 2262 3955 2331">
     <span class='ocr_line' id='line_1_89' title="bbox 2379 2262 3955 2331; baseline 0.002 -16"><span class='ocrx_word' id='word_1_632' title='bbox 2379 2262 2505 2315; x_wconf 77' lang='lat' dir='ltr'>fieri</span> <span class='ocrx_word' id='word_1_633' title='bbox 2536 2269 2809 2331; x_wconf 85' lang='lat' dir='ltr'>Oportere</span> <span class='ocrx_word' id='word_1_634' title='bbox 2836 2262 3219 2329; x_wconf 86' lang='lat' dir='ltr'>videbamus,</span> <span class='ocrx_word' id='word_1_635' title='bbox 3272 2266 3451 2320; x_wconf 89' lang='lat' dir='ltr'>tacito</span> <span class='ocrx_word' id='word_1_636' title='bbox 3482 2266 3714 2321; x_wconf 88' lang='lat' dir='ltr'>nomine</span> <span class='ocrx_word' id='word_1_637' title='bbox 3743 2268 3955 2327; x_wconf 82' lang='lat' dir='ltr'>auctoris,</span> 
     </span>
    </p>
   </div>
   <div class='ocr_carea' id='block_1_88' title="bbox 2378 2351 4057 2417">
    <p class='ocr_par' dir='ltr' id='par_1_88' title="bbox 2378 2351 4057 2417">
     <span class='ocr_line' id='line_1_90' title="bbox 2378 2351 4057 2417; baseline 0.002 -13"><span class='ocrx_word' id='word_1_638' title='bbox 2378 2366 2452 2404; x_wconf 92' lang='lat' dir='ltr'>ne</span> <span class='ocrx_word' id='word_1_639' title='bbox 2483 2351 2751 2405; x_wconf 78' lang='lat' dir='ltr'>oﬂ‘ensus</span> <span class='ocrx_word' id='word_1_640' title='bbox 2772 2351 3542 2417; x_wconf 89' lang='lat' dir='ltr'>insanabiliorredderetur,</span> <span class='ocrx_word' id='word_1_641' title='bbox 3571 2356 3736 2409; x_wconf 90' lang='lat' dir='ltr'>unius</span> <span class='ocrx_word' id='word_1_642' title='bbox 3754 2360 3958 2409; x_wconf 82' lang='lat' dir='ltr'>nostrum</span> <span class='ocrx_word' id='word_1_643' title='bbox 4056 2380 4057 2417; x_wconf 54' lang='grc' dir='ltr'>γ</span> 
     </span>
    </p>
   </div>
   <div class='ocr_carea' id='block_1_89' title="bbox 2376 2438 3959 2513">
    <p class='ocr_par' dir='ltr' id='par_1_89' title="bbox 2376 2438 3959 2513">
     <span class='ocr_line' id='line_1_91' title="bbox 2376 2438 3959 2513; baseline 0.003 -21"><span class='ocrx_word' id='word_1_644' title='bbox 2376 2438 2781 2510; x_wconf 88' lang='lat' dir='ltr'>disputatione</span> <span class='ocrx_word' id='word_1_645' title='bbox 2805 2456 3155 2511; x_wconf 88' lang='lat' dir='ltr'>responsum</span> <span class='ocrx_word' id='word_1_646' title='bbox 3190 2447 3278 2497; x_wconf 92' lang='lat' dir='ltr'>est</span> <span class='ocrx_word' id='word_1_647' title='bbox 3297 2442 3397 2513; x_wconf 82' lang='grc' dir='ltr'>(ὁ).</span> <span class='ocrx_word' id='word_1_648' title='bbox 3429 2445 3555 2507; x_wconf 89' lang='lat' dir='ltr'>Quo</span> <span class='ocrx_word' id='word_1_649' title='bbox 3586 2443 3727 2498; x_wconf 91' lang='lat' dir='ltr'>libro</span> <span class='ocrx_word' id='word_1_650' title='bbox 3752 2443 3803 2497; x_wconf 90' lang='lat' dir='ltr'>id</span> <span class='ocrx_word' id='word_1_651' title='bbox 3828 2444 3959 2498; x_wconf 88' lang='lat' dir='ltr'>conti-</span> 
     </span>
    </p>
   </div>
   <div class='ocr_carea' id='block_1_90' title="bbox 2376 2528 3957 2602">
    <p class='ocr_par' dir='ltr' id='par_1_90' title="bbox 2376 2528 3957 2602">
     <span class='ocr_line' id='line_1_92' title="bbox 2376 2528 3957 2602; baseline 0.003 -21"><span class='ocrx_word' id='word_1_652' title='bbox 2376 2535 2547 2582; x_wconf 89' lang='lat' dir='ltr'>netur</span> <span class='ocrx_word' id='word_1_653' title='bbox 2570 2530 2612 2593; x_wconf 80' lang='grc'><strong>³,</strong></span> <span class='ocrx_word' id='word_1_654' title='bbox 2635 2534 2691 2583; x_wconf 93' lang='lat' dir='ltr'>et</span> <span class='ocrx_word' id='word_1_655' title='bbox 2715 2528 3114 2600; x_wconf 83' lang='lat' dir='ltr'>multipliciter</span> <span class='ocrx_word' id='word_1_656' title='bbox 3136 2536 3316 2602; x_wconf 89' lang='lat' dir='ltr'>atque</span> <span class='ocrx_word' id='word_1_657' title='bbox 3334 2531 3711 2588; x_wconf 89' lang='lat' dir='ltr'>abundanter</span> <span class='ocrx_word' id='word_1_658' title='bbox 3724 2534 3957 2593; x_wconf 82' lang='lat' dir='ltr'>asseritur,</span> 
     </span>
    </p>
   </div>
   <div class='ocr_carea' id='block_1_91' title="bbox 2374 2617 3961 2691">
    <p class='ocr_par' dir='ltr' id='par_1_91' title="bbox 2374 2617 3961 2691">
     <span class='ocr_line' id='line_1_93' title="bbox 2374 2617 3961 2691; baseline 0.003 -21"><span class='ocrx_word' id='word_1_659' title='bbox 2374 2617 2538 2688; x_wconf 90' lang='lat' dir='ltr'>quod</span> <span class='ocrx_word' id='word_1_660' title='bbox 2572 2618 2751 2672; x_wconf 87' lang='lat' dir='ltr'>etiam</span> <span class='ocrx_word' id='word_1_661' title='bbox 2783 2618 3152 2689; x_wconf 81' lang='lat' dir='ltr'>quibusdam</span> <span class='ocrx_word' id='word_1_662' title='bbox 3178 2620 3383 2675; x_wconf 86' lang='lat' dir='ltr'>litteris</span> <span class='ocrx_word' id='word_1_663' title='bbox 3420 2622 3638 2691; x_wconf 88' lang='lat' dir='ltr'>agitad</span> <span class='ocrx_word' id='word_1_664' title='bbox 3669 2628 3813 2676; x_wconf 90' lang='lat' dir='ltr'>tuam</span> <span class='ocrx_word' id='word_1_665' title='bbox 3833 2623 3961 2675; x_wconf 85' lang='lat' dir='ltr'>Vene-</span> 
     </span>
    </p>
   </div>
   <div class='ocr_carea' id='block_1_92' title="bbox 2374 2706 3961 2778">
    <p class='ocr_par' dir='ltr' id='par_1_92' title="bbox 2374 2706 3961 2778">
     <span class='ocr_line' id='line_1_94' title="bbox 2374 2706 3961 2778; baseline 0.001 -19"><span class='ocrx_word' id='word_1_666' title='bbox 2374 2706 2669 2761; x_wconf 89' lang='lat' dir='ltr'>rationem</span> <span class='ocrx_word' id='word_1_667' title='bbox 2700 2707 2856 2761; x_wconf 90' lang='lat' dir='ltr'>datis</span> <span class='ocrx_word' id='word_1_668' title='bbox 2889 2707 2987 2778; x_wconf 88' lang='lat' dir='ltr'>(c),</span> <span class='ocrx_word' id='word_1_669' title='bbox 3019 2707 3121 2762; x_wconf 90' lang='lat' dir='ltr'>ubi</span> <span class='ocrx_word' id='word_1_670' title='bbox 3153 2708 3294 2764; x_wconf 91' lang='lat' dir='ltr'>dicit</span> <span class='ocrx_word' id='word_1_671' title='bbox 3321 2725 3383 2763; x_wconf 89' lang='lat' dir='ltr'>se</span> <span class='ocrx_word' id='word_1_672' title='bbox 3432 2726 3555 2765; x_wconf 89' lang='lat' dir='ltr'>non</span> <span class='ocrx_word' id='word_1_673' title='bbox 3587 2710 3785 2766; x_wconf 89' lang='lat' dir='ltr'>debere</span> <span class='ocrx_word' id='word_1_674' title='bbox 3810 2711 3961 2765; x_wconf 81' lang='lat' dir='ltr'>existi-</span> 
     </span>
    </p>
   </div>
   <div class='ocr_carea' id='block_1_93' title="bbox 2374 2795 3959 2864">
    <p class='ocr_par' dir='ltr' id='par_1_93' title="bbox 2374 2795 3959 2864">
     <span class='ocr_line' id='line_1_95' title="bbox 2374 2795 3959 2864; baseline 0.003 -16"><span class='ocrx_word' id='word_1_675' title='bbox 2374 2796 2525 2849; x_wconf 90' lang='lat' dir='ltr'>mari</span> <span class='ocrx_word' id='word_1_676' title='bbox 2550 2795 2676 2850; x_wconf 88' lang='lat' dir='ltr'>sine</span> <span class='ocrx_word' id='word_1_677' title='bbox 2707 2795 2897 2864; x_wconf 89' lang='lat' dir='ltr'>gratia</span> <span class='ocrx_word' id='word_1_678' title='bbox 2932 2797 3032 2851; x_wconf 90' lang='lat' dir='ltr'>Dei</span> <span class='ocrx_word' id='word_1_679' title='bbox 3053 2797 3373 2852; x_wconf 83' lang='lat' dir='ltr'>defendere</span> <span class='ocrx_word' id='word_1_680' title='bbox 3403 2798 3660 2854; x_wconf 87' lang='lat' dir='ltr'>liberum</span> <span class='ocrx_word' id='word_1_681' title='bbox 3692 2799 3959 2860; x_wconf 86' lang='lat' dir='ltr'>arbitrium,</span> 
     </span>
    </p>
   </div>
   <div class='ocr_carea' id='block_1_94' title="bbox 2373 2884 3959 2960">
    <p class='ocr_par' dir='ltr' id='par_1_94' title="bbox 2373 2884 3959 2960">
     <span class='ocr_line' id='line_1_96' title="bbox 2373 2884 3959 2960; baseline 0.002 -24"><span class='ocrx_word' id='word_1_682' title='bbox 2373 2898 2511 2938; x_wconf 90' lang='lat' dir='ltr'>cum</span> <span class='ocrx_word' id='word_1_683' title='bbox 2571 2884 3029 2955; x_wconf 85' lang='lat' dir='ltr'>possibilitatem</span> <span class='ocrx_word' id='word_1_684' title='bbox 3060 2885 3298 2941; x_wconf 90' lang='lat' dir='ltr'>volendi</span> <span class='ocrx_word' id='word_1_685' title='bbox 3350 2891 3533 2959; x_wconf 89' lang='lat' dir='ltr'>atque</span> <span class='ocrx_word' id='word_1_686' title='bbox 3563 2887 3843 2960; x_wconf 88' lang='lat' dir='ltr'>operandi,</span> <span class='ocrx_word' id='word_1_687' title='bbox 3869 2888 3959 2940; x_wconf 87' lang='lat' dir='ltr'>sine</span> 
     </span>
    </p>
   </div>
   <div class='ocr_carea' id='block_1_95' title="bbox 2370 2973 3958 3045">
    <p class='ocr_par' dir='ltr' id='par_1_95' title="bbox 2370 2973 3958 3045">
     <span class='ocr_line' id='line_1_97' title="bbox 2370 2973 3958 3045; baseline 0.001 -19"><span class='ocrx_word' id='word_1_688' title='bbox 2370 2988 2491 3043; x_wconf 88' lang='lat' dir='ltr'>qua</span> <span class='ocrx_word' id='word_1_689' title='bbox 2518 2973 2662 3027; x_wconf 89' lang='lat' dir='ltr'>nihil</span> <span class='ocrx_word' id='word_1_690' title='bbox 2694 2973 2839 3028; x_wconf 88' lang='lat' dir='ltr'>boni</span> <span class='ocrx_word' id='word_1_691' title='bbox 2866 2973 3015 3029; x_wconf 90' lang='lat' dir='ltr'>velle</span> <span class='ocrx_word' id='word_1_692' title='bbox 3035 2978 3215 3045; x_wconf 89' lang='lat' dir='ltr'>atque</span> <span class='ocrx_word' id='word_1_693' title='bbox 3245 2990 3425 3043; x_wconf 87' lang='lat' dir='ltr'>agere</span> <span class='ocrx_word' id='word_1_694' title='bbox 3449 2976 3787 3041; x_wconf 86' lang='lat' dir='ltr'>valeremus,</span> <span class='ocrx_word' id='word_1_695' title='bbox 3815 2992 3843 3030; x_wconf 88' lang='lat' dir='ltr'>a</span> <span class='ocrx_word' id='word_1_696' title='bbox 3867 2978 3958 3030; x_wconf 85' lang='lat' dir='ltr'>Cre-</span> 
     </span>
    </p>
   </div>
   <div class='ocr_carea' id='block_1_96' title="bbox 2371 3061 3959 3121">
    <p class='ocr_par' dir='ltr' id='par_1_96' title="bbox 2371 3061 3959 3121">
     <span class='ocr_line' id='line_1_98' title="bbox 2371 3061 3959 3121; baseline 0.001 -6"><span class='ocrx_word' id='word_1_697' title='bbox 2371 3066 2533 3116; x_wconf 89' lang='lat' dir='ltr'>atore</span> <span class='ocrx_word' id='word_1_698' title='bbox 2562 3061 2735 3115; x_wconf 88' lang='lat' dir='ltr'>nobis</span> <span class='ocrx_word' id='word_1_699' title='bbox 2763 3062 3000 3117; x_wconf 87' lang='lat' dir='ltr'>insitam</span> <span class='ocrx_word' id='word_1_700' title='bbox 3027 3062 3248 3117; x_wconf 91' lang='lat' dir='ltr'>diceret</span> <span class='ocrx_word' id='word_1_701' title='bbox 3272 3079 3283 3116; x_wconf 92' lang='lat'><strong>:</strong></span> <span class='ocrx_word' id='word_1_702' title='bbox 3320 3068 3383 3120; x_wconf 89' lang='lat' dir='ltr'>ut</span> <span class='ocrx_word' id='word_1_703' title='bbox 3414 3064 3683 3121; x_wconf 85' lang='lat' dir='ltr'>videlicet</span> <span class='ocrx_word' id='word_1_704' title='bbox 3706 3064 3819 3120; x_wconf 70' lang='lat' dir='ltr'>haec</span> <span class='ocrx_word' id='word_1_705' title='bbox 3839 3063 3959 3119; x_wconf 90' lang='lat' dir='ltr'>intel-</span> 
     </span>
    </p>
   </div>
   <div class='ocr_carea' id='block_1_97' title="bbox 2370 3150 3958 3226">
    <p class='ocr_par' dir='ltr' id='par_1_97' title="bbox 2370 3150 3958 3226">
     <span class='ocr_line' id='line_1_99' title="bbox 2370 3150 3958 3226; baseline 0.001 -23"><span class='ocrx_word' id='word_1_706' title='bbox 2370 3150 2584 3218; x_wconf 84' lang='lat' dir='ltr'>ligatur</span> <span class='ocrx_word' id='word_1_707' title='bbox 2613 3150 2852 3205; x_wconf 87' lang='lat' dir='ltr'>doctore</span> <span class='ocrx_word' id='word_1_708' title='bbox 2876 3153 3005 3223; x_wconf 91' lang='lat' dir='ltr'>ipso</span> <span class='ocrx_word' id='word_1_709' title='bbox 3032 3152 3223 3221; x_wconf 89' lang='lat' dir='ltr'>gratia</span> <span class='ocrx_word' id='word_1_710' title='bbox 3257 3151 3377 3221; x_wconf 89' lang='lat' dir='ltr'>Dei,</span> <span class='ocrx_word' id='word_1_711' title='bbox 3414 3170 3553 3226; x_wconf 68' lang='lat' dir='ltr'>quae</span> <span class='ocrx_word' id='word_1_712' title='bbox 3584 3154 3809 3225; x_wconf 82' lang='lat' dir='ltr'>Paganis</span> <span class='ocrx_word' id='word_1_713' title='bbox 3826 3159 3958 3225; x_wconf 84' lang='lat' dir='ltr'>atque</span> 
     </span>
    </p>
   </div>
   <div class='ocr_carea' id='block_1_98' title="bbox 2369 3237 3959 3315">
    <p class='ocr_par' dir='ltr' id='par_1_98' title="bbox 2369 3237 3959 3315">
     <span class='ocr_line' id='line_1_100' title="bbox 2369 3237 3959 3315; baseline 0.003 -23"><span class='ocrx_word' id='word_1_714' title='bbox 2369 3237 2741 3303; x_wconf 86' lang='lat' dir='ltr'>Christianis,</span> <span class='ocrx_word' id='word_1_715' title='bbox 2767 3240 2965 3311; x_wconf 91' lang='lat' dir='ltr'>impiis</span> <span class='ocrx_word' id='word_1_716' title='bbox 2998 3244 3055 3295; x_wconf 88' lang='lat' dir='ltr'>et</span> <span class='ocrx_word' id='word_1_717' title='bbox 3084 3240 3220 3312; x_wconf 89' lang='lat' dir='ltr'>piis,</span> <span class='ocrx_word' id='word_1_718' title='bbox 3264 3241 3547 3298; x_wconf 79' lang='lat' dir='ltr'>ﬁdelibus</span> <span class='ocrx_word' id='word_1_719' title='bbox 3577 3249 3746 3315; x_wconf 90' lang='lat' dir='ltr'>atque</span> <span class='ocrx_word' id='word_1_720' title='bbox 3768 3241 3959 3298; x_wconf 86' lang='lat' dir='ltr'>inﬁdeli-</span> 
     </span>
    </p>
   </div>
   <div class='ocr_carea' id='block_1_99' title="bbox 2368 3325 2988 3384">
    <p class='ocr_par' dir='ltr' id='par_1_99' title="bbox 2368 3325 2988 3384">
     <span class='ocr_line' id='line_1_101' title="bbox 2368 3325 2988 3384; baseline 0.002 -4"><span class='ocrx_word' id='word_1_721' title='bbox 2368 3325 2483 3380; x_wconf 91' lang='lat' dir='ltr'>bus</span> <span class='ocrx_word' id='word_1_722' title='bbox 2510 3329 2852 3382; x_wconf 88' lang='lat' dir='ltr'>communis</span> <span class='ocrx_word' id='word_1_723' title='bbox 2881 3334 2988 3384; x_wconf 90' lang='lat' dir='ltr'>est.</span> 
     </span>
    </p>
   </div>
   <div class='ocr_carea' id='block_1_100' title="bbox 2437 3417 3956 3489">
    <p class='ocr_par' dir='ltr' id='par_1_100' title="bbox 2437 3417 3956 3489">
     <span class='ocr_line' id='line_1_102' title="bbox 2437 3417 3956 3489; baseline 0.002 -19"><span class='ocrx_word' id='word_1_724' title='bbox 2437 3422 2489 3470; x_wconf 83' lang='lat'>2.</span> <span class='ocrx_word' id='word_1_725' title='bbox 2527 3418 2653 3471; x_wconf 69' lang='lat' dir='ltr'>Haec</span> <span class='ocrx_word' id='word_1_726' title='bbox 2680 3417 2843 3472; x_wconf 87' lang='lat' dir='ltr'>mala</span> <span class='ocrx_word' id='word_1_727' title='bbox 2872 3417 3097 3489; x_wconf 90' lang='lat' dir='ltr'>quibus</span> <span class='ocrx_word' id='word_1_728' title='bbox 3127 3419 3459 3475; x_wconf 89' lang='lat' dir='ltr'>Salvatoris</span> <span class='ocrx_word' id='word_1_729' title='bbox 3495 3426 3857 3476; x_wconf 83' lang='lat' dir='ltr'>evacuaretur</span> <span class='ocrx_word' id='word_1_730' title='bbox 3886 3418 3956 3473; x_wconf 85' lang='lat' dir='ltr'>ad-</span> 
     </span>
    </p>
   </div>
   <div class='ocr_carea' id='block_1_101' title="bbox 2366 3504 3958 3581">
    <p class='ocr_par' dir='ltr' id='par_1_101' title="bbox 2366 3504 3958 3581">
     <span class='ocr_line' id='line_1_103' title="bbox 2366 3504 3958 3581; baseline 0.001 -24"><span class='ocrx_word' id='word_1_731' title='bbox 2366 3511 2600 3565; x_wconf 79' lang='lat' dir='ltr'>ventus.</span> <span class='ocrx_word' id='word_1_732' title='bbox 2634 3504 2731 3560; x_wconf 91' lang='lat' dir='ltr'>ubi</span> <span class='ocrx_word' id='word_1_733' title='bbox 2754 3506 2867 3561; x_wconf 91' lang='lat' dir='ltr'>hoc</span> <span class='ocrx_word' id='word_1_734' title='bbox 2894 3523 3221 3577; x_wconf 87' lang='lat' dir='ltr'>possumus</span> <span class='ocrx_word' id='word_1_735' title='bbox 3236 3508 3437 3563; x_wconf 89' lang='lat' dir='ltr'>dicere</span> <span class='ocrx_word' id='word_1_736' title='bbox 3451 3509 3614 3581; x_wconf 88' lang='lat' dir='ltr'>quod</span> <span class='ocrx_word' id='word_1_737' title='bbox 3628 3510 3699 3565; x_wconf 93' lang='lat' dir='ltr'>de</span> <span class='ocrx_word' id='word_1_738' title='bbox 3720 3508 3958 3578; x_wconf 86' lang='lat' dir='ltr'>Legedicit</span> 
     </span>
    </p>
   </div>
   <div class='ocr_carea' id='block_1_102' title="bbox 2366 3594 3956 3669">
    <p class='ocr_par' dir='ltr' id='par_1_102' title="bbox 2366 3594 3956 3669">
     <span class='ocr_line' id='line_1_104' title="bbox 2366 3594 3956 3669; baseline 0.001 -23"><span class='ocrx_word' id='word_1_739' title='bbox 2366 3594 2707 3664; x_wconf 84' lang='lat' dir='ltr'>Apostolus,</span> <span class='ocrx_word' id='word_1_740' title='bbox 2755 3594 2814 3648; x_wconf 81' lang='lat' dir='ltr'>Si</span> <span class='ocrx_word' id='word_1_741' title='bbox 2837 3610 2944 3662; x_wconf 83' lang='lat' dir='ltr'>per</span> <span class='ocrx_word' id='word_1_742' title='bbox 2982 3600 3261 3651; x_wconf 86' lang='lat' dir='ltr'>naturam</span> <span class='ocrx_word' id='word_1_743' title='bbox 3285 3598 3547 3669; x_wconf 83' lang='lat' dir='ltr'>justitia,</span> <span class='ocrx_word' id='word_1_744' title='bbox 3575 3614 3706 3669; x_wconf 83' lang='lat' dir='ltr'>ergo</span> <span class='ocrx_word' id='word_1_745' title='bbox 3743 3598 3956 3654; x_wconf 79' lang='lat' dir='ltr'>Christus</span> 
     </span>
    </p>
   </div>
   <div class='ocr_carea' id='block_1_103' title="bbox 2364 3684 3957 3758">
    <p class='ocr_par' dir='ltr' id='par_1_103' title="bbox 2364 3684 3957 3758">
     <span class='ocr_line' id='line_1_105' title="bbox 2364 3684 3957 3758; baseline -0.001 -22"><span class='ocrx_word' id='word_1_746' title='bbox 2364 3686 2553 3751; x_wconf 75' lang='lat' dir='ltr'>gratis</span> <span class='ocrx_word' id='word_1_747' title='bbox 2579 3691 2849 3738; x_wconf 82' lang='lat' dir='ltr'>mortuus</span> <span class='ocrx_word' id='word_1_748' title='bbox 2880 3692 2968 3739; x_wconf 84' lang='lat' dir='ltr'>est</span> <span class='ocrx_word' id='word_1_749' title='bbox 2996 3684 3222 3749; x_wconf 83' lang='lat' dir='ltr'>(Galat.</span> <span class='ocrx_word' id='word_1_750' title='bbox 3254 3702 3315 3750; x_wconf 90' lang='lat' dir='ltr'>u,</span> <span class='ocrx_word' id='word_1_751' title='bbox 3348 3686 3463 3758; x_wconf 70' lang='grc'><strong>21),</strong></span> <span class='ocrx_word' id='word_1_752' title='bbox 3489 3688 3890 3749; x_wconf 79' lang='lat' dir='ltr'>refellebamus,</span> <span class='ocrx_word' id='word_1_753' title='bbox 3916 3691 3957 3737; x_wconf 90' lang='lat' dir='ltr'>ut</span> 
     </span>
    </p>
   </div>
   <div class='ocr_carea' id='block_1_104' title="bbox 2364 3773 3955 3848">
    <p class='ocr_par' dir='ltr' id='par_1_104' title="bbox 2364 3773 3955 3848">
     <span class='ocr_line' id='line_1_106' title="bbox 2364 3773 3955 3848; baseline -0.001 -23"><span class='ocrx_word' id='word_1_754' title='bbox 2364 3776 2730 3841; x_wconf 85' lang='lat' dir='ltr'>poteramus,</span> <span class='ocrx_word' id='word_1_755' title='bbox 2760 3773 2819 3827; x_wconf 90' lang='lat' dir='ltr'>in</span> <span class='ocrx_word' id='word_1_756' title='bbox 2852 3774 3135 3828; x_wconf 88' lang='lat' dir='ltr'>cordibus</span> <span class='ocrx_word' id='word_1_757' title='bbox 3163 3791 3394 3841; x_wconf 92' lang='lat' dir='ltr'>eorum,</span> <span class='ocrx_word' id='word_1_758' title='bbox 3428 3776 3537 3848; x_wconf 90' lang='lat' dir='ltr'>qui</span> <span class='ocrx_word' id='word_1_759' title='bbox 3569 3777 3677 3832; x_wconf 90' lang='lat' dir='ltr'>ista</span> <span class='ocrx_word' id='word_1_760' title='bbox 3715 3777 3955 3831; x_wconf 84' lang='lat' dir='ltr'>sentirent.</span> 
     </span>
    </p>
   </div>
   <div class='ocr_carea' id='block_1_105' title="bbox 2364 3859 3959 3936">
    <p class='ocr_par' dir='ltr' id='par_1_105' title="bbox 2364 3859 3959 3936">
     <span class='ocr_line' id='line_1_107' title="bbox 2364 3859 3959 3936; baseline 0.001 -23"><span class='ocrx_word' id='word_1_761' title='bbox 2364 3864 2428 3913; x_wconf 88' lang='lat' dir='ltr'>ut</span> <span class='ocrx_word' id='word_1_762' title='bbox 2454 3859 2541 3913; x_wconf 88' lang='lat' dir='ltr'>his</span> <span class='ocrx_word' id='word_1_763' title='bbox 2574 3861 2851 3929; x_wconf 86' lang='lat' dir='ltr'>cognitis,</span> <span class='ocrx_word' id='word_1_764' title='bbox 2883 3862 3256 3929; x_wconf 88' lang='lat' dir='ltr'>etiamille,si</span> <span class='ocrx_word' id='word_1_765' title='bbox 3284 3863 3413 3919; x_wconf 80' lang='lat' dir='ltr'>fieri</span> <span class='ocrx_word' id='word_1_766' title='bbox 3441 3871 3669 3936; x_wconf 91' lang='lat' dir='ltr'>posset,</span> <span class='ocrx_word' id='word_1_767' title='bbox 3697 3881 3805 3921; x_wconf 89' lang='lat' dir='ltr'>non</span> <span class='ocrx_word' id='word_1_768' title='bbox 3824 3865 3959 3919; x_wconf 79' lang='lat' dir='ltr'>laces-</span> 
     </span>
    </p>
   </div>
   <div class='ocr_carea' id='block_1_106' title="bbox 2363 3941 3959 4026">
    <p class='ocr_par' dir='ltr' id='par_1_106' title="bbox 2363 3941 3959 4026">
     <span class='ocr_line' id='line_1_108' title="bbox 2363 3941 3959 4026; baseline 0.001 -25"><span class='ocrx_word' id='word_1_769' title='bbox 2363 3949 2509 4003; x_wconf 91' lang='lat' dir='ltr'>situs</span> <span class='ocrx_word' id='word_1_770' title='bbox 2530 3950 2647 4004; x_wconf 88' lang='lat' dir='ltr'>ista</span> <span class='ocrx_word' id='word_1_771' title='bbox 2678 3941 3059 4018; x_wconf 86' lang='lat' dir='ltr'>emendaret;</span> <span class='ocrx_word' id='word_1_772' title='bbox 3095 3957 3274 4023; x_wconf 88' lang='lat' dir='ltr'>atque</span> <span class='ocrx_word' id='word_1_773' title='bbox 3302 3952 3757 4026; x_wconf 88' lang='lat' dir='ltr'>itaetpernicies</span> <span class='ocrx_word' id='word_1_774' title='bbox 3784 3954 3959 4008; x_wconf 55' lang='lat' dir='ltr'>destruo</span> 
     </span>
    </p>
   </div>
   <div class='ocr_carea' id='block_1_107' title="bbox 2361 4040 3955 4115">
    <p class='ocr_par' dir='ltr' id='par_1_107' title="bbox 2361 4040 3955 4115">
     <span class='ocr_line' id='line_1_109' title="bbox 2361 4040 3955 4115; baseline -0.001 -23"><span class='ocrx_word' id='word_1_775' title='bbox 2361 4042 2556 4093; x_wconf 90' lang='lat' dir='ltr'>eretur</span> <span class='ocrx_word' id='word_1_776' title='bbox 2586 4040 2820 4104; x_wconf 89' lang='lat' dir='ltr'>erroris,</span> <span class='ocrx_word' id='word_1_777' title='bbox 2853 4045 2910 4095; x_wconf 89' lang='lat' dir='ltr'>et</span> <span class='ocrx_word' id='word_1_778' title='bbox 2936 4041 3200 4097; x_wconf 87' lang='lat' dir='ltr'>hominis</span> <span class='ocrx_word' id='word_1_779' title='bbox 3231 4044 3613 4099; x_wconf 61' lang='lat' dir='ltr'>verecundiae</span> <span class='ocrx_word' id='word_1_780' title='bbox 3655 4045 3955 4115; x_wconf 85' lang='lat' dir='ltr'>parceretur.</span> 
     </span>
    </p>
   </div>
   <div class='ocr_carea' id='block_1_108' title="bbox 2360 4127 3960 4200">
    <p class='ocr_par' dir='ltr' id='par_1_108' title="bbox 2360 4127 3960 4200">
     <span class='ocr_line' id='line_1_110' title="bbox 2360 4127 3960 4200; baseline 0.001 -21"><span class='ocrx_word' id='word_1_781' title='bbox 2360 4127 2473 4180; x_wconf 87' lang='lat' dir='ltr'>Sed</span> <span class='ocrx_word' id='word_1_782' title='bbox 2506 4132 2909 4200; x_wconf 89' lang='lat' dir='ltr'>posteaquam</span> <span class='ocrx_word' id='word_1_783' title='bbox 2939 4129 3017 4184; x_wconf 89' lang='lat' dir='ltr'>ad</span> <span class='ocrx_word' id='word_1_784' title='bbox 3048 4145 3157 4185; x_wconf 91' lang='lat' dir='ltr'>nos</span> <span class='ocrx_word' id='word_1_785' title='bbox 3196 4129 3403 4186; x_wconf 70' lang='lat' dir='ltr'>litterae</span> <span class='ocrx_word' id='word_1_786' title='bbox 3436 4133 3513 4186; x_wconf 93' lang='lat' dir='ltr'>de</span> <span class='ocrx_word' id='word_1_787' title='bbox 3555 4133 3780 4188; x_wconf 87' lang='lat' dir='ltr'>Oriente</span> <span class='ocrx_word' id='word_1_788' title='bbox 3827 4144 3960 4183; x_wconf 82' lang='lat' dir='ltr'>vene-</span> 
     </span>
    </p>
   </div>
   <div class='ocr_carea' id='block_1_109' title="bbox 2358 4218 3958 4291">
    <p class='ocr_par' dir='ltr' id='par_1_109' title="bbox 2358 4218 3958 4291">
     <span class='ocr_line' id='line_1_111' title="bbox 2358 4218 3958 4291; baseline 0.001 -22"><span class='ocrx_word' id='word_1_789' title='bbox 2358 4220 2518 4280; x_wconf 89' lang='lat' dir='ltr'>runt,</span> <span class='ocrx_word' id='word_1_790' title='bbox 2571 4218 2847 4272; x_wconf 90' lang='lat' dir='ltr'>eamdem</span> <span class='ocrx_word' id='word_1_791' title='bbox 2902 4234 3152 4274; x_wconf 89' lang='lat' dir='ltr'>causam</span> <span class='ocrx_word' id='word_1_792' title='bbox 3212 4221 3595 4291; x_wconf 88' lang='lat' dir='ltr'>apertissime</span> <span class='ocrx_word' id='word_1_793' title='bbox 3647 4220 3958 4281; x_wconf 81' lang='lat' dir='ltr'>ventilantes,</span> 
     </span>
    </p>
   </div>
   <div class='ocr_carea' id='block_1_110' title="bbox 2357 4304 3960 4381">
    <p class='ocr_par' dir='ltr' id='par_1_110' title="bbox 2357 4304 3960 4381">
     <span class='ocr_line' id='line_1_112' title="bbox 2357 4304 3960 4381; baseline 0.001 -24"><span class='ocrx_word' id='word_1_794' title='bbox 2357 4304 2519 4359; x_wconf 89' lang='lat' dir='ltr'>nullo</span> <span class='ocrx_word' id='word_1_795' title='bbox 2537 4306 2717 4361; x_wconf 90' lang='lat' dir='ltr'>modo</span> <span class='ocrx_word' id='word_1_796' title='bbox 2744 4307 2872 4376; x_wconf 89' lang='lat' dir='ltr'>jam</span> <span class='ocrx_word' id='word_1_797' title='bbox 2885 4306 3311 4379; x_wconf 87' lang='lat' dir='ltr'>qualicumque</span> <span class='ocrx_word' id='word_1_798' title='bbox 3325 4309 3652 4381; x_wconf 89' lang='lat' dir='ltr'>episcopali</span> <span class='ocrx_word' id='word_1_799' title='bbox 3668 4308 3960 4366; x_wconf 86' lang='lat' dir='ltr'>auctoritate</span> 
     </span>
    </p>
   </div>
   <div class='ocr_carea' id='block_1_111' title="bbox 2356 4394 3961 4470">
    <p class='ocr_par' dir='ltr' id='par_1_111' title="bbox 2356 4394 3961 4470">
     <span class='ocr_line' id='line_1_113' title="bbox 2356 4394 3961 4470; baseline 0.001 -23"><span class='ocrx_word' id='word_1_800' title='bbox 2356 4394 2563 4449; x_wconf 88' lang='lat' dir='ltr'>deesse</span> <span class='ocrx_word' id='word_1_801' title='bbox 2592 4394 2862 4450; x_wconf 77' lang='lat' dir='ltr'>Ecclesiae</span> <span class='ocrx_word' id='word_1_802' title='bbox 2880 4396 3304 4452; x_wconf 86' lang='lat' dir='ltr'>debueramus.</span> <span class='ocrx_word' id='word_1_803' title='bbox 3331 4399 3522 4454; x_wconf 79' lang='lat' dir='ltr'>Missae</span> <span class='ocrx_word' id='word_1_804' title='bbox 3553 4404 3691 4454; x_wconf 90' lang='lat' dir='ltr'>sunt</span> <span class='ocrx_word' id='word_1_805' title='bbox 3716 4398 3892 4470; x_wconf 83' lang='lat' dir='ltr'>itaque</span> <span class='ocrx_word' id='word_1_806' title='bbox 3908 4394 3961 4449; x_wconf 80' lang='lat' dir='ltr'>de</span> 
     </span>
    </p>
   </div>
   <div class='ocr_carea' id='block_1_112' title="bbox 2354 4482 3961 4558">
    <p class='ocr_par' dir='ltr' id='par_1_112' title="bbox 2354 4482 3961 4558">
     <span class='ocr_line' id='line_1_114' title="bbox 2354 4482 3961 4558; baseline 0.001 -22"><span class='ocrx_word' id='word_1_807' title='bbox 2354 4482 2469 4537; x_wconf 89' lang='lat' dir='ltr'>hac</span> <span class='ocrx_word' id='word_1_808' title='bbox 2492 4499 2552 4537; x_wconf 92' lang='lat' dir='ltr'>re</span> <span class='ocrx_word' id='word_1_809' title='bbox 2584 4500 2654 4538; x_wconf 83' lang='lat' dir='ltr'>ex</span> <span class='ocrx_word' id='word_1_810' title='bbox 2681 4484 2921 4539; x_wconf 91' lang='lat' dir='ltr'>duobus</span> <span class='ocrx_word' id='word_1_811' title='bbox 2951 4486 3237 4552; x_wconf 91' lang='lat' dir='ltr'>conciliis,</span> <span class='ocrx_word' id='word_1_812' title='bbox 3267 4487 3686 4558; x_wconf 89' lang='lat' dir='ltr'>Cathaginensi</span> <span class='ocrx_word' id='word_1_813' title='bbox 3715 4493 3767 4543; x_wconf 90' lang='lat' dir='ltr'>et</span> <span class='ocrx_word' id='word_1_814' title='bbox 3794 4484 3961 4541; x_wconf 46' lang='lat' dir='ltr'>Milevi‘</span> 
     </span>
    </p>
   </div>
   <div class='ocr_carea' id='block_1_113' title="bbox 2356 4572 3962 4647">
    <p class='ocr_par' dir='ltr' id='par_1_113' title="bbox 2356 4572 3962 4647">
     <span class='ocr_line' id='line_1_115' title="bbox 2356 4572 3962 4647; baseline 0.001 -22"><span class='ocrx_word' id='word_1_815' title='bbox 2356 4577 2517 4639; x_wconf 89' lang='lat' dir='ltr'>tano,</span> <span class='ocrx_word' id='word_1_816' title='bbox 2547 4572 2861 4629; x_wconf 87' lang='lat' dir='ltr'>relationes</span> <span class='ocrx_word' id='word_1_817' title='bbox 2893 4575 2969 4630; x_wconf 91' lang='lat' dir='ltr'>ad</span> <span class='ocrx_word' id='word_1_818' title='bbox 3001 4576 3393 4645; x_wconf 89' lang='lat' dir='ltr'>apostolicam</span> <span class='ocrx_word' id='word_1_819' title='bbox 3436 4577 3651 4632; x_wconf 89' lang='lat' dir='ltr'>Sedem</span> <span class='ocrx_word' id='word_1_820' title='bbox 3706 4578 3804 4647; x_wconf 75' lang='grc' dir='ltr'>(ά),</span> <span class='ocrx_word' id='word_1_821' title='bbox 3838 4578 3962 4630; x_wconf 81' lang='lat' dir='ltr'>ante-</span> 
     </span>
    </p>
   </div>
   <div class='ocr_carea' id='block_1_114' title="bbox 2354 4662 3962 4737">
    <p class='ocr_par' dir='ltr' id='par_1_114' title="bbox 2354 4662 3962 4737">
     <span class='ocr_line' id='line_1_116' title="bbox 2354 4662 3962 4737; baseline 0.002 -23"><span class='ocrx_word' id='word_1_822' title='bbox 2354 4676 2538 4732; x_wconf 91' lang='lat' dir='ltr'>quam</span> <span class='ocrx_word' id='word_1_823' title='bbox 2577 4663 2751 4717; x_wconf 90' lang='lat' dir='ltr'>Gesta</span> <span class='ocrx_word' id='word_1_824' title='bbox 2784 4662 3202 4728; x_wconf 85' lang='lat' dir='ltr'>ecclesiastica,</span> <span class='ocrx_word' id='word_1_825' title='bbox 3256 4665 3477 4736; x_wconf 87' lang='lat' dir='ltr'>quibus</span> <span class='ocrx_word' id='word_1_826' title='bbox 3505 4666 3671 4737; x_wconf 89' lang='lat' dir='ltr'>apud</span> <span class='ocrx_word' id='word_1_827' title='bbox 3696 4666 3962 4737; x_wconf 81' lang='lat' dir='ltr'>episcopos</span> 
     </span>
    </p>
   </div>
   <div class='ocr_carea' id='block_1_115' title="bbox 2352 4750 3961 4824">
    <p class='ocr_par' dir='ltr' id='par_1_115' title="bbox 2352 4750 3961 4824">
     <span class='ocr_line' id='line_1_117' title="bbox 2352 4750 3961 4824; baseline -0.001 -22"><span class='ocrx_word' id='word_1_828' title='bbox 2352 4750 2678 4819; x_wconf 72' lang='lat' dir='ltr'>provinciis</span> <span class='ocrx_word' id='word_1_829' title='bbox 2702 4750 3034 4807; x_wconf 62' lang='lat' dir='ltr'>Palaestinae</span> <span class='ocrx_word' id='word_1_830' title='bbox 3062 4753 3334 4824; x_wconf 84' lang='lat' dir='ltr'>Pelagius</span> <span class='ocrx_word' id='word_1_831' title='bbox 3357 4754 3705 4824; x_wconf 88' lang='lat' dir='ltr'>perhibetur</span> <span class='ocrx_word' id='word_1_832' title='bbox 3721 4768 3838 4808; x_wconf 88' lang='lat' dir='ltr'>esse</span> <span class='ocrx_word' id='word_1_833' title='bbox 3858 4764 3961 4822; x_wconf 87' lang='lat' dir='ltr'>pur-</span> 
     </span>
    </p>
   </div>
   <div class='ocr_carea' id='block_1_116' title="bbox 2353 4838 3963 4913">
    <p class='ocr_par' dir='ltr' id='par_1_116' title="bbox 2353 4838 3963 4913">
     <span class='ocr_line' id='line_1_118' title="bbox 2353 4838 3963 4913; baseline 0.002 -22"><span class='ocrx_word' id='word_1_834' title='bbox 2353 4842 2547 4907; x_wconf 85' lang='lat' dir='ltr'>gatus,</span> <span class='ocrx_word' id='word_1_835' title='bbox 2579 4838 2669 4893; x_wconf 91' lang='lat' dir='ltr'>vel</span> <span class='ocrx_word' id='word_1_836' title='bbox 2694 4839 2753 4893; x_wconf 89' lang='lat' dir='ltr'>in</span> <span class='ocrx_word' id='word_1_837' title='bbox 2786 4856 3002 4895; x_wconf 90' lang='lat' dir='ltr'>manus</span> <span class='ocrx_word' id='word_1_838' title='bbox 3032 4847 3292 4906; x_wconf 90' lang='lat' dir='ltr'>nostras,</span> <span class='ocrx_word' id='word_1_839' title='bbox 3322 4842 3411 4897; x_wconf 86' lang='lat' dir='ltr'>vel</span> <span class='ocrx_word' id='word_1_840' title='bbox 3433 4842 3493 4897; x_wconf 90' lang='lat' dir='ltr'>in</span> <span class='ocrx_word' id='word_1_841' title='bbox 3516 4843 3771 4899; x_wconf 85' lang='lat' dir='ltr'>Africam</span> <span class='ocrx_word' id='word_1_842' title='bbox 3801 4853 3963 4913; x_wconf 79' lang='lat' dir='ltr'>perve-</span> 
     </span>
    </p>
   </div>
   <div class='ocr_carea' id='block_1_117' title="bbox 2350 4927 3961 5000">
    <p class='ocr_par' dir='ltr' id='par_1_117' title="bbox 2350 4927 3961 5000">
     <span class='ocr_line' id='line_1_119' title="bbox 2350 4927 3961 5000; baseline 0.001 -20"><span class='ocrx_word' id='word_1_843' title='bbox 2350 4927 2593 4983; x_wconf 89' lang='lat' dir='ltr'>nissent.</span> <span class='ocrx_word' id='word_1_844' title='bbox 2631 4929 2985 5000; x_wconf 87' lang='lat' dir='ltr'>Scripsimus</span> <span class='ocrx_word' id='word_1_845' title='bbox 3012 4932 3190 4986; x_wconf 88' lang='lat' dir='ltr'>etiam</span> <span class='ocrx_word' id='word_1_846' title='bbox 3224 4934 3298 4987; x_wconf 90' lang='lat' dir='ltr'>ad</span> <span class='ocrx_word' id='word_1_847' title='bbox 3336 4932 3530 4988; x_wconf 71' lang='lat' dir='ltr'>beatae</span> <span class='ocrx_word' id='word_1_848' title='bbox 3559 4932 3849 4987; x_wconf 74' lang='lat' dir='ltr'>memoriae</span> <span class='ocrx_word' id='word_1_849' title='bbox 3880 4931 3961 4982; x_wconf 81' lang='lat' dir='ltr'>Pa-</span> 
     </span>
    </p>
   </div>
   <div class='ocr_carea' id='block_1_118' title="bbox 2412 5132 3452 5198">
    <p class='ocr_par' dir='ltr' id='par_1_118' title="bbox 2412 5132 3452 5198">
     <span class='ocr_line' id='line_1_120' title="bbox 2412 5132 3452 5198; baseline 0.003 -16"><span class='ocrx_word' id='word_1_850' title='bbox 2412 5133 2425 5198; x_wconf 56' lang='lat' dir='ltr'>l</span> <span class='ocrx_word' id='word_1_851' title='bbox 2460 5132 2696 5198; x_wconf 36' lang='lat' dir='ltr'>ltissim.</span> <span class='ocrx_word' id='word_1_852' title='bbox 2726 5138 2776 5182; x_wconf 89' lang='lat' dir='ltr'>et</span> <span class='ocrx_word' id='word_1_853' title='bbox 2810 5135 2977 5198; x_wconf 90' lang='lat' dir='ltr'>Sulp.,</span> <span class='ocrx_word' id='word_1_854' title='bbox 3012 5135 3215 5186; x_wconf 76' lang='lat' dir='ltr'>Terenti</span> <span class='ocrx_word' id='word_1_855' title='bbox 3245 5137 3452 5186; x_wconf 80' lang='lat' dir='ltr'>dicitur.</span> 
     </span>
    </p>
   </div>
   <div class='ocr_carea' id='block_1_119' title="bbox 2408 5195 3911 5261">
    <p class='ocr_par' dir='ltr' id='par_1_119' title="bbox 2408 5195 3911 5261">
     <span class='ocr_line' id='line_1_121' title="bbox 2408 5195 3911 5261; baseline -0.001 -18"><span class='ocrx_word' id='word_1_856' title='bbox 2408 5197 2426 5226; x_wconf 84' lang='grc'>²</span> <span class='ocrx_word' id='word_1_857' title='bbox 2454 5195 2553 5261; x_wconf 68' lang='lat' dir='ltr'>Sic.</span> <span class='ocrx_word' id='word_1_858' title='bbox 2588 5196 2689 5261; x_wconf 69' lang='lat' dir='ltr'>Ms.</span> <span class='ocrx_word' id='word_1_859' title='bbox 2716 5198 2861 5260; x_wconf 91' lang='lat' dir='ltr'>Sulp.</span> <span class='ocrx_word' id='word_1_860' title='bbox 2881 5195 3178 5261; x_wconf 64' lang='lat' dir='ltr'>responsum</span> <span class='ocrx_word' id='word_1_861' title='bbox 3204 5206 3272 5247; x_wconf 84' lang='lat' dir='ltr'>est</span> <span class='ocrx_word' id='word_1_862' title='bbox 3292 5200 3424 5261; x_wconf 82' lang='lat' dir='ltr'>quod</span> <span class='ocrx_word' id='word_1_863' title='bbox 3458 5199 3594 5247; x_wconf 80' lang='lat' dir='ltr'>libro</span> <span class='ocrx_word' id='word_1_864' title='bbox 3629 5198 3911 5248; x_wconf 77' lang='lat' dir='ltr'>continetur.</span> 
     </span>
    </p>
   </div>
   <div class='ocr_carea' id='block_1_120' title="bbox 2411 5258 3959 5327">
    <p class='ocr_par' dir='ltr' id='par_1_120' title="bbox 2411 5258 3959 5327">
     <span class='ocr_line' id='line_1_122' title="bbox 2411 5258 3959 5327; baseline -0.008 -14"><span class='ocrx_word' id='word_1_865' title='bbox 2411 5260 2494 5327; x_wconf 49' lang='lat' dir='ltr'>(at</span> <span class='ocrx_word' id='word_1_866' title='bbox 2514 5258 2759 5327; x_wconf 73' lang='lat' dir='ltr'>Pelagius</span> <span class='ocrx_word' id='word_1_867' title='bbox 2783 5258 2927 5327; x_wconf 69' lang='lat' dir='ltr'>gente</span> <span class='ocrx_word' id='word_1_868' title='bbox 2943 5260 3227 5327; x_wconf 58' lang='lat' dir='ltr'>Britannus</span> <span class='ocrx_word' id='word_1_869' title='bbox 3252 5258 3447 5327; x_wconf 79' lang='lat' dir='ltr'>dicitur</span> <span class='ocrx_word' id='word_1_870' title='bbox 3476 5275 3509 5310; x_wconf 89' lang='lat' dir='ltr'>a</span> <span class='ocrx_word' id='word_1_871' title='bbox 3532 5263 3699 5327; x_wconf 74' lang='lat' dir='ltr'>Mario</span> <span class='ocrx_word' id='word_1_872' title='bbox 3711 5262 3959 5327; x_wconf 73' lang='lat' dir='ltr'>Mercatore</span> 
     </span>
    </p>
   </div>
   <div class='ocr_carea' id='block_1_121' title="bbox 2347 5319 3956 5387">
    <p class='ocr_par' dir='ltr' id='par_1_121' title="bbox 2347 5319 3956 5387">
     <span class='ocr_line' id='line_1_123' title="bbox 2347 5319 3956 5387; baseline 0 -22"><span class='ocrx_word' id='word_1_873' title='bbox 2347 5319 2401 5365; x_wconf 92' lang='lat' dir='ltr'>in</span> <span class='ocrx_word' id='word_1_874' title='bbox 2456 5319 2917 5387; x_wconf 75' lang='lat' dir='ltr'>Commonitorio;</span> <span class='ocrx_word' id='word_1_875' title='bbox 2955 5323 3021 5387; x_wconf 89' lang='lat' dir='ltr'>ab</span> <span class='ocrx_word' id='word_1_876' title='bbox 3068 5323 3252 5373; x_wconf 87' lang='lat' dir='ltr'>Orosio</span> <span class='ocrx_word' id='word_1_877' title='bbox 3310 5325 3362 5374; x_wconf 91' lang='lat' dir='ltr'>iu</span> <span class='ocrx_word' id='word_1_878' title='bbox 3415 5325 3626 5387; x_wconf 82' lang='lat' dir='ltr'>Apolo.,</span> <span class='ocrx_word' id='word_1_879' title='bbox 3666 5320 3956 5387; x_wconf 54' lang='lat' dir='ltr'>Britannum:</span> 
     </span>
    </p>
   </div>
   <div class='ocr_carea' id='block_1_122' title="bbox 2346 5381 3957 5450">
    <p class='ocr_par' dir='ltr' id='par_1_122' title="bbox 2346 5381 3957 5450">
     <span class='ocr_line' id='line_1_124' title="bbox 2346 5381 3957 5450; baseline -0.002 -21"><span class='ocrx_word' id='word_1_880' title='bbox 2346 5386 2522 5450; x_wconf 62' lang='lat' dir='ltr'>noster</span> <span class='ocrx_word' id='word_1_881' title='bbox 2554 5397 2571 5441; x_wconf 90' lang='lat'><strong><em>;</em></strong></span> <span class='ocrx_word' id='word_1_882' title='bbox 2607 5397 2638 5432; x_wconf 87' lang='lat' dir='ltr'>a</span> <span class='ocrx_word' id='word_1_883' title='bbox 2686 5384 3025 5450; x_wconf 74' lang='lat' dir='ltr'>Prosperoin</span> <span class='ocrx_word' id='word_1_884' title='bbox 3057 5386 3300 5435; x_wconf 87' lang='lat' dir='ltr'>Carmine</span> <span class='ocrx_word' id='word_1_885' title='bbox 3358 5381 3719 5450; x_wconf 12' lang='lat' dir='ltr'>deri&#39;lngratis,</span> <span class='ocrx_word' id='word_1_886' title='bbox 3773 5381 3957 5432; x_wconf 68' lang='lat' dir='ltr'>Calaber</span> 
     </span>
    </p>
   </div>
   <div class='ocr_carea' id='block_1_123' title="bbox 2344 5443 3953 5513">
    <p class='ocr_par' dir='ltr' id='par_1_123' title="bbox 2344 5443 3953 5513">
     <span class='ocr_line' id='line_1_125' title="bbox 2344 5443 3953 5513; baseline 0.002 -24"><span class='ocrx_word' id='word_1_887' title='bbox 2344 5443 2675 5513; x_wconf 62' lang='lat' dir='ltr'>Britannus,“</span> <span class='ocrx_word' id='word_1_888' title='bbox 2698 5443 2849 5510; x_wconf 80' lang='lat' dir='ltr'>isque</span> <span class='ocrx_word' id='word_1_889' title='bbox 2875 5447 2998 5513; x_wconf 75' lang='lat' dir='ltr'>inde</span> <span class='ocrx_word' id='word_1_890' title='bbox 3026 5443 3642 5513; x_wconf 47' lang='lat' dir='ltr'>putatursuggillarivab</span> <span class='ocrx_word' id='word_1_891' title='bbox 3671 5443 3953 5507; x_wconf 73' lang='lat' dir='ltr'>Hieronymo</span> 
     </span>
    </p>
   </div>
   <div class='ocr_carea' id='block_1_124' title="bbox 2344 5506 3795 5575">
    <p class='ocr_par' dir='ltr' id='par_1_124' title="bbox 2344 5506 3795 5575">
     <span class='ocr_line' id='line_1_126' title="bbox 2344 5506 3795 5575; baseline 0.001 -21"><span class='ocrx_word' id='word_1_892' title='bbox 2344 5506 2530 5575; x_wconf 72' lang='lat' dir='ltr'>prrelat</span> <span class='ocrx_word' id='word_1_893' title='bbox 2554 5509 2611 5575; x_wconf 90' lang='lat' dir='ltr'>in_</span> <span class='ocrx_word' id='word_1_894' title='bbox 2622 5506 2855 5575; x_wconf 27' lang='lat' dir='ltr'>gerem:</span> <span class='ocrx_word' id='word_1_895' title='bbox 2872 5506 3151 5575; x_wconf 53' lang='lat' dir='ltr'>Scotorum</span> <span class='ocrx_word' id='word_1_896' title='bbox 3172 5506 3406 5573; x_wconf 63' lang='lat' dir='ltr'>pultibus</span> <span class='ocrx_word' id='word_1_897' title='bbox 3428 5516 3795 5575; x_wconf 73' lang='lat' dir='ltr'>praegravatus.</span> 
     </span>
    </p>
   </div>
   <div class='ocr_carea' id='block_1_125' title="bbox 2404 5570 3320 5630">
    <p class='ocr_par' dir='ltr' id='par_1_125' title="bbox 2404 5570 3320 5630">
     <span class='ocr_line' id='line_1_127' title="bbox 2404 5570 3320 5630; baseline 0.008 -14"><span class='ocrx_word' id='word_1_898' title='bbox 2404 5570 2475 5630; x_wconf 83' lang='grc' dir='ltr'>(ὁ)</span> <span class='ocrx_word' id='word_1_899' title='bbox 2513 5571 2569 5618; x_wconf 91' lang='lat' dir='ltr'>In</span> <span class='ocrx_word' id='word_1_900' title='bbox 2600 5570 2689 5618; x_wconf 90' lang='lat' dir='ltr'>lib.</span> <span class='ocrx_word' id='word_1_901' title='bbox 2718 5572 2782 5621; x_wconf 85' lang='lat' dir='ltr'>de</span> <span class='ocrx_word' id='word_1_902' title='bbox 2818 5573 3015 5622; x_wconf 88' lang='lat' dir='ltr'>Natura</span> <span class='ocrx_word' id='word_1_903' title='bbox 3046 5577 3098 5621; x_wconf 89' lang='lat' dir='ltr'>et</span> <span class='ocrx_word' id='word_1_904' title='bbox 3128 5570 3320 5623; x_wconf 73' lang='lat' dir='ltr'>Gratia.</span> 
     </span>
    </p>
   </div>
   <div class='ocr_carea' id='block_1_126' title="bbox 2405 5631 3486 5696">
    <p class='ocr_par' dir='ltr' id='par_1_126' title="bbox 2405 5631 3486 5696">
     <span class='ocr_line' id='line_1_128' title="bbox 2405 5631 3486 5696; baseline 0.005 -17"><span class='ocrx_word' id='word_1_905' title='bbox 2405 5631 2467 5696; x_wconf 74' lang='grc' dir='ltr'>(ο)</span> <span class='ocrx_word' id='word_1_906' title='bbox 2500 5632 2616 5696; x_wconf 54' lang='lat' dir='ltr'>Yid.</span> <span class='ocrx_word' id='word_1_907' title='bbox 2650 5633 2741 5683; x_wconf 90' lang='lat' dir='ltr'>lib.</span> <span class='ocrx_word' id='word_1_908' title='bbox 2775 5635 2839 5684; x_wconf 90' lang='lat' dir='ltr'>de</span> <span class='ocrx_word' id='word_1_909' title='bbox 2877 5636 3053 5685; x_wconf 85' lang='lat' dir='ltr'>Gratia</span> <span class='ocrx_word' id='word_1_910' title='bbox 3084 5636 3295 5696; x_wconf 83' lang='lat' dir='ltr'>Christi,</span> <span class='ocrx_word' id='word_1_911' title='bbox 3324 5652 3368 5687; x_wconf 91' lang='lat' dir='ltr'>c.</span> <span class='ocrx_word' id='word_1_912' title='bbox 3408 5638 3486 5685; x_wconf 89' lang='lat'>35.</span> 
     </span>
    </p>
   </div>
   <div class='ocr_carea' id='block_1_127' title="bbox 2402 5694 3027 5759">
    <p class='ocr_par' dir='ltr' id='par_1_127' title="bbox 2402 5694 3027 5759">
     <span class='ocr_line' id='line_1_129' title="bbox 2402 5694 3027 5759; baseline 0.016 -19"><span class='ocrx_word' id='word_1_913' title='bbox 2402 5694 2477 5756; x_wconf 84' lang='grc' dir='ltr'>(ἀ)</span> <span class='ocrx_word' id='word_1_914' title='bbox 2512 5695 2675 5759; x_wconf 87' lang='lat' dir='ltr'>Epist.</span> <span class='ocrx_word' id='word_1_915' title='bbox 2710 5698 2799 5745; x_wconf 75' lang='lat'>175</span> <span class='ocrx_word' id='word_1_916' title='bbox 2837 5701 2889 5747; x_wconf 86' lang='lat' dir='ltr'>et</span> <span class='ocrx_word' id='word_1_917' title='bbox 2919 5699 3027 5750; x_wconf 83' lang='grc'>176.</span> 
     </span>
    </p>
   </div>
  </div>
