4118 6164
135 179 243 233 817

132 317 278 374 pam
312 302 726 365 lnnocentum,
782 302 998 369 praeter
1028 298 1420 355 conciliorum
1450 298 1785 363 relationes,

131 393 357 447 litteras
380 388 700 445 familiares
731 387 834 443 ubi
859 389 935 443 de
965 389 1090 461 ipsa
1111 405 1295 445 causa
1323 388 1629 461 aliquanto
1660 388 1790 442 diu-

129 482 251 536 tius
278 482 510 550 egimus
537 478 642 550 (a).
693 476 781 531 Ad
813 478 1019 534 omnia
1050 478 1225 533 nobis
1257 479 1353 533 ille
1390 476 1696 548 rescripsit
1719 492 1790 531 eo

127 569 338 634 modo,
370 583 492 640 quo
518 569 534 602 ί
568 567 660 621 fas
688 570 814 622 erat
843 570 1023 637 atque
1077 567 1393 638 oportebat
1423 565 1786 638 apostolicae,

127 658 306 714 Sedis
339 657 642 713 antistiten
685 656 787 727 (ὸ).

196 752 249 803 3.
288 749 330 812 Q
343 763 429 801 uas
445 747 653 801 omnia
669 746 850 800 modo
868 745 1063 815 legere
1078 746 1319 817 poteris,
1353 746 1401 800 si
1416 761 1623 800 eorum
1638 744 1791 799 forte

125 837 203 892 ad
225 842 278 891 te
299 836 390 891 vel
410 835 577 890 nulla
590 834 682 889 vel
698 849 817 889 non
834 839 1049 890 cuncta
1063 839 1461 906 pervenerant
1477 851 1489 887 :
1506 833 1601 888 ubi
1617 832 1788 887 vide-

122 925 493 991 bis,servata
507 939 649 993 erga
660 923 967 979 hominem
986 923 1396 978 moderatione
1408 939 1544 994 quae
1558 920 1787 984 debuit,

124 1029 201 1069 ne
229 1014 623 1069 damnaretur
655 1013 701 1067 si
728 1027 916 1083 prava
942 1012 1256 1068 damnaret
1277 1015 1320 1076 ³,
1351 1013 1554 1082 ipsum
1586 1016 1788 1066 tamen

124 1101 438 1157 novellum
471 1106 527 1155 et
557 1100 957 1171 perniciosum
986 1115 1248 1155 errorem
1282 1100 1364 1155 sic
1392 1098 1790 1154 ecclesiastica

124 1191 483 1247 auctoritate
507 1205 943 1260 compressum,
969 1194 1033 1245 ut
1063 1189 1317 1244 multum
1349 1189 1637 1243 miremur
1661 1202 1789 1241 esse

123 1279 333 1335 adhuc
363 1277 666 1350 quosdam
696 1277 924 1350 quiper
949 1277 1275 1348 quemlibet
1297 1291 1557 1331 errorem
1588 1275 1790 1345 gratias

126 1369 227 1423 Dei
261 1375 550 1423 conentur
579 1368 866 1421 obsistere
896 1384 909 1432 ;
946 1366 992 1420 si
1028 1372 1228 1421 tamen
1273 1366 1401 1420 haec
1447 1369 1614 1434 gesta
1660 1380 1789 1419 esse

120 1456 464 1512 didicerunt
490 1472 622 1527 qua:
652 1456 843 1525 gratia
867 1456 962 1509 Dei
990 1470 1096 1525 per
1116 1457 1319 1509 Jesum
1344 1453 1643 1509 Christum
1678 1455 1786 1507 Do-

122 1546 362 1601 minum
395 1548 671 1599 nostrum
704 1544 893 1615 (quod
924 1543 1071 1597 ﬁdes
1087 1558 1229 1597 vera
1249 1541 1612 1597 etcatholica
1636 1544 1791 1595 tenet

121 1650 370 1705 semper
400 1632 684 1704 Ecclesia)
732 1632 984 1703 pusillos
1042 1648 1180 1686 cum
1225 1630 1464 1702 magnis
1518 1646 1554 1684 a
1599 1634 1787 1685 morte

120 1724 308 1796 primi
334 1722 599 1777 hominis
620 1722 697 1778 ad
714 1722 901 1776 vitam
930 1721 1176 1776 secundi
1196 1719 1459 1775 hominis
1492 1718 1783 1784 transfert;

118 1827 245 1867 non
280 1811 477 1867 solum
503 1814 747 1882 peccata
778 1809 1063 1873 dolendo,
1098 1825 1307 1864 verum
1341 1809 1520 1863 etiam
1554 1807 1632 1863 ad
1664 1822 1786 1862 non

121 1901 508 1973 peccandum
538 1906 813 1967 recteque
864 1898 1209 1963 vivendum,
1255 1913 1359 1952 eos
1395 1897 1499 1968 qui
1548 1897 1673 1968 jam
1703 1897 1787 1951 uti

122 1995 379 2062 possunt
410 1982 732 2045 voluntatis
772 1988 1015 2043 arbitrio
1043 1988 1125 2042 sic
1172 1985 1541 2057 adjuvando,
1580 1990 1645 2041 ut
1668 1986 1786 2041 nisi

122 2080 388 2148 adjuvet,
419 2078 565 2133 nihil
594 2078 830 2150 pietatis
862 2075 1314 2148 atquejustitiaa,
1350 2076 1472 2131 sive
1503 2075 1563 2130 in
1583 2091 1783 2146 opere,

122 2170 253 2223 sive
294 2167 474 2223 etiam
531 2167 590 2221 in
646 2167 779 2238 ipsa
817 2166 1120 2221 voluntate
1163 2166 1384 2220 habere
1434 2166 1781 2236 possimus:

123 2259 281 2312 Deus
308 2257 533 2329 quippe
562 2263 845 2327 operatur
873 2256 931 2309 in
948 2254 1126 2310 nobis
1159 2259 1215 2310 et
1239 2253 1409 2319 velle,
1444 2258 1501 2308 et
1526 2253 1783 2325 operari,

119 2362 234 2419 pro
267 2347 432 2400 bona
465 2345 759 2400 voluntate
788 2344 1029 2416 (Philip.
1068 2360 1124 2409 ιι,
1162 2344 1270 2414 13).

187 2437 416 2491 CAPUT
448 2436 515 2488 ll.
548 2466 616 2474 —
638 2438 689 2489 4.
727 2437 872 2489 Nam
896 2434 1029 2505 quis
1045 2449 1175 2497 nos,
1200 2432 1603 2505 nisiquivenit
1622 2448 1786 2503 quae-

119 2541 247 2580 rere
280 2528 339 2579 et
372 2524 599 2579 salvare
626 2523 791 2595 quod
822 2524 1096 2594 perierat,
1152 2522 1230 2577 ab
1288 2521 1383 2577 illa
1432 2521 1783 2592 perditionis

120 2630 324 2669 massa
354 2618 410 2667 et
445 2613 819 2667 concretione
858 2611 1194 2667 discernit?
1248 2610 1410 2666 Unde
1459 2610 1781 2680 Apostolus

119 2704 448 2770 interrogat
478 2702 702 2769 dicens,
739 2701 875 2766 Quis
916 2702 1069 2757 enim
1114 2708 1171 2755 te
1206 2700 1492 2756 discernit
1525 2700 1552 2754 ‘I
1603 2699 1706 2754 ubi
1734 2699 1782 2753 si

120 2791 336 2846 dixerit
351 2792 553 2856 homo,
573 2790 739 2845 Fides
755 2790 1197 2855 mea,voluntas
1213 2805 1367 2853 mea,
1386 2789 1611 2843 bonum
1627 2803 1781 2858 opus

122 2898 327 2935 meum
364 2898 376 2944 ;
418 2879 813 2951 respondetur
843 2879 917 2945 ei,
963 2879 1116 2946 Quid
1134 2880 1286 2934 enim
1304 2877 1779 2949 habesquodnon

117 2970 391 3041 accepisti
421 2970 449 3024 ‘t
473 2970 539 3025 Si
568 2973 761 3026 autem
790 2969 1085 3037 accepisti,
1121 2968 1268 3038 quid
1306 2967 1588 3037 gloriaris
1611 2968 1783 3037 quasi

120 3076 237 3114 non
257 3059 549 3127 acceperis
581 3060 621 3129 (Ι
651 3061 875 3124 Coram,
910 3058 965 3129 7)
995 3057 1022 3111 ‘t
1056 3061 1173 3113 Hoc
1200 3055 1778 3129 utiquetotumideo,

118 3164 237 3202 non
257 3148 513 3203 uthomo
530 3163 649 3203 non
664 3148 973 3217 glorietur,
1006 3147 1111 3201 sed
1141 3150 1204 3201 ut
1232 3146 1335 3217 qui
1378 3144 1689 3214 gloriatur,
1720 3144 1781 3198 in

122 3236 698 3307 Dominofglorietur
730 3236 845 3307 (Id.
878 3254 911 3300 ι,
940 3237 1067 3304 31);
1096 3251 1217 3291 non
1259 3250 1331 3289 ex
1365 3233 1669 3304 operibus,
1708 3249 1782 3288 ne

120 3326 268 3381 forte
288 3326 421 3397 quis
436 3326 747 3380 extollatur
770 3326 1077 3396 (Eph.u,9)
1098 3347 1110 3379 :
1133 3340 1251 3379 non
1268 3322 1585 3395 quiabona
1599 3338 1783 3393 opera

118 3419 137 3449 ³
170 3416 548 3480 frustrantur,
566 3430 704 3469 cum
722 3414 872 3469 Deus
887 3414 1098 3470 reddat
1113 3412 1431 3483 unicuique
1445 3411 1782 3466 secundum

118 3502 864 3575 operaejus,sitquegloria
889 3507 945 3557 et
980 3502 1175 3558 honor
1212 3508 1267 3557 et
1296 3516 1417 3572 pax
1445 3500 1611 3556 omni
1641 3515 1779 3571 ope-

115 3593 275 3648 ranli
299 3592 525 3647 bonum
545 3592 731 3662 (Rom.
752 3596 870 3659 u,6,
884 3592 967 3663 tO)
987 3594 1116 3658 ;sed
1133 3590 1277 3662 quia
1290 3605 1473 3661 opera
1485 3604 1551 3644 ex
1565 3589 1778 3659 gratia,

119 3697 240 3738 non
255 3697 328 3736 ex
340 3681 626 3753 oporibus
638 3681 848 3751 gratia;
864 3681 1151 3751 quoniam
1166 3680 1314 3734 ﬁdes
1331 3695 1465 3751 qua:
1479 3694 1586 3749 per
1602 3678 1778 3733 dilec-

118 3773 343 3825 tionem
374 3770 954 3842 Operatur(Ga.lat.v,
984 3771 1058 3840 6),
1113 3768 1257 3824 nihil
1288 3773 1632 3840 operaretur
1664 3767 1772 3821 nisi

116 3860 251 3931 ipsa
276 3859 511 3914 dilectio
543 3860 637 3913 Dei
671 3858 1105 3913 diffunderetur
1148 3858 1209 3912 in
1242 3857 1525 3912 cordibus
1558 3856 1774 3911 nostris

119 3965 224 4019 per
263 3948 545 4018 Spiritum
577 3954 852 4003 sanctum
878 3948 982 4020 qui
1012 3948 1188 4003 datus
1217 3951 1303 4001 est
1325 3945 1770 4015 nobis(Rom.v,

119 4036 320 4107 5).Nec
347 4035 475 4107 ipsa
499 4035 649 4091 ﬁdes
664 4038 890 4091 essetin
914 4037 1109 4100 nobis,
1137 4035 1251 4090 nisi
1277 4035 1430 4089 Deus
1449 4033 1774 4105 unicuique

118 4126 437 4197 partiretur
464 4141 811 4181 mensuram
846 4126 985 4180 ﬁdei
1010 4126 1124 4191 (Id.
1159 4140 1255 4188 xu,
1302 4124 1379 4192 3).

193 4220 247 4269 5.
280 4216 505 4269 Bonum
526 4220 614 4269 est
641 4214 818 4284 igitur
846 4214 1076 4269 homini
1113 4218 1175 4268 ut
1209 4228 1348 4267 cum
1381 4211 1518 4266 totis
1546 4210 1773 4266 viribus

118 4302 291 4359 liberi
308 4302 534 4357 arbitrii
550 4303 640 4357 sui
658 4303 940 4358 veraciter
952 4301 1131 4367 dicat,
1146 4300 1572 4356 Fortitudinem
1586 4314 1773 4355 meam

120 4391 203 4447 ad
236 4396 288 4447 te
304 4390 632 4447 custodiam
656 4391 838 4461 (Psal.
860 4408 1007 4455 LVlll,
1032 4392 1119 4459 lO)
1140 4407 1153 4444 :
1178 4388 1320 4461 quia
1351 4388 1445 4444 ille
1476 4389 1578 4459 qui
1603 4393 1777 4459 puta-

138 4480 221 4536 vit
254 4479 383 4537 sine
406 4479 599 4551 ipsius
629 4479 928 4551 adjutorio
958 4495 1021 4533 se
1053 4494 1228 4550 posse
1268 4477 1569 4532 custodire
1608 4478 1771 4548 quod

120 4570 307 4635 dedit,
336 4567 634 4640 profectas
676 4569 735 4624 in
778 4569 1175 4640 longinquam
1222 4567 1551 4636 regionem,
1585 4572 1641 4620 et
1686 4568 1776 4621 vi-

184 4726 197 4754 ¹
231 4721 431 4785 Sicileg.
456 4736 518 4770 ex
556 4722 688 4785 Mss.
708 4721 1006 4785 [Rescripsit
1029 4721 1197 4785 eodem
1224 4719 1401 4785 modo,
1419 4732 1517 4785 quo
1533 4717 1773 4785 fugerat,

124 4784 281 4845 εἰς.)
315 4778 419 4833 Nec
437 4798 544 4832 non
570 4778 729 4847 paulo
755 4778 993 4838 inferi—us,
1027 4783 1341 4847 adlitteram
1367 4778 1480 4847 C_é_x
1501 4781 1593 4827 Ms.
1615 4778 1767 4847 Sulp.

125 4847 181 4893 in
209 4842 413 4894 textum
445 4847 552 4894 haec
571 4842 738 4895 lectio
778 4847 945 4895 relata
983 4849 1079 4900 est,
1114 4844 1316 4893 scilicet
1356 4857 1365 4889 :
1396 4842 1451 4890 Si
1486 4848 1655 4889 tamen
1677 4842 1777 4889 [uec

121 4914 267 4969 gesta
301 4923 397 4956 esse
429 4909 719 4957 didicerunt
745 4924 873 4971 quin,
907 4914 1005 4957 etc.
1040 4907 1119 4969 [Si
1150 4913 1317 4955 tamen
1331 4906 1431 4952 haec
1467 4904 1613 4952 Gesta
1640 4904 1776 4952 didi-

123 4973 305 5019 cerunt
333 4986 347 5017 :
379 4972 526 5033 quod,
560 4972 701 5033 etc].

183 5037 202 5064 ²
227 5033 349 5081 Mss.
386 5028 574 5082 Vatic:
598 5028 741 5094 Εἶρα
756 5033 983 5080 homines
1000 5030 1368 5087 moderatione,
1390 5043 1454 5076 ne
1474 5028 1778 5076 damnaren-

125 5100 230 5151 tur,
263 5096 309 5141 si
343 5111 511 5156 prava
551 5098 874 5144 damnarent.

182 5162 200 5189 ³
233 5153 362 5205 Ειίίίῖ
399 5174 409 5205 :
445 5158 543 5205 Ista
579 5160 665 5217 pia
688 5158 993 5219 cogitatione
1020 5158 1383 5218 frustrantur:
1414 5153 1685 5219 mendose,
1721 5154 1779 5200 ut

122 5220 297 5267 visum
324 5224 401 5268 est
433 5216 653 5269 eruditis
686 5216 811 5267 viris
860 5221 951 5282 qui
988 5216 1397 5282 substitiierunt,
1440 5216 1780 5282 retributione

120 5283 468 5341 frustrantur.
505 5283 603 5331 Sed
640 5280 925 5345 opinamur
952 5283 1001 5329 id
1027 5280 1582 5345 quodad[marginem
1615 5291 1779 5345 anno-

124 5348 298 5392 tatum
327 5346 515 5397 fuerat.
550 5340 767 5400 scilicet,
788 5347 878 5404 pia
904 5340 1143 5406 cogitatio
1180 5340 1454 5402 irrepsisse
1478 5340 1694 5406 demum
1727 5341 1779 5406 in

124 5410 330 5455 textum
363 5424 373 5453 :
407 5409 604 5469 quippe
631 5422 751 5455 cum
788 5401 939 5455 liedze
962 5401 1225 5467 'vulgatus
1270 5401 1780 5469 Coriiincntariusad

125 5469 304 5518 Galat.
338 5471 366 5516 2
397 5464 448 5517 et
484 5464 643 5517 Vetus
665 5469 817 5518 tiorb.
848 5469 1014 5518 codex
1040 5464 1276 5530 ejusdem
1299 5466 1473 5530 operis
1510 5464 1608 5511 sub
1645 5464 1781 5511 Flori

125 5531 629 5641 no‘m)ine,_h:.bie_a_pt
658 5528 1221 5588 tantummodo,‘bona
1255 5543 1412 5589 opera
1436 5528 1780 5589 frustrantur.

213 5609 243 5641 a
296 5606 459 5641 LDIS.
538 5610 550 5641 ι
594 5629 608 5641 .

194 5595 263 5653 (a)
296 5594 459 5653 Lpist.
501 5594 608 5643 177.

194 5595 263 5655 (α)
296 5595 459 5656 Lpist.
501 5595 608 5643 177.

190 5656 261 5718 (b)
287 5656 449 5721 Epist.
486 5657 593 5725 181,
633 5656 723 5705 182
759 5659 810 5706 et
842 5657 950 5707 183.

1373 171 1883 228 EPISTOLARUM
1922 170 2213 227 CLASSIS
2254 173 2345 228 IIl.

3449 180 3555 234 818

1896 312 2046 352 vens
2065 297 2336 369 prodige,
2376 300 2592 354 cuncta
2628 300 3021 371 consumpsit,
3049 304 3105 357 et
3139 302 3557 360 miseriadurae

1898 386 2192 442 servitutis
2221 388 2947 459 attritus,reversusquein
2972 392 3366 462 semetipsum
3385 392 3554 457 dixit,

1896 476 2165 546 Surgam,
2207 482 2259 531 et
2291 477 2384 532 ibo
2414 478 2495 532 ad
2522 484 2743 547 patrem
2773 493 2964 534 meum
2998 480 3164 549 (Luc.
3198 497 3294 547 xv,
3333 482 3511 552 12-18)
3539 498 3551 538 :

1897 580 2083 636 quam
2116 565 2539 637 cogitationem
2568 566 2793 622 bonam
2834 570 3079 637 quando
3135 570 3401 633 haberet,
3440 571 3554 626 nisi

1898 659 1953 709 et
1979 654 2269 726 ipsamilli
2288 654 2345 709 in
2362 654 2595 710 occulto
2620 659 2792 726 pater
2818 656 3414 712 misericordissimus
3438 660 3552 714 ins-

1898 744 2150 813 pirasset
2178 742 2205 797 ?
2237 743 2407 808 Quod
2431 743 2763 811 intelligens
2788 744 3163 799 ministerille
3192 747 3333 801 Novi
3357 748 3554 803 Testa-

1897 832 2252 902 menti,Non
2291 832 2876 903 quiaidoneisumus,
2910 833 3124 904 inquit,
3155 836 3416 905 cogitare
3444 838 3554 892 ali-

1897 921 2042 994 quid
2071 937 2107 978 a
2128 922 2289 977 nobis
2320 922 2488 992 quasi
2511 937 2586 977 ea:
2606 921 3031 991 nobismetipsis
3043 923 3178 991 ;sed
3191 926 3553 992 sufﬁcientia

1896 1016 2105 1067 nostra
2124 1027 2198 1067 ex
2211 1013 2327 1066 Deo
2345 1016 2448 1067 est.
2465 1010 2629 1066 Unde
2648 1016 2705 1065 et
2723 1009 2816 1066 ille
2836 1026 2972 1065 cum
3005 1011 3275 1077 dixisset,
3293 1013 3550 1068 Fortitu-

1896 1103 2092 1157 dinem
2113 1115 2302 1156 meam
2334 1100 2414 1155 ad
2427 1107 2481 1155 te
2505 1099 2825 1155 custodiam
2850 1099 2890 1169 (Ι
2902 1102 2938 1163 l,
2956 1100 3087 1155 Cor.
3123 1116 3202 1170 in,
3229 1102 3321 1170 5);
3353 1118 3426 1156 ne
3453 1105 3550 1159 vel

1895 1191 2011 1247 hoc
2045 1191 2242 1262 ipsum
2255 1189 2399 1260 quia
2413 1188 2694 1253 custodit,
2710 1188 3065 1244 suisviribus
3084 1195 3407 1257 arrogaret,
3425 1196 3552 1246 tan-

1896 1296 2083 1353 quam
2110 1279 2503 1335 eivenissetin
2522 1283 2781 1333 mentem
2811 1278 2953 1349 quia
2991 1278 3550 1335 nisiDominuscus-

1897 1368 2131 1425 todierit
2156 1368 2474 1430 civitatem,
2495 1368 2553 1421 in
2583 1382 2808 1421 vanum
2822 1367 3068 1437 vigilant
3087 1368 3188 1438 qui
3206 1368 3549 1425 custodiunt

1896 1474 2030 1514 eam
2073 1459 2259 1526 (Psal.
2289 1473 2472 1520 cxxvr,
2494 1458 2578 1527 1);
2611 1460 2669 1511 et
2699 1470 2821 1509 non
2851 1456 3073 1511 dormit
3100 1472 3294 1528 neque
3324 1458 3544 1513 dormi-

1896 1549 1978 1602 tat
2006 1546 2108 1617 qui
2132 1544 2389 1600 custodit
2412 1543 2587 1599 lsrael
2614 1543 2803 1615 (Psat.
2832 1558 2959 1608 cxx,
2980 1546 3034 1611 4)
3065 1560 3078 1609 ;
3113 1544 3542 1614 adjunxitcau-

1896 1650 2027 1689 sam
2053 1633 2211 1688 unde
2248 1632 2607 1687 ﬁatidoneus
2661 1631 2981 1696 custodire,
3035 1631 3123 1686 vel
3177 1648 3298 1703 quo
3341 1633 3541 1704 potius

1894 1721 2140 1778 custode
2158 1725 2440 1791 servetur,
2472 1719 2769 1787 Quoniam,
2800 1719 3011 1791 inquit,
3042 1720 3215 1787 Deus,
3242 1728 3547 1791 susceptor

1892 1827 2056 1868 meus
2090 1827 2166 1867 es.

1964 1906 2019 1958 6.
2051 1898 2593 1969 Recolatigituriste
2610 1898 2658 1952 si
2684 1898 3111 1968 potestmerita
3126 1914 3257 1963 sua,
3286 1898 3446 1955 unde
3460 1899 3545 1956 fa-

1892 1996 2053 2046 ctum
2070 1987 2881 2058 situtDeusdignareturejus
2894 2002 3019 2042 esse
3034 1991 3365 2057 susceptor,
3393 2003 3459 2043 ac
3494 1989 3543 2042 si

1894 2083 2047 2135 Deus
2075 2084 2230 2134 esset
2267 2081 2602 2149 susceptus.
2622 2075 2863 2132 Recolat
2893 2079 3090 2130 utrum
3120 2076 3437 2147 quaesierit,
3468 2092 3545 2133 an

1892 2170 2181 2243 quaesitus
2198 2168 2293 2231 sit,
2309 2166 2501 2222 abillo
2527 2166 2750 2220 scilicet
2770 2165 3331 2236 quivenitquasrere
3364 2169 3419 2221 et
3434 2163 3545 2220 sal-

1889 2274 2031 2315 vare
2069 2257 2233 2329 quod
2267 2255 2520 2328 perierat
2550 2254 2713 2324 (Luc.
2746 2254 2988 2325 xix,10).
3015 2255 3161 2308 Nam
3195 2253 3244 2307 si
3275 2269 3543 2325 quaerere

1890 2347 2141 2404 voluerit
2153 2350 2289 2402 ante
2303 2344 2551 2417 gratiam
2566 2343 2712 2416 quid
2727 2343 3005 2398 meruerit
3018 2346 3080 2396 ut
3091 2342 3544 2413 accipereteam,

1890 2438 2052 2493 mala
2068 2452 2177 2492 sua
2206 2435 2420 2507 poterit
2443 2434 2624 2489 homo
2644 2431 2928 2496 invenire,
2962 2447 3083 2487 non
3102 2431 3281 2497 bona,
3308 2433 3543 2487 etiamsi

1889 2543 2028 2584 eum
2043 2527 2220 2581 unius
2234 2523 2351 2579 dici
2365 2523 2541 2577 vitam
2557 2521 2879 2577 habentem
2900 2536 3079 2590 super
3105 2524 3327 2575 terram
3356 2522 3545 2590 gratia

1888 2614 2218 2672 Salvatoris
2246 2611 2550 2667 invenerit.
2586 2610 2735 2675 Quia
2758 2610 2806 2664 si
2837 2608 3063 2680 aliquid
3093 2607 3235 2663 boni
3262 2614 3545 2680 operatur

1887 2706 2071 2761 homo
2086 2710 2147 2759 ut
2161 2702 2411 2772 gratiam
2431 2704 2748 2766 mereatur,
2767 2714 2888 2753 non
2904 2698 2955 2753 ei
2968 2698 3545 2768 mercesimputatur

1887 2794 2215 2850 secundum
2232 2788 2616 2860 gratiam,sed
2632 2787 2963 2842 secundum
2975 2785 3332 2843 debitum.Si
3346 2791 3545 2842 autem

1885 2882 2071 2938 credit
2104 2882 2166 2936 in
2196 2896 2334 2936 eum
2365 2879 2467 2949 qui
2494 2877 2783 2946 jnstiﬁcat
2820 2874 3096 2944 impium,
3125 2880 3185 2930 ut
3222 2876 3544 2944 deputetur

1885 2972 2037 3027 ﬁdes
2069 2971 2199 3041 ejus
2232 2967 2617 3037 adjustitiam
2648 2966 2836 3034 (Rom.
2860 2979 2931 3027 IV,
2966 2966 3015 3026 4,
3057 2963 3108 3033 5)
3140 2963 3356 3032 (justus
3384 2963 3545 3017 enim

1888 3076 1959 3117 ex
1976 3060 2093 3115 ﬁde
2115 3058 2253 3113 vivit
2283 3055 2531 3129 [Habac.
2558 3071 2612 3119 ιι,
2647 3052 2748 3124 4]),
2780 3051 3046 3123 profecto
3068 3055 3395 3121 antequam
3414 3066 3545 3119 gra-

1888 3150 1968 3206 tia
1990 3148 2365 3221 justiﬁcetur,
2390 3142 2449 3197 id
2476 3142 2777 3211 estjustus
2799 3139 3112 3203 efﬁciatur,
3146 3138 3369 3209 impius
3397 3138 3543 3211 quid

1888 3245 1998 3303 est,
2032 3236 2145 3292 nisi
2164 3234 2383 3306 impius
2404 3233 2635 3296 ?Quem
2658 3229 2984 3284 sidebitum
3007 3231 3375 3298 sequeretur,
3397 3226 3543 3297 quid

1888 3329 2017 3399 ejus
2046 3324 2256 3381 merito
2305 3321 2420 3377 nisi
2467 3319 2827 3391 supplicium
2866 3316 3215 3372 redderetur
3244 3315 3271 3369 ?
3312 3315 3368 3371 Si
3400 3328 3543 3383 ergo

1888 3416 2102 3487 gratia,
2130 3415 2258 3485 jam
2290 3426 2412 3467 non
2439 3426 2510 3465 ex
2542 3406 2826 3480 operibus
2853 3410 2940 3461 est
2970 3424 2986 3475 ;
3038 3404 3304 3476 alioquin
3349 3404 3541 3473 gratia

1882 3508 2009 3579 jam
2041 3520 2162 3560 non
2186 3506 2276 3558 est
2298 3500 2557 3571 gratiam
2589 3498 2775 3568 (Rom.
2805 3513 2883 3559 xx,
2924 3495 3000 3561 6).
3034 3492 3330 3565 Operibus
3378 3492 3538 3546 enim

1887 3595 2155 3651 debitum
2178 3590 2466 3656 redditur,
2496 3586 2691 3657 gratia
2726 3583 2909 3653 gratis
2930 3583 3135 3649 datur;
3169 3581 3329 3637 unde
3358 3580 3539 3636 etiam

1883 3686 2267 3752 nuncupatur
2280 3720 2293 3734 .

1954 3772 2183 3828 CAPUT
2215 3770 2304 3823 Ill.
2337 3797 2404 3807 —-
2433 3770 2486 3819 7.
2522 3764 2580 3821 Si
2612 3762 2745 3834 quis
2769 3764 2970 3817 autem
2999 3758 3385 3829 dixeritquod
3404 3773 3536 3827 gra-

1882 3862 2025 3918 tiam
2058 3860 2209 3915 bene
2239 3854 2531 3927 operandi
2578 3853 2722 3907 ﬁdes
2748 3853 3047 3904 mereatur
3081 3864 3095 3912 ;
3140 3862 3360 3915 negare
3407 3861 3530 3900 non

1880 3964 2229 4022 possumus,
2254 3945 2374 4000 imo
2406 3958 2545 3998 vero
2572 3938 2910 4011 gratissime
2950 3937 3321 3993 conﬁtemur.
3365 3933 3533 3988 Hanc

1882 4039 2041 4094 enim
2073 4036 2254 4091 ﬁdem
2287 4032 2561 4088 volumus
2586 4029 2865 4091 habeant,
2908 4042 3029 4097 qua
3058 4025 3371 4095 impetrent
3398 4022 3534 4077 cha-

1879 4128 2115 4183 ritatem
2143 4140 2279 4196 quas
2308 4121 2435 4176 sola
2476 4135 2611 4175 vere
2654 4118 2807 4173 bene
2847 4118 3150 4186 operatur,
3181 4112 3274 4167 isti
3323 4112 3533 4166 fratres

1880 4217 2069 4272 nostri
2098 4215 2203 4288 qui
2241 4210 2498 4268 multum
2553 4210 2635 4264 de,
2658 4207 2783 4263 suis
2833 4204 3117 4276 operibus
3159 4201 3530 4271 gloriantur:

1880 4306 2133 4362 charitas
2159 4306 2359 4360 autem
2388 4314 2580 4370 usque
2602 4296 2754 4353 adeo
2773 4294 3001 4351 donum
3033 4292 3128 4346 Dei
3160 4295 3269 4354 est,
3295 4294 3358 4345 ut
3382 4289 3533 4344 Deus

1880 4395 2111 4450 dicatur
2143 4394 2185 4462 (Ι
2210 4392 2386 4445 Joan.
2429 4404 2502 4451 ιν,
2537 4390 2612 4455 8).
2647 4382 2756 4447 Qui
2783 4397 2921 4450 ergo
2951 4379 3175 4434 habent
3197 4376 3378 4431 ﬁdem
3410 4392 3533 4447 qua

1881 4475 2713 4554 impetrentjustiﬁcationem,
2737 4485 2842 4541 per
2867 4467 3228 4533 Deigratiam
3247 4478 3530 4534 pervene-

1882 4576 2020 4628 runt
2050 4570 2128 4625 ad
2154 4568 2345 4635 legem
2366 4561 2639 4633 jnstitite:
2670 4557 2830 4613 unde
2858 4556 3093 4617 dicitur,
3127 4554 3407 4620 Tempore
3435 4566 3530 4606 ac-

1882 4652 2461 4730 ceptabitiexaudivi
2472 4655 2543 4713 te,
2559 4655 2611 4705 et
2634 4650 2695 4702 in
2710 4647 2802 4701 die
2823 4643 3036 4700 salutis
3058 4641 3270 4709 adiuvi
3289 4646 3343 4695 te
3365 4639 3526 4730 (Isai.

1880 4728 2034 4810 xnix.
2064 4750 2141 4817 8).
2176 4742 2424 4799 Proinde
2454 4740 2512 4794 in
2548 4738 2618 4792 iis
2659 4734 2761 4806 qui
2802 4749 2906 4805 per
2944 4730 3293 4786 electionem
3325 4728 3529 4817 gratiae

1883 4837 2028 4893 salvi
2044 4816 2216 4896 ﬁunt,
2240 4830 2337 4900 adj
2350 4834 2479 4883 utor
2492 4828 2642 4881 Deus
2668 4828 2949 4894 operatur
2962 4827 3017 4875 et
3030 4818 3197 4883 velle,
3214 4823 3269 4873 et
3294 4816 3529 4888 operari

1883 4942 1991 4999 pro
2026 4924 2190 4980 bona
2229 4919 2532 4975 voluntate
2564 4933 2579 4980 ;
2620 4912 2911 4985 quoniam
2958 4906 3346 4999 diligentibus
3375 4907 3529 4999 Deus

1883 4992 2088 5071 omnia
2118 5012 2516 5081 cooperantur
2546 5005 2605 5059 in
2660 5002 2889 5056 bonum
2935 5000 3122 5066 (Rom.
3173 5011 3289 5061 vm,
3322 4993 3453 5081 28),:
3481 4992 3531 5045 si

1885 5105 2112 5169 omnia,
2146 5100 2347 5170 utique
2363 5100 2418 5150 et
2448 5095 2643 5165 ipsam
2671 5089 3047 5145 dilectionem
3073 5100 3258 5155 quam
3290 5080 3403 5135 ﬁde
3427 5080 3532 5133 im-

1886 5199 2215 5266 petramus,
2250 5169 2312 5242 ut
2341 5201 2476 5241 eum
2510 5183 2614 5254 qui
2646 5197 2756 5235 nos
2790 5177 2949 5249 prior
2975 5172 3176 5266 dilexit
3201 5176 3262 5226 ut
3288 5169 3533 5266 inillum

1887 5256 2288 5346 crederemus,
2325 5290 2427 5345 per
2471 5271 2599 5342 ejus
2654 5268 2907 5337 gratiam
2942 5262 3283 5330 diligamus,
3316 5263 3371 5313 et
3405 5256 3533 5311 dili-

1889 5386 2102 5441 gamur
2128 5369 2228 5439 qui
2260 5362 2482 5435 operati
2512 5374 2631 5414 non
2665 5370 2894 5410 sumus.

1961 5464 2012 5514 8.
2050 5434 2163 5521 Qui
2197 5434 2331 5509 vero
2364 5452 2485 5505 suis
2513 5446 2735 5503 meritis
2756 5440 3307 5515 praemiatanquam
3334 5434 3536 5490 debita

1893 5549 2381 5618 exspectant,nec
2413 5540 2543 5610 ipsa
2568 5534 2778 5591 merita
2793 5532 2889 5587 Dei
2906 5527 3108 5599 gratia:
3125 5526 3406 5618 tribuunt,
3429 5523 3536 5578 sed

1892 5613 2118 5695 viribus
2140 5630 2399 5704 prOpriae
2427 5624 2773 5689 voluntatis,
2793 5620 2946 5678 sicut
2962 5617 3187 5677 dictum
3209 5613 3383 5670 estde
3407 5627 3536 5669 car-
