4118 6164
571 163 678 222 819

568 290 693 347 nali
723 286 917 353 Israel,
951 286 1376 359 persequentes
1416 282 1610 353 legem
1644 282 1909 355 justitiaa,
1940 282 2000 339 in
2029 283 2219 352 legem

567 379 807 451 justitiee
838 392 959 432 non
990 373 1377 446 perveniunt:
1406 388 1594 442 quare
1612 373 1639 427 ?
1670 374 1822 439 Quia
1846 389 1964 429 non
1992 389 2061 428 ex
2080 371 2219 435 ﬁde,

576 468 682 523 sed
718 473 1005 536 tanquam
1032 479 1103 518 ex
1129 462 1435 534 operibus.
1460 462 1594 534 Ipsa
1617 469 1702 517 est
1730 460 2137 533 enimjustitia
2153 477 2223 515 ex

572 557 911 625 ﬁde,quam
940 555 1151 609 Gentes
1178 552 1725 623 apprehenderunt,
1758 552 1832 607 de
1862 552 2082 624 quibus
2107 551 2226 605 dic-

574 651 698 701 tum
734 648 817 699 est
850 662 861 698 :
900 642 1053 709 Quid
1078 658 1219 711 ergo
1232 642 1491 697 dicemus
1511 640 1538 695 ?
1556 642 1701 706 Quia
1719 643 1943 703 Gentes,
1964 657 2095 712 quae
2108 656 2225 695 non

575 738 978 803 cognoverunt
990 732 1311 800 justitiam,
1335 731 1863 799 apprehenderunt
1882 730 2226 799 justitiam;

562 823 863 895 justitiam
895 826 1093 876 autem
1117 835 1248 890 quas
1279 835 1352 875 ex
1372 819 1488 887 ﬁde
1514 825 1614 873 est.
1650 820 1841 875 Israel
1871 826 2067 875 autem
2096 834 2229 886 per-

576 928 821 984 sequens
852 909 1310 980 tegemjustitiae,
1333 909 1396 963 in
1427 910 1607 977 legem
1629 909 1871 979 iustitia?
1890 924 2007 963 non
2018 923 2229 977 perve-

577 1002 667 1056 nit
697 1001 947 1071 :quare?
979 999 1129 1066 Quia
1150 1014 1268 1053 non
1284 1013 1359 1053 ea:
1381 998 1516 1065 ﬁde,
1549 998 1650 1053 sed
1674 997 1966 1068 tanquam
1998 1012 2072 1053 ex
2100 1013 2231 1066 ope-

579 1090 762 1145 ribus.
800 1088 1187 1157 Olfenderunt
1211 1086 1363 1142 enim
1388 1087 1452 1142 in
1486 1088 1741 1155 lapidem
1773 1087 2131 1156 offensionis,
2159 1088 2232 1141 si-

577 1185 677 1235 cut
704 1178 991 1246 scriptum
1019 1183 1122 1238 est,
1156 1177 1310 1231 Ecce
1337 1192 1492 1245 pono
1520 1178 1580 1231 in
1606 1176 1749 1231 Sion
1775 1176 2031 1243 lapidem
2054 1178 2232 1246 offen-

576 1268 774 1335 sionis,
796 1274 847 1322 et
864 1272 1093 1333 petram
1120 1265 1399 1321 scandati
1420 1282 1438 1329 ;
1465 1271 1518 1321 et
1536 1266 1639 1336 qui
1657 1266 1973 1321 crediderit
2006 1266 2066 1319 in
2099 1281 2231 1321 eum

576 1373 697 1413 non
728 1355 1131 1424 confundetur
1156 1356 1333 1424 (Rom.
1369 1371 1445 1420 ix,
1475 1354 1687 1425 30-33).
1720 1356 1857 1425 Ipsa
1888 1359 1974 1408 est
1998 1354 2234 1425 iustitia

579 1463 651 1503 ex
667 1446 802 1509 ﬁde,
838 1460 960 1516 qua
982 1444 1282 1499 credimus
1306 1460 1417 1499 nos
1434 1444 1768 1515 justiﬁcari,
1784 1444 1896 1498 hoc
1911 1449 2014 1509 est,
2037 1444 2229 1514 justos

577 1534 706 1590 ﬁeri
734 1535 925 1602 gratia
952 1534 1049 1589 Dei
1082 1535 1399 1604 perJesum
1418 1532 1716 1588 Christum
1742 1534 2060 1587 Dominum
2092 1548 2231 1589 nos-

579 1629 757 1693 trum,
794 1628 853 1677 ut
884 1621 1264 1677 inveniamur
1295 1621 1485 1688 inillo,
1512 1637 1635 1676 non
1656 1622 2229 1677 habentesnostram

574 1712 869 1782 justitiam
892 1727 1027 1781 qua:
1041 1726 1105 1765 ex
1119 1711 1267 1778 Lege
1284 1717 1387 1775 est,
1404 1711 1508 1763 sed
1524 1726 1656 1765 eam
1671 1726 1805 1782 quae
1819 1715 1908 1765 est
1927 1726 2029 1783 per
2048 1710 2229 1766 ﬁdem

581 1800 807 1857 Christi.
844 1802 982 1865 Quae
1000 1816 1069 1854 ex
1106 1799 1769 1869 Deojustitia(Philipp.
1797 1817 1879 1863 ιιι,
1912 1802 1973 1868 9)
2004 1800 2061 1855 in
2093 1800 2228 1866 ﬁde,

580 1888 770 1945 inﬁde
786 1890 988 1960 utique
1002 1892 1086 1943 est
1099 1890 1115 1924 ¹
1128 1931 1141 1954 ,
1156 1904 1277 1960 qua
1290 1888 1587 1943 credimus
1602 1889 2071 1959 nobisjustitiam
2087 1890 2232 1945 divi-

581 1979 741 2034 nitus
771 1978 1061 2044 dari,non
1093 1977 1389 2031 anobisin
1412 1976 1817 2032 nobisnostris
1832 1977 2063 2033 viribus
2078 1979 2227 2034 ﬁeri.

650 2070 707 2121 9.
728 2069 871 2122 Nam
888 2082 994 2121 cur
1016 2065 1176 2120 illam
1196 2066 1483 2136 justitiam
1506 2082 1640 2137 quae
1663 2082 1733 2121 ex
1760 2068 1906 2137 Lege
1925 2073 2026 2129 est.
2057 2084 2227 2123 suam

581 2156 729 2213 dixit
758 2155 1096 2226 Apostolus,
1139 2171 1261 2211 non
1292 2171 1365 2210 ex
1398 2157 1513 2210 Deo
1532 2154 1559 2209 εἰ
1580 2156 1752 2227 quasi
1775 2157 1891 2211 Lex
1913 2172 2034 2211 non
2062 2157 2132 2212 sit
2159 2174 2231 2212 ex

582 2246 743 2301 Deo?
770 2244 1039 2310 Quishoc
1062 2244 1177 2300 nisi
1203 2244 1424 2316 impius
1454 2246 1707 2300 senserit
1732 2245 1759 2299 ?
1791 2246 1904 2301 Sed
1936 2247 2080 2317 quia
2114 2246 2231 2301 Lex

581 2350 689 2407 per
710 2335 961 2390 litteram
984 2334 1173 2404 jubet,
1193 2348 1312 2388 non
1341 2348 1447 2404 per
1465 2334 1941 2405 Spiritumjuvat,
1961 2336 2233 2405 quicum-

583 2439 699 2495 que
730 2424 812 2477 sic
837 2423 1002 2477 audit
1031 2422 1283 2477 litteram
1309 2421 1479 2490 Legis
1506 2426 1569 2476 ut
1594 2422 1645 2476 ei
1676 2422 1948 2477 sufﬁcere
1966 2424 2232 2479 videatur

584 2510 939 2579 cognovisse
979 2510 1123 2581 quid
1148 2509 1358 2580 jubeat
1399 2512 1503 2565 aut
1535 2510 1867 2580 prohibeat,
1918 2527 2041 2581 quo
2079 2513 2138 2567 id
2170 2528 2231 2566 se

585 2599 805 2654 arbitrii
824 2598 914 2652 sui
928 2598 1137 2652 virtute
1152 2597 1535 2669 impleturum
1551 2614 1674 2653 esse
1688 2599 1973 2665 conﬁdat,
1990 2616 2097 2655 nec
2116 2600 2232 2656 ﬁde

585 2687 890 2756 confugiat
915 2686 1294 2757 adjuvandus
1314 2686 1388 2741 ad
1415 2686 1699 2758 Spiritum
1720 2688 2141 2758 viviﬁcantem,
2158 2706 2231 2745 ne

584 2788 754 2831 reum
802 2775 1026 2830 factum
1077 2774 1268 2831 littera
1313 2776 1540 2831 occidat
1576 2792 1590 2843 ;
1624 2777 1673 2831 is
1728 2776 1993 2848 profecto
2040 2780 2231 2835 zelum

586 2865 686 2920 Dei
707 2864 906 2934 habet,
941 2864 1044 2919 sed
1077 2878 1196 2919 non
1219 2864 1552 2920 secundum
1585 2866 1919 2922 scientiam.
1942 2870 2231 2937 Ignorans

585 2953 746 3009 enim
776 2953 1197 3024 Deijustitiam,
1222 2954 1284 3009 id
1309 2958 1413 3018 est,
1431 2969 1565 3010 eam
1584 2956 1910 3026 quaedatur
1926 2972 1996 3012 ex
2011 2957 2151 3023 Deo,
2177 2964 2232 3014 et

586 3058 758 3099 suam
771 3042 978 3097 volens
991 3043 1363 3110 constituere,
1382 3045 1878 3100 uttantummodo
1892 3062 1958 3100 ex
1975 3047 2125 3115 Lege
2139 3048 2229 3113 sit,

581 3132 822 3202 justitiee
875 3131 975 3187 Dei
1024 3147 1145 3187 non
1190 3137 1278 3187 est
1325 3133 1674 3202 subjectus:
1716 3134 1885 3189 Finis
1915 3137 2061 3191 enim
2097 3138 2231 3207 legis

584 3220 857 3277 Christus
887 3222 960 3277 ad
974 3222 1273 3292 justitiam
1303 3222 1464 3277 omni
1491 3223 1753 3278 credenti
1780 3225 1967 3293 (Rom.
2003 3242 2063 3291 x,
2095 3228 2232 3293 2-4),

585 3310 906 3365 sicutidem
921 3311 1226 3382 apostolus
1241 3310 1392 3374 dicit,
1408 3317 1473 3366 ut
1488 3326 1591 3367 nos
1612 3314 2035 3381 simusjustitia
2053 3316 2232 3371 Deiin

581 3399 709 3465 ipso
741 3399 808 3465 (Il
842 3400 971 3452 Cor.
1000 3414 1059 3464 v,
1090 3398 1201 3467 ς21).
1234 3398 1542 3453 Justificati
1560 3400 1738 3468 igitur
1758 3416 1831 3455 ex
1852 3400 1991 3469 ﬁde,
2021 3419 2233 3473 pacem

581 3486 877 3541 habemus
909 3486 987 3541 ad
1020 3486 1204 3542 Deum
1242 3502 1347 3557 per
1376 3488 1698 3544 Dominum
1728 3496 1997 3546 nostrum
2028 3494 2230 3547 Jesum

584 3576 873 3630 Christum
900 3576 1086 3645 (Rom.
1120 3591 1177 3641 v,
1212 3577 1265 3645 1)
1299 3576 1642 3648 :justiﬁcati
1676 3584 1874 3635 autem
1909 3581 2089 3649 gratis
2128 3597 2234 3652 per

583 3663 835 3732 gratiam
867 3663 1175 3735 ipsius(Id.
1197 3680 1276 3736 ιιι,
1310 3665 1676 3737 24),ῐιθςίίἀθε
1707 3668 1838 3738 ipsa
1852 3670 2115 3740 superba
2138 3670 2229 3725 sit.

656 3751 741 3806 10.
774 3755 889 3807 Nec
917 3752 1076 3809 dicat
1105 3754 1239 3819 sibi,
1266 3755 1321 3811 Si
1363 3770 1435 3809 ex
1479 3755 1618 3822 ﬁde,
1652 3758 1960 3828 quomodo
1994 3760 2176 3828 gratis
2205 3760 2232 3813 ‘?

579 3841 743 3912 quod
774 3843 930 3897 enim
965 3842 1117 3897 ﬁdes
1152 3848 1432 3911 meretur,
1451 3861 1556 3901 cur
1576 3861 1699 3901 non
1723 3847 1919 3917 potius
1940 3848 2229 3914 redditur,

580 3946 765 4002 quam
806 3931 1066 3987 donatur
1089 3931 1117 3985 εἰ
1153 3934 1279 3988 Νοιι
1308 3933 1466 3989 dicat
1496 3934 1606 3989 ista
1632 3935 1816 3991 homo
1846 3936 2057 4000 ﬁdelis,
2090 3939 2233 4008 quia

580 4035 718 4073 cum
732 4019 961 4085 dixerit,
981 4022 1806 4092 Utmerearjustiﬁcationem,
1821 4024 2015 4080 habeo
2029 4026 2228 4091 ﬁdem;

578 4108 974 4177 respondetur
1002 4109 1073 4173 ei,
1096 4109 1246 4175 Quid
1271 4110 1427 4166 enim
1456 4112 1633 4167 habes
1654 4113 1943 4183 quodnon
1957 4116 2233 4183 accepisti

583 4198 626 4265 (Ι
659 4196 792 4250 Cor.
828 4210 903 4262 iv,
931 4198 986 4264 7)
1010 4195 1038 4249 ?
1069 4197 1215 4251 Cum
1239 4212 1381 4265 ergo
1403 4199 1551 4253 ﬁdes
1578 4199 2232 4271 impetratjustiticatio-

580 4298 742 4348 nem,
768 4283 919 4339 sicut
936 4284 1256 4357 unicuique
1274 4286 1428 4341 Deus
1453 4288 1724 4358 partibus
1744 4291 2025 4346 estetiam
2045 4292 2231 4363 ipsius

580 4388 929 4428 mensuram
963 4373 1118 4439 tldei,
1159 4389 1280 4430 non
1327 4376 1578 4445 gratiam
1632 4377 1735 4432 Dei
1772 4378 1998 4450 aliquid
2042 4382 2231 4436 meriti

580 4462 860 4533 praecedit
889 4462 1159 4527 humani,
1194 4463 1298 4519 sed
1328 4465 1459 4535 ipsa
1490 4466 1681 4535 gratia
1712 4474 1970 4524 meretur
2000 4470 2228 4539 augeri,

577 4556 642 4607 ut
670 4556 847 4608 aucta
866 4558 1160 4608 mereatur
1180 4554 1404 4625 perﬁci,
1436 4556 1779 4621 comitante,
1805 4573 1921 4613 non
1952 4559 2229 4624 ducente,

579 4640 965 4712 pedissequa,
1006 4658 1129 4697 non
1172 4644 1396 4714 praevia
1438 4644 1759 4701 voluntate.
1800 4648 1965 4702 Unde
2005 4648 2097 4703 ille
2128 4650 2230 4720 qui

578 4727 746 4795 dixit,
779 4729 1204 4787 Fortitudinem
1237 4748 1424 4788 meam
1438 4734 1518 4789 ad
1531 4736 1937 4803 tecustodiam,
1958 4753 2234 4792 causam-

577 4832 695 4888 que
721 4817 977 4873 reddidit
1007 4818 1231 4885 dicens,
1267 4822 1553 4888 Quoniam
1584 4825 1737 4879 Deus
1766 4830 2054 4896 susceptor
2076 4843 2232 4882 meus

577 4910 999 4978 es;tanquam
1051 4910 1360 4981 requirens
1410 4911 1633 4983 quibus
1683 4914 1744 4969 id
1792 4914 2009 4969 meritis
2058 4916 2234 4971 fuerit

575 5001 958 5061 consecutus,
1000 4997 1267 5070 nihilque
1290 5016 1350 5054 se
1382 5001 1443 5055 in
1467 5002 1777 5057 inveniens
1811 5009 1948 5059 ante
1976 5006 2231 5073 gratiam

576 5085 699 5151 Dei,
736 5086 880 5141 Deus
904 5101 1083 5151 meus,
1110 5087 1325 5159 inquit,
1349 5089 1747 5147 misericordia
1762 5094 1889 5161 ejus
1907 5095 2233 5161 praeveniet

575 5191 689 5231 me.
718 5178 1260 5249 Quatumcumque,
1288 5177 1500 5250 inquit,
1530 5180 1867 5248 cogitavero
1882 5183 2233 5237 anteceden-

576 5265 656 5319 tia
690 5265 900 5320 merita
952 5281 1105 5331 mea,
1160 5268 1561 5324 misericordia
1611 5272 1737 5337 ejus
1764 5272 2082 5338 prazveniet
2120 5288 2228 5328 me.

579 5351 835 5407 Proinde
879 5355 956 5409 ab
987 5355 1085 5411 illo
1117 5356 1461 5412 attributam
1494 5357 1900 5414 fortitudinem
1946 5376 2118 5415 suam
2155 5364 2231 5416 ad

579 5438 744 5495 illum
775 5444 1136 5511 custodiens,
1171 5446 1384 5501 eodem
1436 5452 1738 5503 servatore
1786 5463 1908 5503 non
1951 5449 2230 5520 perdidit,

632 5620 655 5693 ᾖ
680 5618 919 5693 Sic‘Mss.
944 5628 1005 5693 'et
1031 5628 1221 5693 primas
1248 5629 1525 5679 editiones.
1564 5631 1629 5679 At
1658 5631 1783 5682 Lov.
1824 5647 1834 5681 :
1864 5632 1982 5693 Qua;
2025 5648 2083 5682 ex
2120 5634 2220 5683 Deo

578 5684 647 5727 est
676 5684 901 5741 justitia,
934 5685 990 5729 in
1018 5684 1114 5743 ﬁde
1146 5690 1317 5750 utique
1346 5699 1435 5747 est,
1465 5708 1580 5754 qua,
1605 5696 1704 5743 etc.

1864 156 1922 215 S.
1958 154 2343 214 AUGUSTINI
2384 152 2705 210 EPSCOPI
3826 160 3914 217 330

2333 295 2455 353 quo
2486 279 2761 348 largitore
2787 279 3071 351 suscepit.
3105 281 3216 335 Nec
3246 278 3325 335 ob
3368 278 3532 334 aliud
3561 284 3795 337 meretur
3818 299 3925 340 am-

2330 369 2543 441 pliora,
2570 367 2678 422 nisi
2711 368 2805 439 pie
2828 368 3199 440 ﬁdeliterque
3222 369 3465 423 sciendo
3488 385 3523 423 a
3546 385 3663 440 quo
3678 370 3775 424 sibi
3796 371 3927 427 bona

2336 463 2474 513 sunt
2501 458 2727 525 omnia,
2760 462 2816 511 et
2847 457 2961 512 hoc
2998 457 3241 513 sciendo
3272 472 3397 512 non
3424 473 3493 512 ex
3533 458 3743 528 seipso.
3774 474 3837 514 ne
3862 463 3925 516 vel

2336 548 2450 601 hoc
2478 549 2495 583 ¹
2534 547 2606 601 sit
2638 547 2694 601 in
2736 562 2807 600 eo
2837 547 3001 617 quod
3038 563 3160 602 non
3204 547 3276 601 sit
3310 547 3548 602 exDeo.
3588 548 3928 617 Undeoptime

2338 634 2654 706 ApOStolus
2688 651 2699 688 :
2732 636 2852 689 Nos
2883 636 3091 705 inquit,
3118 652 3230 690 non
3263 637 3542 703 spiritum
3576 635 3743 703 hujus
3772 638 3937 693 mundi

2338 727 2686 795 accepimus,
2712 725 2813 780 sed
2833 724 3120 793 Spiritum
3150 725 3250 794 qui
3272 739 3347 780 ex
3368 726 3489 779 Deo
3511 732 3591 779 est
3614 741 3630 789 ;
3662 728 3937 782 utsciamus

2339 830 2470 885 quae
2494 830 2530 870 a
2554 814 2668 869 Deo
2700 814 2925 870 donata
2952 820 3090 869 sunt
3118 815 3283 869 nobis
3315 816 3359 884 (ι
3394 813 3526 868 Cor.
3557 830 3613 876 ιι,
3642 814 3836 881 12).Αο
3862 830 3940 885 per

2340 904 2451 959 hoc
2481 911 2536 958 et
2570 905 2767 974 ipsum
2796 902 3058 957 hominis
3087 903 3370 957 meritum
3402 901 3633 956 donum
3662 908 3743 956 est
3770 906 3942 969 gratui-

2341 998 2466 1048 tum
2500 1009 2513 1046 :
2557 1007 2666 1047 nec
2696 1008 2731 1047 a
2758 994 2925 1047 Patre
2951 991 3269 1053 luminum,
3294 1008 3328 1045 a
3359 1006 3487 1062 quo
3502 990 3943 1047 descenditomne

2340 1082 2551 1137 datum
2581 1080 2876 1152 optimum
2903 1080 3128 1151 (Jacobi
3153 1099 3188 1145 ι,
3224 1082 3335 1150 l7),
3378 1080 3525 1135 boni
3572 1079 3787 1151 aliquid
3825 1082 3943 1136 acci-

2343 1186 2481 1242 pere
2511 1170 2838 1241 quisquam
2901 1174 3179 1233 meretur,
3236 1169 3349 1223 nisi
3425 1168 3772 1239 accipiendo
3816 1170 3943 1240 quod

2341 1274 2463 1314 non
2505 1264 2783 1313 meretur.

2414 1348 2633 1402 CAPUT
2664 1347 2753 1401 1V.
2774 1349 2942 1402 -11,
2971 1347 3212 1401 Multum
3236 1350 3546 1402 estautem
3575 1345 3942 1415 indulgentius,

2342 1442 2399 1491 et
2424 1437 2550 1491 sine
2584 1436 2704 1491 ulla
2725 1435 3094 1491 dubitatione
3122 1437 3313 1504 magis
3336 1436 3687 1506 gratuitum,
3710 1436 3853 1508 quod
3875 1438 3945 1491 Dei

2342 1526 2533 1595 gratia
2547 1528 2865 1595 perlesum
2880 1524 3170 1579 Christum
3194 1526 3519 1580 Dominum
3534 1530 3793 1579 nostrum
3806 1541 3947 1596 praes-

2342 1619 2497 1671 tatur
2526 1614 2887 1679 infantibus,
2926 1620 2987 1669 ut
3024 1613 3110 1668 eis
3138 1630 3259 1669 non
3298 1614 3459 1669 obsit
3500 1630 3570 1669 ex
3610 1614 3786 1669 Adam
3812 1629 3947 1684 gene-

2341 1705 2510 1769 ratio,
2540 1708 2594 1758 et
2625 1704 2812 1775 prosit
2836 1704 2893 1758 in
2923 1703 3149 1759 Christo
3178 1704 3576 1772 regeneratio,
3614 1703 3673 1758 in
3692 1704 3885 1774 quibus
3906 1710 3945 1757 et

2341 1793 2538 1864 ipsum
2572 1792 2902 1862 accipiendi
2929 1808 3171 1847 sensum
3205 1796 3371 1847 tanto
3415 1796 3557 1846 ante
3591 1791 3945 1847 misericordia

2342 1880 2442 1935 Dei
2478 1880 2767 1951 praevenit
2800 1896 2812 1934 :
2837 1881 2940 1951 qui
2967 1885 3121 1935 certe
3144 1879 3191 1934 si
3219 1880 3281 1934 in
3306 1880 3426 1935 hac
3453 1879 3701 1951 parvula
3722 1886 3869 1935 aetate
3890 1880 3943 1934 de

2340 1984 2587 2040 corpore
2620 1970 2887 2034 exierint,
2921 1968 3107 2024 vitam
3134 1974 3423 2023 aeternam
3476 1984 3833 2040 regnumque
3854 1985 3943 2022 cos-

2339 2056 2535 2112 lorum
2569 2058 2819 2113 scientes
2833 2058 3154 2128 accipiunt,
3175 2058 3304 2127 ejus
3322 2057 3593 2112 muneris
3608 2058 3802 2112 merito
3817 2056 3943 2128 quod

2340 2146 2434 2202 hic
2466 2162 2601 2201 cum
2623 2148 2825 2218 utique
2847 2146 3088 2219 profuit,
3119 2147 3479 2202 nescierunt.
3508 2148 3670 2201 Certe
3694 2146 3749 2201 in
3770 2146 3828 2200 iis
3845 2152 3946 2217 post

2340 2236 2607 2307 priorum
2638 2235 2995 2299 doctrinam,
3025 2236 3141 2291 ista
3162 2236 3402 2290 nonnisi
3432 2236 3631 2306 priora
3654 2240 3779 2290 sunt
3800 2234 3941 2297 dona,

2339 2326 2398 2379 in
2431 2325 2653 2395 quibus
2683 2324 2982 2379 donandis
3007 2324 3107 2379 Dei
3142 2324 3332 2393 gratia
3359 2326 3444 2378 sic
3469 2329 3761 2395 operatur,
3792 2329 3944 2377 utnec

2340 2413 2616 2468 voluntas
2630 2414 3025 2485 accipientum
3050 2414 3141 2468 vel
3164 2415 3586 2485 praeminatur,
3608 2412 3692 2467 vel
3708 2412 3945 2480 adjunga-

2343 2510 2453 2569 tur,
2482 2503 2571 2557 vel
2594 2502 2999 2574 subsequatur
3026 2503 3563 2575 :quandoquidem
3584 2508 3800 2557 tantum
3812 2501 3945 2555 bene-

2339 2591 2539 2646 ficium
2575 2607 2695 2646 non
2729 2591 2925 2646 solum
2956 2607 3077 2647 non
3099 2592 3446 2657 libentibus,
3477 2608 3682 2647 verum
3705 2592 3859 2646 etiam
3880 2606 3942 2643 re-

2339 2679 2703 2735 luctantibus
2736 2681 2913 2735 datur
2944 2698 2961 2745 ;
2993 2681 3157 2751 quod
3187 2682 3270 2737 eis
3298 2682 3376 2736 ad
3412 2697 3701 2752 magnum
3737 2680 3945 2750 imputa-

2339 2778 2499 2825 retur
2529 2770 2930 2839 sacrilegium,
2965 2771 3013 2825 si
3040 2770 3169 2841 jam
3200 2772 3261 2826 in
3291 2771 3362 2826 iis
3396 2771 3625 2843 aliquid
3655 2770 3846 2826 valeret
3870 2782 3943 2823 vo-

2340 2858 2583 2914 luntatis
2616 2859 2950 2915 arbitrium.

2419 2948 2498 3002 t2.
2534 2951 2652 3003 Hoc
2683 2948 2944 3004 diximus
2972 2953 3214 3020 propter
3242 2965 3345 3005 eos
3370 2951 3479 3023 qui
3505 2965 3629 3006 non
3660 2949 3887 3005 valentes
3902 2946 3946 2999 in

2342 3052 2526 3092 causa
2558 3038 2760 3105 gratiae
2801 3038 3217 3094 inscrutabilia
3246 3040 3342 3093 Dei
3361 3040 3596 3109 judicia
3618 3035 3943 3111 perscrutari,

2341 3140 2446 3180 cur
2467 3141 2539 3180 ex
2568 3126 2759 3181 Adam
2779 3143 2979 3182 massa
2993 3143 3129 3198 quae
3144 3128 3411 3198 profecto
3425 3146 3498 3183 ex
3515 3144 3633 3183 uno
3651 3128 3704 3183 in
3719 3125 3945 3180 condem-

2340 3215 2643 3269 nationem
2679 3220 2799 3271 tota
2839 3215 3107 3287 collapsa
3139 3221 3243 3281 est,
3286 3216 3433 3272 illud
3465 3234 3571 3272 vas
3598 3216 3761 3271 faciat
3786 3216 3837 3269 in
3862 3213 3940 3267 ho-

2340 3319 2574 3372 norem,
2616 3303 2759 3359 illud
2793 3305 2851 3359 in
2893 3305 3317 3361 contumeliam
3346 3322 3358 3371 ;
3387 3311 3594 3362 tamen
3618 3305 3939 3373 audentpar-

2340 3393 2511 3448 vulos
2541 3410 2674 3449 reos
2705 3395 3086 3465 propriorum
3111 3396 3476 3452 constituere
3503 3400 3871 3468 peccatorum,
3896 3394 3938 3443 ut

2339 3483 2440 3554 qui
2477 3484 2636 3538 bona
2668 3483 2902 3539 malave
2943 3485 3200 3556 cogitare
3232 3501 3351 3540 non
3409 3490 3678 3556 possunt,
3708 3485 3939 3555 putentur

2340 3588 2445 3642 per
2466 3572 2718 3627 liberum
2743 3573 3055 3628 arbitrium
3082 3574 3173 3629 vel
3200 3590 3444 3646 poenam
3476 3573 3684 3630 mereri
3710 3566 3938 3644 possevel

2341 3662 2595 3729 gratiam
2629 3680 2640 3715 :
2676 3677 2813 3716 cum
2846 3662 3045 3732 potius
3090 3663 3422 3734 apostolica
3476 3664 3688 3719 veritas
3716 3657 3937 3718 dicendo,

2338 3750 2436 3805 Ea:
2458 3764 2574 3804 uno
2591 3765 2788 3805 omnes
2811 3751 2872 3805 in
2895 3752 3445 3808 condemnationem
3468 3754 3646 3824 (Rom.
3667 3745 3939 3817 v,16).satis

2339 3838 2611 3893 ostendat
2638 3839 2801 3910 quod
2834 3846 3160 3896 nascantur
3192 3841 3250 3895 in
3278 3857 3484 3913 paena,
3514 3848 3577 3896 ut
3606 3856 3721 3895 non
3753 3837 3938 3897 merito,

2340 3927 2445 3982 sed
2460 3927 2867 3983 misericordia
2880 3931 3343 3986 renascanturin
3358 3928 3939 4000 gratia.Alioqtiingra-

2340 4017 2419 4071 tia
2442 4017 2569 4087 jam
2598 4032 2715 4071 non
2748 4018 3123 4087 estgratia,si
3148 4035 3269 4074 non
3300 4020 3519 4075 divinis
3552 4018 3818 4089 operibus
3840 4028 3939 4084 gra-

2340 4105 2409 4158 tis
2440 4105 2634 4169 datur,
2666 4105 2769 4160 sed
2799 4106 3082 4161 humanis
3115 4108 3340 4162 meritis
3368 4108 3653 4164 redditur.
3697 4108 3821 4170 One:
3844 4100 3939 4155 sola

2339 4193 2421 4247 sic
2442 4192 2723 4249 discernit
2740 4211 2775 4249 a
2797 4211 2997 4265 paena,
3027 4202 3237 4251 utcum
3260 4213 3442 4268 poena
3473 4198 3630 4253 sitex
3653 4195 3825 4251 Adam
3843 4204 3938 4245 om-

2338 4282 2516 4337 nibus
2533 4283 2754 4352 debita,
2777 4285 2966 4352 gratia
2981 4300 3115 4339 vero
3133 4301 3238 4356 per
3260 4302 3447 4340 unum
3465 4287 3665 4342 Jesum
3693 4282 3940 4338 Christum

2338 4371 2484 4425 nulli
2513 4371 2733 4439 debita,
2789 4374 2890 4427 sed
2910 4374 3187 4442 gratuita,
3220 4378 3281 4429 ut
3312 4390 3447 4431 vere
3479 4379 3499 4409 ²
3524 4376 3596 4429 sit
3624 4373 3814 4446 gratia,
3852 4367 3940 4422 ins-

2338 4460 2649 4515 crutabilia
2674 4460 2900 4530 judicia
2928 4462 3025 4516 Dei
3054 4468 3346 4534 tanquam
3382 4468 3555 4533 Deus,
3589 4478 3710 4518 esse
3735 4457 3937 4532 possint.

2339 4564 2475 4603 cum
2509 4549 2790 4619 parvulos
2821 4551 2946 4621 ipse
2987 4551 3306 4612 discernat,
3357 4570 3510 4625 quos
3555 4553 3753 4608 merita
3810 4544 3940 4601 nulla

2338 4637 2721 4705 discernunt;
2756 4639 2857 4693 sed
2890 4640 3100 4711 iniqua
3121 4656 3386 4696 essenon
3420 4644 3667 4714 possint,
3690 4639 3819 4711 quia
3838 4633 3939 4688 uni-

2338 4742 2523 4781 versae
2556 4728 2661 4781 vim
2703 4728 2938 4783 Domini
2982 4730 3396 4786 misericordia
3436 4739 3491 4786 et
3536 4730 3740 4786 veritas
3786 4721 3936 4797 (Psal.

2338 4832 2491 4880 xnv,
2530 4817 2640 4880 10).
2686 4817 2849 4873 Unde
2882 4834 3017 4872 cum
3050 4820 3348 4889 praebetur
3375 4821 3535 4876 alteri
3572 4811 3938 4875 misericordiae

2339 4906 2550 4973 gratia,
2582 4921 2701 4960 non
2730 4906 2912 4962 habet
2937 4908 3103 4978 quod
3135 4909 3207 4963 de
3240 4909 3510 4965 humano
3542 4908 3740 4964 merito
3770 4899 3939 4972 glorier

2340 4998 2432 5049 tur
2466 5011 2477 5059 ;
2510 4994 2801 5065 quoniam
2830 5011 2947 5051 non
2983 5012 3054 5050 ex
3070 4998 3374 5068 operibus,
3406 4994 3771 5067 nefortequis
3796 4986 3935 5046 extol-

2337 5082 2511 5138 latur.
2550 5082 2699 5138 Cum
2746 5101 2889 5139 vero
2941 5085 3107 5140 alteri
3140 5086 3411 5141 vindictae
3462 5087 3716 5142 redditur
3744 5079 3934 5135 veritas,

2336 5188 2459 5227 non
2491 5172 2670 5228 habet
2700 5189 2804 5227 cur
2846 5175 3001 5243 juste
3041 5180 3327 5245 queratur
3360 5195 3371 5230 :
3424 5176 3485 5231 id
3524 5176 3672 5232 enim
3716 5165 3932 5226 redditur

2338 5262 2498 5331 quod
2525 5268 2773 5332 peccato
2796 5263 2928 5332 jure
2959 5262 3211 5318 debetur
3244 5266 3569 5334 ;quoniam
3604 5277 3743 5317 unus
3766 5259 3813 5312 in
3838 5266 3931 5324 quo

2338 5364 2545 5404 omnes
2576 5356 2997 5421 peccaverunt,
3028 5352 3233 5424 utique
3281 5353 3458 5408 etiam
3493 5354 3551 5408 in
3579 5347 3800 5419 singulis
3822 5339 3928 5413 qui-

2336 5438 2570 5509 busque
2601 5441 2872 5510 punitur.
2914 5443 2974 5494 in
3019 5457 3279 5511 quorum
3312 5457 3495 5513 poena
3527 5441 3726 5496 clarius
3766 5437 3928 5488 osten-

2337 5527 2493 5582 ditur
2535 5528 2678 5598 quid
2727 5529 2883 5583 vasis
2926 5530 3343 5585 misericordiae
3377 5547 3479 5602 per
3537 5545 3648 5586 non
3693 5522 3921 5582 debitam,

2402 5636 2411 5662 ί
2434 5636 2555 5683 Mss.
2592 5636 2756 5684 Vatic.
2786 5641 2837 5685 et
2858 5650 2955 5693 cc.,
2987 5652 3049 5687 ne
3075 5638 3151 5687 vel
3181 5638 3272 5688 hoc
3298 5653 3403 5687 non
3442 5641 3506 5688 sit
3532 5640 3583 5689 in
3608 5651 3657 5685 eo
3676 5634 3774 5684 Non
3798 5622 3919 5675 male.

2393 5699 2412 5729 ²
2442 5698 2559 5745 Mss.
2592 5702 2719 5754 tres,
2764 5706 2818 5748 ut
2842 5714 2988 5756 vera,
