4118 6164
182 114 304 176 821

183 244 312 301 sed
338 258 541 301 veram
562 240 842 315 gratiam,
870 242 988 302 hoc
1013 247 1101 303 est
1129 244 1471 315 gratuitam,
1499 246 1857 305 conferatur.

272 332 498 390 CAPUT
527 334 677 388 V.-—
708 337 789 391 13.
828 334 990 390 Unde
1020 338 1221 390 autem
1248 341 1738 405 argumententnr
1759 335 1863 393 ad-

172 437 403 478 versus
426 422 775 493 Apostolum
799 422 1179 494 apertissime
1199 424 1517 490 dicentem,
1534 425 1653 483 Per
1674 440 1858 481 unum

177 510 495 569 hominem
538 518 846 581 peccatum
891 512 1140 569 intravit
1188 513 1253 567 in
1299 514 1610 579 mundum,
1641 520 1696 570 et
1751 529 1860 582 per

170 602 504 668 peccatum
522 616 700 665 mors,
724 607 775 658 et
798 601 883 656 ita
900 601 962 656 in
984 616 1181 657 omnes
1205 602 1465 659 homines
1483 602 1852 671 pertransiit,

168 688 253 745 in
285 705 404 760 quo
451 705 649 747 omnes
673 697 1068 757 peccaverunt
1113 691 1300 760 (Rom.
1354 707 1411 755 v,
1456 692 1564 760 t2),
1590 691 1856 747 dicentes

168 778 373 836 etiam
400 779 686 852 parvulos
716 780 959 851 propria
984 794 1089 849 per
1118 779 1373 835 liberum
1406 780 1720 836 arbitrium
1750 779 1852 839 ha-

165 865 331 924 bere
373 874 638 938 peccata,
674 868 851 925 taedet
895 867 1219 932 attendere,
1251 867 1535 941 pigetque
1567 868 1849 940 proferre,

166 956 290 1013 sed
321 956 515 1027 magis
553 956 964 1029 compellimur
992 956 1208 1013 dicere.
1240 957 1412 1023 Quod
1454 958 1614 1015 enim
1644 962 1851 1030 potue-

164 1051 329 1102 runt
359 1062 584 1116 magna
613 1052 670 1103 et
701 1051 876 1103 acuta
902 1044 1146 1116 ingenia
1178 1047 1459 1117 cogitare,
1488 1053 1590 1103 aut
1627 1047 1848 1120 inopim

162 1141 274 1188 est
307 1134 559 1190 tacendo
613 1134 822 1201 vitare,
855 1139 959 1191 aut
990 1135 1353 1205 arrogantia
1404 1136 1846 1193 contemnendo

162 1222 504 1293 praeterire.
533 1224 706 1288 Ecce,
739 1223 1040 1295 inquiunt,
1064 1224 1228 1289 Esau
1258 1230 1313 1279 et
1332 1225 1515 1280 Jacob
1539 1224 1703 1281 intra
1736 1227 1845 1283 vis-

161 1326 322 1369 cera
361 1320 627 1369 materna
681 1314 1010 1378 luctantur,
1040 1320 1097 1369 et
1127 1313 1270 1368 dum
1304 1322 1654 1380 nascuntur,
1687 1316 1845 1372 alter

158 1402 616 1470 supplantatur
648 1403 725 1459 ab
755 1403 966 1467 altero,
995 1407 1173 1473 atque
1200 1403 1263 1458 in
1283 1403 1434 1472 pede
1456 1403 1842 1472 prwcedentis

157 1504 364 1545 manu
402 1491 419 1526 ί
454 1493 859 1563 consequentis
890 1498 941 1547 et
981 1492 1232 1548 tenentis
1283 1491 1546 1561 inventa,
1576 1507 1844 1560 perseve-

158 1592 324 1635 rans
334 1580 769 1649 quodammodo
784 1579 939 1635 lucia
962 1581 1363 1635 convincitur.
1381 1579 1679 1646 Quomodo
1701 1596 1840 1652 ergo

155 1669 231 1723 in
264 1668 599 1736 infantibus
630 1669 754 1726 haec
778 1668 1106 1738 agentibus,
1136 1669 1373 1723 nullum
1405 1674 1488 1726 est
1523 1667 1613 1724 vel
1641 1669 1723 1726 ad
1747 1670 1840 1726 bo-

157 1772 319 1813 num
352 1758 442 1813 vel
465 1757 546 1815 ad
582 1758 808 1814 malum
837 1757 1101 1827 propria
1139 1758 1459 1814 voluntatis
1497 1758 1840 1836 arbitrium,

160 1847 338 1903 unde
362 1847 609 1915 praemia
651 1847 771 1904 sive
799 1847 1097 1919 supplicia
1122 1846 1350 1902 meritis
1374 1847 1842 1916 prwcedentibus

156 1935 621 2007 subsequantur
650 1934 679 1990 ?

242 2024 332 2079 14.
369 2024 456 2080 Ad
480 2024 594 2081 hoc
624 2040 736 2080 nos
768 2023 1044 2092 dicimus,
1075 2024 1209 2082 ideo
1238 2028 1438 2082 motus
1466 2024 1599 2082 illos
1628 2030 1685 2082 et
1716 2030 1839 2083 tan-

157 2128 360 2186 quam
389 2113 646 2183 litigium
685 2114 1075 2185 parvulorum
1118 2115 1360 2185 signum
1415 2130 1615 2171 rerum
1655 2115 1838 2172 fuisse

158 2217 557 2273 magnarum,
574 2206 716 2275 quia
737 2203 979 2259 nonfuit
995 2203 1441 2270 arbitrium,sed
1464 2204 1833 2275 prodigium.

163 2292 382 2363 Neque
412 2291 574 2348 enim
604 2291 801 2347 daturi
832 2308 1043 2347 sumus
1078 2296 1136 2347 et
1177 2293 1359 2349 asinis
1388 2291 1645 2348 liberum
1675 2293 1837 2350 arbi-

159 2379 353 2435 trium
396 2379 740 2446 volnntatis,
772 2380 1065 2452 quoniam
1108 2381 1287 2452 hujus
1330 2381 1565 2449 generis
1598 2381 1835 2452 jumen-

155 2472 320 2533 tum,
356 2468 513 2524 sicut
560 2468 846 2541 scriptum
881 2476 996 2535 est,
1028 2469 1342 2540 subjugale
1385 2471 1512 2526 sine
1541 2486 1695 2535 voce,
1729 2470 1835 2526 ho-

155 2557 346 2613 minis
379 2573 515 2615 voce
544 2559 905 2627 respondens
935 2561 1119 2615 vetuit
1144 2558 1452 2628 prophetae
1476 2559 1831 2619 dementiam

157 2646 235 2715 (ll
264 2647 432 2702 Petr.
459 2663 522 2716 ιι,
570 2647 675 2718 16).
704 2648 772 2702 Hi
817 2652 1020 2704 autem
1049 2648 1151 2719 qui
1184 2647 1329 2704 tales
1370 2663 1492 2703 non
1532 2648 1830 2719 prodigio-

156 2751 266 2791 sos
290 2742 513 2802 motus,
542 2736 648 2791 sed
676 2736 1048 2793 voluntarios
1079 2741 1268 2802 actus,
1300 2752 1411 2792 nec
1438 2736 1513 2792 de
1544 2738 1829 2809 parvulis,

156 2824 269 2879 sed
290 2840 329 2880 a
346 2824 612 2896 parvulis
636 2825 823 2881 factos
843 2842 973 2881 esse
994 2826 1383 2893 contendunt,
1412 2828 1517 2898 qui
1542 2827 1831 2898 Apostolo

154 2914 517 2985 responsuri
545 2919 703 2979 sunt,
732 2915 835 2986 qui
860 2931 998 2971 cum
1026 2919 1083 2971 et
1109 2915 1218 2971 hos
1244 2916 1514 2985 geminos
1541 2916 1618 2972 ad
1650 2917 1833 2973 docu-

156 3007 440 3059 mentum
471 3003 745 3073 gratnitee
767 3004 971 3073 gratiae
988 3006 1559 3061 commemorandos
1581 3006 1826 3072 videret,

157 3091 449 3149 Nondum
480 3094 632 3149 enim
668 3094 847 3158 natis,
878 3093 1090 3165 inquit,
1122 3109 1229 3149 nec
1253 3094 1488 3165 aliquid
1516 3096 1829 3165 agentibus

166 3179 312 3234 boni
336 3186 441 3235 aut
469 3181 635 3245 mali,
659 3188 723 3234 ut
749 3180 1073 3237 secundum
1092 3181 1429 3238 electionem
1456 3185 1827 3251 propositum

159 3269 278 3324 Dei
308 3275 594 3334 maneret,
623 3285 743 3324 non
781 3284 855 3325 ea:
892 3271 1166 3337 operibus
1199 3272 1298 3327 sed
1341 3286 1414 3327 ex
1441 3277 1686 3328 vocante
1708 3272 1831 3329 dic-

163 3364 295 3413 tum
315 3364 417 3423 est,
441 3358 592 3424 Quia
612 3359 810 3429 major
830 3359 1042 3415 serviet
1058 3359 1277 3416 minori
1291 3361 1481 3431 (Rom.
1498 3376 1576 3428 Ix,
1596 3362 1706 3416 H—l
1720 3362 1772 3434 3)
1801 3361 1828 3416 ‘t

162 3446 388 3502 deinde
436 3447 776 3518 adjungens
823 3448 1235 3503 testimonium
1289 3449 1594 3519 prophetae
1649 3450 1826 3522 longe

160 3542 306 3607 post
329 3536 574 3608 quidem
601 3538 711 3594 ista
739 3538 1008 3602 dicentis,
1035 3538 1137 3593 sed
1165 3542 1368 3595 tamen
1396 3538 1471 3594 de
1499 3539 1614 3595 hac
1636 3556 1697 3597 re
1723 3557 1827 3597 an-

159 3626 405 3697 tiquum
438 3626 537 3682 Dei
566 3626 884 3682 consilium
915 3626 1298 3693 declarantis,
1331 3628 1499 3685 Sicut
1535 3629 1824 3698 scriptum

161 3720 271 3778 est,
305 3715 516 3786 inquit,
547 3716 730 3771 Jacob
777 3716 985 3781 dilexi,
1016 3716 1181 3772 Esau
1220 3724 1415 3773 autem
1458 3717 1591 3773 odio
1640 3718 1825 3777 habui

163 3802 456 3875 (Malach.
485 3821 522 3869 ι,
554 3807 607 3873 2,
640 3804 717 3874 3).

244 3896 327 3947 t5.
342 3894 565 3964 Nempe
592 3894 803 3948 Doctor
820 3891 1091 3949 Gentium
1116 3892 1174 3948 in
1198 3892 1315 3948 ﬁde
1334 3897 1389 3950 et
1409 3893 1653 3952 veritate
1676 3894 1821 3951 istos

161 3981 441 4050 geminos
478 3981 752 4037 nondum
782 3988 957 4037 natos
983 3981 1129 4037 nihil
1157 3982 1300 4038 boni
1328 3988 1430 4038 aut
1460 3983 1600 4040 mali
1629 3985 1823 4054 egisse

163 4074 432 4136 testatur,
470 4076 532 4125 ut
558 4070 749 4142 gratia
779 4070 1236 4127 commendetur
1264 4088 1278 4137 ;
1308 4076 1371 4127 ut
1398 4073 1562 4144 quod
1594 4073 1820 4131 dictum

163 4163 273 4221 est,
304 4159 508 4228 Major
531 4160 744 4216 serviet
773 4161 1013 4223 minori,
1042 4175 1163 4216 non
1185 4176 1259 4216 ex
1287 4161 1589 4231 operibus,
1622 4162 1726 4217 sed
1747 4178 1820 4219 ex

161 4252 418 4302 vocante
447 4247 673 4304 dictum
712 4248 1098 4317 intelligatur,
1130 4253 1192 4305 ut
1220 4250 1553 4306 secundum
1583 4250 1821 4307 electio-

159 4350 299 4392 nem
332 4337 709 4407 propositum
736 4338 833 4391 Dei
869 4342 1154 4404 maneret,
1180 4353 1301 4393 non
1325 4339 1603 4396 meritum
1629 4340 1818 4396 homi-

161 4424 256 4481 nis
282 4425 553 4483 anteiret.
586 4428 711 4481 Non
741 4426 900 4482 enim
932 4425 1076 4481 dicit
1112 4426 1458 4483 electionem
1491 4427 1814 4485 voluntatis

158 4513 448 4571 humanm
481 4515 605 4569 sive
655 4520 905 4579 naturae,
945 4531 1084 4571 cum
1114 4532 1223 4586 par
1272 4521 1426 4572 esset
1456 4517 1514 4573 in
1563 4522 1815 4590 utroque

157 4603 361 4657 mortis
373 4602 902 4675 damnationisque
914 4604 1307 4670 conditio;sed
1320 4604 1667 4662 electionem
1681 4622 1816 4677 pro-

159 4690 259 4746 cul
283 4691 467 4746 dubio
496 4691 719 4762 gratiae,
754 4708 891 4764 quae
930 4708 1051 4748 non
1088 4693 1316 4748 invenit
1345 4693 1669 4763 eligendos,
1706 4694 1814 4751 sed

157 4778 320 4849 facit,
348 4780 423 4835 de
453 4786 658 4865 quaet
700 4781 762 4837 in
803 4782 1309 4853 consequentibus
1340 4781 1611 4853 ejusdem
1653 4784 1813 4855 Epis-

158 4867 295 4922 tolas
321 4867 572 4940 loquens
601 4870 682 4924 ait
710 4886 721 4925 :
752 4869 849 4925 Sic
878 4886 1017 4940 ergo
1046 4878 1101 4925 et
1132 4872 1193 4925 in
1227 4871 1336 4926 hoc
1365 4879 1642 4939 tempore,
1677 4874 1813 4930 reli-

154 4959 312 5029 (μείω
346 4973 447 5029 per
499 4958 835 5015 electionem
876 4960 1091 5030 gratiae
1120 4961 1304 5015 salvae
1341 4961 1523 5030 factae
1564 4966 1722 5017 sunt.
1749 4963 1812 5018 Si

153 5052 351 5102 autem
377 5047 597 5116 gratia,
625 5050 754 5119 jam
786 5062 906 5103 non
936 5064 1010 5104 ex
1030 5049 1305 5117 operibus
1332 5051 1637 5121 ,-alioquin
1674 5068 1812 5122 gra-

153 5136 383 5204 tiajam
412 5150 529 5191 non
558 5143 640 5192 est
661 5137 862 5205 gratia
886 5136 1073 5208 (Rom.
1110 5154 1186 5204 iu,
1207 5143 1257 5203 5,
1283 5142 1361 5203 6).
1391 5139 1493 5195 Cui
1518 5140 1650 5196 loco
1667 5142 1810 5199 satis

147 5223 322 5281 locus
338 5224 449 5279 iste
462 5225 1573 5292 concordat,ubicommemoratur,non
1587 5246 1657 5286 ex
1672 5247 1811 5300 ope-

148 5312 337 5375 ribus,
356 5313 462 5368 sed
481 5329 552 5369 ex
575 5319 826 5370 vocante
841 5314 1066 5371 dictum
1091 5333 1241 5381 esse,
1259 5318 1807 5387 Majorservietmi—

150 5401 307 5456 nori.
328 5400 545 5471 thuid
559 5417 700 5472 ergo
723 5404 1177 5473 praeclarissimo
1199 5407 1404 5475 gratiae
1426 5422 1555 5461 com
1567 5407 1810 5463 menda-

149 5490 262 5546 tori
279 5490 355 5546 de
376 5489 673 5547 infanture
693 5490 880 5549 libero
902 5494 1143 5552 arbitrio
1158 5499 1213 5552 et
1234 5493 1505 5551 nondum
1528 5501 1807 5555 natorum

215 5643 231 5671 ¹
257 5640 343 5691 Sic
376 5641 472 5691 Ms.
505 5640 674 5691 Vatic.
713 5642 952 5708 [manus].

1434 118 1941 180 EPISTOLARUM
1977 118 2266 191 CLASSIS
2304 121 2407 181 III.

3517 115 3625 179 822

1967 247 2200 305 actibus
2210 250 2335 308 tam
2358 247 2740 321 impudenter
2763 246 3055 307 resistitur
3075 243 3221 305 icur
3235 244 3459 307 meritis
3468 260 3626 319 prae-

1964 335 2148 393 veniri
2159 336 2350 405 gratia
2362 336 2707 408 perhibetur
2727 354 2742 407 ;
2757 353 2890 413 quae
2905 337 3095 408 gratia
3110 351 3230 396 non
3249 338 3424 402 esset,
3457 333 3506 389 si
3529 349 3625 389 se-

1964 425 2233 485 cundum
2256 425 2534 484 meritum
2551 424 2986 500 imputaretur?
3000 424 3115 482 Cur
3135 420 3342 483 centra
3364 422 3622 481 salutem

1963 529 2100 586 quas
2132 513 2314 573 missa
2337 520 2424 571 est
2456 514 2875 591 perditis,quse
2895 515 3057 571 venit
3083 513 3366 585 indignis,
3400 527 3621 583 quam-

1961 601 2105 659 libet
2132 608 2328 672 acuta,
2381 603 2715 677 quamlibet
2742 604 2989 676 copiosa
3037 608 3093 659 et
3131 607 3363 667 ornata,
3399 600 3617 657 mirum

1962 695 2160 748 tamen
2194 691 2242 746 si
2268 692 2595 748 christiana
2625 691 3028 764 disputatione
3056 689 3436 749 contenditur
3464 688 3492 744 ?

2029 779 2260 836 CAPUT
2306 780 2391 835 VI.
2438 812 2507 822 —-
2542 784 2626 837 16.
2670 780 2784 837 Sed
2814 779 3126 853 quomodo,
3161 777 3459 850 inquiunt,
3492 791 3611 832 non

1957 876 2040 926 est
2088 870 2372 943 iniquitas
2423 870 2589 941 apud
2619 871 2823 941 Deum,
2864 869 2916 925 si
2969 867 3271 938 diligendo
3327 865 3611 922 discernit

1951 975 2096 1031 quos
2109 960 2320 1016 merita
2341 974 2584 1028 operum
2598 960 2775 1017 nulla
2798 959 3145 1016 discernunt
3158 955 3282 1013 illa
3302 953 3478 1011 nobis
3491 954 3608 1010 hoc

1953 1048 2168 1107 dicitur
2199 1053 2489 1122 tanquam
2510 1049 2573 1106 id
2598 1047 2915 1122 Apostolus
2935 1048 3061 1122 ipse
3078 1063 3199 1105 non
3231 1044 3462 1112 viderit,
3484 1058 3608 1099 non

1952 1138 2349 1209 proposuerit,
2378 1153 2503 1194 non
2526 1137 2918 1210 responderit.
2949 1136 3109 1193 Vidit
3133 1135 3337 1209 utique
3362 1132 3511 1207 quid
3537 1132 3610 1190 iis

1952 1226 2167 1283 auditis
2207 1227 2480 1284 humana
2519 1231 2727 1300 posset
2763 1225 3081 1285 inﬁrmitas
3131 1224 3223 1281 vel
3272 1221 3608 1295 ignorantia

1948 1316 2232 1387 cogitare,
2254 1321 2309 1372 et
2337 1316 2617 1374 eamdem
2646 1314 3039 1388 quaestionem
3066 1314 3179 1371 sibi
3223 1313 3351 1385 ipse
3385 1326 3607 1384 propo-

1948 1419 2118 1470 nens,
2156 1405 2311 1473 Quid
2356 1420 2494 1475 ergo
2537 1404 2796 1462 dicemus
2845 1403 2873 1458 ?
2927 1403 3139 1476 inquit,
3172 1400 3466 1473 numquid
3492 1399 3606 1456 ini-

1948 1493 2144 1565 quitas
2164 1493 2332 1562 apud
2362 1494 2544 1549 Deum
2564 1492 2592 1551 ‘i
2615 1493 2907 1549 Continuo
2928 1491 3258 1563 respondit,
3287 1490 3471 1547 Absit.
3496 1489 3608 1544 Ra.

1948 1567 2293 1654 tionemque
2322 1581 2576 1637 reddens
2615 1596 2720 1637 cur
2760 1580 2935 1647 absit,
2966 1579 3022 1636 id
3062 1583 3153 1634 est
3181 1595 3195 1646 ;
3242 1593 3345 1635 cur
3376 1591 3499 1633 non
3530 1575 3607 1633 sit

1947 1669 2234 1743 iniquitas
2278 1670 2444 1742 apud
2492 1668 2703 1736 Deum,
2736 1684 2859 1724 non
2903 1667 3003 1737 ait,
3056 1667 3254 1724 Merita
3301 1666 3463 1723 enim
3509 1664 3606 1720 vel

1946 1775 2130 1832 opera
2141 1760 2161 1830 j
2174 1759 2371 1817 ndicat
2386 1759 2564 1815 etiam
2587 1757 2999 1830 parvulorum,
3019 1756 3252 1817 etiamsi
3270 1754 3469 1812 adhuc
3486 1753 3605 1810 sint

1944 1848 2006 1905 in
2048 1855 2316 1907 materno
2346 1853 2512 1906 utero
2555 1846 2863 1904 constituti
2895 1863 2907 1905 :
2940 1844 3252 1919 quomodo
3282 1846 3444 1901 enim
3484 1843 3601 1900 hoc

1944 1938 2184 2005 diceret,
2215 1937 2320 2012 qui
2333 1936 2462 2010 jam
2491 1936 2722 1994 dixerat
2746 1935 2821 1993 de
2850 1935 3122 1993 nondum
3143 1934 3318 2001 natis,
3343 1940 3400 1990 et
3420 1933 3494 1989 de
3524 1933 3597 1988 iis

1943 2028 2047 2101 qui
2075 2027 2219 2084 nihil
2249 2027 2448 2084 adhuc
2489 2029 2734 2096 egerant
2764 2025 2909 2082 boni
2956 2024 3051 2080 vel
3081 2023 3247 2090 mali,
3277 2022 3445 2097 quod
3473 2037 3594 2080 non

1943 2133 2019 2175 ex
2046 2117 2339 2187 operibus,
2368 2117 2469 2174 sed
2496 2131 2572 2174 ea:
2596 2119 2843 2174 vocante
2864 2115 3092 2173 dictum
3124 2115 3217 2180 sit,
3248 2114 3452 2185 Major
3474 2126 3591 2170 ser-

1944 2208 2054 2266 viet
2104 2206 2381 2265 minori?
2411 2204 2517 2261 sed
2553 2221 2691 2262 cum
2724 2203 2896 2262 vellet
2941 2202 3251 2260 ostendere
3296 2218 3402 2258 cur
3432 2202 3492 2259 in
3522 2201 3594 2257 iis

1940 2312 2063 2353 non
2096 2297 2169 2352 sit
2195 2295 2477 2368 iniquitas
2507 2294 2673 2367 apud
2702 2295 2911 2364 Deum,
2945 2292 3045 2358 ait,
3080 2292 3273 2363 Moysi
3301 2292 3457 2348 enim
3502 2292 3593 2346 in-

1940 2387 2087 2458 quit,
2119 2384 2440 2442 Miserebor
2468 2384 2569 2441 cui
2587 2384 2858 2439 misertus
2884 2398 3004 2447 ero,
3038 2387 3092 2440 et
3128 2380 3592 2439 misericordiam

1938 2474 2232 2545 praestabo
2249 2473 2347 2530 cui
2370 2473 2706 2530 misericors
2722 2472 2921 2541 fuero.
2942 2470 3095 2536 Quid
3118 2486 3226 2526 nos
3244 2470 3337 2526 hic
3366 2469 3589 2535 docuit,

1938 2565 2051 2620 nisi
2088 2580 2159 2620 ex
2186 2562 2288 2619 illa
2318 2577 2522 2618 massa
2546 2560 2724 2632 primi
2754 2559 3043 2629 hominis,
3069 2558 3165 2615 cui
3193 2559 3400 2616 merito
3428 2573 3593 2615 mors

1937 2653 2208 2717 debetur,
2238 2667 2361 2708 non
2405 2650 2483 2708 ad
2516 2649 2725 2707 merita
2748 2648 3086 2714 hominum,
3116 2648 3219 2704 sed
3245 2648 3323 2704 ad
3356 2646 3457 2704 Dei
3486 2648 3596 2705 mi-

1939 2740 2327 2798 sericordiam
2356 2739 2649 2812 pertinere
2676 2737 2842 2810 quod
2871 2737 3128 2810 quisque
3160 2736 3443 2794 liberatur
3470 2754 3484 2792 :
3511 2742 3595 2794 at-

1938 2847 2056 2903 que
2080 2830 2164 2886 ita
2195 2844 2318 2885 non
2349 2844 2478 2884 esse
2529 2827 2911 2899 iniquitatem
2955 2826 3121 2898 apud
3169 2828 3404 2895 Deum;
3446 2828 3594 2898 quia

1937 2935 2133 2991 neque
2158 2916 2518 2975 remittendo
2559 2918 2601 2982 ί,
2632 2928 2830 2987 neque
2869 2915 3162 2984 exigendo
3191 2914 3357 2986 quod
3410 2914 3591 2972 debe-

1937 3012 2053 3074 tur,
2081 3008 2338 3077 injustus
2358 3010 2447 3062 est
2474 3004 2502 3060 Ὺ
2526 3004 2612 3061 Ibi
2633 3004 2796 3062 enim
2827 3003 3056 3075 gratia'
3086 3008 3178 3060 est
3198 3002 3587 3073 indulgentia,

1937 3095 2041 3153 ubi
2068 3096 2229 3166 jnsta
2264 3097 2468 3166 posset
2511 3109 2637 3149 esse
2665 3092 2951 3149 vindicta.
2990 3094 3059 3149 Et
3086 3089 3226 3148 hinc
3251 3089 3586 3147 evidentius

1936 3189 2208 3257 apparet,
2242 3199 2278 3239 a
2309 3199 2492 3255 poena
2533 3182 2733 3241 debita
2780 3181 3031 3239 liberato
3063 3184 3119 3235 et
3165 3179 3347 3250 gratis
3372 3178 3587 3251 justiﬁ-

1935 3280 2068 3333 cato
2132 3277 2429 3346 quantum
2487 3270 2764 3329 beneﬁcii
2816 3269 3157 3328 conferatur
3207 3267 3373 3341 quod
3438 3268 3587 3325 alter

1935 3362 2240 3436 aequaliter
2281 3378 2416 3418 reus
2457 3362 2584 3419 sine
2621 3359 2923 3433 punientis
2954 3358 3286 3431 iniquitate,
3318 3356 3585 3430 punitur.

2010 3457 2093 3508 l7.
2125 3451 2390 3523 Denique
2420 3449 2728 3520 subjungit
2748 3450 2805 3504 et
2825 3447 2984 3513 dicit,
3011 3446 3210 3518 Igitur
3234 3461 3354 3503 non
3376 3445 3586 3503 mentis

1932 3557 2120 3614 neque
2148 3539 2457 3603 currentis,
2487 3540 2589 3596 sed
2617 3537 2945 3597 miserentis
2974 3542 3057 3595 est
3084 3536 3192 3593 Dei
3216 3556 3234 3593 .-
3265 3535 3379 3593 hoc
3408 3550 3588 3606 prop-

1933 3636 2019 3688 ter
2049 3647 2152 3686 eos
2178 3630 2405 3685 dictum
2428 3634 2533 3696 est,
2565 3628 2666 3700 qui
2695 3642 2801 3699 per
2830 3625 3085 3695 gratiam
3112 3624 3341 3681 liberati
3367 3622 3587 3694 justiti-

1932 3724 2161 3776 cantur.
2194 3718 2439 3789 Propter
2467 3733 2569 3772 eos
2607 3720 2809 3772 autem
2839 3729 3017 3784 super
3045 3728 3199 3786 quos
3224 3714 3312 3770 ira
3332 3713 3431 3767 Dei
3459 3728 3588 3771 ma-

1931 3813 2049 3873 net,
2083 3807 2225 3878 quia
2268 3811 2324 3861 et
2366 3805 2513 3876 ipsis
2561 3804 2713 3859 Deus
2760 3802 2914 3857 bene
2945 3802 3126 3858 utitur
3168 3800 3247 3857 ad
3275 3800 3585 3856 docendos

1930 3896 2078 3953 alios
2107 3911 2261 3967 quos
2288 3894 2537 3951 liberare
2570 3892 2873 3965 dignatur,
2913 3889 3224 3962 subjnnxit
3251 3894 3429 3960 atque
3454 3887 3538 3943 ait
3563 3904 3577 3943 :

1931 3986 2085 4041 Dicit
2134 3984 2289 4041 enim
2336 3982 2651 4051 Scriptura
2700 3979 3035 4046 Pharaoni,
3072 3977 3221 4044 Quia
3269 3977 3351 4035 ad
3388 3975 3498 4035 hoc
3526 3983 3579 4033 te

1929 4074 2206 4138 excitavi,
2234 4078 2299 4129 ut
2328 4070 2629 4128 ostendam
2656 4070 2720 4126 in
2758 4076 2813 4125 te
2842 4069 3164 4138 potentiam
3196 4081 3403 4129 meam,
3432 4070 3485 4122 et
3515 4070 3580 4121 ut

1928 4162 2322 4220 annuntietur
2338 4175 2550 4217 nomen
2564 4174 2752 4215 meum
2778 4158 2843 4215 in
2864 4157 3143 4219 universa
3156 4162 3337 4215 terra.
3361 4154 3577 4211 Deinde

1927 4251 2005 4308 ad
2035 4256 2352 4323 utrumque
2384 4248 2770 4318 concludens,
2800 4248 2980 4317 Ergo,
3009 4244 3221 4317 inquit,
3251 4244 3422 4314 cujus
3452 4242 3575 4299 vult

1925 4341 2257 4405 miseretur,
2279 4346 2333 4396 et
2349 4356 2518 4410 quem
2544 4340 2671 4396 vult
2698 4337 2954 4393 obdurat
2975 4358 2992 4405 ς
3020 4332 3281 4405 profecto
3299 4336 3577 4388 neutrum

1927 4430 2128 4501 aliqua
2157 4428 2483 4500 iniquitate,
2513 4426 2617 4482 sed
2640 4430 2960 4495 utrumque
2977 4419 3381 4481 misericordia
3402 4424 3458 4474 et
3484 4433 3575 4474 ve-

1924 4519 2115 4574 ritate.
2151 4520 2213 4572 Et
2238 4516 2436 4572 adhuc
2468 4521 2666 4573 tamen
2696 4512 2897 4571 audax
2944 4513 3215 4567 movetur
3243 4506 3577 4572 inﬁrmitas,

1923 4623 2131 4662 eorum
2173 4604 2395 4661 scilicet
2428 4604 2532 4675 qui
2587 4600 2917 4657 secundum
2970 4598 3345 4668 conjecturas
3382 4594 3580 4652 cordis

1922 4694 2173 4751 humani
2204 4690 2653 4749 inscrutabilem
2685 4688 3060 4747 altitudinem
3087 4686 3448 4759 iudiciorum
3478 4683 3580 4740 Dei

1920 4784 2179 4853 cogitare
2206 4785 2502 4840 conantur
2532 4780 2545 4835 l

1993 4872 2081 4929 18.
2112 4872 2273 4931 Hanc
2304 4870 2700 4943 quaestionem
2728 4867 2837 4924 sibi
2867 4883 2940 4924 ex
2970 4866 3224 4923 adverso
3257 4877 3574 4936 opponens

1920 4962 2237 5034 Apostolus
2266 4961 2348 5017 ait
2379 4979 2390 5018 :
2422 4960 2584 5016 Dicis
2610 4958 2808 5029 itaque
2835 4957 3001 5022 mihi,
3035 4955 3189 5024 Quid
3212 4954 3412 5011 adhuc
3437 4966 3571 5007 con-

1920 5054 2196 5123 queritur
2222 5053 2245 5107 Ῠ
2270 5066 2411 5106 nam
2442 5047 2740 5106 voluntati
2773 5050 2900 5117 eius
2930 5048 3060 5117 quis
3094 5043 3310 5101 resistit
3340 5042 3369 5093 ‘2
3394 5039 3573 5096 Nobis

1918 5140 2033 5197 hoc
2063 5140 2290 5196 dictum
2322 5144 2621 5211 putemus.
2649 5136 2801 5202 Quid
2831 5150 2973 5204 ergo
2996 5133 3160 5191 aliud
3189 5146 3374 5202 quam
3406 5130 3573 5200 quod

1919 5228 2230 5301 respondit
2258 5227 2599 5299 Apostolus,
2632 5223 2995 5296 respondere
3017 5218 3367 5290 debemusﬁ
3397 5222 3499 5275 aut
3523 5217 3572 5274 si

1920 5322 1976 5374 et
2005 5334 2114 5373 nos
2147 5317 2287 5373 talia
2318 5321 2578 5386 movent,
2612 5314 2757 5387 quia
2784 5320 2840 5368 et
2877 5328 2989 5369 nos
3028 5308 3306 5368 homines
3335 5324 3568 5374 sumus,

1981 5463 1995 5492 ¹
2025 5460 2182 5516 Edd.,
2204 5474 2363 5522 neque
2380 5456 2736 5522 permittendo.
2757 5457 2834 5522 At_
2846 5454 2981 5503 alter
3000 5467 3027 5502 e
3046 5451 3211 5522 vatio.
3233 5450 3390 5522 Mss”
3412 5463 3574 5522 neque

1918 5513 2223 5572 remittendo
2255 5513 2465 5587 {quam
2500 5520 2784 5568 lectionem
2816 5518 2939 5565 Lov.
2981 5513 3315 5579 conjiciendo
3340 5513 3569 5562 assecuti

1920 5588 2155 5698 “iiiis.
2191 5647 2308 5695 Am.
2341 5645 2426 5695 Er.
2456 5643 2733 5701 Fuxensis,
2763 5644 2932 5708 grata.
