4118 6164
567 174 673 229 823

574 298 751 354 simul
773 297 1005 367 oportet
1030 306 1239 349 omnes
1266 290 1585 346 audiamus
1607 290 1924 351 dicentem,
1954 286 2001 339 Ο
2027 284 2217 342 homo.

568 395 636 444 tu
664 389 793 459 quis
816 382 1166 451 respondeas
1194 382 1312 435 Deo
1333 380 1361 434 εἴ
1386 380 1694 451 Numquid
1712 379 1854 433 dicit
1875 378 2218 446 ﬁgmentum

574 476 738 548 eiqui
759 472 1206 543 esquiseﬁnrrit,
1230 470 1425 536 Quare
1441 468 1826 537 mefecistisic
1839 468 1866 521 ‘2
1886 468 2102 520 Annon
2118 461 2220 515 ha-

573 566 662 619 bet
689 567 1034 632 potestatem
1062 561 1285 629 ﬁgulus
1310 560 1437 622 luti,
1474 574 1546 613 ex
1577 559 1775 614 eadem
1810 570 2003 611 massa
2022 554 2222 622 facere

569 653 741 708 aliud
781 665 882 705 vas
914 650 975 703 in
1009 648 1314 712 honorem,
1355 648 1526 702 aliud
1558 647 1619 701 in
1662 645 2076 702 contumeliam
2108 638 2219 707 (Id.

568 759 648 807 ιχ,
688 742 866 810 14-21)
900 741 926 793 ?
958 741 1089 793 llaac
1122 754 1325 793 massa
1361 739 1407 792 si
1440 742 1590 793 esset
1618 738 1696 792 ita
1734 735 1952 797 media,
1985 738 2047 787 ut
2078 746 2223 803 que-

571 830 969 886 madmodum
1002 827 1145 882 nihil
1178 827 1319 881 boni
1358 828 1439 881 ita
1470 842 1578 881 nec
1613 826 1753 881 mali
1781 823 2008 896 aliquid
2040 836 2224 876 mere-

568 925 748 983 retur,
781 934 900 971 non
932 917 1150 971 frustra
1179 915 1473 970 videretur
1501 914 1806 985 iniquitas,
1842 919 1903 967 ut
1932 928 2003 967 ex
2035 926 2105 965 ea
2126 910 2226 963 ﬁe-

564 1014 695 1063 rent
726 1022 869 1061 vasa
900 1007 958 1060 in
990 1004 1416 1060 contumeliam
1446 1023 1458 1059 :
1495 1020 1634 1058 cum
1666 1019 1807 1057 vero
1833 1017 1939 1072 per
1967 1000 2224 1054 liberum

570 1095 884 1153 arbitrium
913 1093 1089 1164 primi
1120 1093 1381 1147 hominis
1412 1094 1469 1146 in
1501 1090 2063 1147 condemnationem
2101 1086 2225 1142 uni-

567 1201 743 1239 versa
765 1182 1100 1247 defluxerit,
1124 1181 1540 1253 proculdubio
1566 1180 1723 1252 quod
1740 1197 1810 1234 ex
1825 1196 1892 1233 ea
1912 1177 2061 1232 ﬁunt
2083 1192 2224 1230 vasa

572 1274 634 1327 in
655 1274 968 1334 honorem,
994 1286 1110 1325 non
1140 1269 1327 1340 ipsius
1349 1268 1764 1340 justitite,quae
1789 1268 2038 1336 gratiam
2065 1264 2227 1319 nulla

575 1361 896 1433 praecessit,
930 1359 1033 1413 sed
1059 1359 1155 1413 Dei
1184 1357 1603 1412 misericordiae
1626 1359 1823 1428 ;quod
1851 1372 1990 1410 vero
2010 1356 2067 1409 in
2091 1369 2228 1408 con—

572 1450 907 1511 tumeliam,
937 1464 1057 1502 non
1084 1448 1377 1516 iniquitati
1408 1446 1525 1511 Dei,
1554 1462 1690 1517 qure
1721 1446 1873 1501 absit
1898 1443 2045 1499 utsit
2066 1442 2228 1513 apud

577 1540 783 1602 Deum,
821 1538 919 1590 sed
948 1536 1178 1605 judicio
1211 1535 1627 1605 deputandum
1657 1539 1765 1589 est.
1812 1536 1926 1588 Hoc
1957 1531 2230 1603 quisquis

581 1644 715 1682 cum
767 1625 1023 1680 Ecclesia
1055 1623 1343 1678 catholica
1374 1623 1546 1693 sapit,
1578 1638 1695 1677 non
1730 1626 1939 1677 contra
1978 1622 2230 1690 gratiam

578 1731 687 1785 pro
731 1714 950 1767 meritis
995 1713 1279 1783 disputat,
1314 1712 1416 1765 sed
1461 1710 1932 1765 misericordiam
1976 1714 2031 1764 et
2078 1708 2233 1779 judi-

585 1805 741 1856 cium
778 1802 1029 1856 Domino
1062 1804 1280 1865 cantat,
1311 1804 1375 1854 ut
1422 1815 1529 1854 nec
1558 1799 2027 1856 misericordiam
2068 1813 2233 1853 recu-

583 1896 667 1946 set
698 1891 991 1959 ingratus,
1025 1904 1132 1942 nec
1160 1887 1454 1957 judicium
1480 1893 1716 1943 accuset
1746 1888 2007 1959 iniustus
2035 1890 2077 1939 ί.

652 1981 736 2034 19.
771 1979 898 2033 Alia
929 1983 1015 2032 est
1036 1992 1300 2048 namque
1328 1976 1426 2031 illa
1452 1976 1802 2047 consparsio
1827 1976 1901 2031 de
1928 1992 2051 2048 qua
2072 1976 2232 2031 idem

578 2068 722 2123 dicit
760 2066 1071 2139 Apostolus
1107 2085 1118 2123 :
1165 2066 1223 2119 Si
1260 2071 1454 2121 autem
1494 2066 1772 2121 delibatio
1816 2072 2021 2121 sancta
2048 2074 2148 2132 est,
2180 2071 2233 2120 et

578 2156 919 2225 consparsio
951 2178 969 2225 ,-
1011 2162 1061 2211 et
1092 2154 1142 2209 si
1170 2154 1354 2210 radix
1391 2160 1600 2210 sancta
1628 2161 1727 2219 est,
1771 2160 1825 2209 et
1854 2154 2011 2210 rami
2042 2156 2231 2223 (Rom.

577 2263 656 2309 x1,
694 2246 803 2314 16).
837 2244 939 2299 Illa
968 2248 1058 2298 est
1088 2260 1161 2297 ex
1188 2242 1510 2311 Abraham,
1552 2259 1673 2298 non
1705 2259 1773 2297 ex
1815 2243 2025 2309 Adam,
2060 2243 2117 2297 id
2150 2246 2236 2297 est

580 2350 651 2389 ex
708 2333 1134 2388 communione
1166 2333 1527 2387 sacramenti
1559 2337 1616 2387 et
1646 2331 2024 2387 similitudine
2074 2331 2232 2395 fidei,

582 2438 704 2477 non
759 2438 826 2477 ex
862 2422 1191 2492 pr0pagine
1223 2419 1497 2475 mortali:
1532 2420 1640 2474 ista
1666 2436 1806 2475 vero
1838 2421 1925 2475 vel
1960 2436 2237 2490 conspar-

580 2511 687 2577 sio,
712 2510 803 2565 vel
834 2510 981 2564 sicut
1014 2511 1070 2563 in
1100 2509 1397 2579 plerisque
1435 2509 1742 2564 codicibus
1769 2510 1999 2580 legitur,
2034 2526 2237 2564 massa

585 2600 689 2669 (a),
719 2600 1005 2671 quoniam
1041 2602 1160 2651 tota
1184 2597 1391 2651 mortis
1418 2602 1524 2662 est,
1553 2614 1688 2652 curn
1715 2614 1819 2669 per
1841 2615 2025 2653 unum
2050 2598 2238 2653 homi-

584 2702 722 2741 nem
756 2693 1067 2757 peceatum
1108 2686 1347 2740 intravit
1376 2685 1435 2741 in
1465 2686 1783 2751 mundum,
1817 2691 1874 2741 et
1900 2704 2003 2759 per
2034 2703 2240 2757 pecea-

584 2780 712 2829 tum
744 2791 924 2838 mors,
960 2780 1014 2828 et
1042 2775 1120 2828 ita
1149 2774 1208 2827 in
1248 2789 1458 2829 omnes
1485 2774 1761 2829 homines
1785 2776 2147 2846 pertransiit,
2178 2776 2237 2829 in

585 2878 707 2934 quo
754 2880 964 2917 omnes
1016 2868 1416 2933 peccaverunt
1448 2881 1460 2928 ;
1490 2864 1901 2920 misericordia
1945 2882 2014 2919 ex
2049 2866 2144 2920 illa
2176 2867 2241 2921 fit

586 2952 750 3008 aliud
777 2953 964 3007 vasin
1000 2953 1312 3017 honorem,
1341 2952 1569 3022 judicio
1602 2959 1801 3008 autem
1824 2954 1985 3009 aliud
2018 2955 2075 3009 in
2108 2971 2241 3010 eon-

587 3042 918 3097 tumeliam.
961 3044 1159 3113 Neque
1216 3042 1298 3096 ibi
1349 3042 1695 3113 praecedunt
1729 3044 1937 3099 merita
1986 3045 2238 3112 gratiam

587 3130 898 3186 liberantis
934 3149 948 3198 ;
990 3146 1183 3202 neque
1213 3130 1308 3185 hic
1339 3130 1630 3199 effugiunt
1674 3138 1916 3202 peccata
1951 3134 2240 3203 justitiam

587 3219 911 3290 punientis.
942 3220 1110 3284 Quod
1135 3218 1378 3291 quidem
1403 3220 1459 3272 in
1484 3220 1759 3274 aetatibus
1790 3222 2119 3290 majoribus
2142 3223 2242 3277 ad-

589 3325 799 3363 versus
848 3308 1262 3363 contensiosos
1309 3322 1429 3361 non
1464 3312 1585 3361 tam
1634 3309 1934 3364 evidenter
1972 3317 2242 3381 apparet,

590 3398 692 3453 ubi
722 3413 829 3468 pro
857 3396 1079 3450 meritis
1108 3395 1423 3449 hominum
1454 3397 1882 3468 qualicumque
1913 3400 2073 3453 velut
2102 3416 2243 3471 pro-

593 3486 726 3541 tecti
752 3485 1115 3540 obscuritate
1132 3482 1479 3553 confugiunt
1500 3504 1511 3543 :
1533 3486 1633 3539 sed
1657 3486 1791 3540 ideo
1810 3492 2015 3542 contra
2037 3504 2241 3544 eorum

593 3576 1034 3628 contentionem
1081 3572 1210 3628 illos
1250 3573 1475 3629 invehit
1518 3576 1855 3645 Apostolus,
1914 3577 1971 3631 in
2026 3578 2243 3648 quibus

588 3663 861 3717 nondum
894 3662 1070 3725 natis,
1102 3677 1297 3733 neque
1330 3663 1647 3730 agentibus
1689 3664 1915 3735 aliquid
1949 3666 2093 3721 boni
2142 3672 2246 3723 aut

589 3750 754 3817 mali,
787 3766 900 3806 non
954 3766 1028 3806 ea:
1065 3752 1358 3819 operibus,
1386 3753 1488 3807 sed
1513 3767 1588 3808 ex
1618 3760 1863 3809 vocante
1887 3755 2111 3811 dictum
2137 3764 2239 3821 est,

586 3842 789 3911 Major
814 3840 1025 3895 serviet
1044 3840 1283 3894 minori.

657 3933 747 3985 20.
787 3930 914 3993 Qua
940 3929 999 3983 in
1032 3944 1094 3983 re
1124 3928 1413 3999 quoniam
1447 3930 1625 3983 nimis
1660 3930 1781 3986 alta
1810 3936 1865 3985 et
1891 3932 2245 3989 inscrutabi-

585 4018 665 4073 lia
696 4016 1075 4086 suntjudicia
1101 4017 1216 4079 Dei,
1247 4022 1301 4071 et
1324 4018 1765 4088 investigabiles
1788 4022 1895 4075 viae
1924 4022 2242 4093 ejus(lbid.

587 4107 700 4173 33),
729 4105 962 4159 interim
982 4109 1179 4159 teneat
1194 4104 1376 4159 homo
1402 4120 1520 4160 non
1545 4122 1673 4161 esse
1691 4108 2062 4179 iniquitatem
2082 4112 2245 4183 apud

590 4196 772 4248 Deum
804 4208 818 4258 ;
856 4192 960 4247 sed
993 4208 1116 4263 qua
1148 4192 1427 4263 aequitate
1461 4194 1630 4262 cujus
1661 4195 1786 4251 vult
1834 4197 2163 4267 miseretur,
2191 4205 2247 4255 et

589 4296 771 4353 quem
803 4281 927 4335 vult
950 4280 1227 4346 obdurat,
1253 4297 1313 4335 se
1332 4285 1620 4353 tanquam
1640 4283 1946 4339 hominem
1971 4287 2245 4354 ignorare

591 4371 881 4427 fateatur:
916 4369 996 4424 ita
1020 4384 1161 4423 sane
1201 4372 1265 4423 ut
1297 4376 1539 4440 propter
1564 4370 1706 4425 illud
1741 4373 1903 4443 quod
1935 4374 2247 4430 inconcus-

593 4474 727 4513 sum
748 4462 925 4523 tenet,
950 4473 1064 4512 non
1083 4458 1600 4529 esseiniquitatem
1623 4460 1779 4531 apud
1806 4464 2006 4532 Deum,
2032 4480 2246 4535 quam-

596 4548 683 4601 vis
710 4562 887 4601 nemo
908 4546 985 4601 ab
1011 4546 1468 4616 illojustificetur
1499 4549 1721 4603 meritis
1748 4551 2245 4623 prtecedentibus,

595 4638 898 4691 neminem
922 4640 1118 4691 tamen
1147 4636 1455 4705 obdurari,
1480 4638 1589 4691 nisi
1618 4640 1845 4705 merito,
1872 4643 2118 4697 noverit.
2150 4644 2246 4699 Pie

596 4739 862 4795 namque
888 4729 947 4778 et
972 4725 1257 4779 veraciter
1287 4726 1544 4780 creditur
1576 4727 1726 4781 Deus
1758 4736 2038 4784 nocentes
2067 4736 2246 4803 atque

594 4813 812 4883 impios
829 4812 1217 4883 justiﬁcando
1237 4830 1271 4867 a
1294 4814 1485 4885 pcenis
1507 4815 1721 4870 debitis
1737 4816 2019 4873 liberare:
2044 4836 2249 4891 quem-

592 4918 779 4974 quam
811 4917 948 4957 vero
980 4902 1344 4957 immeritum
1373 4908 1431 4958 et
1460 4904 1605 4959 nulli
1638 4906 1967 4962 obnoxium
2001 4916 2246 4979 peccato

591 4994 636 5046 si
664 4996 813 5047 Deus
833 4991 1124 5046 damnare
1149 4992 1421 5054 creditur,
1448 4993 1677 5048 alienus
1696 4994 1772 5050 ab
1797 4995 2107 5067 iniquitate
2125 5015 2245 5054 non

590 5082 865 5136 creditur.
900 5081 1005 5135 Ubi
1050 5096 1193 5150 ergo
1224 5080 1508 5136 liberatur
1538 5082 1839 5151 indignus,
1872 5091 2036 5140 tanto
2066 5087 2244 5142 debe-

588 5174 682 5225 tur
723 5170 918 5240 major
964 5169 1119 5223 actio
1160 5170 1508 5238 gratiarum,
1544 5179 1771 5241 quanto
1814 5190 1991 5243 pmna
2030 5174 2244 5244 justior

587 5259 956 5314 debebatur:
993 5258 1087 5312 ubi
1137 5263 1337 5313 autem
1396 5259 1719 5313 damnatur
1782 5261 2089 5331 indignus,
2134 5280 2242 5319 nec

592 5348 998 5403 misericordia
1028 5363 1136 5402 nec
1167 5349 1380 5403 veritas
1412 5346 1708 5402 obtinetur
1747 5351 1789 5405 ².

652 5465 664 5492 ¹
696 5464 856 5519 Alias,
885 5464 1094 5512 invitus.

651 5525 669 5552 ²
688 5524 837 5579 Edd.,
860 5540 949 5572 nec
972 5528 1161 5575 veritas
1179 5528 1473 5575 damnatur.
1494 5528 1557 5575 At
1580 5528 1707 5580 MSS.
1738 5542 1943 5583 omnes,
1964 5530 2237 5582 obtinetur.

590 5580 833 5631 Proxime
863 5590 985 5633 ante
1016 5589 1099 5636 Er.
1133 5594 1184 5637 et
1218 5590 1362 5647 L0v.,
1396 5592 1484 5638 ubi
1519 5596 1685 5639 autem
1733 5580 2239 5657 damnatur

654 5664 725 5721 (α)
763 5661 1043 5711 Phurama.

1847 160 1908 216 S.
1951 147 2333 213 AUGUSTINI
2376 148 2694 208 EPISCOPI
3817 155 3905 210 8‘24

2399 278 2487 332 ‘21.
2515 281 2831 348 Quomodo,
2865 278 3163 352 inquiunt,
3196 280 3359 335 Esau
3384 294 3499 333 non
3531 279 3824 336 damnatur
3848 289 3897 341 in

2329 366 2565 437 dignus,
2595 373 2645 425 si
2668 392 2695 421 «
2720 388 2835 425 non
2863 386 2938 426 ex
2962 370 3257 438 operibus,
3279 369 3381 423 sed
3397 384 3472 423 ex
3493 374 3917 430 vocantedictum

2330 464 2432 521 est,
2466 460 2614 525 Quia
2646 461 2838 530 major
2865 462 3077 515 serviet
3094 458 3355 513 minori?
3390 479 3411 507 υ
3448 458 3601 512 Sicut
3628 461 3769 514 enim
3792 462 3913 519 illius

2330 548 2505 602 nulla
2555 556 2978 617 prazcesserant
3023 563 3203 615 opera
3259 548 3431 610 bona,
3478 552 3541 600 ut
3592 549 3667 601 ad
3711 552 3917 617 gratiam

2326 639 2672 704 pertineret,
2695 639 2779 693 sic
2808 654 2913 693 nec
2946 638 3122 707 hujus
3152 638 3315 692 mala
3348 643 3412 690 ut
3434 636 3514 690 ad
3539 652 3762 703 poenam
3787 644 3923 705 perti-

2330 740 2468 781 nere
2483 727 2736 782 deberet.
2770 727 2935 781 Nulla
2958 727 3137 797 plane
3152 725 3212 779 in
3237 730 3490 796 utroque
3512 740 3690 796 opera
3705 727 3779 779 vel
3802 728 3926 784 bona

2330 814 2419 868 vel
2450 814 2628 879 mala,
2677 820 2779 869 sed
2811 814 3057 887 propria
3086 830 3097 867 :
3131 819 3377 885 uterque
3406 818 3603 868 autem
3645 813 3717 867 illi
3745 816 3830 868 uni
3849 817 3927 871 ob-

2331 904 2546 958 noxius
2577 909 2719 970 erat,
2756 905 2811 959 in
2840 920 2961 976 quo
2990 919 3202 960 omnes
3231 906 3645 975 peccaverunt,
3679 909 3735 957 ut
3759 920 3927 962 omnes

2332 991 2395 1047 in
2434 992 2531 1047 illo
2562 998 2967 1048 morerentur:
3003 994 3369 1064 quicumque
3411 992 3570 1046 enim
3615 1008 3682 1046 ex
3711 993 3797 1047 illo
3839 1011 3929 1049 uno

2334 1080 2501 1136 multi
2535 1082 2591 1136 in
2617 1083 2826 1153 seipsis
2852 1082 3027 1137 futuri
3052 1086 3239 1147 erant,
3261 1087 3401 1135 tunc
3423 1080 3597 1136 inillo
3616 1096 3759 1135 unus
3782 1092 3927 1138 erant.

2334 1170 2584 1226 Proinde
2605 1172 2751 1226 illud
2774 1178 3083 1243 peceatum
3104 1171 3287 1226 solius
3304 1175 3480 1235 esset,
3511 1171 3556 1225 si
3584 1187 3650 1225 ex
3668 1170 3757 1225 illo
3778 1172 3931 1226 nullus

2335 1260 2564 1315 exiisset
2580 1278 2589 1314 :
2608 1277 2786 1332 porro
2801 1267 2996 1315 autem
3015 1261 3070 1315 in
3096 1276 3217 1332 quo
3240 1268 3363 1315 erat
3383 1265 3600 1315 natura
3623 1264 3929 1325 communis,

2335 1348 2413 1403 ab
2439 1349 2567 1419 ejus
2592 1350 2728 1403 vitio
2750 1357 2836 1404 est
2866 1350 3063 1404 nullus
3089 1350 3400 1405 immunis.
3427 1350 3483 1404 Si
3512 1349 3690 1403 ambo
3718 1351 3932 1420 quinon-

2336 1438 2483 1492 dum
2538 1441 2779 1510 propria
2810 1439 2895 1493 vel
2928 1439 3089 1493 bona
3119 1440 3213 1493 vel
3254 1438 3413 1492 mala
3448 1438 3853 1509 operabantur,
3876 1442 3932 1494 rei

2336 1531 2535 1581 tamen
2569 1543 2639 1581 ex
2669 1528 2897 1597 origine
2934 1528 3336 1582 nascebantur
3371 1545 3384 1593 ;
3421 1527 3625 1581 laudet
3664 1527 3935 1582 misericor-

2337 1615 2498 1670 diam
2522 1616 2940 1686 quiliberatur,
2963 1632 3082 1671 non
3098 1615 3601 1687 culpetjudicium
3616 1617 3934 1686 quipunitur.

2408 1704 2635 1759 CAPUT
2666 1705 2781 1759 Vll.
2818 1736 2873 1744 ρ-
2908 1710 2995 1759 2'2.
3023 1706 3120 1759 Hic
3152 1706 3199 1759 si
3230 1705 3583 1771 dixerimus,
3616 1706 3830 1767 Quanto
3848 1721 3935 1759 me-

2338 1792 2450 1848 lius
2481 1793 2662 1848 ambo
2694 1794 3127 1859 liberarentur;
3162 1794 3303 1848 nihil
3339 1794 3519 1847 nobis
3550 1794 3935 1848 convenientius

2338 1882 2587 1951 dicetur,
2619 1900 2819 1954 quam,
2860 1884 2906 1938 O
2938 1884 3128 1953 homo,
3163 1890 3227 1938 tu
3258 1883 3389 1955 quis
3421 1898 3480 1939 es
3509 1884 3614 1953 qui
3640 1884 3936 1951 respondeas

2340 1972 2461 2027 Dea
2492 1973 2517 2027 ?
2549 1972 2718 2027 Novit
2743 1972 2967 2044 quippe
2995 1972 3087 2027 ille
3127 1971 3275 2044 quid
3300 1977 3465 2041 agat,
3500 1976 3557 2026 et
3584 1976 3827 2043 quantus
3862 1987 3938 2025 nu-

2342 2076 2543 2115 merus
2572 2077 2703 2115 esse
2752 2062 2968 2117 debeat
3021 2062 3296 2133 primitus
3337 2061 3615 2116 omnium
3660 2060 3935 2123 hominum,

2341 2150 2557 2204 deinde
2576 2155 2940 2215 sanctorum,
2962 2152 3113 2206 sicut
3131 2150 3423 2214 siderum,
3446 2152 3596 2205 sicut
3613 2149 3937 2218 Angelorum;

2342 2244 2541 2310 atque,
2584 2245 2645 2293 ut
2675 2240 2749 2293 de
2799 2242 3038 2294 terrenis
3090 2240 3435 2311 loquamur,
3495 2240 3644 2295 sicut
3687 2254 3934 2309 pecorum.

2340 2329 2618 2400 piscium,
2662 2329 3014 2393 volatilium,
3051 2328 3200 2384 sicut
3238 2329 3530 2383 arborum
3562 2335 3615 2383 et
3652 2328 3937 2391 herbarum,

2346 2417 2497 2471 sicut
2522 2418 2779 2489 denique
2814 2418 3090 2473 foliorum
3123 2417 3605 2489 capillorumque
3633 2422 3938 2472 nostrorum.

2345 2509 2489 2562 Nam
2537 2522 2646 2560 nos
2686 2508 2957 2561 humana
3005 2508 3362 2576 cogitatione
3426 2508 3625 2561 adhuc
3671 2522 3941 2577 possumus

2345 2595 2560 2661 dicere,
2595 2597 2887 2660 Quoniam
2930 2595 3090 2651 bona
3117 2601 3255 2650 sunt
3284 2602 3503 2651 cuncta
3535 2596 3646 2650 ista
3675 2612 3795 2667 quae
3823 2594 3938 2657 fecit,

2346 2689 2574 2755 quanto
2606 2685 2820 2739 melius
2861 2686 2957 2740 illa
3002 2685 3384 2757 duplicasset,
3437 2691 3495 2739 et
3533 2685 3941 2754 multiplicasset,

2348 2779 2410 2827 ut
2452 2773 2638 2829 multo
2668 2781 2863 2829 essent
2891 2774 3061 2846 plura
3089 2791 3273 2845 quam
3309 2779 3454 2829 sunt
3488 2792 3501 2829 :
3536 2776 3583 2829 si
3614 2774 3758 2828 enim
3782 2788 3877 2827 non
3896 2788 3945 2825 ea

2349 2868 2586 2932 caperet
2613 2864 2897 2928 mundus,
2923 2863 3218 2935 numquid
3241 2879 3360 2917 non
3389 2869 3597 2934 posset
3617 2863 3942 2932 etiamipsum

2348 2950 2542 3005 facere
2564 2959 2857 3021 quantum
2884 2951 3057 3006 vellet
3075 2951 3436 3021 ampliorem
3456 2952 3484 3004 ‘t
3508 2953 3572 3005 Et
3598 2958 3783 3005 tamen
3803 2964 3947 3019 quan-

2353 3043 2743 3110 tumcumque
2775 3040 2991 3094 faceret
3024 3040 3115 3095 vel
3148 3038 3247 3094 illa
3269 3039 3471 3111 plura,
3498 3039 3589 3093 vel
3618 3039 3781 3094 istum
3811 3052 3947 3106 capa-

2350 3128 2570 3183 ciorem
2613 3134 2792 3199 atque
2850 3129 3164 3198 majorem,
3221 3128 3617 3183 nihilominus
3667 3128 3853 3182 eadem
3895 3124 3948 3177 de

2351 3217 2817 3288 multiplicandis
2857 3218 2939 3271 eis
2971 3218 3085 3272 dici
3120 3222 3384 3289 possent,
3423 3224 3481 3272 et
3506 3217 3699 3272 nullus
3718 3220 3849 3271 esset
3871 3215 3947 3267 im-

2350 3306 2699 3360 moderatus
2724 3308 2807 3377 (α)
2838 3306 3079 3360 modus.

2421 3398 2510 3450 23.
2536 3396 2756 3449 Etenim
2787 3395 2967 3450 etiam
2999 3395 3146 3449 illud
3175 3395 3292 3450 dici
3322 3400 3545 3466 potest,
3582 3396 3698 3451 sive
3724 3392 3947 3463 sitgratia

2351 3499 2474 3554 qua
2499 3482 2901 3553 justiﬁcantur
2922 3484 3145 3553 injusti,
3169 3484 3243 3538 de
3268 3500 3389 3556 qua
3422 3484 3600 3539 nobis
3625 3484 3865 3537 dubitare
3888 3481 3947 3533 ias

2353 3588 2475 3627 non
2507 3578 2615 3641 est,
2650 3573 2793 3637 sive,
2820 3578 2881 3629 ut
2909 3573 3159 3644 quidam
3190 3573 3419 3638 volunt,
3452 3590 3685 3645 semper
3711 3570 3948 3644 prmcedat

2352 3660 2603 3716 liberum
2660 3662 2992 3727 arbitrium,
3034 3662 3207 3734 cujus
3262 3665 3539 3717 meritum
3592 3668 3849 3734 sequatur
3887 3657 3945 3710 vel

2356 3766 2527 3822 pmna
2556 3751 2645 3805 vel
2677 3751 3010 3822 praemium,
3046 3767 3150 3806 cur
3178 3752 3429 3807 omnino
3470 3752 3647 3808 creati
3680 3745 3947 3820 suntquod

2356 3842 2507 3894 Deus
2522 3839 2602 3894 ita
2615 3846 3053 3911 peccaturos,ut
3067 3846 3282 3896 aeterno
3294 3843 3640 3912 essentigne
3653 3835 3948 3900 damnandi,

2354 3928 2480 3982 sine
2505 3929 2875 3983 dubitatione
2899 3930 3195 4001 prteseivit
3221 3931 3248 3984 ‘2
3276 3932 3563 3994 Quamvis
3585 3931 3734 3985 enim
3756 3929 3950 3999 peccata

2355 4032 2474 4073 non
2507 4018 2725 4083 fecerit,
2760 4023 3001 4073 naturas
3033 4024 3232 4074 tamen
3266 4019 3453 4091 ipsas,
3484 4037 3618 4092 quae
3644 4036 3740 4091 per
3768 4017 3949 4086 seipsas

2355 4108 2481 4161 sine
2524 4107 2712 4161 dubio
2759 4108 2934 4162 bonae
2968 4114 3123 4178 sunt,
3157 4108 3378 4179 quibus
3419 4113 3620 4163 tamen
3652 4125 3718 4163 ex
3756 4103 3950 4161 arbitrio

2354 4196 2673 4251 voluntatis
2730 4196 2927 4251 futura
2978 4203 3173 4252 essent
3203 4197 3345 4252 vitia
3394 4202 3787 4269 peccatorum,
3822 4199 3867 4247 et
3909 4192 3951 4243 in

2356 4286 2558 4339 multis
2594 4285 2731 4340 talia
2760 4285 2983 4355 quibus
3022 4292 3179 4340 esset
3209 4292 3427 4341 aeterna
3474 4303 3651 4358 poena
3683 4281 3950 4340 reddenda.

2355 4375 2490 4445 quis
2504 4375 2612 4428 nisi
2631 4374 2780 4428 Deus
2799 4375 3055 4430 creavit?
3072 4376 3281 4439 Quare,
3298 4376 3408 4429 nisi
3430 4376 3572 4447 quia
3586 4374 3759 4429 voluit
3774 4372 3952 4443 ?quare

2358 4468 2557 4517 autem
2590 4462 2858 4527 voluerit,
2892 4480 2923 4518 ο
2957 4464 3147 4529 homo,
3177 4470 3241 4518 tu
3269 4466 3399 4535 quis
3440 4480 3499 4520 es
3526 4464 3629 4535 qui
3656 4460 3953 4531 reSpondeas

2356 4552 2478 4607 Deo
2519 4551 2547 4605 ?
2590 4552 2897 4623 Numquid
2946 4552 3089 4607 dicit
3144 4555 3491 4623 ﬁgmentum
3532 4569 3657 4609 eum
3706 4553 3757 4607 ei
3791 4550 3954 4621 quise

2354 4641 2554 4708 ﬁnxit,
2590 4642 2785 4708 Quare
2814 4644 2897 4696 sic
2928 4658 3015 4696 me
3040 4641 3285 4710 fecisti?
3309 4647 3523 4697 Annon
3556 4642 3723 4697 habet
3744 4644 3950 4707 potesta-

2358 4738 2467 4785 tem
2480 4732 2561 4800 [ig
2571 4732 2633 4784 ul
2642 4746 2704 4785 us
2721 4732 2835 4784 luti
2841 4776 2853 4798 ,
2870 4746 2942 4786 ex
2959 4731 3158 4786 eadem
3184 4733 3597 4800 consparsione
3606 4732 3797 4800 facere
3817 4722 3954 4781 aliud

2358 4829 2593 4899 quidem
2622 4844 2725 4883 vas
2754 4829 2815 4883 in
2856 4828 3157 4895 honorem,
3191 4830 3362 4884 aliud
3391 4837 3584 4885 autem
3614 4830 3671 4883 in
3699 4832 3951 4883 contume-

2360 4919 2498 4973 liam
2522 4919 2549 4973 ‘?

2428 5008 2512 5061 24.
2547 5010 2735 5079 Atque
2776 5008 3007 5061 utinam
3038 5008 3347 5062 discamus
3377 5007 3540 5080 quod
3586 5006 3831 5076 sequitur
3866 4998 3950 5054 :Si

2354 5105 2549 5153 autem
2583 5099 2781 5152 volens
2812 5099 2965 5151 Deus
2988 5098 3292 5152 ostendere
3316 5098 3487 5162 iram,
3518 5104 3567 5152 et
3596 5096 3949 5150 demonstrare

2353 5188 2677 5256 potentiam
2710 5202 2898 5249 suam,
2942 5186 3192 5254 pertulit
3224 5186 3285 5240 in
3321 5187 3510 5241 multa
3541 5182 3808 5253 patientia
3833 5190 3943 5232 rasa

2356 5278 2479 5343 iraa,
2507 5292 2634 5347 qua?
2663 5277 2929 5344 perfecta
2956 5282 3089 5329 sunt
3116 5275 3176 5329 in
3199 5276 3602 5343 perditionem,
3636 5280 3693 5326 ut
3716 5266 3943 5333 nobisfa-

2353 5372 2505 5421 ceret
2532 5365 2769 5420 divitias
2786 5366 2993 5433 glarize
3015 5380 3133 5419 Sttd?
3152 5364 3214 5419 in
3239 5380 3379 5420 vasa
3396 5360 3805 5419 misericordia!-
3828 5356 3938 5408 Ecce

2352 5490 2479 5539 Bad.
2532 5504 2655 5538 vero
2683 5493 2729 5537 et
2774 5490 2889 5537 Am.
2920 5504 3127 5538 necnon
3161 5490 3284 5539 Mss.
3324 5491 3428 5539 duo
3466 5487 3669 5540 habent,
3700 5482 3939 5543 indignus:

2351 5556 2403 5601 et
2438 5552 2627 5599 melius
2659 5568 2668 5599 :
2702 5554 2899 5615 quippe
2926 5558 3113 5600 contra
3151 5557 3386 5615 urgetur,
3430 5550 3675 5615 Quomodo
3709 5546 3827 5594 Esau
3854 5552 3931 5586 ηομ

2351 5616 2630 5679 damncyur
2666 5614 2922 5679 indignus.
2955 5620 3073 5667 etc.,
3106 5614 3317 5679 supple,
3344 5614 3691 5667 damnatione.

2416 5679 2485 5739 (a)
2513 5677 2762 5733 Fortasse,
2793 5678 3119 5727 ruoderatus.
