  <div class='ocr_page' id='page_1' title='image "/cluster/home/n/w/nwhite01/storage/ocr_20150623/33/hvd.32044096580568/410.png"; bbox 0 0 4122 6170; ppageno 0'>
   <div class='ocr_carea' id='block_1_1' title="bbox 275 186 389 244">
    <p class='ocr_par' dir='ltr' id='par_1_1' title="bbox 275 186 389 244">
     <span class='ocr_line' id='line_1_1' title="bbox 275 186 389 244; baseline 0.018 -2"><span class='ocrx_word' id='word_1_1' title='bbox 275 186 389 244; x_wconf 79' lang='lat'><strong>825</strong></span> 
     </span>
    </p>
   </div>
   <div class='ocr_carea' id='block_1_2' title="bbox 261 309 1919 386">
    <p class='ocr_par' dir='ltr' id='par_1_2' title="bbox 261 309 1919 386">
     <span class='ocr_line' id='line_1_2' title="bbox 261 309 1919 386; baseline -0.002 -18"><span class='ocrx_word' id='word_1_2' title='bbox 261 313 393 385; x_wconf 88' lang='lat' dir='ltr'><strong>jam</strong></span> <span class='ocrx_word' id='word_1_3' title='bbox 424 309 577 367; x_wconf 83' lang='lat' dir='ltr'><strong>ratio</strong></span> <span class='ocrx_word' id='word_1_4' title='bbox 606 309 837 367; x_wconf 88' lang='lat' dir='ltr'><strong>reddita</strong></span> <span class='ocrx_word' id='word_1_5' title='bbox 877 314 968 369; x_wconf 90' lang='lat' dir='ltr'><strong>est</strong></span> <span class='ocrx_word' id='word_1_6' title='bbox 1017 310 1271 377; x_wconf 89' lang='lat' dir='ltr'><strong>homini,</strong></span> <span class='ocrx_word' id='word_1_7' title='bbox 1300 315 1527 386; x_wconf 88' lang='lat' dir='ltr'><strong>quanta</strong></span> <span class='ocrx_word' id='word_1_8' title='bbox 1572 310 1782 368; x_wconf 81' lang='lat' dir='ltr'><strong>debuit</strong></span> <span class='ocrx_word' id='word_1_9' title='bbox 1807 309 1919 366; x_wconf 93' lang='lat' dir='ltr'><strong>ho-</strong></span> 
     </span>
    </p>
   </div>
   <div class='ocr_carea' id='block_1_3' title="bbox 266 397 1921 475">
    <p class='ocr_par' dir='ltr' id='par_1_3' title="bbox 266 397 1921 475">
     <span class='ocr_line' id='line_1_3' title="bbox 266 397 1921 475; baseline -0.002 -19"><span class='ocrx_word' id='word_1_10' title='bbox 266 402 414 457; x_wconf 86' lang='lat' dir='ltr'>mini</span> <span class='ocrx_word' id='word_1_11' title='bbox 448 418 463 467; x_wconf 87' lang='lat'><strong>;</strong></span> <span class='ocrx_word' id='word_1_12' title='bbox 495 401 544 455; x_wconf 97' lang='lat' dir='ltr'><strong>si</strong></span> <span class='ocrx_word' id='word_1_13' title='bbox 579 404 779 457; x_wconf 89' lang='lat' dir='ltr'><strong>tamen</strong></span> <span class='ocrx_word' id='word_1_14' title='bbox 809 400 898 455; x_wconf 87' lang='lat' dir='ltr'><strong>vel</strong></span> <span class='ocrx_word' id='word_1_15' title='bbox 933 401 1114 457; x_wconf 88' lang='lat' dir='ltr'><strong>istam</strong></span> <span class='ocrx_word' id='word_1_16' title='bbox 1154 402 1334 474; x_wconf 91' lang='lat' dir='ltr'><strong>capit,</strong></span> <span class='ocrx_word' id='word_1_17' title='bbox 1361 403 1465 475; x_wconf 89' lang='lat' dir='ltr'><strong>qui</strong></span> <span class='ocrx_word' id='word_1_18' title='bbox 1496 417 1605 473; x_wconf 88' lang='lat' dir='ltr'><strong>pro</strong></span> <span class='ocrx_word' id='word_1_19' title='bbox 1638 399 1732 455; x_wconf 90' lang='lat' dir='ltr'><strong>sui</strong></span> <span class='ocrx_word' id='word_1_20' title='bbox 1762 397 1921 455; x_wconf 90' lang='lat' dir='ltr'><strong>arbi-</strong></span> 
     </span>
    </p>
   </div>
   <div class='ocr_carea' id='block_1_4' title="bbox 269 488 1920 548">
    <p class='ocr_par' dir='ltr' id='par_1_4' title="bbox 269 488 1920 548">
     <span class='ocr_line' id='line_1_4' title="bbox 269 488 1920 548; baseline -0.002 -2"><span class='ocrx_word' id='word_1_21' title='bbox 269 491 359 546; x_wconf 90' lang='lat' dir='ltr'><strong>trii</strong></span> <span class='ocrx_word' id='word_1_22' title='bbox 384 490 653 545; x_wconf 77' lang='lat' dir='ltr'><strong>libertate</strong></span> <span class='ocrx_word' id='word_1_23' title='bbox 683 488 745 544; x_wconf 92' lang='lat' dir='ltr'><strong>in</strong></span> <span class='ocrx_word' id='word_1_24' title='bbox 783 496 958 546; x_wconf 77' lang='lat' dir='ltr'><strong>tantae</strong></span> <span class='ocrx_word' id='word_1_25' title='bbox 985 491 1349 547; x_wconf 80' lang='lat' dir='ltr'><strong>inﬁrmitatis</strong></span> <span class='ocrx_word' id='word_1_26' title='bbox 1375 491 1653 548; x_wconf 88' lang='lat' dir='ltr'><strong>servitute</strong></span> <span class='ocrx_word' id='word_1_27' title='bbox 1680 492 1920 545; x_wconf 81' lang='lat' dir='ltr'><strong>conten-</strong></span> 
     </span>
    </p>
   </div>
   <div class='ocr_carea' id='block_1_5' title="bbox 267 576 1918 653">
    <p class='ocr_par' dir='ltr' id='par_1_5' title="bbox 267 576 1918 653">
     <span class='ocr_line' id='line_1_5' title="bbox 267 576 1918 653; baseline -0.004 -16"><span class='ocrx_word' id='word_1_28' title='bbox 267 580 353 638; x_wconf 90' lang='lat' dir='ltr'><strong>dit</strong></span> <span class='ocrx_word' id='word_1_29' title='bbox 385 594 401 635; x_wconf 90' lang='lat'><strong>:</strong></span> <span class='ocrx_word' id='word_1_30' title='bbox 433 594 569 635; x_wconf 88' lang='lat' dir='ltr'><strong>ecce</strong></span> <span class='ocrx_word' id='word_1_31' title='bbox 609 578 780 634; x_wconf 68' lang='lat' dir='ltr'><strong>dictas</strong></span> <span class='ocrx_word' id='word_1_32' title='bbox 830 585 967 634; x_wconf 88' lang='lat' dir='ltr'><strong>sunt</strong></span> <span class='ocrx_word' id='word_1_33' title='bbox 1008 595 1226 636; x_wconf 65' lang='lat' dir='ltr'><strong>cauare.</strong></span> <span class='ocrx_word' id='word_1_34' title='bbox 1268 582 1352 636; x_wconf 90' lang='lat' dir='ltr'><strong>Tu</strong></span> <span class='ocrx_word' id='word_1_35' title='bbox 1390 596 1552 651; x_wconf 86' lang='lat' dir='ltr'><strong>ergo,</strong></span> <span class='ocrx_word' id='word_1_36' title='bbox 1583 580 1684 653; x_wconf 88' lang='lat' dir='ltr'><strong>qui</strong></span> <span class='ocrx_word' id='word_1_37' title='bbox 1714 594 1776 634; x_wconf 90' lang='lat' dir='ltr'><strong>es</strong></span> <span class='ocrx_word' id='word_1_38' title='bbox 1813 576 1918 649; x_wconf 85' lang='lat' dir='ltr'><strong>qui</strong></span> 
     </span>
    </p>
   </div>
   <div class='ocr_carea' id='block_1_6' title="bbox 264 667 1911 741">
    <p class='ocr_par' dir='ltr' id='par_1_6' title="bbox 264 667 1911 741">
     <span class='ocr_line' id='line_1_6' title="bbox 264 667 1911 741; baseline -0.002 -16"><span class='ocrx_word' id='word_1_39' title='bbox 264 668 632 741; x_wconf 86' lang='lat' dir='ltr'><strong>respondeas</strong></span> <span class='ocrx_word' id='word_1_40' title='bbox 663 670 780 724; x_wconf 91' lang='lat' dir='ltr'><strong>Deo</strong></span> <span class='ocrx_word' id='word_1_41' title='bbox 812 685 827 735; x_wconf 90' lang='lat'><strong>;</strong></span> <span class='ocrx_word' id='word_1_42' title='bbox 861 669 910 724; x_wconf 91' lang='lat' dir='ltr'><strong>si</strong></span> <span class='ocrx_word' id='word_1_43' title='bbox 935 668 1144 724; x_wconf 90' lang='lat' dir='ltr'><strong>volens</strong></span> <span class='ocrx_word' id='word_1_44' title='bbox 1191 671 1345 725; x_wconf 90' lang='lat' dir='ltr'><strong>Deus</strong></span> <span class='ocrx_word' id='word_1_45' title='bbox 1387 669 1699 726; x_wconf 82' lang='lat' dir='ltr'><strong>ostendere</strong></span> <span class='ocrx_word' id='word_1_46' title='bbox 1741 667 1911 728; x_wconf 83' lang='lat' dir='ltr'><strong>iram,</strong></span> 
     </span>
    </p>
   </div>
   <div class='ocr_carea' id='block_1_7' title="bbox 268 755 1917 830">
    <p class='ocr_par' dir='ltr' id='par_1_7' title="bbox 268 755 1917 830">
     <span class='ocr_line' id='line_1_7' title="bbox 268 755 1917 830; baseline -0.004 -15"><span class='ocrx_word' id='word_1_47' title='bbox 268 763 326 815; x_wconf 90' lang='lat' dir='ltr'><strong>et</strong></span> <span class='ocrx_word' id='word_1_48' title='bbox 344 758 760 814; x_wconf 88' lang='lat' dir='ltr'><strong>demonstrare</strong></span> <span class='ocrx_word' id='word_1_49' title='bbox 774 758 1103 828; x_wconf 83' lang='lat' dir='ltr'><strong>potentiam</strong></span> <span class='ocrx_word' id='word_1_50' title='bbox 1117 774 1286 815; x_wconf 89' lang='lat' dir='ltr'><strong>suam</strong></span> <span class='ocrx_word' id='word_1_51' title='bbox 1298 800 1311 824; x_wconf 95' lang='lat'><strong>,</strong></span> <span class='ocrx_word' id='word_1_52' title='bbox 1326 758 1490 830; x_wconf 91' lang='lat' dir='ltr'><strong>quod</strong></span> <span class='ocrx_word' id='word_1_53' title='bbox 1506 762 1560 814; x_wconf 90' lang='lat' dir='ltr'><strong>et</strong></span> <span class='ocrx_word' id='word_1_54' title='bbox 1577 756 1752 813; x_wconf 90' lang='lat' dir='ltr'><strong>malis</strong></span> <span class='ocrx_word' id='word_1_55' title='bbox 1764 755 1917 811; x_wconf 88' lang='lat' dir='ltr'><strong>bene</strong></span> 
     </span>
    </p>
   </div>
   <div class='ocr_carea' id='block_1_8' title="bbox 230 844 1917 918">
    <p class='ocr_par' dir='ltr' id='par_1_8' title="bbox 230 844 1917 918">
     <span class='ocr_line' id='line_1_8' title="bbox 230 844 1917 918; baseline -0.003 -15"><span class='ocrx_word' id='word_1_56' title='bbox 230 884 243 893; x_wconf 64' lang='grc' dir='ltr'><strong>ι</strong></span> <span class='ocrx_word' id='word_1_57' title='bbox 268 847 350 904; x_wconf 90' lang='lat' dir='ltr'><strong>uti</strong></span> <span class='ocrx_word' id='word_1_58' title='bbox 379 846 644 918; x_wconf 91' lang='lat' dir='ltr'><strong>optimus</strong></span> <span class='ocrx_word' id='word_1_59' title='bbox 669 846 875 918; x_wconf 88' lang='lat' dir='ltr'><strong>possit,</strong></span> <span class='ocrx_word' id='word_1_60' title='bbox 908 845 1081 902; x_wconf 89' lang='lat' dir='ltr'><strong>malis</strong></span> <span class='ocrx_word' id='word_1_61' title='bbox 1111 846 1406 904; x_wconf 80' lang='lat' dir='ltr'><strong>duntaxat</strong></span> <span class='ocrx_word' id='word_1_62' title='bbox 1424 862 1547 903; x_wconf 90' lang='lat' dir='ltr'><strong>non</strong></span> <span class='ocrx_word' id='word_1_63' title='bbox 1576 844 1917 902; x_wconf 90' lang='lat' dir='ltr'><strong>conditione</strong></span> 
     </span>
    </p>
   </div>
   <div class='ocr_carea' id='block_1_9' title="bbox 268 934 1914 1009">
    <p class='ocr_par' dir='ltr' id='par_1_9' title="bbox 268 934 1914 1009">
     <span class='ocr_line' id='line_1_9' title="bbox 268 934 1914 1009; baseline -0.002 -18"><span class='ocrx_word' id='word_1_64' title='bbox 268 934 493 1000; x_wconf 88' lang='lat' dir='ltr'><strong>divina,</strong></span> <span class='ocrx_word' id='word_1_65' title='bbox 539 934 646 990; x_wconf 90' lang='lat' dir='ltr'><strong>sed</strong></span> <span class='ocrx_word' id='word_1_66' title='bbox 702 934 908 991; x_wconf 89' lang='lat' dir='ltr'><strong>vitiata</strong></span> <span class='ocrx_word' id='word_1_67' title='bbox 948 935 1273 992; x_wconf 81' lang='lat' dir='ltr'><strong>voluntatis</strong></span> <span class='ocrx_word' id='word_1_68' title='bbox 1323 935 1634 1009; x_wconf 83' lang='lat' dir='ltr'><strong>iniquitate</strong></span> <span class='ocrx_word' id='word_1_69' title='bbox 1680 938 1914 998; x_wconf 87' lang='lat' dir='ltr'><strong>natura,</strong></span> 
     </span>
    </p>
   </div>
   <div class='ocr_carea' id='block_1_10' title="bbox 267 1022 1917 1097">
    <p class='ocr_par' dir='ltr' id='par_1_10' title="bbox 267 1022 1917 1097">
     <span class='ocr_line' id='line_1_10' title="bbox 267 1022 1917 1097; baseline -0.001 -18"><span class='ocrx_word' id='word_1_70' title='bbox 267 1039 407 1097; x_wconf 69' lang='lat' dir='ltr'><strong>quas</strong></span> <span class='ocrx_word' id='word_1_71' title='bbox 445 1040 482 1079; x_wconf 89' lang='lat' dir='ltr'><strong>a</strong></span> <span class='ocrx_word' id='word_1_72' title='bbox 513 1024 631 1080; x_wconf 93' lang='lat' dir='ltr'><strong>Deo</strong></span> <span class='ocrx_word' id='word_1_73' title='bbox 661 1024 968 1081; x_wconf 85' lang='lat' dir='ltr'><strong>conditore</strong></span> <span class='ocrx_word' id='word_1_74' title='bbox 996 1024 1236 1082; x_wconf 87' lang='lat' dir='ltr'><strong>condita</strong></span> <span class='ocrx_word' id='word_1_75' title='bbox 1262 1030 1349 1081; x_wconf 88' lang='lat' dir='ltr'><strong>est</strong></span> <span class='ocrx_word' id='word_1_76' title='bbox 1376 1026 1561 1092; x_wconf 91' lang='lat' dir='ltr'><strong>bona,</strong></span> <span class='ocrx_word' id='word_1_77' title='bbox 1587 1023 1829 1097; x_wconf 81' lang='lat' dir='ltr'><strong>pertulit</strong></span> <span class='ocrx_word' id='word_1_78' title='bbox 1856 1022 1917 1078; x_wconf 92' lang='lat' dir='ltr'><strong>in</strong></span> 
     </span>
    </p>
   </div>
   <div class='ocr_carea' id='block_1_11' title="bbox 271 1111 1919 1186">
    <p class='ocr_par' dir='ltr' id='par_1_11' title="bbox 271 1111 1919 1186">
     <span class='ocr_line' id='line_1_11' title="bbox 271 1111 1919 1186; baseline -0.001 -18"><span class='ocrx_word' id='word_1_79' title='bbox 271 1111 463 1168; x_wconf 88' lang='lat' dir='ltr'><strong>multa</strong></span> <span class='ocrx_word' id='word_1_80' title='bbox 490 1112 775 1183; x_wconf 80' lang='lat' dir='ltr'><strong>patientia</strong></span> <span class='ocrx_word' id='word_1_81' title='bbox 799 1128 944 1169; x_wconf 89' lang='lat' dir='ltr'><strong>vasa</strong></span> <span class='ocrx_word' id='word_1_82' title='bbox 972 1113 1073 1169; x_wconf 70' lang='lat' dir='ltr'><strong>iraa</strong></span> <span class='ocrx_word' id='word_1_83' title='bbox 1097 1119 1306 1186; x_wconf 89' lang='lat' dir='ltr'><strong>aptata</strong></span> <span class='ocrx_word' id='word_1_84' title='bbox 1325 1115 1384 1169; x_wconf 90' lang='lat' dir='ltr'><strong>in</strong></span> <span class='ocrx_word' id='word_1_85' title='bbox 1414 1114 1717 1170; x_wconf 88' lang='lat' dir='ltr'><strong>interitum</strong></span> <span class='ocrx_word' id='word_1_86' title='bbox 1749 1130 1763 1168; x_wconf 89' lang='lat'><strong>:</strong></span> <span class='ocrx_word' id='word_1_87' title='bbox 1796 1127 1919 1170; x_wconf 91' lang='lat' dir='ltr'><strong>non</strong></span> 
     </span>
    </p>
   </div>
   <div class='ocr_carea' id='block_1_12' title="bbox 268 1199 1921 1273">
    <p class='ocr_par' dir='ltr' id='par_1_12' title="bbox 268 1199 1921 1273">
     <span class='ocr_line' id='line_1_12' title="bbox 268 1199 1921 1273; baseline 0.001 -18"><span class='ocrx_word' id='word_1_88' title='bbox 268 1201 435 1273; x_wconf 90' lang='lat' dir='ltr'><strong>quod</strong></span> <span class='ocrx_word' id='word_1_89' title='bbox 472 1199 553 1256; x_wconf 89' lang='lat' dir='ltr'><strong>illi</strong></span> <span class='ocrx_word' id='word_1_90' title='bbox 585 1206 789 1257; x_wconf 88' lang='lat' dir='ltr'><strong>essent</strong></span> <span class='ocrx_word' id='word_1_91' title='bbox 819 1203 1181 1271; x_wconf 88' lang='lat' dir='ltr'><strong>necessaria,</strong></span> <span class='ocrx_word' id='word_1_92' title='bbox 1215 1203 1339 1259; x_wconf 89' lang='lat' dir='ltr'><strong>sive</strong></span> <span class='ocrx_word' id='word_1_93' title='bbox 1366 1204 1640 1273; x_wconf 89' lang='lat' dir='ltr'><strong>angelica</strong></span> <span class='ocrx_word' id='word_1_94' title='bbox 1663 1202 1784 1257; x_wconf 84' lang='lat' dir='ltr'><strong>sive</strong></span> <span class='ocrx_word' id='word_1_95' title='bbox 1813 1202 1921 1257; x_wconf 55' lang='lat' dir='ltr'><strong>huc</strong></span> 
     </span>
    </p>
   </div>
   <div class='ocr_carea' id='block_1_13' title="bbox 269 1292 1919 1363">
    <p class='ocr_par' dir='ltr' id='par_1_13' title="bbox 269 1292 1919 1363">
     <span class='ocr_line' id='line_1_13' title="bbox 269 1292 1919 1363; baseline 0.001 -19"><span class='ocrx_word' id='word_1_96' title='bbox 269 1305 454 1345; x_wconf 90' lang='lat' dir='ltr'><strong>mana</strong></span> <span class='ocrx_word' id='word_1_97' title='bbox 474 1294 737 1360; x_wconf 87' lang='lat' dir='ltr'><strong>peccata,</strong></span> <span class='ocrx_word' id='word_1_98' title='bbox 757 1292 852 1346; x_wconf 90' lang='lat' dir='ltr'><strong>cui</strong></span> <span class='ocrx_word' id='word_1_99' title='bbox 870 1306 978 1348; x_wconf 89' lang='lat' dir='ltr'><strong>nec</strong></span> <span class='ocrx_word' id='word_1_100' title='bbox 994 1292 1222 1362; x_wconf 89' lang='lat' dir='ltr'><strong>justitia</strong></span> <span class='ocrx_word' id='word_1_101' title='bbox 1245 1298 1531 1349; x_wconf 67' lang='lat' dir='ltr'><strong>creatura:</strong></span> <span class='ocrx_word' id='word_1_102' title='bbox 1558 1292 1919 1363; x_wconf 84' lang='lat' dir='ltr'><strong>cujusquam</strong></span> 
     </span>
    </p>
   </div>
   <div class='ocr_carea' id='block_1_14' title="bbox 273 1378 1922 1451">
    <p class='ocr_par' dir='ltr' id='par_1_14' title="bbox 273 1378 1922 1451">
     <span class='ocr_line' id='line_1_14' title="bbox 273 1378 1922 1451; baseline 0.001 -18"><span class='ocrx_word' id='word_1_103' title='bbox 273 1382 360 1434; x_wconf 86' lang='lat' dir='ltr'><strong>est</strong></span> <span class='ocrx_word' id='word_1_104' title='bbox 388 1380 731 1435; x_wconf 87' lang='lat' dir='ltr'><strong>necessaria</strong></span> <span class='ocrx_word' id='word_1_105' title='bbox 757 1398 771 1447; x_wconf 89' lang='lat'><strong>;</strong></span> <span class='ocrx_word' id='word_1_106' title='bbox 799 1380 904 1436; x_wconf 90' lang='lat' dir='ltr'><strong>sed</strong></span> <span class='ocrx_word' id='word_1_107' title='bbox 928 1387 990 1436; x_wconf 90' lang='lat' dir='ltr'><strong>ut</strong></span> <span class='ocrx_word' id='word_1_108' title='bbox 1020 1387 1193 1438; x_wconf 90' lang='lat' dir='ltr'><strong>notas</strong></span> <span class='ocrx_word' id='word_1_109' title='bbox 1212 1382 1430 1438; x_wconf 88' lang='lat' dir='ltr'><strong>faceret</strong></span> <span class='ocrx_word' id='word_1_110' title='bbox 1457 1381 1694 1437; x_wconf 84' lang='lat' dir='ltr'><strong>divitias</strong></span> <span class='ocrx_word' id='word_1_111' title='bbox 1720 1378 1922 1451; x_wconf 69' lang='lat' dir='ltr'><strong>glorias</strong></span> 
     </span>
    </p>
   </div>
   <div class='ocr_carea' id='block_1_15' title="bbox 271 1468 1925 1541">
    <p class='ocr_par' dir='ltr' id='par_1_15' title="bbox 271 1468 1925 1541">
     <span class='ocr_line' id='line_1_15' title="bbox 271 1468 1925 1541; baseline 0.001 -20"><span class='ocrx_word' id='word_1_112' title='bbox 271 1482 392 1522; x_wconf 65' lang='lat' dir='ltr'><strong>suae</strong></span> <span class='ocrx_word' id='word_1_113' title='bbox 421 1468 482 1522; x_wconf 91' lang='lat' dir='ltr'><strong>in</strong></span> <span class='ocrx_word' id='word_1_114' title='bbox 514 1483 664 1525; x_wconf 89' lang='lat' dir='ltr'><strong>vasa</strong></span> <span class='ocrx_word' id='word_1_115' title='bbox 689 1468 1131 1535; x_wconf 79' lang='lat' dir='ltr'><strong>misericordiae,</strong></span> <span class='ocrx_word' id='word_1_116' title='bbox 1165 1486 1239 1526; x_wconf 91' lang='lat' dir='ltr'><strong>ne</strong></span> <span class='ocrx_word' id='word_1_117' title='bbox 1268 1487 1331 1526; x_wconf 91' lang='lat' dir='ltr'><strong>se</strong></span> <span class='ocrx_word' id='word_1_118' title='bbox 1356 1471 1415 1526; x_wconf 92' lang='lat' dir='ltr'><strong>in</strong></span> <span class='ocrx_word' id='word_1_119' title='bbox 1437 1471 1613 1526; x_wconf 91' lang='lat' dir='ltr'><strong>bonis</strong></span> <span class='ocrx_word' id='word_1_120' title='bbox 1641 1469 1925 1541; x_wconf 87' lang='lat' dir='ltr'><strong>operibus</strong></span> 
     </span>
    </p>
   </div>
   <div class='ocr_carea' id='block_1_16' title="bbox 270 1557 1926 1630">
    <p class='ocr_par' dir='ltr' id='par_1_16' title="bbox 270 1557 1926 1630">
     <span class='ocr_line' id='line_1_16' title="bbox 270 1557 1926 1630; baseline -0.001 -18"><span class='ocrx_word' id='word_1_121' title='bbox 270 1560 560 1628; x_wconf 88' lang='lat' dir='ltr'><strong>tauquam</strong></span> <span class='ocrx_word' id='word_1_122' title='bbox 591 1557 666 1612; x_wconf 91' lang='lat' dir='ltr'><strong>de</strong></span> <span class='ocrx_word' id='word_1_123' title='bbox 706 1558 962 1630; x_wconf 86' lang='lat' dir='ltr'><strong>propriis</strong></span> <span class='ocrx_word' id='word_1_124' title='bbox 1005 1560 1351 1615; x_wconf 78' lang='lat' dir='ltr'><strong>extollerent</strong></span> <span class='ocrx_word' id='word_1_125' title='bbox 1385 1560 1631 1628; x_wconf 87' lang='lat' dir='ltr'><strong>viribus,</strong></span> <span class='ocrx_word' id='word_1_126' title='bbox 1675 1559 1781 1614; x_wconf 90' lang='lat' dir='ltr'><strong>sed</strong></span> <span class='ocrx_word' id='word_1_127' title='bbox 1818 1558 1926 1613; x_wconf 86' lang='lat' dir='ltr'><strong>hu-</strong></span> 
     </span>
    </p>
   </div>
   <div class='ocr_carea' id='block_1_17' title="bbox 270 1645 1923 1719">
    <p class='ocr_par' dir='ltr' id='par_1_17' title="bbox 270 1645 1923 1719">
     <span class='ocr_line' id='line_1_17' title="bbox 270 1645 1923 1719; baseline 0.001 -19"><span class='ocrx_word' id='word_1_128' title='bbox 270 1645 488 1700; x_wconf 88' lang='lat' dir='ltr'><strong>militer</strong></span> <span class='ocrx_word' id='word_1_129' title='bbox 506 1645 917 1716; x_wconf 83' lang='lat' dir='ltr'><strong>intelligerent,</strong></span> <span class='ocrx_word' id='word_1_130' title='bbox 950 1649 1064 1704; x_wconf 91' lang='lat' dir='ltr'><strong>nisi</strong></span> <span class='ocrx_word' id='word_1_131' title='bbox 1083 1648 1195 1704; x_wconf 89' lang='lat' dir='ltr'><strong>illis</strong></span> <span class='ocrx_word' id='word_1_132' title='bbox 1221 1649 1318 1705; x_wconf 89' lang='lat' dir='ltr'><strong>Dei</strong></span> <span class='ocrx_word' id='word_1_133' title='bbox 1349 1650 1537 1719; x_wconf 87' lang='lat' dir='ltr'><strong>gratia</strong></span> <span class='ocrx_word' id='word_1_134' title='bbox 1557 1664 1680 1705; x_wconf 91' lang='lat' dir='ltr'><strong>non</strong></span> <span class='ocrx_word' id='word_1_135' title='bbox 1701 1647 1923 1711; x_wconf 89' lang='lat' dir='ltr'><strong>debita,</strong></span> 
     </span>
    </p>
   </div>
   <div class='ocr_carea' id='block_1_18' title="bbox 277 1732 1929 1804">
    <p class='ocr_par' dir='ltr' id='par_1_18' title="bbox 277 1732 1929 1804">
     <span class='ocr_line' id='line_1_18' title="bbox 277 1732 1929 1804; baseline 0.001 -15"><span class='ocrx_word' id='word_1_136' title='bbox 277 1732 382 1789; x_wconf 88' lang='lat' dir='ltr'><strong>sed</strong></span> <span class='ocrx_word' id='word_1_137' title='bbox 413 1734 674 1803; x_wconf 89' lang='lat' dir='ltr'><strong>gratuita</strong></span> <span class='ocrx_word' id='word_1_138' title='bbox 704 1734 1065 1804; x_wconf 86' lang='lat' dir='ltr'><strong>subveniret,</strong></span> <span class='ocrx_word' id='word_1_139' title='bbox 1092 1737 1151 1792; x_wconf 89' lang='lat' dir='ltr'><strong>id</strong></span> <span class='ocrx_word' id='word_1_140' title='bbox 1182 1737 1367 1793; x_wconf 87' lang='lat' dir='ltr'><strong>fuisse</strong></span> <span class='ocrx_word' id='word_1_141' title='bbox 1391 1736 1769 1793; x_wconf 89' lang='lat' dir='ltr'><strong>reddendum</strong></span> <span class='ocrx_word' id='word_1_142' title='bbox 1808 1750 1929 1791; x_wconf 83' lang='lat' dir='ltr'><strong>me-</strong></span> 
     </span>
    </p>
   </div>
   <div class='ocr_carea' id='block_1_19' title="bbox 274 1822 1929 1895">
    <p class='ocr_par' dir='ltr' id='par_1_19' title="bbox 274 1822 1929 1895">
     <span class='ocr_line' id='line_1_19' title="bbox 274 1822 1929 1895; baseline 0.001 -18"><span class='ocrx_word' id='word_1_143' title='bbox 274 1822 404 1877; x_wconf 89' lang='lat' dir='ltr'><strong>ritis</strong></span> <span class='ocrx_word' id='word_1_144' title='bbox 434 1822 579 1892; x_wconf 90' lang='lat' dir='ltr'><strong>suis,</strong></span> <span class='ocrx_word' id='word_1_145' title='bbox 627 1823 795 1895; x_wconf 92' lang='lat' dir='ltr'><strong>quod</strong></span> <span class='ocrx_word' id='word_1_146' title='bbox 840 1824 970 1880; x_wconf 89' lang='lat' dir='ltr'><strong>aliis</strong></span> <span class='ocrx_word' id='word_1_147' title='bbox 1016 1826 1077 1881; x_wconf 89' lang='lat' dir='ltr'><strong>in</strong></span> <span class='ocrx_word' id='word_1_148' title='bbox 1130 1826 1342 1882; x_wconf 90' lang='lat' dir='ltr'><strong>eadem</strong></span> <span class='ocrx_word' id='word_1_149' title='bbox 1384 1842 1588 1883; x_wconf 87' lang='lat' dir='ltr'><strong>massa</strong></span> <span class='ocrx_word' id='word_1_150' title='bbox 1628 1824 1929 1881; x_wconf 89' lang='lat' dir='ltr'><strong>redditum</strong></span> 
     </span>
    </p>
   </div>
   <div class='ocr_carea' id='block_1_20' title="bbox 268 1911 627 1968">
    <p class='ocr_par' dir='ltr' id='par_1_20' title="bbox 268 1911 627 1968">
     <span class='ocr_line' id='line_1_20' title="bbox 268 1911 627 1968; baseline -0.003 0"><span class='ocrx_word' id='word_1_151' title='bbox 268 1915 580 1968; x_wconf 85' lang='lat' dir='ltr'><strong>cernerent</strong></span> <span class='ocrx_word' id='word_1_152' title='bbox 599 1911 627 1967; x_wconf 82' lang='lat'><strong>?</strong></span> 
     </span>
    </p>
   </div>
   <div class='ocr_carea' id='block_1_21' title="bbox 343 2002 1955 2076">
    <p class='ocr_par' dir='ltr' id='par_1_21' title="bbox 343 2002 1955 2076">
     <span class='ocr_line' id='line_1_21' title="bbox 343 2002 1955 2076; baseline 0.002 -20"><span class='ocrx_word' id='word_1_153' title='bbox 343 2005 432 2057; x_wconf 78' lang='lat'><strong>25.</strong></span> <span class='ocrx_word' id='word_1_154' title='bbox 462 2002 664 2057; x_wconf 88' lang='lat' dir='ltr'><strong>Certus</strong></span> <span class='ocrx_word' id='word_1_155' title='bbox 684 2006 772 2059; x_wconf 91' lang='lat' dir='ltr'><strong>est</strong></span> <span class='ocrx_word' id='word_1_156' title='bbox 795 2018 937 2072; x_wconf 89' lang='lat' dir='ltr'><strong>ergo</strong></span> <span class='ocrx_word' id='word_1_157' title='bbox 962 2004 1058 2060; x_wconf 89' lang='lat' dir='ltr'><strong>Dei</strong></span> <span class='ocrx_word' id='word_1_158' title='bbox 1090 2004 1480 2076; x_wconf 68' lang='lat' dir='ltr'><strong>praescientiie</strong></span> <span class='ocrx_word' id='word_1_159' title='bbox 1510 2003 1794 2061; x_wconf 84' lang='lat' dir='ltr'><strong>deﬁnitus</strong></span> <span class='ocrx_word' id='word_1_160' title='bbox 1824 2019 1955 2059; x_wconf 13' lang='lat' dir='ltr'><strong>nu-r</strong></span> 
     </span>
    </p>
   </div>
   <div class='ocr_carea' id='block_1_22' title="bbox 270 2091 1932 2167">
    <p class='ocr_par' dir='ltr' id='par_1_22' title="bbox 270 2091 1932 2167">
     <span class='ocr_line' id='line_1_22' title="bbox 270 2091 1932 2167; baseline 0.001 -20"><span class='ocrx_word' id='word_1_161' title='bbox 270 2106 496 2157; x_wconf 91' lang='lat' dir='ltr'><strong>merus,</strong></span> <span class='ocrx_word' id='word_1_162' title='bbox 518 2095 575 2147; x_wconf 89' lang='lat' dir='ltr'><strong>et</strong></span> <span class='ocrx_word' id='word_1_163' title='bbox 593 2091 910 2149; x_wconf 89' lang='lat' dir='ltr'><strong>multitudo</strong></span> <span class='ocrx_word' id='word_1_164' title='bbox 930 2099 1294 2161; x_wconf 89' lang='lat' dir='ltr'><strong>sanctorum,</strong></span> <span class='ocrx_word' id='word_1_165' title='bbox 1309 2094 1531 2167; x_wconf 90' lang='lat' dir='ltr'><strong>quibus</strong></span> <span class='ocrx_word' id='word_1_166' title='bbox 1546 2094 1932 2165; x_wconf 77' lang='lat' dir='ltr'><strong>diligentibus</strong></span> 
     </span>
    </p>
   </div>
   <div class='ocr_carea' id='block_1_23' title="bbox 266 2180 1932 2255">
    <p class='ocr_par' dir='ltr' id='par_1_23' title="bbox 266 2180 1932 2255">
     <span class='ocr_line' id='line_1_23' title="bbox 266 2180 1932 2255; baseline 0.002 -19"><span class='ocrx_word' id='word_1_167' title='bbox 266 2182 479 2247; x_wconf 85' lang='lat' dir='ltr'><strong>Deum,</strong></span> <span class='ocrx_word' id='word_1_168' title='bbox 496 2180 662 2254; x_wconf 90' lang='lat' dir='ltr'><strong>quod</strong></span> <span class='ocrx_word' id='word_1_169' title='bbox 684 2182 769 2237; x_wconf 91' lang='lat' dir='ltr'><strong>eis</strong></span> <span class='ocrx_word' id='word_1_170' title='bbox 788 2182 1153 2255; x_wconf 89' lang='lat' dir='ltr'><strong>donavitper</strong></span> <span class='ocrx_word' id='word_1_171' title='bbox 1168 2183 1455 2240; x_wconf 81' lang='lat' dir='ltr'><strong>diffusum</strong></span> <span class='ocrx_word' id='word_1_172' title='bbox 1469 2185 1529 2239; x_wconf 91' lang='lat' dir='ltr'><strong>in</strong></span> <span class='ocrx_word' id='word_1_173' title='bbox 1542 2184 1819 2240; x_wconf 90' lang='lat' dir='ltr'><strong>cordibus</strong></span> <span class='ocrx_word' id='word_1_174' title='bbox 1836 2199 1932 2239; x_wconf 88' lang='lat' dir='ltr'><strong>eo-</strong></span> 
     </span>
    </p>
   </div>
   <div class='ocr_carea' id='block_1_24' title="bbox 272 2268 1933 2342">
    <p class='ocr_par' dir='ltr' id='par_1_24' title="bbox 272 2268 1933 2342">
     <span class='ocr_line' id='line_1_24' title="bbox 272 2268 1933 2342; baseline 0.002 -18"><span class='ocrx_word' id='word_1_175' title='bbox 272 2285 408 2326; x_wconf 89' lang='lat' dir='ltr'><strong>rum</strong></span> <span class='ocrx_word' id='word_1_176' title='bbox 435 2269 719 2342; x_wconf 90' lang='lat' dir='ltr'><strong>Spiritum</strong></span> <span class='ocrx_word' id='word_1_177' title='bbox 749 2275 1046 2336; x_wconf 87' lang='lat' dir='ltr'><strong>sanctum,</strong></span> <span class='ocrx_word' id='word_1_178' title='bbox 1087 2268 1295 2329; x_wconf 65' lang='lat' dir='ltr'><strong>omnia&#39;</strong></span> <span class='ocrx_word' id='word_1_179' title='bbox 1327 2278 1717 2341; x_wconf 79' lang='lat' dir='ltr'><strong>coeperantur</strong></span> <span class='ocrx_word' id='word_1_180' title='bbox 1745 2275 1808 2328; x_wconf 86' lang='lat' dir='ltr'><strong>in</strong></span> <span class='ocrx_word' id='word_1_181' title='bbox 1846 2272 1933 2327; x_wconf 87' lang='lat' dir='ltr'><strong>bo-</strong></span> 
     </span>
    </p>
   </div>
   <div class='ocr_carea' id='block_1_25' title="bbox 271 2359 1928 2433">
    <p class='ocr_par' dir='ltr' id='par_1_25' title="bbox 271 2359 1928 2433">
     <span class='ocr_line' id='line_1_25' title="bbox 271 2359 1928 2433; baseline 0 -18"><span class='ocrx_word' id='word_1_182' title='bbox 271 2374 440 2423; x_wconf 86' lang='lat' dir='ltr'><strong>num,</strong></span> <span class='ocrx_word' id='word_1_183' title='bbox 494 2359 567 2414; x_wconf 88' lang='lat' dir='ltr'><strong>iis</strong></span> <span class='ocrx_word' id='word_1_184' title='bbox 627 2361 725 2431; x_wconf 89' lang='lat' dir='ltr'><strong>qui</strong></span> <span class='ocrx_word' id='word_1_185' title='bbox 772 2361 1091 2418; x_wconf 86' lang='lat' dir='ltr'><strong>secundum</strong></span> <span class='ocrx_word' id='word_1_186' title='bbox 1141 2362 1499 2433; x_wconf 84' lang='lat' dir='ltr'><strong>propositum</strong></span> <span class='ocrx_word' id='word_1_187' title='bbox 1546 2362 1726 2417; x_wconf 81' lang='lat' dir='ltr'><strong>vocati</strong></span> <span class='ocrx_word' id='word_1_188' title='bbox 1767 2367 1928 2417; x_wconf 84' lang='lat' dir='ltr'><strong>sunt.</strong></span> 
     </span>
    </p>
   </div>
   <div class='ocr_carea' id='block_1_26' title="bbox 276 2448 1934 2521">
    <p class='ocr_par' dir='ltr' id='par_1_26' title="bbox 276 2448 1934 2521">
     <span class='ocr_line' id='line_1_26' title="bbox 276 2448 1934 2521; baseline 0.002 -18"><span class='ocrx_word' id='word_1_189' title='bbox 276 2448 568 2515; x_wconf 83' lang='lat' dir='ltr'><strong>Quoniam</strong></span> <span class='ocrx_word' id='word_1_190' title='bbox 601 2466 740 2521; x_wconf 84' lang='lat' dir='ltr'><strong>quos</strong></span> <span class='ocrx_word' id='word_1_191' title='bbox 753 2456 894 2507; x_wconf 84' lang='lat' dir='ltr'><strong>ante</strong></span> <span class='ocrx_word' id='word_1_192' title='bbox 920 2452 1229 2520; x_wconf 76' lang='lat' dir='ltr'><strong>przescivit,</strong></span> <span class='ocrx_word' id='word_1_193' title='bbox 1261 2459 1312 2508; x_wconf 92' lang='lat' dir='ltr'><strong>et</strong></span> <span class='ocrx_word' id='word_1_194' title='bbox 1331 2451 1772 2521; x_wconf 70' lang='lat' dir='ltr'><strong>prwdestinavit</strong></span> <span class='ocrx_word' id='word_1_195' title='bbox 1799 2466 1934 2507; x_wconf 83' lang='lat' dir='ltr'><strong>eon-</strong></span> 
     </span>
    </p>
   </div>
   <div class='ocr_carea' id='block_1_27' title="bbox 272 2538 1930 2611">
    <p class='ocr_par' dir='ltr' id='par_1_27' title="bbox 272 2538 1930 2611">
     <span class='ocr_line' id='line_1_27' title="bbox 272 2538 1930 2611; baseline 0.004 -18"><span class='ocrx_word' id='word_1_196' title='bbox 272 2538 497 2607; x_wconf 78' lang='lat' dir='ltr'><strong>formes</strong></span> <span class='ocrx_word' id='word_1_197' title='bbox 522 2539 650 2606; x_wconf 82' lang='lat' dir='ltr'><strong>ﬁeri</strong></span> <span class='ocrx_word' id='word_1_198' title='bbox 671 2539 950 2611; x_wconf 77' lang='lat' dir='ltr'><strong>imaginis</strong></span> <span class='ocrx_word' id='word_1_199' title='bbox 978 2541 1121 2596; x_wconf 81' lang='lat' dir='ltr'><strong>Filii</strong></span> <span class='ocrx_word' id='word_1_200' title='bbox 1145 2541 1258 2607; x_wconf 85' lang='lat' dir='ltr'><strong>sui,</strong></span> <span class='ocrx_word' id='word_1_201' title='bbox 1290 2547 1355 2597; x_wconf 83' lang='lat' dir='ltr'><strong>ut</strong></span> <span class='ocrx_word' id='word_1_202' title='bbox 1385 2544 1459 2597; x_wconf 84' lang='lat' dir='ltr'><strong>sit</strong></span> <span class='ocrx_word' id='word_1_203' title='bbox 1494 2541 1608 2611; x_wconf 83' lang='lat' dir='ltr'><strong>ipse</strong></span> <span class='ocrx_word' id='word_1_204' title='bbox 1644 2542 1930 2610; x_wconf 79' lang='lat' dir='ltr'><strong>primoge-</strong></span> 
     </span>
    </p>
   </div>
   <div class='ocr_carea' id='block_1_28' title="bbox 270 2627 1928 2700">
    <p class='ocr_par' dir='ltr' id='par_1_28' title="bbox 270 2627 1928 2700">
     <span class='ocr_line' id='line_1_28' title="bbox 270 2627 1928 2700; baseline 0.002 -18"><span class='ocrx_word' id='word_1_205' title='bbox 270 2627 433 2683; x_wconf 78' lang='lat' dir='ltr'><strong>nitus</strong></span> <span class='ocrx_word' id='word_1_206' title='bbox 458 2629 519 2683; x_wconf 87' lang='lat' dir='ltr'><strong>in</strong></span> <span class='ocrx_word' id='word_1_207' title='bbox 541 2628 740 2684; x_wconf 86' lang='lat' dir='ltr'><strong>multis</strong></span> <span class='ocrx_word' id='word_1_208' title='bbox 753 2629 1064 2699; x_wconf 78' lang='lat' dir='ltr'><strong>fratribus.</strong></span> <span class='ocrx_word' id='word_1_209' title='bbox 1083 2631 1235 2698; x_wconf 83' lang='lat' dir='ltr'><strong>Quos</strong></span> <span class='ocrx_word' id='word_1_210' title='bbox 1255 2636 1447 2686; x_wconf 78' lang='lat' dir='ltr'><strong>autem</strong></span> <span class='ocrx_word' id='word_1_211' title='bbox 1470 2630 1928 2700; x_wconf 65' lang='lat' dir='ltr'><strong>praedestinavit,</strong></span> 
     </span>
    </p>
   </div>
   <div class='ocr_carea' id='block_1_29' title="bbox 271 2718 1929 2786">
    <p class='ocr_par' dir='ltr' id='par_1_29' title="bbox 271 2718 1929 2786">
     <span class='ocr_line' id='line_1_29' title="bbox 271 2718 1929 2786; baseline 0.004 -16"><span class='ocrx_word' id='word_1_212' title='bbox 271 2718 412 2773; x_wconf 87' lang='lat' dir='ltr'><strong>illos</strong></span> <span class='ocrx_word' id='word_1_213' title='bbox 435 2722 486 2771; x_wconf 86' lang='lat' dir='ltr'><strong>et</strong></span> <span class='ocrx_word' id='word_1_214' title='bbox 507 2718 766 2774; x_wconf 83' lang='lat' dir='ltr'><strong>vocavit:</strong></span> <span class='ocrx_word' id='word_1_215' title='bbox 794 2718 889 2773; x_wconf 85' lang='lat' dir='ltr'><strong>hic</strong></span> <span class='ocrx_word' id='word_1_216' title='bbox 911 2718 1237 2775; x_wconf 87' lang='lat' dir='ltr'><strong>subaudire</strong></span> <span class='ocrx_word' id='word_1_217' title='bbox 1264 2719 1577 2786; x_wconf 90' lang='lat' dir='ltr'><strong>debemus,</strong></span> <span class='ocrx_word' id='word_1_218' title='bbox 1603 2721 1929 2778; x_wconf 86' lang='lat' dir='ltr'><strong>secundum</strong></span> 
     </span>
    </p>
   </div>
   <div class='ocr_carea' id='block_1_30' title="bbox 268 2805 1926 2877">
    <p class='ocr_par' dir='ltr' id='par_1_30' title="bbox 268 2805 1926 2877">
     <span class='ocr_line' id='line_1_30' title="bbox 268 2805 1926 2877; baseline 0.003 -19"><span class='ocrx_word' id='word_1_219' title='bbox 268 2805 664 2875; x_wconf 83' lang='lat' dir='ltr'><strong>propositum.</strong></span> <span class='ocrx_word' id='word_1_220' title='bbox 683 2805 831 2862; x_wconf 87' lang='lat' dir='ltr'><strong>Sunt</strong></span> <span class='ocrx_word' id='word_1_221' title='bbox 853 2808 1011 2863; x_wconf 89' lang='lat' dir='ltr'><strong>enim</strong></span> <span class='ocrx_word' id='word_1_222' title='bbox 1035 2813 1093 2862; x_wconf 92' lang='lat' dir='ltr'><strong>et</strong></span> <span class='ocrx_word' id='word_1_223' title='bbox 1114 2809 1209 2863; x_wconf 91' lang='lat' dir='ltr'><strong>alii</strong></span> <span class='ocrx_word' id='word_1_224' title='bbox 1231 2811 1444 2877; x_wconf 89' lang='lat' dir='ltr'><strong>vocati,</strong></span> <span class='ocrx_word' id='word_1_225' title='bbox 1460 2810 1563 2865; x_wconf 90' lang='lat' dir='ltr'><strong>sed</strong></span> <span class='ocrx_word' id='word_1_226' title='bbox 1583 2826 1702 2865; x_wconf 91' lang='lat' dir='ltr'><strong>non</strong></span> <span class='ocrx_word' id='word_1_227' title='bbox 1721 2809 1889 2866; x_wconf 90' lang='lat' dir='ltr'><strong>electi</strong></span> <span class='ocrx_word' id='word_1_228' title='bbox 1912 2825 1926 2875; x_wconf 93' lang='lat'><strong>;</strong></span> 
     </span>
    </p>
   </div>
   <div class='ocr_carea' id='block_1_31' title="bbox 273 2893 1930 2969">
    <p class='ocr_par' dir='ltr' id='par_1_31' title="bbox 273 2893 1930 2969">
     <span class='ocr_line' id='line_1_31' title="bbox 273 2893 1930 2969; baseline 0.003 -20"><span class='ocrx_word' id='word_1_229' title='bbox 273 2909 347 2949; x_wconf 92' lang='lat' dir='ltr'><strong>ac</strong></span> <span class='ocrx_word' id='word_1_230' title='bbox 376 2908 481 2965; x_wconf 91' lang='lat' dir='ltr'><strong>per</strong></span> <span class='ocrx_word' id='word_1_231' title='bbox 499 2893 615 2950; x_wconf 93' lang='lat' dir='ltr'><strong>hoc</strong></span> <span class='ocrx_word' id='word_1_232' title='bbox 646 2910 766 2950; x_wconf 92' lang='lat' dir='ltr'><strong>non</strong></span> <span class='ocrx_word' id='word_1_233' title='bbox 791 2896 1125 2951; x_wconf 90' lang='lat' dir='ltr'><strong>secundum</strong></span> <span class='ocrx_word' id='word_1_234' title='bbox 1149 2898 1520 2969; x_wconf 89' lang='lat' dir='ltr'><strong>propositum</strong></span> <span class='ocrx_word' id='word_1_235' title='bbox 1543 2899 1753 2955; x_wconf 89' lang='lat' dir='ltr'><strong>vocati.</strong></span> <span class='ocrx_word' id='word_1_236' title='bbox 1780 2900 1930 2967; x_wconf 81' lang='lat' dir='ltr'><strong>Quos</strong></span> 
     </span>
    </p>
   </div>
   <div class='ocr_carea' id='block_1_32' title="bbox 272 2984 1928 3059">
    <p class='ocr_par' dir='ltr' id='par_1_32' title="bbox 272 2984 1928 3059">
     <span class='ocr_line' id='line_1_32' title="bbox 272 2984 1928 3059; baseline 0.004 -21"><span class='ocrx_word' id='word_1_237' title='bbox 272 2987 469 3039; x_wconf 82' lang='lat' dir='ltr'><strong>autem</strong></span> <span class='ocrx_word' id='word_1_238' title='bbox 502 2986 732 3041; x_wconf 87' lang='lat' dir='ltr'><strong>vocavit</strong></span> <span class='ocrx_word' id='word_1_239' title='bbox 761 2984 896 3055; x_wconf 91' lang='lat' dir='ltr'><strong>(hoc</strong></span> <span class='ocrx_word' id='word_1_240' title='bbox 926 2988 1016 3040; x_wconf 90' lang='lat' dir='ltr'><strong>est</strong></span> <span class='ocrx_word' id='word_1_241' title='bbox 1040 2987 1362 3042; x_wconf 84' lang='lat' dir='ltr'><strong>secundum</strong></span> <span class='ocrx_word' id='word_1_242' title='bbox 1381 2988 1771 3059; x_wconf 83' lang='lat' dir='ltr'><strong>propositum)</strong></span> <span class='ocrx_word' id='word_1_243' title='bbox 1791 2988 1928 3044; x_wconf 87' lang='lat' dir='ltr'><strong>illos</strong></span> 
     </span>
    </p>
   </div>
   <div class='ocr_carea' id='block_1_33' title="bbox 271 3073 1930 3147">
    <p class='ocr_par' dir='ltr' id='par_1_33' title="bbox 271 3073 1930 3147">
     <span class='ocr_line' id='line_1_33' title="bbox 271 3073 1930 3147; baseline 0.003 -19"><span class='ocrx_word' id='word_1_244' title='bbox 271 3076 327 3128; x_wconf 87' lang='lat' dir='ltr'><strong>et</strong></span> <span class='ocrx_word' id='word_1_245' title='bbox 349 3073 701 3143; x_wconf 76' lang='lat' dir='ltr'><strong>iusti/ienuit</strong></span> <span class='ocrx_word' id='word_1_246' title='bbox 724 3090 740 3128; x_wconf 91' lang='lat'><strong><em>:</em></strong></span> <span class='ocrx_word' id='word_1_247' title='bbox 765 3089 908 3146; x_wconf 87' lang='lat' dir='ltr'><strong>quos</strong></span> <span class='ocrx_word' id='word_1_248' title='bbox 939 3080 1132 3131; x_wconf 88' lang='lat' dir='ltr'><strong>autem</strong></span> <span class='ocrx_word' id='word_1_249' title='bbox 1156 3076 1528 3146; x_wconf 79' lang='lat' dir='ltr'><strong>justiﬁcavit,</strong></span> <span class='ocrx_word' id='word_1_250' title='bbox 1556 3077 1687 3133; x_wconf 81' lang='lat' dir='ltr'><strong>illos</strong></span> <span class='ocrx_word' id='word_1_251' title='bbox 1722 3083 1777 3132; x_wconf 87' lang='lat' dir='ltr'><strong>et</strong></span> <span class='ocrx_word' id='word_1_252' title='bbox 1805 3078 1930 3147; x_wconf 85' lang='lat' dir='ltr'><strong>glo-</strong></span> 
     </span>
    </p>
   </div>
   <div class='ocr_carea' id='block_1_34' title="bbox 272 3161 1926 3237">
    <p class='ocr_par' dir='ltr' id='par_1_34' title="bbox 272 3161 1926 3237">
     <span class='ocr_line' id='line_1_34' title="bbox 272 3161 1926 3237; baseline 0.002 -21"><span class='ocrx_word' id='word_1_253' title='bbox 272 3161 531 3230; x_wconf 79' lang='lat' dir='ltr'><strong>riﬁcavit</strong></span> <span class='ocrx_word' id='word_1_254' title='bbox 555 3163 736 3233; x_wconf 85' lang='lat' dir='ltr'><strong>(Rom.</strong></span> <span class='ocrx_word' id='word_1_255' title='bbox 758 3179 876 3229; x_wconf 84' lang='lat' dir='ltr'><strong>vni,</strong></span> <span class='ocrx_word' id='word_1_256' title='bbox 896 3163 1103 3235; x_wconf 85' lang='lat'><strong>28-30).</strong></span> <span class='ocrx_word' id='word_1_257' title='bbox 1125 3166 1188 3220; x_wconf 78' lang='lat' dir='ltr'><strong>Ili</strong></span> <span class='ocrx_word' id='word_1_258' title='bbox 1203 3171 1342 3221; x_wconf 80' lang='lat' dir='ltr'><strong>sunt</strong></span> <span class='ocrx_word' id='word_1_259' title='bbox 1357 3165 1459 3221; x_wconf 86' lang='lat' dir='ltr'><strong>ﬁlii</strong></span> <span class='ocrx_word' id='word_1_260' title='bbox 1485 3166 1926 3237; x_wconf 87' lang='lat' dir='ltr'><strong>promissionis,</strong></span> 
     </span>
    </p>
   </div>
   <div class='ocr_carea' id='block_1_35' title="bbox 272 3250 1927 3324">
    <p class='ocr_par' dir='ltr' id='par_1_35' title="bbox 272 3250 1927 3324">
     <span class='ocr_line' id='line_1_35' title="bbox 272 3250 1927 3324; baseline 0.003 -19"><span class='ocrx_word' id='word_1_261' title='bbox 272 3250 334 3305; x_wconf 92' lang='lat' dir='ltr'><strong>hi</strong></span> <span class='ocrx_word' id='word_1_262' title='bbox 361 3255 501 3305; x_wconf 90' lang='lat' dir='ltr'><strong>sunt</strong></span> <span class='ocrx_word' id='word_1_263' title='bbox 520 3250 685 3306; x_wconf 90' lang='lat' dir='ltr'><strong>electi</strong></span> <span class='ocrx_word' id='word_1_264' title='bbox 705 3252 809 3323; x_wconf 92' lang='lat' dir='ltr'><strong>qui</strong></span> <span class='ocrx_word' id='word_1_265' title='bbox 834 3268 939 3324; x_wconf 92' lang='lat' dir='ltr'><strong>per</strong></span> <span class='ocrx_word' id='word_1_266' title='bbox 969 3253 1314 3309; x_wconf 85' lang='lat' dir='ltr'><strong>electionem</strong></span> <span class='ocrx_word' id='word_1_267' title='bbox 1346 3256 1548 3323; x_wconf 77' lang='lat' dir='ltr'><strong>gratiae</strong></span> <span class='ocrx_word' id='word_1_268' title='bbox 1579 3254 1725 3311; x_wconf 89' lang='lat' dir='ltr'><strong>salvi</strong></span> <span class='ocrx_word' id='word_1_269' title='bbox 1756 3254 1927 3321; x_wconf 86' lang='lat' dir='ltr'><strong>ﬁunt,</strong></span> 
     </span>
    </p>
   </div>
   <div class='ocr_carea' id='block_1_36' title="bbox 276 3337 1926 3415">
    <p class='ocr_par' dir='ltr' id='par_1_36' title="bbox 276 3337 1926 3415">
     <span class='ocr_line' id='line_1_36' title="bbox 276 3337 1926 3415; baseline 0.004 -22"><span class='ocrx_word' id='word_1_270' title='bbox 276 3337 618 3395; x_wconf 88' lang='lat' dir='ltr'><strong>ubidictum</strong></span> <span class='ocrx_word' id='word_1_271' title='bbox 631 3345 746 3399; x_wconf 90' lang='lat' dir='ltr'><strong>est:</strong></span> <span class='ocrx_word' id='word_1_272' title='bbox 763 3341 1027 3398; x_wconf 85' lang='lat' dir='ltr'><strong>Siautem</strong></span> <span class='ocrx_word' id='word_1_273' title='bbox 1040 3345 1263 3413; x_wconf 87' lang='lat' dir='ltr'><strong>gratia,</strong></span> <span class='ocrx_word' id='word_1_274' title='bbox 1270 3345 1402 3413; x_wconf 89' lang='lat' dir='ltr'><strong>jam</strong></span> <span class='ocrx_word' id='word_1_275' title='bbox 1415 3359 1535 3400; x_wconf 78' lang='lat' dir='ltr'><strong>non</strong></span> <span class='ocrx_word' id='word_1_276' title='bbox 1549 3344 1926 3415; x_wconf 79' lang='lat' dir='ltr'><strong>exoperibus;</strong></span> 
     </span>
    </p>
   </div>
   <div class='ocr_carea' id='block_1_37' title="bbox 275 3427 1930 3502">
    <p class='ocr_par' dir='ltr' id='par_1_37' title="bbox 275 3427 1930 3502">
     <span class='ocr_line' id='line_1_37' title="bbox 275 3427 1930 3502; baseline 0.004 -19"><span class='ocrx_word' id='word_1_277' title='bbox 275 3427 539 3498; x_wconf 82' lang='lat' dir='ltr'><strong>alioquin</strong></span> <span class='ocrx_word' id='word_1_278' title='bbox 567 3429 761 3499; x_wconf 83' lang='lat' dir='ltr'><strong>gratia</strong></span> <span class='ocrx_word' id='word_1_279' title='bbox 787 3431 923 3498; x_wconf 77' lang='lat' dir='ltr'><strong>jam</strong></span> <span class='ocrx_word' id='word_1_280' title='bbox 957 3447 1072 3487; x_wconf 87' lang='lat' dir='ltr'><strong>non</strong></span> <span class='ocrx_word' id='word_1_281' title='bbox 1102 3435 1185 3488; x_wconf 88' lang='lat' dir='ltr'><strong>est</strong></span> <span class='ocrx_word' id='word_1_282' title='bbox 1209 3434 1428 3502; x_wconf 67' lang='lat' dir='ltr'><strong>gratia.</strong></span> <span class='ocrx_word' id='word_1_283' title='bbox 1465 3434 1596 3488; x_wconf 58' lang='lat' dir='ltr'><strong>Haec</strong></span> <span class='ocrx_word' id='word_1_284' title='bbox 1626 3437 1764 3488; x_wconf 91' lang='lat' dir='ltr'><strong>sunt</strong></span> <span class='ocrx_word' id='word_1_285' title='bbox 1784 3449 1930 3489; x_wconf 87' lang='lat' dir='ltr'><strong>vasa</strong></span> 
     </span>
    </p>
   </div>
   <div class='ocr_carea' id='block_1_38' title="bbox 277 3515 1929 3595">
    <p class='ocr_par' dir='ltr' id='par_1_38' title="bbox 277 3515 1929 3595">
     <span class='ocr_line' id='line_1_38' title="bbox 277 3515 1929 3595; baseline 0.004 -24"><span class='ocrx_word' id='word_1_286' title='bbox 277 3515 716 3583; x_wconf 63' lang='lat' dir='ltr'><strong>misericordia,</strong></span> <span class='ocrx_word' id='word_1_287' title='bbox 749 3518 808 3573; x_wconf 93' lang='lat' dir='ltr'><strong>in</strong></span> <span class='ocrx_word' id='word_1_288' title='bbox 840 3519 1060 3591; x_wconf 89' lang='lat' dir='ltr'><strong>quibus</strong></span> <span class='ocrx_word' id='word_1_289' title='bbox 1097 3520 1252 3576; x_wconf 84' lang='lat' dir='ltr'><strong>Deus</strong></span> <span class='ocrx_word' id='word_1_290' title='bbox 1291 3522 1466 3579; x_wconf 89' lang='lat' dir='ltr'><strong>etiam</strong></span> <span class='ocrx_word' id='word_1_291' title='bbox 1501 3537 1608 3595; x_wconf 90' lang='lat' dir='ltr'><strong>per</strong></span> <span class='ocrx_word' id='word_1_292' title='bbox 1653 3538 1803 3579; x_wconf 90' lang='lat' dir='ltr'><strong>vasa</strong></span> <span class='ocrx_word' id='word_1_293' title='bbox 1832 3522 1929 3577; x_wconf 70' lang='lat' dir='ltr'><strong>iraa</strong></span> 
     </span>
    </p>
   </div>
   <div class='ocr_carea' id='block_1_39' title="bbox 270 3604 1930 3684">
    <p class='ocr_par' dir='ltr' id='par_1_39' title="bbox 270 3604 1930 3684">
     <span class='ocr_line' id='line_1_39' title="bbox 270 3604 1930 3684; baseline 0.005 -24"><span class='ocrx_word' id='word_1_294' title='bbox 270 3607 448 3660; x_wconf 88' lang='lat' dir='ltr'><strong>notas</strong></span> <span class='ocrx_word' id='word_1_295' title='bbox 481 3604 625 3661; x_wconf 84' lang='lat' dir='ltr'><strong>facit</strong></span> <span class='ocrx_word' id='word_1_296' title='bbox 660 3606 896 3663; x_wconf 88' lang='lat' dir='ltr'><strong>divitias</strong></span> <span class='ocrx_word' id='word_1_297' title='bbox 921 3608 1118 3677; x_wconf 64' lang='lat' dir='ltr'><strong>gloriae</strong></span> <span class='ocrx_word' id='word_1_298' title='bbox 1150 3626 1290 3665; x_wconf 71' lang='lat' dir='ltr'><strong>suae.</strong></span> <span class='ocrx_word' id='word_1_299' title='bbox 1319 3614 1539 3667; x_wconf 81' lang='lat' dir='ltr'><strong>Horum</strong></span> <span class='ocrx_word' id='word_1_300' title='bbox 1564 3612 1630 3668; x_wconf 82' lang='lat' dir='ltr'><strong>iit</strong></span> <span class='ocrx_word' id='word_1_301' title='bbox 1664 3627 1773 3683; x_wconf 89' lang='lat' dir='ltr'><strong>per</strong></span> <span class='ocrx_word' id='word_1_302' title='bbox 1803 3612 1930 3684; x_wconf 90' lang='lat' dir='ltr'><strong>Spi-</strong></span> 
     </span>
    </p>
   </div>
   <div class='ocr_carea' id='block_1_40' title="bbox 268 3692 1926 3773">
    <p class='ocr_par' dir='ltr' id='par_1_40' title="bbox 268 3692 1926 3773">
     <span class='ocr_line' id='line_1_40' title="bbox 268 3692 1926 3773; baseline 0.004 -25"><span class='ocrx_word' id='word_1_303' title='bbox 268 3692 454 3748; x_wconf 86' lang='lat' dir='ltr'><strong>ritum</strong></span> <span class='ocrx_word' id='word_1_304' title='bbox 471 3699 747 3750; x_wconf 89' lang='lat' dir='ltr'><strong>sanctum</strong></span> <span class='ocrx_word' id='word_1_305' title='bbox 770 3711 872 3751; x_wconf 89' lang='lat' dir='ltr'><strong>cor</strong></span> <span class='ocrx_word' id='word_1_306' title='bbox 894 3712 1081 3753; x_wconf 90' lang='lat' dir='ltr'><strong>unum</strong></span> <span class='ocrx_word' id='word_1_307' title='bbox 1103 3702 1158 3753; x_wconf 90' lang='lat' dir='ltr'><strong>et</strong></span> <span class='ocrx_word' id='word_1_308' title='bbox 1180 3699 1384 3755; x_wconf 90' lang='lat' dir='ltr'><strong>anima</strong></span> <span class='ocrx_word' id='word_1_309' title='bbox 1403 3702 1688 3772; x_wconf 84' lang='lat' dir='ltr'><strong>una(Act.</strong></span> <span class='ocrx_word' id='word_1_310' title='bbox 1713 3718 1788 3769; x_wconf 79' lang='lat' dir='ltr'><strong>IV,</strong></span> <span class='ocrx_word' id='word_1_311' title='bbox 1811 3702 1926 3773; x_wconf 86' lang='lat'><strong>32),</strong></span> 
     </span>
    </p>
   </div>
   <div class='ocr_carea' id='block_1_41' title="bbox 275 3781 1929 3853">
    <p class='ocr_par' dir='ltr' id='par_1_41' title="bbox 275 3781 1929 3853">
     <span class='ocr_line' id='line_1_41' title="bbox 275 3781 1929 3853; baseline 0.007 -18"><span class='ocrx_word' id='word_1_312' title='bbox 275 3796 414 3853; x_wconf 66' lang='lat' dir='ltr'><strong>quas</strong></span> <span class='ocrx_word' id='word_1_313' title='bbox 444 3781 742 3839; x_wconf 88' lang='lat' dir='ltr'><strong>benedicit</strong></span> <span class='ocrx_word' id='word_1_314' title='bbox 770 3783 981 3851; x_wconf 89' lang='lat' dir='ltr'><strong>Deum,</strong></span> <span class='ocrx_word' id='word_1_315' title='bbox 1014 3791 1070 3841; x_wconf 92' lang='lat' dir='ltr'><strong>et</strong></span> <span class='ocrx_word' id='word_1_316' title='bbox 1114 3802 1238 3842; x_wconf 91' lang='lat' dir='ltr'><strong>non</strong></span> <span class='ocrx_word' id='word_1_317' title='bbox 1285 3788 1656 3845; x_wconf 89' lang='lat' dir='ltr'><strong>obliviscitur</strong></span> <span class='ocrx_word' id='word_1_318' title='bbox 1718 3806 1929 3846; x_wconf 88' lang='lat' dir='ltr'><strong>omnes</strong></span> 
     </span>
    </p>
   </div>
   <div class='ocr_carea' id='block_1_42' title="bbox 274 3870 1930 3951">
    <p class='ocr_par' dir='ltr' id='par_1_42' title="bbox 274 3870 1930 3951">
     <span class='ocr_line' id='line_1_42' title="bbox 274 3870 1930 3951; baseline 0.005 -25"><span class='ocrx_word' id='word_1_319' title='bbox 274 3870 694 3927; x_wconf 88' lang='lat' dir='ltr'><strong>retributiones</strong></span> <span class='ocrx_word' id='word_1_320' title='bbox 718 3873 867 3943; x_wconf 88' lang='lat' dir='ltr'><strong>ejus,</strong></span> <span class='ocrx_word' id='word_1_321' title='bbox 890 3875 993 3947; x_wconf 90' lang='lat' dir='ltr'><strong>qui</strong></span> <span class='ocrx_word' id='word_1_322' title='bbox 1020 3877 1314 3947; x_wconf 89' lang='lat' dir='ltr'><strong>propitius</strong></span> <span class='ocrx_word' id='word_1_323' title='bbox 1337 3877 1930 3951; x_wconf 88' lang='lat' dir='ltr'><strong>ﬁtomnibusiniqui-</strong></span> 
     </span>
    </p>
   </div>
   <div class='ocr_carea' id='block_1_43' title="bbox 274 3959 1926 4040">
    <p class='ocr_par' dir='ltr' id='par_1_43' title="bbox 274 3959 1926 4040">
     <span class='ocr_line' id='line_1_43' title="bbox 274 3959 1926 4040; baseline 0.006 -26"><span class='ocrx_word' id='word_1_324' title='bbox 274 3959 497 4015; x_wconf 89' lang='lat' dir='ltr'><strong>tatibus</strong></span> <span class='ocrx_word' id='word_1_325' title='bbox 525 3961 695 4031; x_wconf 88' lang='lat' dir='ltr'><strong>ejus;</strong></span> <span class='ocrx_word' id='word_1_326' title='bbox 724 3962 828 4034; x_wconf 92' lang='lat' dir='ltr'><strong>qui</strong></span> <span class='ocrx_word' id='word_1_327' title='bbox 854 3970 1028 4020; x_wconf 89' lang='lat' dir='ltr'><strong>sanat</strong></span> <span class='ocrx_word' id='word_1_328' title='bbox 1049 3981 1261 4021; x_wconf 89' lang='lat' dir='ltr'><strong>omnes</strong></span> <span class='ocrx_word' id='word_1_329' title='bbox 1289 3965 1609 4037; x_wconf 89' lang='lat' dir='ltr'><strong>languores</strong></span> <span class='ocrx_word' id='word_1_330' title='bbox 1638 3968 1800 4038; x_wconf 85' lang='lat' dir='ltr'><strong>ejus;</strong></span> <span class='ocrx_word' id='word_1_331' title='bbox 1824 3968 1926 4040; x_wconf 90' lang='lat' dir='ltr'><strong>qui</strong></span> 
     </span>
    </p>
   </div>
   <div class='ocr_carea' id='block_1_44' title="bbox 271 4048 1929 4129">
    <p class='ocr_par' dir='ltr' id='par_1_44' title="bbox 271 4048 1929 4129">
     <span class='ocr_line' id='line_1_44' title="bbox 271 4048 1929 4129; baseline 0.005 -24"><span class='ocrx_word' id='word_1_332' title='bbox 271 4048 599 4105; x_wconf 89' lang='lat' dir='ltr'><strong>redimitde</strong></span> <span class='ocrx_word' id='word_1_333' title='bbox 615 4053 998 4125; x_wconf 88' lang='lat' dir='ltr'><strong>corruptione</strong></span> <span class='ocrx_word' id='word_1_334' title='bbox 1019 4054 1204 4111; x_wconf 86' lang='lat' dir='ltr'><strong>vitam</strong></span> <span class='ocrx_word' id='word_1_335' title='bbox 1225 4056 1355 4126; x_wconf 89' lang='lat' dir='ltr'><strong>ejus</strong></span> <span class='ocrx_word' id='word_1_336' title='bbox 1380 4074 1394 4124; x_wconf 88' lang='lat'><strong>;</strong></span> <span class='ocrx_word' id='word_1_337' title='bbox 1418 4057 1519 4129; x_wconf 92' lang='lat' dir='ltr'><strong>qui</strong></span> <span class='ocrx_word' id='word_1_338' title='bbox 1539 4062 1929 4114; x_wconf 89' lang='lat' dir='ltr'><strong>coronateam</strong></span> 
     </span>
    </p>
   </div>
   <div class='ocr_carea' id='block_1_45' title="bbox 273 4137 1930 4217">
    <p class='ocr_par' dir='ltr' id='par_1_45' title="bbox 273 4137 1930 4217">
     <span class='ocr_line' id='line_1_45' title="bbox 273 4137 1930 4217; baseline 0.006 -24"><span class='ocrx_word' id='word_1_339' title='bbox 273 4137 337 4193; x_wconf 91' lang='lat' dir='ltr'><strong>in</strong></span> <span class='ocrx_word' id='word_1_340' title='bbox 365 4138 763 4197; x_wconf 87' lang='lat' dir='ltr'><strong>misericordia</strong></span> <span class='ocrx_word' id='word_1_341' title='bbox 788 4143 970 4212; x_wconf 90' lang='lat' dir='ltr'><strong>(Psal.</strong></span> <span class='ocrx_word' id='word_1_342' title='bbox 1000 4159 1091 4208; x_wconf 90' lang='lat' dir='ltr'><strong>cu,</strong></span> <span class='ocrx_word' id='word_1_343' title='bbox 1130 4148 1182 4210; x_wconf 95' lang='lat'><strong>2,</strong></span> <span class='ocrx_word' id='word_1_344' title='bbox 1226 4147 1307 4214; x_wconf 88' lang='lat'><strong>2),</strong></span> <span class='ocrx_word' id='word_1_345' title='bbox 1346 4146 1489 4217; x_wconf 90' lang='lat' dir='ltr'><strong>quia</strong></span> <span class='ocrx_word' id='word_1_346' title='bbox 1515 4161 1637 4201; x_wconf 92' lang='lat' dir='ltr'><strong>non</strong></span> <span class='ocrx_word' id='word_1_347' title='bbox 1675 4146 1930 4203; x_wconf 89' lang='lat' dir='ltr'><strong>volentis</strong></span> 
     </span>
    </p>
   </div>
   <div class='ocr_carea' id='block_1_46' title="bbox 272 4230 1569 4299">
    <p class='ocr_par' dir='ltr' id='par_1_46' title="bbox 272 4230 1569 4299">
     <span class='ocr_line' id='line_1_46' title="bbox 272 4230 1569 4299; baseline 0.003 -17"><span class='ocrx_word' id='word_1_348' title='bbox 272 4242 471 4299; x_wconf 88' lang='lat' dir='ltr'><strong>neque</strong></span> <span class='ocrx_word' id='word_1_349' title='bbox 495 4230 803 4291; x_wconf 87' lang='lat' dir='ltr'><strong>currentis,</strong></span> <span class='ocrx_word' id='word_1_350' title='bbox 832 4232 937 4287; x_wconf 91' lang='lat' dir='ltr'><strong>sed</strong></span> <span class='ocrx_word' id='word_1_351' title='bbox 969 4232 1302 4289; x_wconf 88' lang='lat' dir='ltr'><strong>miserentis</strong></span> <span class='ocrx_word' id='word_1_352' title='bbox 1330 4238 1417 4290; x_wconf 92' lang='lat' dir='ltr'><strong>est</strong></span> <span class='ocrx_word' id='word_1_353' title='bbox 1449 4235 1569 4290; x_wconf 90' lang='lat' dir='ltr'><strong>Dei.</strong></span> 
     </span>
    </p>
   </div>
   <div class='ocr_carea' id='block_1_47' title="bbox 342 4316 1927 4381">
    <p class='ocr_par' dir='ltr' id='par_1_47' title="bbox 342 4316 1927 4381">
     <span class='ocr_line' id='line_1_47' title="bbox 342 4316 1927 4381; baseline 0.006 -11"><span class='ocrx_word' id='word_1_354' title='bbox 342 4317 434 4370; x_wconf 88' lang='lat'><strong>26.</strong></span> <span class='ocrx_word' id='word_1_355' title='bbox 470 4316 670 4373; x_wconf 73' lang='lat' dir='ltr'><strong>Caeteri</strong></span> <span class='ocrx_word' id='word_1_356' title='bbox 709 4325 910 4375; x_wconf 89' lang='lat' dir='ltr'><strong>autem</strong></span> <span class='ocrx_word' id='word_1_357' title='bbox 945 4320 1225 4378; x_wconf 90' lang='lat' dir='ltr'><strong>homines</strong></span> <span class='ocrx_word' id='word_1_358' title='bbox 1258 4323 1336 4377; x_wconf 89' lang='lat' dir='ltr'><strong>ad</strong></span> <span class='ocrx_word' id='word_1_359' title='bbox 1369 4322 1545 4380; x_wconf 90' lang='lat' dir='ltr'><strong>istam</strong></span> <span class='ocrx_word' id='word_1_360' title='bbox 1582 4325 1927 4381; x_wconf 88' lang='lat' dir='ltr'><strong>societatem</strong></span> 
     </span>
    </p>
   </div>
   <div class='ocr_carea' id='block_1_48' title="bbox 270 4406 1930 4481">
    <p class='ocr_par' dir='ltr' id='par_1_48' title="bbox 270 4406 1930 4481">
     <span class='ocr_line' id='line_1_48' title="bbox 270 4406 1930 4481; baseline 0.006 -21"><span class='ocrx_word' id='word_1_361' title='bbox 270 4420 396 4461; x_wconf 87' lang='lat' dir='ltr'><strong>non</strong></span> <span class='ocrx_word' id='word_1_362' title='bbox 427 4406 810 4477; x_wconf 88' lang='lat' dir='ltr'><strong>pertinentes,</strong></span> <span class='ocrx_word' id='word_1_363' title='bbox 837 4425 1098 4481; x_wconf 90' lang='lat' dir='ltr'><strong>quorum</strong></span> <span class='ocrx_word' id='word_1_364' title='bbox 1127 4417 1324 4467; x_wconf 88' lang='lat' dir='ltr'><strong>tamen</strong></span> <span class='ocrx_word' id='word_1_365' title='bbox 1352 4418 1407 4468; x_wconf 90' lang='lat' dir='ltr'><strong>et</strong></span> <span class='ocrx_word' id='word_1_366' title='bbox 1432 4413 1699 4470; x_wconf 88' lang='lat' dir='ltr'><strong>animam</strong></span> <span class='ocrx_word' id='word_1_367' title='bbox 1722 4420 1777 4470; x_wconf 89' lang='lat' dir='ltr'><strong>et</strong></span> <span class='ocrx_word' id='word_1_368' title='bbox 1802 4430 1930 4471; x_wconf 89' lang='lat' dir='ltr'><strong>cor-</strong></span> 
     </span>
    </p>
   </div>
   <div class='ocr_carea' id='block_1_49' title="bbox 272 4495 1931 4576">
    <p class='ocr_par' dir='ltr' id='par_1_49' title="bbox 272 4495 1931 4576">
     <span class='ocr_line' id='line_1_49' title="bbox 272 4495 1931 4576; baseline 0.007 -27"><span class='ocrx_word' id='word_1_369' title='bbox 272 4509 392 4566; x_wconf 91' lang='lat' dir='ltr'><strong>pus</strong></span> <span class='ocrx_word' id='word_1_370' title='bbox 421 4495 773 4553; x_wconf 89' lang='lat' dir='ltr'><strong>Deibonitas</strong></span> <span class='ocrx_word' id='word_1_371' title='bbox 786 4504 1033 4570; x_wconf 88' lang='lat' dir='ltr'><strong>operata</strong></span> <span class='ocrx_word' id='word_1_372' title='bbox 1048 4505 1154 4567; x_wconf 89' lang='lat' dir='ltr'><strong>est,</strong></span> <span class='ocrx_word' id='word_1_373' title='bbox 1183 4505 1240 4557; x_wconf 90' lang='lat' dir='ltr'><strong>et</strong></span> <span class='ocrx_word' id='word_1_374' title='bbox 1267 4502 1564 4575; x_wconf 88' lang='lat' dir='ltr'><strong>quidquid</strong></span> <span class='ocrx_word' id='word_1_375' title='bbox 1589 4503 1774 4559; x_wconf 86' lang='lat' dir='ltr'><strong>habet</strong></span> <span class='ocrx_word' id='word_1_376' title='bbox 1797 4505 1931 4576; x_wconf 88' lang='lat' dir='ltr'><strong>ipsa</strong></span> 
     </span>
    </p>
   </div>
   <div class='ocr_carea' id='block_1_50' title="bbox 274 4588 1930 4665">
    <p class='ocr_par' dir='ltr' id='par_1_50' title="bbox 274 4588 1930 4665">
     <span class='ocr_line' id='line_1_50' title="bbox 274 4588 1930 4665; baseline 0.005 -27"><span class='ocrx_word' id='word_1_377' title='bbox 274 4588 496 4639; x_wconf 88' lang='lat' dir='ltr'><strong>natura</strong></span> <span class='ocrx_word' id='word_1_378' title='bbox 526 4590 741 4656; x_wconf 65' lang='lat' dir='ltr'><strong>prater</strong></span> <span class='ocrx_word' id='word_1_379' title='bbox 787 4588 1019 4654; x_wconf 89' lang='lat' dir='ltr'><strong>vitium,</strong></span> <span class='ocrx_word' id='word_1_380' title='bbox 1072 4590 1237 4661; x_wconf 90' lang='lat' dir='ltr'><strong>quod</strong></span> <span class='ocrx_word' id='word_1_381' title='bbox 1263 4590 1456 4647; x_wconf 90' lang='lat' dir='ltr'><strong>eidem</strong></span> <span class='ocrx_word' id='word_1_382' title='bbox 1488 4591 1696 4647; x_wconf 82' lang='lat' dir='ltr'><strong>inflixit</strong></span> <span class='ocrx_word' id='word_1_383' title='bbox 1727 4609 1930 4665; x_wconf 89' lang='lat' dir='ltr'><strong>super-</strong></span> 
     </span>
    </p>
   </div>
   <div class='ocr_carea' id='block_1_51' title="bbox 272 4672 1931 4752">
    <p class='ocr_par' dir='ltr' id='par_1_51' title="bbox 272 4672 1931 4752">
     <span class='ocr_line' id='line_1_51' title="bbox 272 4672 1931 4752; baseline 0.005 -25"><span class='ocrx_word' id='word_1_384' title='bbox 272 4672 488 4728; x_wconf 89' lang='lat' dir='ltr'><strong>bientis</strong></span> <span class='ocrx_word' id='word_1_385' title='bbox 514 4674 833 4732; x_wconf 90' lang='lat' dir='ltr'><strong>voluntatis</strong></span> <span class='ocrx_word' id='word_1_386' title='bbox 854 4678 1130 4744; x_wconf 87' lang='lat' dir='ltr'><strong>audacia,</strong></span> <span class='ocrx_word' id='word_1_387' title='bbox 1154 4685 1396 4751; x_wconf 89' lang='lat' dir='ltr'><strong>propter</strong></span> <span class='ocrx_word' id='word_1_388' title='bbox 1414 4680 1529 4735; x_wconf 91' lang='lat' dir='ltr'><strong>hoc</strong></span> <span class='ocrx_word' id='word_1_389' title='bbox 1552 4697 1587 4736; x_wconf 91' lang='lat' dir='ltr'><strong>a</strong></span> <span class='ocrx_word' id='word_1_390' title='bbox 1613 4683 1729 4736; x_wconf 90' lang='lat' dir='ltr'><strong>Deo</strong></span> <span class='ocrx_word' id='word_1_391' title='bbox 1754 4697 1931 4752; x_wconf 68' lang='lat' dir='ltr'><strong>prses-</strong></span> 
     </span>
    </p>
   </div>
   <div class='ocr_carea' id='block_1_52' title="bbox 274 4762 1927 4834">
    <p class='ocr_par' dir='ltr' id='par_1_52' title="bbox 274 4762 1927 4834">
     <span class='ocr_line' id='line_1_52' title="bbox 274 4762 1927 4834; baseline 0.006 -18"><span class='ocrx_word' id='word_1_392' title='bbox 274 4762 466 4817; x_wconf 92' lang='lat' dir='ltr'><strong>ciente</strong></span> <span class='ocrx_word' id='word_1_393' title='bbox 503 4764 682 4819; x_wconf 89' lang='lat' dir='ltr'><strong>creati</strong></span> <span class='ocrx_word' id='word_1_394' title='bbox 732 4770 893 4834; x_wconf 87' lang='lat' dir='ltr'><strong>sunt,</strong></span> <span class='ocrx_word' id='word_1_395' title='bbox 935 4771 1000 4822; x_wconf 93' lang='lat' dir='ltr'><strong>ut</strong></span> <span class='ocrx_word' id='word_1_396' title='bbox 1042 4767 1102 4822; x_wconf 93' lang='lat' dir='ltr'><strong>in</strong></span> <span class='ocrx_word' id='word_1_397' title='bbox 1150 4767 1246 4823; x_wconf 91' lang='lat' dir='ltr'><strong>his</strong></span> <span class='ocrx_word' id='word_1_398' title='bbox 1289 4768 1631 4824; x_wconf 89' lang='lat' dir='ltr'><strong>ostenderet</strong></span> <span class='ocrx_word' id='word_1_399' title='bbox 1671 4769 1927 4826; x_wconf 80' lang='lat' dir='ltr'><strong>liberum</strong></span> 
     </span>
    </p>
   </div>
   <div class='ocr_carea' id='block_1_53' title="bbox 273 4849 1931 4929">
    <p class='ocr_par' dir='ltr' id='par_1_53' title="bbox 273 4849 1931 4929">
     <span class='ocr_line' id='line_1_53' title="bbox 273 4849 1931 4929; baseline 0.006 -24"><span class='ocrx_word' id='word_1_400' title='bbox 273 4849 590 4907; x_wconf 86' lang='lat' dir='ltr'><strong>desertoris</strong></span> <span class='ocrx_word' id='word_1_401' title='bbox 613 4852 924 4912; x_wconf 89' lang='lat' dir='ltr'><strong>arbitrium</strong></span> <span class='ocrx_word' id='word_1_402' title='bbox 938 4857 1063 4912; x_wconf 89' lang='lat' dir='ltr'><strong>sine</strong></span> <span class='ocrx_word' id='word_1_403' title='bbox 1077 4872 1188 4913; x_wconf 90' lang='lat' dir='ltr'><strong>sua</strong></span> <span class='ocrx_word' id='word_1_404' title='bbox 1199 4858 1391 4927; x_wconf 88' lang='lat' dir='ltr'><strong>gratia</strong></span> <span class='ocrx_word' id='word_1_405' title='bbox 1405 4858 1551 4929; x_wconf 89' lang='lat' dir='ltr'><strong>quid</strong></span> <span class='ocrx_word' id='word_1_406' title='bbox 1584 4858 1803 4915; x_wconf 90' lang='lat' dir='ltr'><strong>valeret</strong></span> <span class='ocrx_word' id='word_1_407' title='bbox 1826 4876 1840 4925; x_wconf 89' lang='lat'><strong>;</strong></span> <span class='ocrx_word' id='word_1_408' title='bbox 1874 4864 1931 4915; x_wconf 92' lang='lat' dir='ltr'><strong>et</strong></span> 
     </span>
    </p>
   </div>
   <div class='ocr_carea' id='block_1_54' title="bbox 271 4938 1926 5017">
    <p class='ocr_par' dir='ltr' id='par_1_54' title="bbox 271 4938 1926 5017">
     <span class='ocr_line' id='line_1_54' title="bbox 271 4938 1926 5017; baseline 0.005 -22"><span class='ocrx_word' id='word_1_409' title='bbox 271 4938 337 4995; x_wconf 88' lang='lat' dir='ltr'><strong>in</strong></span> <span class='ocrx_word' id='word_1_410' title='bbox 366 4954 571 4996; x_wconf 89' lang='lat' dir='ltr'><strong>eorum</strong></span> <span class='ocrx_word' id='word_1_411' title='bbox 596 4942 773 5013; x_wconf 90' lang='lat' dir='ltr'><strong>justis</strong></span> <span class='ocrx_word' id='word_1_412' title='bbox 793 4948 850 5000; x_wconf 91' lang='lat' dir='ltr'><strong>et</strong></span> <span class='ocrx_word' id='word_1_413' title='bbox 868 4944 1086 5001; x_wconf 90' lang='lat' dir='ltr'><strong>debitis</strong></span> <span class='ocrx_word' id='word_1_414' title='bbox 1105 4948 1296 5017; x_wconf 71' lang='lat' dir='ltr'><strong>poenis</strong></span> <span class='ocrx_word' id='word_1_415' title='bbox 1320 4962 1462 5002; x_wconf 86' lang='lat' dir='ltr'><strong>vasa</strong></span> <span class='ocrx_word' id='word_1_416' title='bbox 1485 4946 1926 5013; x_wconf 67' lang='lat' dir='ltr'><strong>misericordiae,</strong></span> 
     </span>
    </p>
   </div>
   <div class='ocr_carea' id='block_1_55' title="bbox 269 5036 1930 5108">
    <p class='ocr_par' dir='ltr' id='par_1_55' title="bbox 269 5036 1930 5108">
     <span class='ocr_line' id='line_1_55' title="bbox 269 5036 1930 5108; baseline 0.006 -24"><span class='ocrx_word' id='word_1_417' title='bbox 269 5044 409 5101; x_wconf 71' lang='lat' dir='ltr'><strong>quas</strong></span> <span class='ocrx_word' id='word_1_418' title='bbox 441 5045 563 5086; x_wconf 89' lang='lat' dir='ltr'><strong>non</strong></span> <span class='ocrx_word' id='word_1_419' title='bbox 596 5047 845 5089; x_wconf 90' lang='lat' dir='ltr'><strong>suorum</strong></span> <span class='ocrx_word' id='word_1_420' title='bbox 867 5050 1119 5105; x_wconf 90' lang='lat' dir='ltr'><strong>operum</strong></span> <span class='ocrx_word' id='word_1_421' title='bbox 1144 5036 1388 5099; x_wconf 87' lang='lat' dir='ltr'><strong>meritis,</strong></span> <span class='ocrx_word' id='word_1_422' title='bbox 1417 5036 1522 5091; x_wconf 91' lang='lat' dir='ltr'><strong>sed</strong></span> <span class='ocrx_word' id='word_1_423' title='bbox 1544 5037 1804 5108; x_wconf 87' lang='lat' dir='ltr'><strong>gratuita</strong></span> <span class='ocrx_word' id='word_1_424' title='bbox 1832 5038 1930 5094; x_wconf 92' lang='lat' dir='ltr'><strong>Dei</strong></span> 
     </span>
    </p>
   </div>
   <div class='ocr_carea' id='block_1_56' title="bbox 273 5119 1929 5197">
    <p class='ocr_par' dir='ltr' id='par_1_56' title="bbox 273 5119 1929 5197">
     <span class='ocr_line' id='line_1_56' title="bbox 273 5119 1929 5197; baseline 0.005 -23"><span class='ocrx_word' id='word_1_425' title='bbox 273 5119 466 5187; x_wconf 88' lang='lat' dir='ltr'><strong>gratia</strong></span> <span class='ocrx_word' id='word_1_426' title='bbox 491 5124 629 5176; x_wconf 92' lang='lat' dir='ltr'><strong>sunt</strong></span> <span class='ocrx_word' id='word_1_427' title='bbox 658 5121 735 5177; x_wconf 92' lang='lat' dir='ltr'><strong>ab</strong></span> <span class='ocrx_word' id='word_1_428' title='bbox 760 5122 863 5178; x_wconf 82' lang='lat' dir='ltr'><strong>illa</strong></span> <span class='ocrx_word' id='word_1_429' title='bbox 891 5125 1266 5181; x_wconf 89' lang='lat' dir='ltr'><strong>concretione</strong></span> <span class='ocrx_word' id='word_1_430' title='bbox 1292 5125 1566 5191; x_wconf 88' lang='lat' dir='ltr'><strong>discreta,</strong></span> <span class='ocrx_word' id='word_1_431' title='bbox 1617 5126 1763 5197; x_wconf 90' lang='lat' dir='ltr'><strong>quid</strong></span> <span class='ocrx_word' id='word_1_432' title='bbox 1814 5126 1929 5182; x_wconf 91' lang='lat' dir='ltr'><strong>sibi</strong></span> 
     </span>
    </p>
   </div>
   <div class='ocr_carea' id='block_1_57' title="bbox 272 5208 1933 5280">
    <p class='ocr_par' dir='ltr' id='par_1_57' title="bbox 272 5208 1933 5280">
     <span class='ocr_line' id='line_1_57' title="bbox 272 5208 1933 5280; baseline 0.004 -16"><span class='ocrx_word' id='word_1_433' title='bbox 272 5208 562 5264; x_wconf 90' lang='lat' dir='ltr'><strong>collatum</strong></span> <span class='ocrx_word' id='word_1_434' title='bbox 588 5216 745 5267; x_wconf 88' lang='lat' dir='ltr'><strong>esset</strong></span> <span class='ocrx_word' id='word_1_435' title='bbox 765 5212 1177 5280; x_wconf 89' lang='lat' dir='ltr'><strong>addiscerent;</strong></span> <span class='ocrx_word' id='word_1_436' title='bbox 1206 5219 1268 5269; x_wconf 93' lang='lat' dir='ltr'><strong>ut</strong></span> <span class='ocrx_word' id='word_1_437' title='bbox 1291 5230 1471 5270; x_wconf 90' lang='lat' dir='ltr'><strong>omne</strong></span> <span class='ocrx_word' id='word_1_438' title='bbox 1492 5231 1559 5270; x_wconf 92' lang='lat' dir='ltr'><strong>os</strong></span> <span class='ocrx_word' id='word_1_439' title='bbox 1581 5220 1933 5271; x_wconf 87' lang='lat' dir='ltr'><strong>obstruatur</strong></span> 
     </span>
    </p>
   </div>
   <div class='ocr_carea' id='block_1_58' title="bbox 274 5298 1932 5374">
    <p class='ocr_par' dir='ltr' id='par_1_58' title="bbox 274 5298 1932 5374">
     <span class='ocr_line' id='line_1_58' title="bbox 274 5298 1932 5374; baseline 0.004 -22"><span class='ocrx_word' id='word_1_440' title='bbox 274 5298 473 5365; x_wconf 82' lang='lat' dir='ltr'><strong>(Rom.</strong></span> <span class='ocrx_word' id='word_1_441' title='bbox 496 5314 577 5361; x_wconf 88' lang='grc' dir='ltr'>ιιι,</span> <span class='ocrx_word' id='word_1_442' title='bbox 612 5303 720 5372; x_wconf 78' lang='grc'><strong>19),</strong></span> <span class='ocrx_word' id='word_1_443' title='bbox 752 5302 929 5374; x_wconf 91' lang='lat' dir='ltr'><strong>etqui</strong></span> <span class='ocrx_word' id='word_1_444' title='bbox 952 5303 1258 5373; x_wconf 88' lang='lat' dir='ltr'><strong>gloriatur.</strong></span> <span class='ocrx_word' id='word_1_445' title='bbox 1286 5305 1346 5359; x_wconf 91' lang='lat' dir='ltr'><strong>in</strong></span> <span class='ocrx_word' id='word_1_446' title='bbox 1377 5304 1631 5359; x_wconf 87' lang='lat' dir='ltr'><strong>Domino</strong></span> <span class='ocrx_word' id='word_1_447' title='bbox 1649 5303 1932 5373; x_wconf 81' lang='lat' dir='ltr'><strong>glorietur</strong></span> 
     </span>
    </p>
   </div>
   <div class='ocr_carea' id='block_1_59' title="bbox 276 5387 685 5460">
    <p class='ocr_par' dir='ltr' id='par_1_59' title="bbox 276 5387 685 5460">
     <span class='ocr_line' id='line_1_59' title="bbox 276 5387 685 5460; baseline 0.002 -18"><span class='ocrx_word' id='word_1_448' title='bbox 276 5387 325 5456; x_wconf 87' lang='grc' dir='ltr'>(ι</span> <span class='ocrx_word' id='word_1_449' title='bbox 357 5388 473 5442; x_wconf 87' lang='lat' dir='ltr'><strong>Cor</strong></span> <span class='ocrx_word' id='word_1_450' title='bbox 502 5404 541 5454; x_wconf 87' lang='lat' dir='ltr'><strong>I,</strong></span> <span class='ocrx_word' id='word_1_451' title='bbox 575 5390 685 5460; x_wconf 87' lang='lat' dir='ltr'><strong>3t).</strong></span> 
     </span>
    </p>
   </div>
   <div class='ocr_carea' id='block_1_60' title="bbox 352 5476 1931 5553">
    <p class='ocr_par' dir='ltr' id='par_1_60' title="bbox 352 5476 1931 5553">
     <span class='ocr_line' id='line_1_60' title="bbox 352 5476 1931 5553; baseline 0.004 -23"><span class='ocrx_word' id='word_1_452' title='bbox 352 5476 580 5533; x_wconf 85' lang='lat' dir='ltr'><strong>CAPUT</strong></span> <span class='ocrx_word' id='word_1_453' title='bbox 616 5480 748 5535; x_wconf 82' lang='lat' dir='ltr'><strong>VIII.</strong></span> <span class='ocrx_word' id='word_1_454' title='bbox 783 5510 849 5521; x_wconf 88' lang='lat'><strong>-—</strong></span> <span class='ocrx_word' id='word_1_455' title='bbox 875 5483 963 5535; x_wconf 89' lang='lat'><strong>27.</strong></span> <span class='ocrx_word' id='word_1_456' title='bbox 994 5481 1272 5553; x_wconf 86' lang='lat' dir='ltr'><strong>Quisquis</strong></span> <span class='ocrx_word' id='word_1_457' title='bbox 1304 5481 1471 5537; x_wconf 90' lang='lat' dir='ltr'><strong>aliter</strong></span> <span class='ocrx_word' id='word_1_458' title='bbox 1496 5481 1687 5548; x_wconf 77' lang='lat' dir='ltr'><strong>dooet,</strong></span> <span class='ocrx_word' id='word_1_459' title='bbox 1712 5486 1768 5537; x_wconf 88' lang='lat' dir='ltr'><strong>et</strong></span> <span class='ocrx_word' id='word_1_460' title='bbox 1809 5497 1931 5538; x_wconf 90' lang='lat' dir='ltr'><strong>non</strong></span> 
     </span>
    </p>
   </div>
   <div class='ocr_carea' id='block_1_61' title="bbox 274 5566 1933 5637">
    <p class='ocr_par' dir='ltr' id='par_1_61' title="bbox 274 5566 1933 5637">
     <span class='ocr_line' id='line_1_61' title="bbox 274 5566 1933 5637; baseline 0.003 -16"><span class='ocrx_word' id='word_1_461' title='bbox 274 5566 778 5637; x_wconf 87' lang='lat' dir='ltr'><strong>acquiescitsanis</strong></span> <span class='ocrx_word' id='word_1_462' title='bbox 791 5571 1172 5627; x_wconf 88' lang='lat' dir='ltr'><strong>sermonibus</strong></span> <span class='ocrx_word' id='word_1_463' title='bbox 1186 5571 1762 5627; x_wconf 86' lang='lat' dir='ltr'><strong>DomininostriJesu</strong></span> <span class='ocrx_word' id='word_1_464' title='bbox 1778 5571 1933 5626; x_wconf 91' lang='lat' dir='ltr'><strong>Chri-</strong></span> 
     </span>
    </p>
   </div>
   <div class='ocr_carea' id='block_1_62' title="bbox 281 5655 1933 5737">
    <p class='ocr_par' dir='ltr' id='par_1_62' title="bbox 281 5655 1933 5737">
     <span class='ocr_line' id='line_1_62' title="bbox 281 5655 1933 5737; baseline 0.005 -28"><span class='ocrx_word' id='word_1_465' title='bbox 281 5655 357 5717; x_wconf 85' lang='lat' dir='ltr'><strong>sti</strong></span> <span class='ocrx_word' id='word_1_466' title='bbox 382 5656 662 5730; x_wconf 78' lang='lat' dir='ltr'><strong>quidixit,</strong></span> <span class='ocrx_word' id='word_1_467' title='bbox 691 5657 857 5716; x_wconf 81' lang='lat' dir='ltr'><strong>Venit</strong></span> <span class='ocrx_word' id='word_1_468' title='bbox 877 5659 1068 5731; x_wconf 79' lang='lat' dir='ltr'><strong>Filius</strong></span> <span class='ocrx_word' id='word_1_469' title='bbox 1086 5660 1338 5719; x_wconf 82' lang='lat' dir='ltr'><strong>hominis</strong></span> <span class='ocrx_word' id='word_1_470' title='bbox 1355 5675 1615 5737; x_wconf 58' lang='lat' dir='ltr'><strong>quarere</strong></span> <span class='ocrx_word' id='word_1_471' title='bbox 1625 5665 1680 5719; x_wconf 87' lang='lat' dir='ltr'><strong>et</strong></span> <span class='ocrx_word' id='word_1_472' title='bbox 1695 5660 1933 5719; x_wconf 83' lang='lat' dir='ltr'><strong>salvare</strong></span> 
     </span>
    </p>
   </div>
   <div class='ocr_carea' id='block_1_63' title="bbox 1502 180 2476 245">
    <p class='ocr_par' dir='ltr' id='par_1_63' title="bbox 1502 180 2476 245">
     <span class='ocr_line' id='line_1_63' title="bbox 1502 180 2476 245; baseline 0.003 -3"><span class='ocrx_word' id='word_1_473' title='bbox 1502 180 2005 244; x_wconf 79' lang='lat' dir='ltr'><strong>EPISTOLARUM</strong></span> <span class='ocrx_word' id='word_1_474' title='bbox 2045 182 2335 245; x_wconf 88' lang='lat' dir='ltr'><strong>CLASSIS</strong></span> <span class='ocrx_word' id='word_1_475' title='bbox 2380 189 2476 245; x_wconf 92' lang='lat' dir='ltr'><strong>III.</strong></span> 
     </span>
    </p>
   </div>
   <div class='ocr_carea' id='block_1_64' title="bbox 3585 188 3709 243">
    <p class='ocr_par' dir='ltr' id='par_1_64' title="bbox 3585 188 3709 243">
     <span class='ocr_line' id='line_1_64' title="bbox 3585 188 3709 243; baseline 0.008 -1"><span class='ocrx_word' id='word_1_476' title='bbox 3585 188 3709 243; x_wconf 74' lang='lat'><strong>8261</strong></span> 
     </span>
    </p>
   </div>
   <div class='ocr_carea' id='block_1_65' title="bbox 2028 311 3691 389">
    <p class='ocr_par' dir='ltr' id='par_1_65' title="bbox 2028 311 3691 389">
     <span class='ocr_line' id='line_1_65' title="bbox 2028 311 3691 389; baseline 0.003 -25"><span class='ocrx_word' id='word_1_477' title='bbox 2028 311 2187 380; x_wconf 81' lang='lat' dir='ltr'><strong>quod</strong></span> <span class='ocrx_word' id='word_1_478' title='bbox 2210 314 2463 381; x_wconf 80' lang='lat' dir='ltr'><strong>perierat</strong></span> <span class='ocrx_word' id='word_1_479' title='bbox 2493 316 2669 389; x_wconf 86' lang='lat' dir='ltr'><strong>(Luc.</strong></span> <span class='ocrx_word' id='word_1_480' title='bbox 2703 331 2824 379; x_wconf 70' lang='grc' dir='ltr'>χιι,</span> <span class='ocrx_word' id='word_1_481' title='bbox 2857 312 2982 386; x_wconf 82' lang='grc'><strong>10);</strong></span> <span class='ocrx_word' id='word_1_482' title='bbox 3013 328 3137 369; x_wconf 89' lang='lat' dir='ltr'><strong>non</strong></span> <span class='ocrx_word' id='word_1_483' title='bbox 3169 311 3327 368; x_wconf 84' lang='lat' dir='ltr'><strong>enim</strong></span> <span class='ocrx_word' id='word_1_484' title='bbox 3362 312 3462 381; x_wconf 89' lang='lat' dir='ltr'><strong>ait,</strong></span> <span class='ocrx_word' id='word_1_485' title='bbox 3516 313 3691 379; x_wconf 83' lang='lat' dir='ltr'><strong>Quod</strong></span> 
     </span>
    </p>
   </div>
   <div class='ocr_carea' id='block_1_66' title="bbox 2028 400 3690 476">
    <p class='ocr_par' dir='ltr' id='par_1_66' title="bbox 2028 400 3690 476">
     <span class='ocr_line' id='line_1_66' title="bbox 2028 400 3690 476; baseline 0.002 -23"><span class='ocrx_word' id='word_1_486' title='bbox 2028 400 2354 469; x_wconf 84' lang='lat' dir='ltr'><strong>periturum</strong></span> <span class='ocrx_word' id='word_1_487' title='bbox 2371 405 2582 472; x_wconf 83' lang='lat' dir='ltr'><strong>fuerat,</strong></span> <span class='ocrx_word' id='word_1_488' title='bbox 2597 405 2703 461; x_wconf 89' lang='lat' dir='ltr'><strong>sed</strong></span> <span class='ocrx_word' id='word_1_489' title='bbox 2716 406 2869 476; x_wconf 85' lang='lat' dir='ltr'><strong>quod</strong></span> <span class='ocrx_word' id='word_1_490' title='bbox 2878 404 3137 473; x_wconf 78' lang='lat' dir='ltr'><strong>perierat</strong></span> <span class='ocrx_word' id='word_1_491' title='bbox 3151 420 3169 467; x_wconf 90' lang='lat'><strong>;</strong></span> <span class='ocrx_word' id='word_1_492' title='bbox 3183 402 3328 473; x_wconf 92' lang='lat' dir='ltr'><strong>quid</strong></span> <span class='ocrx_word' id='word_1_493' title='bbox 3343 403 3690 465; x_wconf 89' lang='lat' dir='ltr'><strong>ostendens,</strong></span> 
     </span>
    </p>
   </div>
   <div class='ocr_carea' id='block_1_67' title="bbox 2027 487 3689 565">
    <p class='ocr_par' dir='ltr' id='par_1_67' title="bbox 2027 487 3689 565">
     <span class='ocr_line' id='line_1_67' title="bbox 2027 487 3689 565; baseline 0.004 -24"><span class='ocrx_word' id='word_1_494' title='bbox 2027 487 2137 542; x_wconf 87' lang='lat' dir='ltr'><strong>nisi</strong></span> <span class='ocrx_word' id='word_1_495' title='bbox 2161 496 2404 560; x_wconf 89' lang='lat' dir='ltr'><strong>peccato</strong></span> <span class='ocrx_word' id='word_1_496' title='bbox 2424 495 2596 565; x_wconf 89' lang='lat' dir='ltr'><strong>primi</strong></span> <span class='ocrx_word' id='word_1_497' title='bbox 2614 494 2877 550; x_wconf 87' lang='lat' dir='ltr'><strong>hominis</strong></span> <span class='ocrx_word' id='word_1_498' title='bbox 2898 492 3159 548; x_wconf 81' lang='lat' dir='ltr'><strong>universi</strong></span> <span class='ocrx_word' id='word_1_499' title='bbox 3181 490 3416 561; x_wconf 85' lang='lat' dir='ltr'><strong>generis</strong></span> <span class='ocrx_word' id='word_1_500' title='bbox 3437 491 3689 547; x_wconf 86' lang='lat' dir='ltr'><strong>humani</strong></span> 
     </span>
    </p>
   </div>
   <div class='ocr_carea' id='block_1_68' title="bbox 2028 578 3688 656">
    <p class='ocr_par' dir='ltr' id='par_1_68' title="bbox 2028 578 3688 656">
     <span class='ocr_line' id='line_1_68' title="bbox 2028 578 3688 656; baseline 0.002 -24"><span class='ocrx_word' id='word_1_501' title='bbox 2028 578 2273 648; x_wconf 89' lang='lat' dir='ltr'><strong>periisse</strong></span> <span class='ocrx_word' id='word_1_502' title='bbox 2298 586 2575 639; x_wconf 89' lang='lat' dir='ltr'><strong>naturam</strong></span> <span class='ocrx_word' id='word_1_503' title='bbox 2601 584 2629 637; x_wconf 86' lang='lat'><strong><em>?</em></strong></span> <span class='ocrx_word' id='word_1_504' title='bbox 2659 584 2763 656; x_wconf 91' lang='lat' dir='ltr'><strong>qui</strong></span> <span class='ocrx_word' id='word_1_505' title='bbox 2805 599 2946 654; x_wconf 87' lang='lat' dir='ltr'><strong>ergo</strong></span> <span class='ocrx_word' id='word_1_506' title='bbox 2996 584 3164 637; x_wconf 88' lang='lat' dir='ltr'><strong>aliter</strong></span> <span class='ocrx_word' id='word_1_507' title='bbox 3214 581 3407 649; x_wconf 91' lang='lat' dir='ltr'><strong>docet,</strong></span> <span class='ocrx_word' id='word_1_508' title='bbox 3463 586 3521 635; x_wconf 89' lang='lat' dir='ltr'><strong>et</strong></span> <span class='ocrx_word' id='word_1_509' title='bbox 3566 596 3688 635; x_wconf 90' lang='lat' dir='ltr'><strong>non</strong></span> 
     </span>
    </p>
   </div>
   <div class='ocr_carea' id='block_1_69' title="bbox 2026 667 3688 745">
    <p class='ocr_par' dir='ltr' id='par_1_69' title="bbox 2026 667 3688 745">
     <span class='ocr_line' id='line_1_69' title="bbox 2026 667 3688 745; baseline 0.001 -25"><span class='ocrx_word' id='word_1_510' title='bbox 2026 667 2411 737; x_wconf 89' lang='lat' dir='ltr'><strong>acquiescens</strong></span> <span class='ocrx_word' id='word_1_511' title='bbox 2431 672 2635 745; x_wconf 75' lang='lat' dir='ltr'><strong>eiquas</strong></span> <span class='ocrx_word' id='word_1_512' title='bbox 2648 672 2972 728; x_wconf 88' lang='lat' dir='ltr'><strong>secundum</strong></span> <span class='ocrx_word' id='word_1_513' title='bbox 2993 671 3275 743; x_wconf 85' lang='lat' dir='ltr'><strong>pietatem</strong></span> <span class='ocrx_word' id='word_1_514' title='bbox 3297 674 3384 724; x_wconf 90' lang='lat' dir='ltr'><strong>est</strong></span> <span class='ocrx_word' id='word_1_515' title='bbox 3402 668 3688 724; x_wconf 66' lang='lat' dir='ltr'><strong>doctrina:</strong></span> 
     </span>
    </p>
   </div>
   <div class='ocr_carea' id='block_1_70' title="bbox 2024 754 3691 831">
    <p class='ocr_par' dir='ltr' id='par_1_70' title="bbox 2024 754 3691 831">
     <span class='ocr_line' id='line_1_70' title="bbox 2024 754 3691 831; baseline 0.001 -20"><span class='ocrx_word' id='word_1_516' title='bbox 2024 754 2097 824; x_wconf 88' lang='lat' dir='ltr'><strong>(II</strong></span> <span class='ocrx_word' id='word_1_517' title='bbox 2135 757 2276 812; x_wconf 88' lang='lat' dir='ltr'><strong>Tim.</strong></span> <span class='ocrx_word' id='word_1_518' title='bbox 2311 775 2387 827; x_wconf 75' lang='lat' dir='ltr'><strong>vr,</strong></span> <span class='ocrx_word' id='word_1_519' title='bbox 2420 763 2495 830; x_wconf 87' lang='lat'><strong>3),</strong></span> <span class='ocrx_word' id='word_1_520' title='bbox 2516 766 2724 817; x_wconf 90' lang='lat' dir='ltr'><strong>contra</strong></span> <span class='ocrx_word' id='word_1_521' title='bbox 2750 761 3005 831; x_wconf 86' lang='lat' dir='ltr'><strong>gratiam</strong></span> <span class='ocrx_word' id='word_1_522' title='bbox 3028 759 3375 824; x_wconf 88' lang='lat' dir='ltr'><strong>Salvatoris,</strong></span> <span class='ocrx_word' id='word_1_523' title='bbox 3402 762 3459 813; x_wconf 91' lang='lat' dir='ltr'><strong>et</strong></span> <span class='ocrx_word' id='word_1_524' title='bbox 3481 763 3691 813; x_wconf 86' lang='lat' dir='ltr'><strong>contra</strong></span> 
     </span>
    </p>
   </div>
   <div class='ocr_carea' id='block_1_71' title="bbox 2028 846 3687 921">
    <p class='ocr_par' dir='ltr' id='par_1_71' title="bbox 2028 846 3687 921">
     <span class='ocr_line' id='line_1_71' title="bbox 2028 846 3687 921; baseline 0.002 -23"><span class='ocrx_word' id='word_1_525' title='bbox 2028 848 2382 915; x_wconf 87' lang='lat' dir='ltr'><strong>sanguinem</strong></span> <span class='ocrx_word' id='word_1_526' title='bbox 2413 851 2822 921; x_wconf 85' lang='lat' dir='ltr'><strong>Redemptoris</strong></span> <span class='ocrx_word' id='word_1_527' title='bbox 2853 854 3147 920; x_wconf 89' lang='lat' dir='ltr'><strong>tanquam</strong></span> <span class='ocrx_word' id='word_1_528' title='bbox 3176 848 3406 903; x_wconf 89' lang='lat' dir='ltr'><strong>salvam</strong></span> <span class='ocrx_word' id='word_1_529' title='bbox 3442 850 3497 902; x_wconf 89' lang='lat' dir='ltr'><strong>et</strong></span> <span class='ocrx_word' id='word_1_530' title='bbox 3545 846 3687 901; x_wconf 92' lang='lat' dir='ltr'><strong>libe-</strong></span> 
     </span>
    </p>
   </div>
   <div class='ocr_carea' id='block_1_72' title="bbox 2024 936 3690 1003">
    <p class='ocr_par' dir='ltr' id='par_1_72' title="bbox 2024 936 3690 1003">
     <span class='ocr_line' id='line_1_72' title="bbox 2024 936 3690 1003; baseline 0.002 -16"><span class='ocrx_word' id='word_1_531' title='bbox 2024 946 2153 989; x_wconf 85' lang='lat' dir='ltr'><strong>ram</strong></span> <span class='ocrx_word' id='word_1_532' title='bbox 2170 938 3066 1003; x_wconf 85' lang='lat' dir='ltr'><strong>naturamdefendihumanam,</strong></span> <span class='ocrx_word' id='word_1_533' title='bbox 3080 936 3475 993; x_wconf 88' lang='lat' dir='ltr'><strong>etchristiano</strong></span> <span class='ocrx_word' id='word_1_534' title='bbox 3490 943 3690 991; x_wconf 90' lang='lat' dir='ltr'><strong>tamen</strong></span> 
     </span>
    </p>
   </div>
   <div class='ocr_carea' id='block_1_73' title="bbox 2027 1024 3689 1099">
    <p class='ocr_par' dir='ltr' id='par_1_73' title="bbox 2027 1024 3689 1099">
     <span class='ocr_line' id='line_1_73' title="bbox 2027 1024 3689 1099; baseline 0.001 -23"><span class='ocrx_word' id='word_1_535' title='bbox 2027 1026 2256 1081; x_wconf 90' lang='lat' dir='ltr'><strong>censeri</strong></span> <span class='ocrx_word' id='word_1_536' title='bbox 2272 1028 2565 1084; x_wconf 91' lang='lat' dir='ltr'><strong>vocabulo</strong></span> <span class='ocrx_word' id='word_1_537' title='bbox 2589 1028 2854 1093; x_wconf 77' lang='lat' dir='ltr'><strong>affectat;</strong></span> <span class='ocrx_word' id='word_1_538' title='bbox 2880 1027 3028 1099; x_wconf 93' lang='lat' dir='ltr'><strong>quid</strong></span> <span class='ocrx_word' id='word_1_539' title='bbox 3054 1026 3129 1083; x_wconf 93' lang='lat' dir='ltr'><strong>de</strong></span> <span class='ocrx_word' id='word_1_540' title='bbox 3157 1025 3540 1097; x_wconf 83' lang='lat' dir='ltr'><strong>parvulorum</strong></span> <span class='ocrx_word' id='word_1_541' title='bbox 3568 1024 3689 1079; x_wconf 88' lang='lat' dir='ltr'><strong>dis-</strong></span> 
     </span>
    </p>
   </div>
   <div class='ocr_carea' id='block_1_74' title="bbox 2027 1113 3691 1183">
    <p class='ocr_par' dir='ltr' id='par_1_74' title="bbox 2027 1113 3691 1183">
     <span class='ocr_line' id='line_1_74' title="bbox 2027 1113 3691 1183; baseline 0 -16"><span class='ocrx_word' id='word_1_542' title='bbox 2027 1114 2286 1171; x_wconf 90' lang='lat' dir='ltr'><strong>cretione</strong></span> <span class='ocrx_word' id='word_1_543' title='bbox 2299 1116 2563 1172; x_wconf 89' lang='lat' dir='ltr'><strong>dicturus</strong></span> <span class='ocrx_word' id='word_1_544' title='bbox 2585 1122 2692 1183; x_wconf 90' lang='lat' dir='ltr'><strong>est,</strong></span> <span class='ocrx_word' id='word_1_545' title='bbox 2712 1133 2817 1173; x_wconf 90' lang='lat' dir='ltr'><strong>cur</strong></span> <span class='ocrx_word' id='word_1_546' title='bbox 2840 1117 2994 1172; x_wconf 89' lang='lat' dir='ltr'><strong>alius</strong></span> <span class='ocrx_word' id='word_1_547' title='bbox 3016 1116 3077 1171; x_wconf 90' lang='lat' dir='ltr'><strong>in</strong></span> <span class='ocrx_word' id='word_1_548' title='bbox 3098 1116 3285 1171; x_wconf 89' lang='lat' dir='ltr'><strong>vitam</strong></span> <span class='ocrx_word' id='word_1_549' title='bbox 3310 1113 3559 1169; x_wconf 89' lang='lat' dir='ltr'><strong>secundi</strong></span> <span class='ocrx_word' id='word_1_550' title='bbox 3584 1113 3691 1168; x_wconf 89' lang='lat' dir='ltr'><strong>ho-</strong></span> 
     </span>
    </p>
   </div>
   <div class='ocr_carea' id='block_1_75' title="bbox 2030 1203 3690 1277">
    <p class='ocr_par' dir='ltr' id='par_1_75' title="bbox 2030 1203 3690 1277">
     <span class='ocr_line' id='line_1_75' title="bbox 2030 1203 3690 1277; baseline 0 -20"><span class='ocrx_word' id='word_1_551' title='bbox 2030 1204 2207 1258; x_wconf 88' lang='lat' dir='ltr'><strong>minis</strong></span> <span class='ocrx_word' id='word_1_552' title='bbox 2243 1212 2601 1272; x_wconf 89' lang='lat' dir='ltr'><strong>assumatur,</strong></span> <span class='ocrx_word' id='word_1_553' title='bbox 2652 1206 2805 1262; x_wconf 89' lang='lat' dir='ltr'><strong>alius</strong></span> <span class='ocrx_word' id='word_1_554' title='bbox 2851 1208 2910 1261; x_wconf 93' lang='lat' dir='ltr'><strong>in</strong></span> <span class='ocrx_word' id='word_1_555' title='bbox 2958 1210 3146 1261; x_wconf 89' lang='lat' dir='ltr'><strong>morte</strong></span> <span class='ocrx_word' id='word_1_556' title='bbox 3207 1204 3385 1277; x_wconf 89' lang='lat' dir='ltr'><strong>primi</strong></span> <span class='ocrx_word' id='word_1_557' title='bbox 3428 1203 3690 1259; x_wconf 89' lang='lat' dir='ltr'><strong>hominis</strong></span> 
     </span>
    </p>
   </div>
   <div class='ocr_carea' id='block_1_76' title="bbox 2029 1294 3693 1366">
    <p class='ocr_par' dir='ltr' id='par_1_76' title="bbox 2029 1294 3693 1366">
     <span class='ocr_line' id='line_1_76' title="bbox 2029 1294 3693 1366; baseline -0.002 -17"><span class='ocrx_word' id='word_1_558' title='bbox 2029 1294 2401 1366; x_wconf 88' lang='lat' dir='ltr'><strong>relinquatur</strong></span> <span class='ocrx_word' id='word_1_559' title='bbox 2417 1295 2444 1349; x_wconf 77' lang='lat'><strong>?</strong></span> <span class='ocrx_word' id='word_1_560' title='bbox 2466 1296 2524 1351; x_wconf 90' lang='lat' dir='ltr'><strong>Si</strong></span> <span class='ocrx_word' id='word_1_561' title='bbox 2545 1296 2758 1352; x_wconf 84' lang='lat' dir='ltr'><strong>dixerit</strong></span> <span class='ocrx_word' id='word_1_562' title='bbox 2774 1296 2941 1351; x_wconf 92' lang='lat' dir='ltr'><strong>liberi</strong></span> <span class='ocrx_word' id='word_1_563' title='bbox 2964 1294 3188 1350; x_wconf 88' lang='lat' dir='ltr'><strong>arbitrii</strong></span> <span class='ocrx_word' id='word_1_564' title='bbox 3213 1294 3419 1348; x_wconf 88' lang='lat' dir='ltr'><strong>merita</strong></span> <span class='ocrx_word' id='word_1_565' title='bbox 3443 1308 3693 1363; x_wconf 72' lang='lat' dir='ltr'><strong>praeces-</strong></span> 
     </span>
    </p>
   </div>
   <div class='ocr_carea' id='block_1_77' title="bbox 2032 1381 3691 1457">
    <p class='ocr_par' dir='ltr' id='par_1_77' title="bbox 2032 1381 3691 1457">
     <span class='ocr_line' id='line_1_77' title="bbox 2032 1381 3691 1457; baseline -0.002 -19"><span class='ocrx_word' id='word_1_566' title='bbox 2032 1384 2216 1445; x_wconf 83' lang='lat' dir='ltr'><strong>sisse;</strong></span> <span class='ocrx_word' id='word_1_567' title='bbox 2248 1386 2570 1456; x_wconf 89' lang='lat' dir='ltr'><strong>respondet</strong></span> <span class='ocrx_word' id='word_1_568' title='bbox 2598 1385 2914 1457; x_wconf 74' lang='lat' dir='ltr'><strong>ApOstolus</strong></span> <span class='ocrx_word' id='word_1_569' title='bbox 2953 1400 3089 1456; x_wconf 64' lang='lat' dir='ltr'><strong>quae</strong></span> <span class='ocrx_word' id='word_1_570' title='bbox 3120 1398 3303 1455; x_wconf 90' lang='lat' dir='ltr'><strong>supra</strong></span> <span class='ocrx_word' id='word_1_571' title='bbox 3328 1381 3589 1437; x_wconf 81' lang='lat' dir='ltr'><strong>diximus</strong></span> <span class='ocrx_word' id='word_1_572' title='bbox 3616 1381 3691 1436; x_wconf 90' lang='lat' dir='ltr'><strong>de</strong></span> 
     </span>
    </p>
   </div>
   <div class='ocr_carea' id='block_1_78' title="bbox 2032 1469 3693 1546">
    <p class='ocr_par' dir='ltr' id='par_1_78' title="bbox 2032 1469 3693 1546">
     <span class='ocr_line' id='line_1_78' title="bbox 2032 1469 3693 1546; baseline -0.001 -19"><span class='ocrx_word' id='word_1_573' title='bbox 2032 1473 2306 1528; x_wconf 90' lang='lat' dir='ltr'><strong>nondum</strong></span> <span class='ocrx_word' id='word_1_574' title='bbox 2333 1474 2501 1542; x_wconf 86' lang='lat' dir='ltr'><strong>[natis</strong></span> <span class='ocrx_word' id='word_1_575' title='bbox 2538 1489 2735 1546; x_wconf 90' lang='lat' dir='ltr'><strong>neque</strong></span> <span class='ocrx_word' id='word_1_576' title='bbox 2771 1473 2997 1545; x_wconf 88' lang='lat' dir='ltr'><strong>aliquid</strong></span> <span class='ocrx_word' id='word_1_577' title='bbox 3030 1472 3347 1541; x_wconf 82' lang='lat' dir='ltr'><strong>agentibus</strong></span> <span class='ocrx_word' id='word_1_578' title='bbox 3402 1469 3544 1526; x_wconf 92' lang='lat' dir='ltr'><strong>boni</strong></span> <span class='ocrx_word' id='word_1_579' title='bbox 3589 1474 3693 1525; x_wconf 90' lang='lat' dir='ltr'><strong>aut</strong></span> 
     </span>
    </p>
   </div>
   <div class='ocr_carea' id='block_1_79' title="bbox 2033 1558 3692 1634">
    <p class='ocr_par' dir='ltr' id='par_1_79' title="bbox 2033 1558 3692 1634">
     <span class='ocr_line' id='line_1_79' title="bbox 2033 1558 3692 1634; baseline -0.002 -19"><span class='ocrx_word' id='word_1_580' title='bbox 2033 1560 2196 1617; x_wconf 87' lang='lat' dir='ltr'><strong>mali.</strong></span> <span class='ocrx_word' id='word_1_581' title='bbox 2232 1562 2287 1618; x_wconf 96' lang='lat' dir='ltr'><strong>Si</strong></span> <span class='ocrx_word' id='word_1_582' title='bbox 2316 1567 2518 1618; x_wconf 87' lang='lat' dir='ltr'><strong>autem</strong></span> <span class='ocrx_word' id='word_1_583' title='bbox 2566 1563 2779 1618; x_wconf 82' lang='lat' dir='ltr'><strong>dixerit</strong></span> <span class='ocrx_word' id='word_1_584' title='bbox 2812 1562 2977 1634; x_wconf 92' lang='lat' dir='ltr'><strong>quod</strong></span> <span class='ocrx_word' id='word_1_585' title='bbox 3004 1561 3199 1616; x_wconf 89' lang='lat' dir='ltr'><strong>adhuc</strong></span> <span class='ocrx_word' id='word_1_586' title='bbox 3229 1561 3290 1615; x_wconf 90' lang='lat' dir='ltr'><strong>in</strong></span> <span class='ocrx_word' id='word_1_587' title='bbox 3331 1558 3494 1614; x_wconf 87' lang='lat' dir='ltr'><strong>libris</strong></span> <span class='ocrx_word' id='word_1_588' title='bbox 3536 1574 3692 1631; x_wconf 90' lang='lat' dir='ltr'><strong>quos</strong></span> 
     </span>
    </p>
   </div>
   <div class='ocr_carea' id='block_1_80' title="bbox 2034 1647 3695 1723">
    <p class='ocr_par' dir='ltr' id='par_1_80' title="bbox 2034 1647 3695 1723">
     <span class='ocr_line' id='line_1_80' title="bbox 2034 1647 3695 1723; baseline -0.002 -18"><span class='ocrx_word' id='word_1_589' title='bbox 2034 1650 2376 1722; x_wconf 89' lang='lat' dir='ltr'><strong>nuperrime</strong></span> <span class='ocrx_word' id='word_1_590' title='bbox 2390 1650 2662 1720; x_wconf 87' lang='lat' dir='ltr'><strong>Pelagius</strong></span> <span class='ocrx_word' id='word_1_591' title='bbox 2677 1651 3020 1723; x_wconf 88' lang='lat' dir='ltr'><strong>perhibetur</strong></span> <span class='ocrx_word' id='word_1_592' title='bbox 3033 1649 3308 1713; x_wconf 84' lang='lat' dir='ltr'><strong>edidisse,</strong></span> <span class='ocrx_word' id='word_1_593' title='bbox 3325 1647 3660 1703; x_wconf 82' lang='lat' dir='ltr'><strong>defenditur</strong></span> <span class='ocrx_word' id='word_1_594' title='bbox 3679 1662 3695 1712; x_wconf 93' lang='lat'><strong>;</strong></span> 
     </span>
    </p>
   </div>
   <div class='ocr_carea' id='block_1_81' title="bbox 2035 1736 3691 1811">
    <p class='ocr_par' dir='ltr' id='par_1_81' title="bbox 2035 1736 3691 1811">
     <span class='ocr_line' id='line_1_81' title="bbox 2035 1736 3691 1811; baseline -0.002 -17"><span class='ocrx_word' id='word_1_595' title='bbox 2035 1743 2316 1811; x_wconf 90' lang='lat' dir='ltr'><strong>quamvis</strong></span> <span class='ocrx_word' id='word_1_596' title='bbox 2341 1740 2469 1811; x_wconf 89' lang='lat' dir='ltr'><strong>jam</strong></span> <span class='ocrx_word' id='word_1_597' title='bbox 2497 1740 2772 1795; x_wconf 90' lang='lat' dir='ltr'><strong>videatur</strong></span> <span class='ocrx_word' id='word_1_598' title='bbox 2797 1738 3343 1795; x_wconf 89' lang='lat' dir='ltr'><strong>anathematizasse</strong></span> <span class='ocrx_word' id='word_1_599' title='bbox 3374 1736 3435 1791; x_wconf 90' lang='lat' dir='ltr'><strong>in</strong></span> <span class='ocrx_word' id='word_1_600' title='bbox 3466 1736 3691 1807; x_wconf 91' lang='lat' dir='ltr'><strong>episco-</strong></span> 
     </span>
    </p>
   </div>
   <div class='ocr_carea' id='block_1_82' title="bbox 2037 1826 3687 1900">
    <p class='ocr_par' dir='ltr' id='par_1_82' title="bbox 2037 1826 3687 1900">
     <span class='ocr_line' id='line_1_82' title="bbox 2037 1826 3687 1900; baseline -0.003 -16"><span class='ocrx_word' id='word_1_601' title='bbox 2037 1828 2156 1900; x_wconf 90' lang='lat' dir='ltr'><strong>pali</strong></span> <span class='ocrx_word' id='word_1_602' title='bbox 2167 1829 2188 1900; x_wconf 93' lang='lat' dir='ltr'><strong>j</strong></span> <span class='ocrx_word' id='word_1_603' title='bbox 2200 1828 2396 1884; x_wconf 89' lang='lat' dir='ltr'><strong>udieio</strong></span> <span class='ocrx_word' id='word_1_604' title='bbox 2412 1828 2717 1885; x_wconf 72' lang='lat' dir='ltr'><strong>Palaestino</strong></span> <span class='ocrx_word' id='word_1_605' title='bbox 2744 1845 2846 1884; x_wconf 91' lang='lat' dir='ltr'><strong>eos</strong></span> <span class='ocrx_word' id='word_1_606' title='bbox 2858 1828 2959 1900; x_wconf 91' lang='lat' dir='ltr'><strong>qui</strong></span> <span class='ocrx_word' id='word_1_607' title='bbox 2974 1828 3180 1883; x_wconf 88' lang='lat' dir='ltr'><strong>dicunt</strong></span> <span class='ocrx_word' id='word_1_608' title='bbox 3195 1826 3361 1898; x_wconf 90' lang='lat' dir='ltr'><strong>quod</strong></span> <span class='ocrx_word' id='word_1_609' title='bbox 3377 1829 3687 1897; x_wconf 90' lang='lat' dir='ltr'><strong>peccatum</strong></span> 
     </span>
    </p>
   </div>
   <div class='ocr_carea' id='block_1_83' title="bbox 2038 1915 3687 1990">
    <p class='ocr_par' dir='ltr' id='par_1_83' title="bbox 2038 1915 3687 1990">
     <span class='ocr_line' id='line_1_83' title="bbox 2038 1915 3687 1990; baseline -0.004 -17"><span class='ocrx_word' id='word_1_610' title='bbox 2038 1918 2180 1974; x_wconf 69' lang='lat' dir='ltr'><strong>Adin</strong></span> <span class='ocrx_word' id='word_1_611' title='bbox 2199 1918 2398 1990; x_wconf 88' lang='lat' dir='ltr'><strong>ipsum</strong></span> <span class='ocrx_word' id='word_1_612' title='bbox 2414 1918 2853 1986; x_wconf 68' lang='lat' dir='ltr'><strong>solumlaaserit,</strong></span> <span class='ocrx_word' id='word_1_613' title='bbox 2886 1923 3069 1973; x_wconf 91' lang='lat' dir='ltr'><strong>etnon</strong></span> <span class='ocrx_word' id='word_1_614' title='bbox 3088 1931 3277 1986; x_wconf 90' lang='lat' dir='ltr'><strong>genus</strong></span> <span class='ocrx_word' id='word_1_615' title='bbox 3302 1915 3640 1970; x_wconf 88' lang='lat' dir='ltr'><strong>humanum</strong></span> <span class='ocrx_word' id='word_1_616' title='bbox 3674 1929 3687 1967; x_wconf 92' lang='lat'><strong>:</strong></span> 
     </span>
    </p>
   </div>
   <div class='ocr_carea' id='block_1_84' title="bbox 2039 2001 3691 2078">
    <p class='ocr_par' dir='ltr' id='par_1_84' title="bbox 2039 2001 3691 2078">
     <span class='ocr_line' id='line_1_84' title="bbox 2039 2001 3691 2078; baseline -0.003 -16"><span class='ocrx_word' id='word_1_617' title='bbox 2039 2007 2088 2062; x_wconf 90' lang='lat' dir='ltr'><strong>si</strong></span> <span class='ocrx_word' id='word_1_618' title='bbox 2118 2008 2333 2063; x_wconf 82' lang='lat' dir='ltr'><strong>dixeris</strong></span> <span class='ocrx_word' id='word_1_619' title='bbox 2364 2008 2542 2063; x_wconf 88' lang='lat' dir='ltr'><strong>ambe</strong></span> <span class='ocrx_word' id='word_1_620' title='bbox 2572 2009 2698 2063; x_wconf 89' lang='lat' dir='ltr'><strong>sine</strong></span> <span class='ocrx_word' id='word_1_621' title='bbox 2725 2006 2951 2078; x_wconf 90' lang='lat' dir='ltr'><strong>judicio</strong></span> <span class='ocrx_word' id='word_1_622' title='bbox 2990 2011 3185 2068; x_wconf 88' lang='lat' dir='ltr'><strong>natos,</strong></span> <span class='ocrx_word' id='word_1_623' title='bbox 3219 2020 3328 2058; x_wconf 91' lang='lat' dir='ltr'><strong>nec</strong></span> <span class='ocrx_word' id='word_1_624' title='bbox 3358 2001 3584 2075; x_wconf 89' lang='lat' dir='ltr'><strong>aliquid</strong></span> <span class='ocrx_word' id='word_1_625' title='bbox 3615 2001 3691 2058; x_wconf 91' lang='lat' dir='ltr'><strong>de</strong></span> 
     </span>
    </p>
   </div>
   <div class='ocr_carea' id='block_1_85' title="bbox 2039 2092 3691 2169">
    <p class='ocr_par' dir='ltr' id='par_1_85' title="bbox 2039 2092 3691 2169">
     <span class='ocr_line' id='line_1_85' title="bbox 2039 2092 3691 2169; baseline -0.004 -17"><span class='ocrx_word' id='word_1_626' title='bbox 2039 2096 2217 2169; x_wconf 89' lang='lat' dir='ltr'><strong>primi</strong></span> <span class='ocrx_word' id='word_1_627' title='bbox 2247 2097 2511 2152; x_wconf 78' lang='lat' dir='ltr'><strong>hominis</strong></span> <span class='ocrx_word' id='word_1_628' title='bbox 2530 2097 2917 2152; x_wconf 82' lang='lat' dir='ltr'><strong>damnatione</strong></span> <span class='ocrx_word' id='word_1_629' title='bbox 2944 2096 3192 2151; x_wconf 87' lang='lat' dir='ltr'><strong>traxisse</strong></span> <span class='ocrx_word' id='word_1_630' title='bbox 3214 2110 3227 2159; x_wconf 92' lang='lat'><strong>;</strong></span> <span class='ocrx_word' id='word_1_631' title='bbox 3248 2092 3513 2165; x_wconf 88' lang='lat' dir='ltr'><strong>profecto</strong></span> <span class='ocrx_word' id='word_1_632' title='bbox 3543 2106 3691 2163; x_wconf 89' lang='lat' dir='ltr'><strong>quo-</strong></span> 
     </span>
    </p>
   </div>
   <div class='ocr_carea' id='block_1_86' title="bbox 2040 2180 3695 2258">
    <p class='ocr_par' dir='ltr' id='par_1_86' title="bbox 2040 2180 3695 2258">
     <span class='ocr_line' id='line_1_86' title="bbox 2040 2180 3695 2258; baseline -0.005 -16"><span class='ocrx_word' id='word_1_633' title='bbox 2040 2187 2205 2242; x_wconf 90' lang='lat' dir='ltr'><strong>niam</strong></span> <span class='ocrx_word' id='word_1_634' title='bbox 2219 2202 2431 2258; x_wconf 87' lang='lat' dir='ltr'><strong>negare</strong></span> <span class='ocrx_word' id='word_1_635' title='bbox 2446 2202 2563 2241; x_wconf 89' lang='lat' dir='ltr'><strong>non</strong></span> <span class='ocrx_word' id='word_1_636' title='bbox 2578 2186 2760 2242; x_wconf 90' lang='lat' dir='ltr'><strong>audet</strong></span> <span class='ocrx_word' id='word_1_637' title='bbox 2772 2186 2829 2241; x_wconf 92' lang='lat' dir='ltr'><strong>in</strong></span> <span class='ocrx_word' id='word_1_638' title='bbox 2844 2200 3099 2254; x_wconf 85' lang='lat' dir='ltr'><strong>regnum</strong></span> <span class='ocrx_word' id='word_1_639' title='bbox 3112 2182 3401 2239; x_wconf 74' lang='lat' dir='ltr'><strong>ccelorum</strong></span> <span class='ocrx_word' id='word_1_640' title='bbox 3415 2180 3695 2252; x_wconf 85' lang='lat' dir='ltr'><strong>adoptari</strong></span> 
     </span>
    </p>
   </div>
   <div class='ocr_carea' id='block_1_87' title="bbox 2041 2270 3692 2347">
    <p class='ocr_par' dir='ltr' id='par_1_87' title="bbox 2041 2270 3692 2347">
     <span class='ocr_line' id='line_1_87' title="bbox 2041 2270 3692 2347; baseline -0.004 -16"><span class='ocrx_word' id='word_1_641' title='bbox 2041 2292 2178 2331; x_wconf 88' lang='lat' dir='ltr'><strong>eum</strong></span> <span class='ocrx_word' id='word_1_642' title='bbox 2202 2276 2304 2347; x_wconf 91' lang='lat' dir='ltr'><strong>qui</strong></span> <span class='ocrx_word' id='word_1_643' title='bbox 2333 2275 2507 2331; x_wconf 85' lang='lat' dir='ltr'><strong>fuerit</strong></span> <span class='ocrx_word' id='word_1_644' title='bbox 2525 2280 2908 2345; x_wconf 89' lang='lat' dir='ltr'><strong>regeneratus</strong></span> <span class='ocrx_word' id='word_1_645' title='bbox 2939 2274 3000 2329; x_wconf 91' lang='lat' dir='ltr'><strong>in</strong></span> <span class='ocrx_word' id='word_1_646' title='bbox 3032 2273 3263 2330; x_wconf 88' lang='lat' dir='ltr'><strong>Christo</strong></span> <span class='ocrx_word' id='word_1_647' title='bbox 3289 2289 3303 2338; x_wconf 88' lang='lat'><strong>;</strong></span> <span class='ocrx_word' id='word_1_648' title='bbox 3328 2270 3692 2343; x_wconf 83' lang='lat' dir='ltr'><strong>respondeat</strong></span> 
     </span>
    </p>
   </div>
   <div class='ocr_carea' id='block_1_88' title="bbox 2039 2360 3692 2436">
    <p class='ocr_par' dir='ltr' id='par_1_88' title="bbox 2039 2360 3692 2436">
     <span class='ocr_line' id='line_1_88' title="bbox 2039 2360 3692 2436; baseline -0.003 -17"><span class='ocrx_word' id='word_1_649' title='bbox 2039 2364 2182 2436; x_wconf 91' lang='lat' dir='ltr'><strong>quid</strong></span> <span class='ocrx_word' id='word_1_650' title='bbox 2198 2364 2382 2421; x_wconf 89' lang='lat' dir='ltr'><strong>deillo</strong></span> <span class='ocrx_word' id='word_1_651' title='bbox 2395 2364 2651 2420; x_wconf 89' lang='lat' dir='ltr'><strong>futurum</strong></span> <span class='ocrx_word' id='word_1_652' title='bbox 2676 2363 2767 2428; x_wconf 90' lang='lat' dir='ltr'><strong>sit,</strong></span> <span class='ocrx_word' id='word_1_653' title='bbox 2783 2363 2887 2435; x_wconf 88' lang='lat' dir='ltr'><strong>qui</strong></span> <span class='ocrx_word' id='word_1_654' title='bbox 2904 2363 3068 2418; x_wconf 87' lang='lat' dir='ltr'><strong>nulla</strong></span> <span class='ocrx_word' id='word_1_655' title='bbox 3086 2378 3197 2417; x_wconf 89' lang='lat' dir='ltr'><strong>sua</strong></span> <span class='ocrx_word' id='word_1_656' title='bbox 3211 2360 3388 2432; x_wconf 90' lang='lat' dir='ltr'><strong>culpa</strong></span> <span class='ocrx_word' id='word_1_657' title='bbox 3408 2375 3530 2415; x_wconf 90' lang='lat' dir='ltr'><strong>non</strong></span> <span class='ocrx_word' id='word_1_658' title='bbox 3545 2360 3692 2431; x_wconf 89' lang='lat' dir='ltr'><strong>bap-</strong></span> 
     </span>
    </p>
   </div>
   <div class='ocr_carea' id='block_1_89' title="bbox 2039 2449 3694 2525">
    <p class='ocr_par' dir='ltr' id='par_1_89' title="bbox 2039 2449 3694 2525">
     <span class='ocr_line' id='line_1_89' title="bbox 2039 2449 3694 2525; baseline -0.003 -17"><span class='ocrx_word' id='word_1_659' title='bbox 2039 2453 2391 2519; x_wconf 86' lang='lat' dir='ltr'><strong>tizatus,ista</strong></span> <span class='ocrx_word' id='word_1_660' title='bbox 2405 2453 2576 2509; x_wconf 89' lang='lat' dir='ltr'><strong>fuerit</strong></span> <span class='ocrx_word' id='word_1_661' title='bbox 2592 2451 2905 2525; x_wconf 90' lang='lat' dir='ltr'><strong>temporali</strong></span> <span class='ocrx_word' id='word_1_662' title='bbox 2922 2458 3108 2507; x_wconf 88' lang='lat' dir='ltr'><strong>morte</strong></span> <span class='ocrx_word' id='word_1_663' title='bbox 3124 2455 3479 2524; x_wconf 66' lang='lat' dir='ltr'><strong>prasventus.</strong></span> <span class='ocrx_word' id='word_1_664' title='bbox 3500 2449 3557 2504; x_wconf 90' lang='lat' dir='ltr'><strong>Si</strong></span> <span class='ocrx_word' id='word_1_665' title='bbox 3571 2464 3694 2503; x_wconf 90' lang='lat' dir='ltr'><strong>non</strong></span> 
     </span>
    </p>
   </div>
   <div class='ocr_carea' id='block_1_90' title="bbox 2037 2539 3691 2615">
    <p class='ocr_par' dir='ltr' id='par_1_90' title="bbox 2037 2539 3691 2615">
     <span class='ocr_line' id='line_1_90' title="bbox 2037 2539 3691 2615; baseline -0.004 -17"><span class='ocrx_word' id='word_1_666' title='bbox 2037 2548 2325 2615; x_wconf 89' lang='lat' dir='ltr'><strong>putamus</strong></span> <span class='ocrx_word' id='word_1_667' title='bbox 2358 2559 2491 2598; x_wconf 91' lang='lat' dir='ltr'><strong>esse</strong></span> <span class='ocrx_word' id='word_1_668' title='bbox 2539 2542 2840 2598; x_wconf 89' lang='lat' dir='ltr'><strong>dicturum</strong></span> <span class='ocrx_word' id='word_1_669' title='bbox 2879 2541 3043 2613; x_wconf 90' lang='lat' dir='ltr'><strong>quod</strong></span> <span class='ocrx_word' id='word_1_670' title='bbox 3083 2541 3464 2596; x_wconf 90' lang='lat' dir='ltr'><strong>innocentem</strong></span> <span class='ocrx_word' id='word_1_671' title='bbox 3513 2539 3691 2603; x_wconf 91' lang='lat' dir='ltr'><strong>Deus,</strong></span> 
     </span>
    </p>
   </div>
   <div class='ocr_carea' id='block_1_91' title="bbox 2038 2625 3694 2703">
    <p class='ocr_par' dir='ltr' id='par_1_91' title="bbox 2038 2625 3694 2703">
     <span class='ocr_line' id='line_1_91' title="bbox 2038 2625 3694 2703; baseline -0.004 -16"><span class='ocrx_word' id='word_1_672' title='bbox 2038 2647 2149 2687; x_wconf 90' lang='lat' dir='ltr'><strong>nec</strong></span> <span class='ocrx_word' id='word_1_673' title='bbox 2179 2631 2497 2687; x_wconf 89' lang='lat' dir='ltr'><strong>habentem</strong></span> <span class='ocrx_word' id='word_1_674' title='bbox 2528 2631 2815 2702; x_wconf 83' lang='lat' dir='ltr'><strong>originale</strong></span> <span class='ocrx_word' id='word_1_675' title='bbox 2846 2636 3163 2703; x_wconf 89' lang='lat' dir='ltr'><strong>peccatum</strong></span> <span class='ocrx_word' id='word_1_676' title='bbox 3194 2634 3330 2684; x_wconf 91' lang='lat' dir='ltr'><strong>ante</strong></span> <span class='ocrx_word' id='word_1_677' title='bbox 3352 2643 3542 2683; x_wconf 88' lang='lat' dir='ltr'><strong>annos</strong></span> <span class='ocrx_word' id='word_1_678' title='bbox 3563 2625 3694 2699; x_wconf 91' lang='lat' dir='ltr'><strong>qui-</strong></span> 
     </span>
    </p>
   </div>
   <div class='ocr_carea' id='block_1_92' title="bbox 2036 2716 3697 2792">
    <p class='ocr_par' dir='ltr' id='par_1_92' title="bbox 2036 2716 3697 2792">
     <span class='ocr_line' id='line_1_92' title="bbox 2036 2716 3697 2792; baseline -0.004 -16"><span class='ocrx_word' id='word_1_679' title='bbox 2036 2720 2152 2776; x_wconf 89' lang='lat' dir='ltr'><strong>bus</strong></span> <span class='ocrx_word' id='word_1_680' title='bbox 2180 2720 2403 2776; x_wconf 88' lang='lat' dir='ltr'><strong>habere</strong></span> <span class='ocrx_word' id='word_1_681' title='bbox 2433 2725 2659 2792; x_wconf 89' lang='lat' dir='ltr'><strong>poterat</strong></span> <span class='ocrx_word' id='word_1_682' title='bbox 2688 2720 3020 2791; x_wconf 85' lang='lat' dir='ltr'><strong>proprium,</strong></span> <span class='ocrx_word' id='word_1_683' title='bbox 3061 2723 3281 2773; x_wconf 66' lang='lat' dir='ltr'><strong>aeterna</strong></span> <span class='ocrx_word' id='word_1_684' title='bbox 3310 2721 3498 2772; x_wconf 89' lang='lat' dir='ltr'><strong>morte</strong></span> <span class='ocrx_word' id='word_1_685' title='bbox 3528 2716 3697 2771; x_wconf 90' lang='lat' dir='ltr'><strong>dam-</strong></span> 
     </span>
    </p>
   </div>
   <div class='ocr_carea' id='block_1_93' title="bbox 2036 2804 3694 2880">
    <p class='ocr_par' dir='ltr' id='par_1_93' title="bbox 2036 2804 3694 2880">
     <span class='ocr_line' id='line_1_93' title="bbox 2036 2804 3694 2880; baseline -0.004 -15"><span class='ocrx_word' id='word_1_686' title='bbox 2036 2809 2241 2875; x_wconf 90' lang='lat' dir='ltr'><strong>nabit;</strong></span> <span class='ocrx_word' id='word_1_687' title='bbox 2275 2810 2506 2879; x_wconf 88' lang='lat' dir='ltr'><strong>cogitur</strong></span> <span class='ocrx_word' id='word_1_688' title='bbox 2529 2810 2731 2880; x_wconf 80' lang='lat' dir='ltr'><strong>itaque</strong></span> <span class='ocrx_word' id='word_1_689' title='bbox 2762 2808 3121 2879; x_wconf 89' lang='lat' dir='ltr'><strong>respondere</strong></span> <span class='ocrx_word' id='word_1_690' title='bbox 3145 2806 3307 2878; x_wconf 89' lang='lat' dir='ltr'><strong>quod</strong></span> <span class='ocrx_word' id='word_1_691' title='bbox 3331 2804 3607 2876; x_wconf 88' lang='lat' dir='ltr'><strong>Pelagius</strong></span> <span class='ocrx_word' id='word_1_692' title='bbox 3634 2805 3694 2858; x_wconf 92' lang='lat' dir='ltr'><strong>in</strong></span> 
     </span>
    </p>
   </div>
   <div class='ocr_carea' id='block_1_94' title="bbox 2036 2893 3696 2968">
    <p class='ocr_par' dir='ltr' id='par_1_94' title="bbox 2036 2893 3696 2968">
     <span class='ocr_line' id='line_1_94' title="bbox 2036 2893 3696 2968; baseline -0.004 -15"><span class='ocrx_word' id='word_1_693' title='bbox 2036 2897 2440 2954; x_wconf 89' lang='lat' dir='ltr'><strong>ecclesiastico</strong></span> <span class='ocrx_word' id='word_1_694' title='bbox 2456 2898 2703 2968; x_wconf 89' lang='lat' dir='ltr'><strong>judicio,</strong></span> <span class='ocrx_word' id='word_1_695' title='bbox 2728 2902 2788 2951; x_wconf 92' lang='lat' dir='ltr'><strong>ut</strong></span> <span class='ocrx_word' id='word_1_696' title='bbox 2801 2896 3004 2967; x_wconf 89' lang='lat' dir='ltr'><strong>aliquo</strong></span> <span class='ocrx_word' id='word_1_697' title='bbox 3025 2894 3205 2950; x_wconf 90' lang='lat' dir='ltr'><strong>modo</strong></span> <span class='ocrx_word' id='word_1_698' title='bbox 3222 2893 3548 2949; x_wconf 89' lang='lat' dir='ltr'><strong>catholicus</strong></span> <span class='ocrx_word' id='word_1_699' title='bbox 3562 2908 3696 2963; x_wconf 86' lang='lat' dir='ltr'><strong>pro-</strong></span> 
     </span>
    </p>
   </div>
   <div class='ocr_carea' id='block_1_95' title="bbox 2036 2980 3696 3054">
    <p class='ocr_par' dir='ltr' id='par_1_95' title="bbox 2036 2980 3696 3054">
     <span class='ocr_line' id='line_1_95' title="bbox 2036 2980 3696 3054; baseline -0.004 -14"><span class='ocrx_word' id='word_1_700' title='bbox 2036 2985 2425 3052; x_wconf 90' lang='lat' dir='ltr'><strong>nuntiaretur,</strong></span> <span class='ocrx_word' id='word_1_701' title='bbox 2454 2984 2960 3041; x_wconf 87' lang='lat' dir='ltr'><strong>anathematizare</strong></span> <span class='ocrx_word' id='word_1_702' title='bbox 2989 2982 3341 3054; x_wconf 89' lang='lat' dir='ltr'><strong>compulsus</strong></span> <span class='ocrx_word' id='word_1_703' title='bbox 3370 2985 3475 3049; x_wconf 89' lang='lat' dir='ltr'><strong>est,</strong></span> <span class='ocrx_word' id='word_1_704' title='bbox 3504 2980 3696 3035; x_wconf 85' lang='lat' dir='ltr'><strong>infan-</strong></span> 
     </span>
    </p>
   </div>
   <div class='ocr_carea' id='block_1_96' title="bbox 2035 3072 3688 3145">
    <p class='ocr_par' dir='ltr' id='par_1_96' title="bbox 2035 3072 3688 3145">
     <span class='ocr_line' id='line_1_96' title="bbox 2035 3072 3688 3145; baseline -0.005 -14"><span class='ocrx_word' id='word_1_705' title='bbox 2035 3078 2139 3140; x_wconf 85' lang='lat' dir='ltr'><strong>tes,</strong></span> <span class='ocrx_word' id='word_1_706' title='bbox 2153 3074 2517 3131; x_wconf 89' lang='lat' dir='ltr'><strong>etiamsinon</strong></span> <span class='ocrx_word' id='word_1_707' title='bbox 2532 3074 2919 3145; x_wconf 89' lang='lat' dir='ltr'><strong>baptizentur,</strong></span> <span class='ocrx_word' id='word_1_708' title='bbox 2934 3072 3155 3128; x_wconf 87' lang='lat' dir='ltr'><strong>habere</strong></span> <span class='ocrx_word' id='word_1_709' title='bbox 3170 3072 3351 3126; x_wconf 90' lang='lat' dir='ltr'><strong>vitam</strong></span> <span class='ocrx_word' id='word_1_710' title='bbox 3367 3075 3650 3125; x_wconf 63' lang='lat' dir='ltr'><strong>aeternam</strong></span> <span class='ocrx_word' id='word_1_711' title='bbox 3674 3084 3688 3123; x_wconf 90' lang='lat'><strong>:</strong></span> 
     </span>
    </p>
   </div>
   <div class='ocr_carea' id='block_1_97' title="bbox 2036 3158 3694 3235">
    <p class='ocr_par' dir='ltr' id='par_1_97' title="bbox 2036 3158 3694 3235">
     <span class='ocr_line' id='line_1_97' title="bbox 2036 3158 3694 3235; baseline -0.005 -14"><span class='ocrx_word' id='word_1_712' title='bbox 2036 3163 2151 3220; x_wconf 90' lang='lat' dir='ltr'><strong>hac</strong></span> <span class='ocrx_word' id='word_1_713' title='bbox 2163 3164 2322 3219; x_wconf 89' lang='lat' dir='ltr'><strong>enim</strong></span> <span class='ocrx_word' id='word_1_714' title='bbox 2346 3171 2581 3232; x_wconf 82' lang='lat' dir='ltr'><strong>negata,</strong></span> <span class='ocrx_word' id='word_1_715' title='bbox 2601 3163 2746 3235; x_wconf 83' lang='lat' dir='ltr'><strong>quid</strong></span> <span class='ocrx_word' id='word_1_716' title='bbox 2762 3164 2871 3217; x_wconf 91' lang='lat' dir='ltr'><strong>nisi</strong></span> <span class='ocrx_word' id='word_1_717' title='bbox 2898 3177 3058 3217; x_wconf 90' lang='lat' dir='ltr'><strong>mors</strong></span> <span class='ocrx_word' id='word_1_718' title='bbox 3077 3166 3298 3215; x_wconf 83' lang='lat' dir='ltr'><strong>aeterna</strong></span> <span class='ocrx_word' id='word_1_719' title='bbox 3315 3158 3694 3214; x_wconf 87' lang='lat' dir='ltr'><strong>remanebit?</strong></span> 
     </span>
    </p>
   </div>
   <div class='ocr_carea' id='block_1_98' title="bbox 2106 3248 3696 3325">
    <p class='ocr_par' dir='ltr' id='par_1_98' title="bbox 2106 3248 3696 3325">
     <span class='ocr_line' id='line_1_98' title="bbox 2106 3248 3696 3325; baseline -0.004 -17"><span class='ocrx_word' id='word_1_720' title='bbox 2106 3256 2192 3308; x_wconf 89' lang='lat'><strong>28.</strong></span> <span class='ocrx_word' id='word_1_721' title='bbox 2211 3253 2531 3325; x_wconf 77' lang='lat' dir='ltr'><strong>Acperhoc</strong></span> <span class='ocrx_word' id='word_1_722' title='bbox 2557 3258 2764 3308; x_wconf 91' lang='lat' dir='ltr'><strong>contra</strong></span> <span class='ocrx_word' id='word_1_723' title='bbox 2788 3251 3143 3306; x_wconf 87' lang='lat' dir='ltr'><strong>sententiam</strong></span> <span class='ocrx_word' id='word_1_724' title='bbox 3170 3248 3403 3304; x_wconf 89' lang='lat' dir='ltr'><strong>Domini</strong></span> <span class='ocrx_word' id='word_1_725' title='bbox 3428 3248 3696 3319; x_wconf 89' lang='lat' dir='ltr'><strong>disputa-</strong></span> 
     </span>
    </p>
   </div>
   <div class='ocr_carea' id='block_1_99' title="bbox 2034 3340 3688 3407">
    <p class='ocr_par' dir='ltr' id='par_1_99' title="bbox 2034 3340 3688 3407">
     <span class='ocr_line' id='line_1_99' title="bbox 2034 3340 3688 3407; baseline -0.004 -9"><span class='ocrx_word' id='word_1_726' title='bbox 2034 3341 2121 3398; x_wconf 89' lang='lat' dir='ltr'><strong>bit</strong></span> <span class='ocrx_word' id='word_1_727' title='bbox 2149 3342 2418 3407; x_wconf 90' lang='lat' dir='ltr'><strong>dicentis,</strong></span> <span class='ocrx_word' id='word_1_728' title='bbox 2448 3344 2657 3398; x_wconf 82' lang='lat' dir='ltr'><strong>Patres</strong></span> <span class='ocrx_word' id='word_1_729' title='bbox 2683 3341 2861 3397; x_wconf 82' lang='lat' dir='ltr'><strong>vestri</strong></span> <span class='ocrx_word' id='word_1_730' title='bbox 2889 3340 3408 3396; x_wconf 83' lang='lat' dir='ltr'><strong>manducaverunt</strong></span> <span class='ocrx_word' id='word_1_731' title='bbox 3459 3350 3688 3392; x_wconf 86' lang='lat' dir='ltr'><strong>manna</strong></span> 
     </span>
    </p>
   </div>
   <div class='ocr_carea' id='block_1_100' title="bbox 2032 3426 3693 3499">
    <p class='ocr_par' dir='ltr' id='par_1_100' title="bbox 2032 3426 3693 3499">
     <span class='ocr_line' id='line_1_100' title="bbox 2032 3426 3693 3499; baseline -0.005 -12"><span class='ocrx_word' id='word_1_732' title='bbox 2032 3432 2097 3489; x_wconf 86' lang='lat' dir='ltr'><strong>in</strong></span> <span class='ocrx_word' id='word_1_733' title='bbox 2114 3432 2358 3491; x_wconf 78' lang='lat' dir='ltr'><strong>deserto.</strong></span> <span class='ocrx_word' id='word_1_734' title='bbox 2388 3437 2443 3487; x_wconf 89' lang='lat' dir='ltr'><strong>et</strong></span> <span class='ocrx_word' id='word_1_735' title='bbox 2465 3432 2684 3487; x_wconf 81' lang='lat' dir='ltr'><strong>mortui</strong></span> <span class='ocrx_word' id='word_1_736' title='bbox 2706 3437 2843 3486; x_wconf 88' lang='lat' dir='ltr'><strong>sunt</strong></span> <span class='ocrx_word' id='word_1_737' title='bbox 2860 3450 2879 3487; x_wconf 91' lang='lat'><strong><em>:</em></strong></span> <span class='ocrx_word' id='word_1_738' title='bbox 2908 3429 3002 3486; x_wconf 87' lang='lat' dir='ltr'><strong>hic</strong></span> <span class='ocrx_word' id='word_1_739' title='bbox 3018 3435 3104 3485; x_wconf 84' lang='lat' dir='ltr'><strong>est</strong></span> <span class='ocrx_word' id='word_1_740' title='bbox 3125 3429 3302 3498; x_wconf 84' lang='lat' dir='ltr'><strong>panis</strong></span> <span class='ocrx_word' id='word_1_741' title='bbox 3326 3428 3428 3499; x_wconf 87' lang='lat' dir='ltr'><strong>qui</strong></span> <span class='ocrx_word' id='word_1_742' title='bbox 3452 3427 3525 3483; x_wconf 88' lang='lat' dir='ltr'><strong>de</strong></span> <span class='ocrx_word' id='word_1_743' title='bbox 3549 3426 3693 3482; x_wconf 69' lang='lat' dir='ltr'><strong>caelo</strong></span> 
     </span>
    </p>
   </div>
   <div class='ocr_carea' id='block_1_101' title="bbox 2035 3518 3695 3593">
    <p class='ocr_par' dir='ltr' id='par_1_101' title="bbox 2035 3518 3695 3593">
     <span class='ocr_line' id='line_1_101' title="bbox 2035 3518 3695 3593; baseline -0.005 -15"><span class='ocrx_word' id='word_1_744' title='bbox 2035 3522 2353 3585; x_wconf 84' lang='lat' dir='ltr'><strong>descendit,</strong></span> <span class='ocrx_word' id='word_1_745' title='bbox 2396 3528 2461 3575; x_wconf 88' lang='lat' dir='ltr'><strong>ut</strong></span> <span class='ocrx_word' id='word_1_746' title='bbox 2485 3521 2537 3576; x_wconf 87' lang='lat' dir='ltr'><strong>si</strong></span> <span class='ocrx_word' id='word_1_747' title='bbox 2564 3521 2692 3593; x_wconf 86' lang='lat' dir='ltr'><strong>quis</strong></span> <span class='ocrx_word' id='word_1_748' title='bbox 2717 3534 2792 3575; x_wconf 72' lang='lat' dir='ltr'><strong>ex</strong></span> <span class='ocrx_word' id='word_1_749' title='bbox 2811 3521 2937 3589; x_wconf 85' lang='lat' dir='ltr'><strong>ipso</strong></span> <span class='ocrx_word' id='word_1_750' title='bbox 2956 3518 3409 3573; x_wconf 81' lang='lat' dir='ltr'><strong>manducauerit</strong></span> <span class='ocrx_word' id='word_1_751' title='bbox 3432 3531 3550 3571; x_wconf 86' lang='lat' dir='ltr'><strong>non</strong></span> <span class='ocrx_word' id='word_1_752' title='bbox 3575 3530 3695 3569; x_wconf 90' lang='lat' dir='ltr'><strong>mo-</strong></span> 
     </span>
    </p>
   </div>
   <div class='ocr_carea' id='block_1_102' title="bbox 2033 3607 3693 3682">
    <p class='ocr_par' dir='ltr' id='par_1_102' title="bbox 2033 3607 3693 3682">
     <span class='ocr_line' id='line_1_102' title="bbox 2033 3607 3693 3682; baseline -0.005 -16"><span class='ocrx_word' id='word_1_753' title='bbox 2033 3612 2277 3682; x_wconf 82' lang='lat' dir='ltr'><strong>riatur;</strong></span> <span class='ocrx_word' id='word_1_754' title='bbox 2306 3626 2426 3665; x_wconf 90' lang='lat' dir='ltr'><strong>non</strong></span> <span class='ocrx_word' id='word_1_755' title='bbox 2453 3610 2613 3665; x_wconf 89' lang='lat' dir='ltr'><strong>enim</strong></span> <span class='ocrx_word' id='word_1_756' title='bbox 2638 3610 2711 3664; x_wconf 91' lang='lat' dir='ltr'><strong>de</strong></span> <span class='ocrx_word' id='word_1_757' title='bbox 2739 3610 2850 3664; x_wconf 89' lang='lat' dir='ltr'><strong>ista</strong></span> <span class='ocrx_word' id='word_1_758' title='bbox 2882 3613 3067 3662; x_wconf 89' lang='lat' dir='ltr'><strong>morte</strong></span> <span class='ocrx_word' id='word_1_759' title='bbox 3098 3607 3479 3678; x_wconf 86' lang='lat' dir='ltr'><strong>loquebatur,</strong></span> <span class='ocrx_word' id='word_1_760' title='bbox 3506 3620 3693 3676; x_wconf 90' lang='lat' dir='ltr'><strong>quam</strong></span> 
     </span>
    </p>
   </div>
   <div class='ocr_carea' id='block_1_103' title="bbox 2034 3695 3696 3770">
    <p class='ocr_par' dir='ltr' id='par_1_103' title="bbox 2034 3695 3696 3770">
     <span class='ocr_line' id='line_1_103' title="bbox 2034 3695 3696 3770; baseline -0.005 -15"><span class='ocrx_word' id='word_1_761' title='bbox 2034 3715 2278 3755; x_wconf 87' lang='lat' dir='ltr'><strong>necesse</strong></span> <span class='ocrx_word' id='word_1_762' title='bbox 2307 3704 2394 3755; x_wconf 89' lang='lat' dir='ltr'><strong>est</strong></span> <span class='ocrx_word' id='word_1_763' title='bbox 2422 3700 2725 3770; x_wconf 86' lang='lat' dir='ltr'><strong>patiantur</strong></span> <span class='ocrx_word' id='word_1_764' title='bbox 2753 3698 2928 3752; x_wconf 91' lang='lat' dir='ltr'><strong>etiam</strong></span> <span class='ocrx_word' id='word_1_765' title='bbox 2956 3697 3060 3768; x_wconf 90' lang='lat' dir='ltr'><strong>qui</strong></span> <span class='ocrx_word' id='word_1_766' title='bbox 3082 3695 3155 3751; x_wconf 91' lang='lat' dir='ltr'><strong>de</strong></span> <span class='ocrx_word' id='word_1_767' title='bbox 3184 3697 3314 3767; x_wconf 87' lang='lat' dir='ltr'><strong>ipso</strong></span> <span class='ocrx_word' id='word_1_768' title='bbox 3346 3710 3502 3765; x_wconf 82' lang='lat' dir='ltr'><strong>pane</strong></span> <span class='ocrx_word' id='word_1_769' title='bbox 3529 3708 3696 3749; x_wconf 89' lang='lat' dir='ltr'><strong>man-</strong></span> 
     </span>
    </p>
   </div>
   <div class='ocr_carea' id='block_1_104' title="bbox 2035 3783 3699 3859">
    <p class='ocr_par' dir='ltr' id='par_1_104' title="bbox 2035 3783 3699 3859">
     <span class='ocr_line' id='line_1_104' title="bbox 2035 3783 3699 3859; baseline -0.005 -14"><span class='ocrx_word' id='word_1_770' title='bbox 2035 3789 2257 3845; x_wconf 91' lang='lat' dir='ltr'><strong>ducant</strong></span> <span class='ocrx_word' id='word_1_771' title='bbox 2282 3805 2294 3843; x_wconf 92' lang='lat'>:</span> <span class='ocrx_word' id='word_1_772' title='bbox 2317 3794 2370 3844; x_wconf 91' lang='lat' dir='ltr'><strong>et</strong></span> <span class='ocrx_word' id='word_1_773' title='bbox 2401 3788 2580 3859; x_wconf 86' lang='lat' dir='ltr'><strong>paulo</strong></span> <span class='ocrx_word' id='word_1_774' title='bbox 2604 3791 2757 3858; x_wconf 91' lang='lat' dir='ltr'><strong>post,</strong></span> <span class='ocrx_word' id='word_1_775' title='bbox 2777 3787 2987 3854; x_wconf 87' lang='lat' dir='ltr'><strong>Amen,</strong></span> <span class='ocrx_word' id='word_1_776' title='bbox 3016 3799 3182 3840; x_wconf 86' lang='lat' dir='ltr'><strong>amen</strong></span> <span class='ocrx_word' id='word_1_777' title='bbox 3198 3785 3328 3839; x_wconf 83' lang='lat' dir='ltr'><strong>dico</strong></span> <span class='ocrx_word' id='word_1_778' title='bbox 3351 3784 3532 3847; x_wconf 85' lang='lat' dir='ltr'><strong>vobis,</strong></span> <span class='ocrx_word' id='word_1_779' title='bbox 3559 3783 3699 3837; x_wconf 89' lang='lat' dir='ltr'><strong>Nisi</strong></span> 
     </span>
    </p>
   </div>
   <div class='ocr_carea' id='block_1_105' title="bbox 2034 3872 3693 3944">
    <p class='ocr_par' dir='ltr' id='par_1_105' title="bbox 2034 3872 3693 3944">
     <span class='ocr_line' id='line_1_105' title="bbox 2034 3872 3693 3944; baseline -0.006 -9"><span class='ocrx_word' id='word_1_780' title='bbox 2034 3878 2535 3935; x_wconf 78' lang='lat' dir='ltr'><strong>manducaverilis</strong></span> <span class='ocrx_word' id='word_1_781' title='bbox 2566 3891 2804 3933; x_wconf 81' lang='lat' dir='ltr'><strong>carnem</strong></span> <span class='ocrx_word' id='word_1_782' title='bbox 2833 3875 2949 3944; x_wconf 87' lang='lat' dir='ltr'><strong>ﬁlii</strong></span> <span class='ocrx_word' id='word_1_783' title='bbox 3003 3874 3274 3937; x_wconf 88' lang='lat' dir='ltr'><strong>hominis,</strong></span> <span class='ocrx_word' id='word_1_784' title='bbox 3325 3879 3378 3928; x_wconf 90' lang='lat' dir='ltr'><strong>et</strong></span> <span class='ocrx_word' id='word_1_785' title='bbox 3434 3872 3693 3927; x_wconf 80' lang='lat' dir='ltr'><strong>biberitis</strong></span> 
     </span>
    </p>
   </div>
   <div class='ocr_carea' id='block_1_106' title="bbox 2036 3960 3691 4039">
    <p class='ocr_par' dir='ltr' id='par_1_106' title="bbox 2036 3960 3691 4039">
     <span class='ocr_line' id='line_1_106' title="bbox 2036 3960 3691 4039; baseline -0.007 -14"><span class='ocrx_word' id='word_1_786' title='bbox 2036 3970 2163 4039; x_wconf 86' lang='lat' dir='ltr'><strong>ejus</strong></span> <span class='ocrx_word' id='word_1_787' title='bbox 2188 3969 2556 4037; x_wconf 86' lang='lat' dir='ltr'><strong>sanguinem,</strong></span> <span class='ocrx_word' id='word_1_788' title='bbox 2590 3982 2710 4021; x_wconf 87' lang='lat' dir='ltr'><strong>non</strong></span> <span class='ocrx_word' id='word_1_789' title='bbox 2729 3965 3014 4021; x_wconf 84' lang='lat' dir='ltr'><strong>habebitis</strong></span> <span class='ocrx_word' id='word_1_790' title='bbox 3035 3964 3215 4020; x_wconf 90' lang='lat' dir='ltr'><strong>vitam</strong></span> <span class='ocrx_word' id='word_1_791' title='bbox 3242 3962 3303 4017; x_wconf 83' lang='lat' dir='ltr'><strong>in</strong></span> <span class='ocrx_word' id='word_1_792' title='bbox 3330 3961 3478 4016; x_wconf 80' lang='lat' dir='ltr'><strong>vobis</strong></span> <span class='ocrx_word' id='word_1_793' title='bbox 3495 3960 3691 4031; x_wconf 86' lang='lat' dir='ltr'><strong>(Joan.</strong></span> 
     </span>
    </p>
   </div>
   <div class='ocr_carea' id='block_1_107' title="bbox 2037 4050 3693 4127">
    <p class='ocr_par' dir='ltr' id='par_1_107' title="bbox 2037 4050 3693 4127">
     <span class='ocr_line' id='line_1_107' title="bbox 2037 4050 3693 4127; baseline -0.006 -13"><span class='ocrx_word' id='word_1_794' title='bbox 2037 4074 2114 4123; x_wconf 82' lang='lat' dir='ltr'><strong>VI,</strong></span> <span class='ocrx_word' id='word_1_795' title='bbox 2139 4057 2228 4121; x_wconf 80' lang='grc'><strong>49,</strong></span> <span class='ocrx_word' id='word_1_796' title='bbox 2258 4060 2345 4124; x_wconf 83' lang='grc'><strong>50,</strong></span> <span class='ocrx_word' id='word_1_797' title='bbox 2378 4056 2495 4127; x_wconf 77' lang='grc' dir='ltr'><strong>ὅ4);</strong></span> <span class='ocrx_word' id='word_1_798' title='bbox 2528 4056 2730 4126; x_wconf 89' lang='lat' dir='ltr'><strong>utique</strong></span> <span class='ocrx_word' id='word_1_799' title='bbox 2752 4054 2915 4109; x_wconf 85' lang='lat' dir='ltr'><strong>illam</strong></span> <span class='ocrx_word' id='word_1_800' title='bbox 2938 4069 3069 4125; x_wconf 65' lang='lat' dir='ltr'><strong>quae</strong></span> <span class='ocrx_word' id='word_1_801' title='bbox 3087 4055 3222 4123; x_wconf 88' lang='lat' dir='ltr'><strong>post</strong></span> <span class='ocrx_word' id='word_1_802' title='bbox 3246 4050 3404 4105; x_wconf 86' lang='lat' dir='ltr'><strong>hanc</strong></span> <span class='ocrx_word' id='word_1_803' title='bbox 3440 4054 3693 4104; x_wconf 89' lang='lat' dir='ltr'><strong>mortem</strong></span> 
     </span>
    </p>
   </div>
   <div class='ocr_carea' id='block_1_108' title="bbox 2037 4139 3693 4215">
    <p class='ocr_par' dir='ltr' id='par_1_108' title="bbox 2037 4139 3693 4215">
     <span class='ocr_line' id='line_1_108' title="bbox 2037 4139 3693 4215; baseline -0.007 -12"><span class='ocrx_word' id='word_1_804' title='bbox 2037 4147 2237 4203; x_wconf 88' lang='lat' dir='ltr'><strong>futura</strong></span> <span class='ocrx_word' id='word_1_805' title='bbox 2262 4151 2380 4202; x_wconf 86' lang='lat' dir='ltr'><strong>est:</strong></span> <span class='ocrx_word' id='word_1_806' title='bbox 2405 4151 2462 4200; x_wconf 90' lang='lat' dir='ltr'><strong>et</strong></span> <span class='ocrx_word' id='word_1_807' title='bbox 2478 4150 2685 4200; x_wconf 90' lang='lat' dir='ltr'><strong>contra</strong></span> <span class='ocrx_word' id='word_1_808' title='bbox 2709 4142 3051 4215; x_wconf 68' lang='lat' dir='ltr'><strong>apostolicae</strong></span> <span class='ocrx_word' id='word_1_809' title='bbox 3069 4141 3236 4196; x_wconf 90' lang='lat' dir='ltr'><strong>Sedis</strong></span> <span class='ocrx_word' id='word_1_810' title='bbox 3257 4139 3693 4207; x_wconf 88' lang='lat' dir='ltr'><strong>auctoritatem,</strong></span> 
     </span>
    </p>
   </div>
   <div class='ocr_carea' id='block_1_109' title="bbox 2036 4228 3692 4307">
    <p class='ocr_par' dir='ltr' id='par_1_109' title="bbox 2036 4228 3692 4307">
     <span class='ocr_line' id='line_1_109' title="bbox 2036 4228 3692 4307; baseline -0.005 -16"><span class='ocrx_word' id='word_1_811' title='bbox 2036 4235 2132 4291; x_wconf 92' lang='lat' dir='ltr'><strong>ubi</strong></span> <span class='ocrx_word' id='word_1_812' title='bbox 2161 4236 2234 4291; x_wconf 91' lang='lat' dir='ltr'><strong>de</strong></span> <span class='ocrx_word' id='word_1_813' title='bbox 2264 4236 2374 4291; x_wconf 89' lang='lat' dir='ltr'><strong>hac</strong></span> <span class='ocrx_word' id='word_1_814' title='bbox 2405 4235 2535 4307; x_wconf 89' lang='lat' dir='ltr'><strong>ipsa</strong></span> <span class='ocrx_word' id='word_1_815' title='bbox 2556 4249 2618 4289; x_wconf 89' lang='lat' dir='ltr'><strong>re</strong></span> <span class='ocrx_word' id='word_1_816' title='bbox 2657 4248 2794 4288; x_wconf 91' lang='lat' dir='ltr'><strong>cum</strong></span> <span class='ocrx_word' id='word_1_817' title='bbox 2820 4236 3114 4303; x_wconf 83' lang='lat' dir='ltr'><strong>ageretur,</strong></span> <span class='ocrx_word' id='word_1_818' title='bbox 3137 4230 3251 4285; x_wconf 89' lang='lat' dir='ltr'><strong>hoc</strong></span> <span class='ocrx_word' id='word_1_819' title='bbox 3282 4228 3692 4284; x_wconf 86' lang='lat' dir='ltr'><strong>testimonium</strong></span> 
     </span>
    </p>
   </div>
   <div class='ocr_carea' id='block_1_110' title="bbox 2038 4317 3694 4391">
    <p class='ocr_par' dir='ltr' id='par_1_110' title="bbox 2038 4317 3694 4391">
     <span class='ocr_line' id='line_1_110' title="bbox 2038 4317 3694 4391; baseline -0.007 -10"><span class='ocrx_word' id='word_1_820' title='bbox 2038 4325 2376 4381; x_wconf 85' lang='lat' dir='ltr'><strong>adhibitum</strong></span> <span class='ocrx_word' id='word_1_821' title='bbox 2417 4328 2505 4380; x_wconf 90' lang='lat' dir='ltr'><strong>est</strong></span> <span class='ocrx_word' id='word_1_822' title='bbox 2534 4322 2967 4391; x_wconf 87' lang='lat' dir='ltr'><strong>evangelicum,</strong></span> <span class='ocrx_word' id='word_1_823' title='bbox 2996 4335 3069 4374; x_wconf 90' lang='lat' dir='ltr'><strong>ne</strong></span> <span class='ocrx_word' id='word_1_824' title='bbox 3097 4317 3327 4391; x_wconf 89' lang='lat' dir='ltr'><strong>parvuli</strong></span> <span class='ocrx_word' id='word_1_825' title='bbox 3371 4333 3491 4371; x_wconf 92' lang='lat' dir='ltr'><strong>non</strong></span> <span class='ocrx_word' id='word_1_826' title='bbox 3544 4317 3694 4387; x_wconf 85' lang='lat' dir='ltr'><strong>bap-</strong></span> 
     </span>
    </p>
   </div>
   <div class='ocr_carea' id='block_1_111' title="bbox 2035 4406 3694 4483">
    <p class='ocr_par' dir='ltr' id='par_1_111' title="bbox 2035 4406 3694 4483">
     <span class='ocr_line' id='line_1_111' title="bbox 2035 4406 3694 4483; baseline -0.007 -13"><span class='ocrx_word' id='word_1_827' title='bbox 2035 4415 2191 4470; x_wconf 89' lang='lat' dir='ltr'><strong>tizati</strong></span> <span class='ocrx_word' id='word_1_828' title='bbox 2218 4413 2401 4468; x_wconf 89' lang='lat' dir='ltr'><strong>vitam</strong></span> <span class='ocrx_word' id='word_1_829' title='bbox 2430 4427 2597 4483; x_wconf 88' lang='lat' dir='ltr'><strong>posse</strong></span> <span class='ocrx_word' id='word_1_830' title='bbox 2630 4409 2853 4466; x_wconf 91' lang='lat' dir='ltr'><strong>habere</strong></span> <span class='ocrx_word' id='word_1_831' title='bbox 2887 4408 3207 4463; x_wconf 89' lang='lat' dir='ltr'><strong>credantur</strong></span> <span class='ocrx_word' id='word_1_832' title='bbox 3246 4407 3576 4476; x_wconf 78' lang='lat' dir='ltr'><strong>(Innocent.</strong></span> <span class='ocrx_word' id='word_1_833' title='bbox 3630 4406 3694 4459; x_wconf 86' lang='lat' dir='ltr'><strong>in</strong></span> 
     </span>
    </p>
   </div>
   <div class='ocr_carea' id='block_1_112' title="bbox 2036 4492 3693 4573">
    <p class='ocr_par' dir='ltr' id='par_1_112' title="bbox 2036 4492 3693 4573">
     <span class='ocr_line' id='line_1_112' title="bbox 2036 4492 3693 4573; baseline -0.007 -15"><span class='ocrx_word' id='word_1_834' title='bbox 2036 4503 2230 4573; x_wconf 80' lang='lat' dir='ltr'><strong>Epist.</strong></span> <span class='ocrx_word' id='word_1_835' title='bbox 2262 4501 2452 4566; x_wconf 84' lang='lat' dir='ltr'><strong>l82,n.</strong></span> <span class='ocrx_word' id='word_1_836' title='bbox 2471 4503 2527 4569; x_wconf 79' lang='grc'><strong>5)</strong></span> <span class='ocrx_word' id='word_1_837' title='bbox 2552 4517 2568 4553; x_wconf 91' lang='lat'><strong><em>:</em></strong></span> <span class='ocrx_word' id='word_1_838' title='bbox 2595 4497 3068 4568; x_wconf 89' lang='lat' dir='ltr'><strong>etcontraipsius</strong></span> <span class='ocrx_word' id='word_1_839' title='bbox 3085 4494 3295 4562; x_wconf 88' lang='lat' dir='ltr'><strong>Pelagii</strong></span> <span class='ocrx_word' id='word_1_840' title='bbox 3324 4493 3507 4547; x_wconf 89' lang='lat' dir='ltr'><strong>verba</strong></span> <span class='ocrx_word' id='word_1_841' title='bbox 3528 4492 3693 4562; x_wconf 81' lang='lat' dir='ltr'><strong>apud</strong></span> 
     </span>
    </p>
   </div>
   <div class='ocr_carea' id='block_1_113' title="bbox 2037 4580 3694 4664">
    <p class='ocr_par' dir='ltr' id='par_1_113' title="bbox 2037 4580 3694 4664">
     <span class='ocr_line' id='line_1_113' title="bbox 2037 4580 3694 4664; baseline -0.006 -17"><span class='ocrx_word' id='word_1_842' title='bbox 2037 4593 2355 4664; x_wconf 89' lang='lat' dir='ltr'><strong>episcopos</strong></span> <span class='ocrx_word' id='word_1_843' title='bbox 2378 4605 2414 4644; x_wconf 89' lang='lat' dir='ltr'><strong>a</strong></span> <span class='ocrx_word' id='word_1_844' title='bbox 2434 4588 2657 4660; x_wconf 90' lang='lat' dir='ltr'><strong>quibus</strong></span> <span class='ocrx_word' id='word_1_845' title='bbox 2684 4585 3056 4649; x_wconf 90' lang='lat' dir='ltr'><strong>audiebatur,</strong></span> <span class='ocrx_word' id='word_1_846' title='bbox 3084 4597 3389 4653; x_wconf 88' lang='lat' dir='ltr'><strong>expressa,</strong></span> <span class='ocrx_word' id='word_1_847' title='bbox 3418 4580 3521 4636; x_wconf 92' lang='lat' dir='ltr'><strong>ubi</strong></span> <span class='ocrx_word' id='word_1_848' title='bbox 3553 4596 3694 4637; x_wconf 87' lang='lat' dir='ltr'><strong>ana-</strong></span> 
     </span>
    </p>
   </div>
   <div class='ocr_carea' id='block_1_114' title="bbox 2038 4669 3693 4748">
    <p class='ocr_par' dir='ltr' id='par_1_114' title="bbox 2038 4669 3693 4748">
     <span class='ocr_line' id='line_1_114' title="bbox 2038 4669 3693 4748; baseline -0.007 -13"><span class='ocrx_word' id='word_1_849' title='bbox 2038 4678 2439 4735; x_wconf 89' lang='lat' dir='ltr'><strong>thematizavit</strong></span> <span class='ocrx_word' id='word_1_850' title='bbox 2470 4692 2573 4732; x_wconf 92' lang='lat' dir='ltr'><strong>eos</strong></span> <span class='ocrx_word' id='word_1_851' title='bbox 2618 4676 2722 4748; x_wconf 91' lang='lat' dir='ltr'><strong>qui</strong></span> <span class='ocrx_word' id='word_1_852' title='bbox 2752 4674 3017 4729; x_wconf 91' lang='lat' dir='ltr'><strong>dicerent</strong></span> <span class='ocrx_word' id='word_1_853' title='bbox 3042 4671 3300 4727; x_wconf 84' lang='lat' dir='ltr'><strong>infantes</strong></span> <span class='ocrx_word' id='word_1_854' title='bbox 3328 4686 3451 4725; x_wconf 91' lang='lat' dir='ltr'><strong>non</strong></span> <span class='ocrx_word' id='word_1_855' title='bbox 3503 4669 3693 4742; x_wconf 89' lang='lat' dir='ltr'><strong>bapti-</strong></span> 
     </span>
    </p>
   </div>
   <div class='ocr_carea' id='block_1_115' title="bbox 2036 4765 3049 4824">
    <p class='ocr_par' dir='ltr' id='par_1_115' title="bbox 2036 4765 3049 4824">
     <span class='ocr_line' id='line_1_115' title="bbox 2036 4765 3049 4824; baseline -0.007 -1"><span class='ocrx_word' id='word_1_856' title='bbox 2036 4774 2200 4824; x_wconf 90' lang='lat' dir='ltr'><strong>zatos</strong></span> <span class='ocrx_word' id='word_1_857' title='bbox 2237 4765 2459 4822; x_wconf 88' lang='lat' dir='ltr'><strong>habere</strong></span> <span class='ocrx_word' id='word_1_858' title='bbox 2498 4766 2680 4820; x_wconf 86' lang='lat' dir='ltr'><strong>vitam</strong></span> <span class='ocrx_word' id='word_1_859' title='bbox 2740 4767 3049 4818; x_wconf 71' lang='lat' dir='ltr'><strong>aeternam.</strong></span> 
     </span>
    </p>
   </div>
   <div class='ocr_carea' id='block_1_116' title="bbox 2107 4847 3694 4927">
    <p class='ocr_par' dir='ltr' id='par_1_116' title="bbox 2107 4847 3694 4927">
     <span class='ocr_line' id='line_1_116' title="bbox 2107 4847 3694 4927; baseline -0.007 -15"><span class='ocrx_word' id='word_1_860' title='bbox 2107 4860 2194 4912; x_wconf 85' lang='lat'><strong>29.</strong></span> <span class='ocrx_word' id='word_1_861' title='bbox 2220 4855 2391 4921; x_wconf 89' lang='lat' dir='ltr'><strong>Quod</strong></span> <span class='ocrx_word' id='word_1_862' title='bbox 2411 4859 2726 4927; x_wconf 89' lang='lat' dir='ltr'><strong>propterea</strong></span> <span class='ocrx_word' id='word_1_863' title='bbox 2750 4849 3381 4916; x_wconf 87' lang='lat' dir='ltr'><strong>commemoravimus,</strong></span> <span class='ocrx_word' id='word_1_864' title='bbox 3403 4847 3694 4920; x_wconf 89' lang='lat' dir='ltr'><strong>quoniam</strong></span> 
     </span>
    </p>
   </div>
   <div class='ocr_carea' id='block_1_117' title="bbox 2036 4938 3696 5019">
    <p class='ocr_par' dir='ltr' id='par_1_117' title="bbox 2036 4938 3696 5019">
     <span class='ocr_line' id='line_1_117' title="bbox 2036 4938 3696 5019; baseline -0.008 -17"><span class='ocrx_word' id='word_1_865' title='bbox 2036 4947 2280 5019; x_wconf 89' lang='lat' dir='ltr'><strong>quidem</strong></span> <span class='ocrx_word' id='word_1_866' title='bbox 2302 4944 2464 5016; x_wconf 91' lang='lat' dir='ltr'><strong>apud</strong></span> <span class='ocrx_word' id='word_1_867' title='bbox 2492 4958 2619 5007; x_wconf 90' lang='lat' dir='ltr'><strong>vos,</strong></span> <span class='ocrx_word' id='word_1_868' title='bbox 2644 4941 2734 4997; x_wconf 90' lang='lat' dir='ltr'><strong>vel</strong></span> <span class='ocrx_word' id='word_1_869' title='bbox 2758 4941 2818 4997; x_wconf 92' lang='lat' dir='ltr'><strong>in</strong></span> <span class='ocrx_word' id='word_1_870' title='bbox 2836 4946 3028 4996; x_wconf 88' lang='lat' dir='ltr'><strong>vestra</strong></span> <span class='ocrx_word' id='word_1_871' title='bbox 3046 4941 3243 5012; x_wconf 91' lang='lat' dir='ltr'><strong>potius</strong></span> <span class='ocrx_word' id='word_1_872' title='bbox 3263 4939 3513 5003; x_wconf 90' lang='lat' dir='ltr'><strong>civitate,</strong></span> <span class='ocrx_word' id='word_1_873' title='bbox 3540 4938 3588 4990; x_wconf 90' lang='lat' dir='ltr'><strong>si</strong></span> <span class='ocrx_word' id='word_1_874' title='bbox 3613 4942 3696 4990; x_wconf 88' lang='lat' dir='ltr'><strong>ta-</strong></span> 
     </span>
    </p>
   </div>
   <div class='ocr_carea' id='block_1_118' title="bbox 2038 5027 3694 5104">
    <p class='ocr_par' dir='ltr' id='par_1_118' title="bbox 2038 5027 3694 5104">
     <span class='ocr_line' id='line_1_118' title="bbox 2038 5027 3694 5104; baseline -0.007 -14"><span class='ocrx_word' id='word_1_875' title='bbox 2038 5051 2176 5090; x_wconf 90' lang='lat' dir='ltr'><strong>men</strong></span> <span class='ocrx_word' id='word_1_876' title='bbox 2191 5049 2393 5089; x_wconf 89' lang='lat' dir='ltr'><strong>verum</strong></span> <span class='ocrx_word' id='word_1_877' title='bbox 2410 5030 2672 5104; x_wconf 90' lang='lat' dir='ltr'><strong>estquod</strong></span> <span class='ocrx_word' id='word_1_878' title='bbox 2686 5030 3050 5094; x_wconf 86' lang='lat' dir='ltr'><strong>audivimus,</strong></span> <span class='ocrx_word' id='word_1_879' title='bbox 3066 5034 3231 5084; x_wconf 85' lang='lat' dir='ltr'><strong>tanta</strong></span> <span class='ocrx_word' id='word_1_880' title='bbox 3244 5044 3351 5100; x_wconf 91' lang='lat' dir='ltr'><strong>pro</strong></span> <span class='ocrx_word' id='word_1_881' title='bbox 3365 5027 3476 5082; x_wconf 84' lang='lat' dir='ltr'><strong>isto</strong></span> <span class='ocrx_word' id='word_1_882' title='bbox 3497 5040 3694 5080; x_wconf 87' lang='lat' dir='ltr'><strong>errore</strong></span> 
     </span>
    </p>
   </div>
   <div class='ocr_carea' id='block_1_119' title="bbox 2038 5115 3693 5197">
    <p class='ocr_par' dir='ltr' id='par_1_119' title="bbox 2038 5115 3693 5197">
     <span class='ocr_line' id='line_1_119' title="bbox 2038 5115 3693 5197; baseline -0.007 -17"><span class='ocrx_word' id='word_1_883' title='bbox 2038 5124 2288 5197; x_wconf 87' lang='lat' dir='ltr'><strong>quidam</strong></span> <span class='ocrx_word' id='word_1_884' title='bbox 2302 5121 2703 5177; x_wconf 89' lang='lat' dir='ltr'><strong>obstinatione</strong></span> <span class='ocrx_word' id='word_1_885' title='bbox 2719 5122 3004 5185; x_wconf 85' lang='lat' dir='ltr'><strong>nituntur,</strong></span> <span class='ocrx_word' id='word_1_886' title='bbox 3027 5124 3087 5173; x_wconf 92' lang='lat' dir='ltr'><strong>ut</strong></span> <span class='ocrx_word' id='word_1_887' title='bbox 3103 5118 3305 5173; x_wconf 88' lang='lat' dir='ltr'><strong>dicant</strong></span> <span class='ocrx_word' id='word_1_888' title='bbox 3323 5115 3549 5171; x_wconf 86' lang='lat' dir='ltr'><strong>facilius</strong></span> <span class='ocrx_word' id='word_1_889' title='bbox 3564 5128 3693 5168; x_wconf 86' lang='lat' dir='ltr'><strong>esse</strong></span> 
     </span>
    </p>
   </div>
   <div class='ocr_carea' id='block_1_120' title="bbox 2043 5202 3687 5280">
    <p class='ocr_par' dir='ltr' id='par_1_120' title="bbox 2043 5202 3687 5280">
     <span class='ocr_line' id='line_1_120' title="bbox 2043 5202 3687 5280; baseline -0.009 -11"><span class='ocrx_word' id='word_1_890' title='bbox 2043 5221 2105 5269; x_wconf 93' lang='lat' dir='ltr'><strong>ut</strong></span> <span class='ocrx_word' id='word_1_891' title='bbox 2133 5214 2311 5268; x_wconf 85' lang='lat' dir='ltr'><strong>etiam</strong></span> <span class='ocrx_word' id='word_1_892' title='bbox 2343 5210 2643 5280; x_wconf 83' lang='lat' dir='ltr'><strong>Pelagium</strong></span> <span class='ocrx_word' id='word_1_893' title='bbox 2669 5211 3136 5279; x_wconf 87' lang='lat' dir='ltr'><strong>deserautatque</strong></span> <span class='ocrx_word' id='word_1_894' title='bbox 3155 5208 3561 5271; x_wconf 87' lang='lat' dir='ltr'><strong>contemnant,</strong></span> <span class='ocrx_word' id='word_1_895' title='bbox 3585 5202 3687 5274; x_wconf 90' lang='lat' dir='ltr'><strong>qui</strong></span> 
     </span>
    </p>
   </div>
   <div class='ocr_carea' id='block_1_121' title="bbox 2039 5291 3690 5365">
    <p class='ocr_par' dir='ltr' id='par_1_121' title="bbox 2039 5291 3690 5365">
     <span class='ocr_line' id='line_1_121' title="bbox 2039 5291 3690 5365; baseline -0.008 -8"><span class='ocrx_word' id='word_1_896' title='bbox 2039 5302 2164 5357; x_wconf 73' lang='lat' dir='ltr'><strong>haec</strong></span> <span class='ocrx_word' id='word_1_897' title='bbox 2204 5301 2523 5355; x_wconf 87' lang='lat' dir='ltr'><strong>sentientes</strong></span> <span class='ocrx_word' id='word_1_898' title='bbox 2549 5296 3095 5360; x_wconf 87' lang='lat' dir='ltr'><strong>anathematizavit,</strong></span> <span class='ocrx_word' id='word_1_899' title='bbox 3145 5310 3331 5365; x_wconf 87' lang='lat' dir='ltr'><strong>quam</strong></span> <span class='ocrx_word' id='word_1_900' title='bbox 3384 5291 3461 5346; x_wconf 89' lang='lat' dir='ltr'><strong>ab</strong></span> <span class='ocrx_word' id='word_1_901' title='bbox 3510 5292 3690 5361; x_wconf 88' lang='lat' dir='ltr'><strong>hujus</strong></span> 
     </span>
    </p>
   </div>
   <div class='ocr_carea' id='block_1_122' title="bbox 2039 5380 3689 5457">
    <p class='ocr_par' dir='ltr' id='par_1_122' title="bbox 2039 5380 3689 5457">
     <span class='ocr_line' id='line_1_122' title="bbox 2039 5380 3689 5457; baseline -0.007 -12"><span class='ocrx_word' id='word_1_902' title='bbox 2039 5391 2360 5457; x_wconf 60' lang='lat' dir='ltr'><strong>sententias,</strong></span> <span class='ocrx_word' id='word_1_903' title='bbox 2396 5390 2545 5443; x_wconf 83' lang='lat' dir='ltr'><strong>sicut</strong></span> <span class='ocrx_word' id='word_1_904' title='bbox 2583 5389 2664 5442; x_wconf 88' lang='lat' dir='ltr'><strong>eis</strong></span> <span class='ocrx_word' id='word_1_905' title='bbox 2693 5388 2940 5451; x_wconf 80' lang='lat' dir='ltr'><strong>videtur,</strong></span> <span class='ocrx_word' id='word_1_906' title='bbox 2978 5386 3220 5440; x_wconf 86' lang='lat' dir='ltr'><strong>veritate</strong></span> <span class='ocrx_word' id='word_1_907' title='bbox 3264 5382 3596 5437; x_wconf 85' lang='lat' dir='ltr'><strong>discedant.</strong></span> <span class='ocrx_word' id='word_1_908' title='bbox 3633 5380 3689 5435; x_wconf 91' lang='lat' dir='ltr'><strong>Si</strong></span> 
     </span>
    </p>
   </div>
   <div class='ocr_carea' id='block_1_123' title="bbox 2037 5469 3693 5546">
    <p class='ocr_par' dir='ltr' id='par_1_123' title="bbox 2037 5469 3693 5546">
     <span class='ocr_line' id='line_1_123' title="bbox 2037 5469 3693 5546; baseline -0.007 -11"><span class='ocrx_word' id='word_1_909' title='bbox 2037 5474 2993 5546; x_wconf 72' lang='lat' dir='ltr'><strong>autemceduntSediapostolicie,</strong></span> <span class='ocrx_word' id='word_1_910' title='bbox 3017 5473 3108 5529; x_wconf 91' lang='lat' dir='ltr'><strong>vel</strong></span> <span class='ocrx_word' id='word_1_911' title='bbox 3130 5472 3326 5544; x_wconf 89' lang='lat' dir='ltr'><strong>potius</strong></span> <span class='ocrx_word' id='word_1_912' title='bbox 3344 5470 3450 5542; x_wconf 90' lang='lat' dir='ltr'><strong>ipsi</strong></span> <span class='ocrx_word' id='word_1_913' title='bbox 3469 5469 3693 5540; x_wconf 89' lang='lat' dir='ltr'><strong>magis-</strong></span> 
     </span>
    </p>
   </div>
   <div class='ocr_carea' id='block_1_124' title="bbox 2038 5560 3691 5636">
    <p class='ocr_par' dir='ltr' id='par_1_124' title="bbox 2038 5560 3691 5636">
     <span class='ocr_line' id='line_1_124' title="bbox 2038 5560 3691 5636; baseline -0.007 -12"><span class='ocrx_word' id='word_1_914' title='bbox 2038 5573 2126 5625; x_wconf 88' lang='lat' dir='ltr'><strong>tro</strong></span> <span class='ocrx_word' id='word_1_915' title='bbox 2140 5573 2194 5623; x_wconf 92' lang='lat' dir='ltr'><strong>et</strong></span> <span class='ocrx_word' id='word_1_916' title='bbox 2215 5566 2462 5622; x_wconf 88' lang='lat' dir='ltr'><strong>domino</strong></span> <span class='ocrx_word' id='word_1_917' title='bbox 2486 5566 2927 5636; x_wconf 79' lang='lat' dir='ltr'><strong>Apostolorum,</strong></span> <span class='ocrx_word' id='word_1_918' title='bbox 2952 5564 3056 5635; x_wconf 91' lang='lat' dir='ltr'><strong>qui</strong></span> <span class='ocrx_word' id='word_1_919' title='bbox 3076 5561 3218 5617; x_wconf 90' lang='lat' dir='ltr'><strong>dicit</strong></span> <span class='ocrx_word' id='word_1_920' title='bbox 3240 5576 3361 5616; x_wconf 91' lang='lat' dir='ltr'><strong>non</strong></span> <span class='ocrx_word' id='word_1_921' title='bbox 3381 5560 3691 5616; x_wconf 88' lang='lat' dir='ltr'><strong>habituros</strong></span> 
     </span>
    </p>
   </div>
   <div class='ocr_carea' id='block_1_125' title="bbox 2036 5650 3690 5729">
    <p class='ocr_par' dir='ltr' id='par_1_125' title="bbox 2036 5650 3690 5729">
     <span class='ocr_line' id='line_1_125' title="bbox 2036 5650 3690 5729; baseline -0.007 -13"><span class='ocrx_word' id='word_1_922' title='bbox 2036 5659 2217 5716; x_wconf 88' lang='lat' dir='ltr'><strong>vitam</strong></span> <span class='ocrx_word' id='word_1_923' title='bbox 2249 5656 2309 5712; x_wconf 89' lang='lat' dir='ltr'><strong>in</strong></span> <span class='ocrx_word' id='word_1_924' title='bbox 2342 5654 2696 5729; x_wconf 88' lang='lat' dir='ltr'><strong>semetipsis,</strong></span> <span class='ocrx_word' id='word_1_925' title='bbox 2748 5652 2861 5713; x_wconf 91' lang='lat' dir='ltr'><strong>nisi</strong></span> <span class='ocrx_word' id='word_1_926' title='bbox 2914 5650 3407 5711; x_wconf 87' lang='lat' dir='ltr'><strong>manducaverint</strong></span> <span class='ocrx_word' id='word_1_927' title='bbox 3448 5664 3690 5706; x_wconf 89' lang='lat' dir='ltr'><strong>carnem</strong></span> 
     </span>
    </p>
   </div>
  </div>
