4118 6164
513 175 620 233 827

513 301 620 358 ﬁlii
638 301 994 365 hominis,et
1011 298 1272 355 biberint
1295 297 1850 370 sanguinem,quod
1875 297 1988 352 nisi
2018 295 2172 366 bap-

515 392 666 446 tizati
699 405 818 446 non
855 391 1054 459 utique
1081 393 1336 460 possunt
1369 405 1382 453 ;
1415 403 1632 459 nempe
1659 387 1985 459 aliquando
2025 385 2172 440 fate-

515 480 738 535 buntur
763 479 1044 550 parvulos
1067 493 1186 532 non
1219 477 1546 548 baptizatos
1579 477 1758 531 vitam
1785 476 2007 531 habere
2047 489 2168 529 non

515 585 714 640 posse,
747 584 816 622 ac
847 583 950 638 per
981 568 1110 630 hoc,
1145 566 1477 638 quamlibet
1505 566 1868 620 tolerabilius
1888 563 2170 620 omnibus

513 659 614 728 qui
638 657 814 712 etiam
845 655 1090 727 propria
1113 661 1360 727 peccata
1383 655 1769 718 committunt,
1793 661 1988 709 tamen
2008 657 2172 708 aiter-

511 761 591 801 na
633 751 822 800 morte
864 744 1124 800 multari.

586 839 670 890 30.
709 839 846 900 Quae
877 851 1014 889 cum
1051 835 1130 889 ita
1153 833 1290 897 sint,
1319 833 1924 904 audeantdisputare,
1957 835 2014 888 et
2041 830 2171 903 qui-

515 922 624 977 bus
643 931 894 994 possunt
913 923 1274 994 persuadere
1293 923 1689 987 contendant,
1713 925 1896 976 Deum
1916 922 2166 990 justum,

513 1014 678 1083 apud
709 1029 888 1082 quem
923 1029 1044 1066 non
1071 1017 1158 1066 est
1189 1013 1488 1082 iniquitas,
1523 1011 1808 1081 parvulos
1837 1027 1872 1064 a
1911 1010 2169 1080 peccatis

511 1101 768 1172 propriis
795 1101 1161 1162 innocentes,
1189 1100 1234 1156 si
1267 1115 1376 1154 nec
1397 1100 1494 1154 illo
1526 1117 1594 1154 ex
1623 1099 1812 1154 Adam
1841 1098 2084 1168 obligati
2115 1103 2172 1152 et

512 1189 774 1244 obstricti
808 1195 964 1254 sunt,
989 1193 1176 1244 morte
1209 1194 1492 1260 perpetua
1522 1189 1973 1243 damnatarum.
2000 1185 2170 1252 Quod

513 1279 558 1332 si
589 1278 1093 1334 absurdissimum
1126 1283 1216 1332 est
1246 1282 1300 1332 et
1331 1295 1363 1332 a
1385 1278 1617 1347 justitia
1638 1277 1738 1332 Dei
1769 1277 2006 1347 penitus
2035 1276 2177 1331 alie-

511 1382 676 1432 num,
712 1373 767 1422 et
817 1373 1016 1422 tamen
1073 1366 1271 1421 nullus
1317 1367 1420 1438 qui
1452 1383 1512 1421 se
1559 1367 1826 1421 meminit
1865 1365 2169 1421 catholicis

513 1455 650 1510 ﬁdei
677 1456 1087 1520 christianum,
1119 1461 1296 1524 negat
1326 1461 1428 1510 aut
1455 1455 1688 1510 dubitat
1719 1453 2000 1525 parvulos
2049 1469 2170 1510 non

513 1549 760 1615 accepta
789 1543 980 1615 gratia
1000 1544 1470 1614 regenerationis
1501 1545 1558 1598 in
1593 1543 1845 1606 Christo,
1880 1545 2006 1598 sine
2036 1543 2170 1598 cibo

514 1633 709 1688 carnis
737 1633 866 1702 ejus
913 1637 970 1686 et
1014 1633 1325 1702 sanguinis
1357 1637 1522 1703 potu,
1571 1648 1694 1688 non
1738 1633 1956 1688 habere
2001 1633 2058 1686 in
2111 1648 2172 1686 se

513 1723 722 1786 vitam,
763 1737 834 1776 ac
867 1739 968 1793 per
1011 1722 1124 1777 hoc
1173 1738 1368 1792 poenae
1409 1722 1786 1793 sempiternae
1823 1723 2113 1777 obnoxios
2157 1732 2170 1781 ;

513 1810 780 1882 profecto
801 1815 983 1866 restat
1005 1817 1066 1866 ut
1095 1812 1490 1882 quiaipsinon
1505 1817 1753 1880 egerunt
1779 1811 2000 1882 aliquid
2031 1808 2173 1866 boni

517 1905 620 1956 aut
649 1899 810 1968 mali,
837 1901 973 1955 ideo
1001 1900 1208 1955 mortis
1237 1916 1442 1956 eorum
1485 1901 1647 1970 justa
1685 1900 1757 1954 sit
1798 1916 1996 1970 paena,
2029 1899 2174 1971 quia

513 1988 572 2042 in
599 1987 698 2042 illo
723 1989 1076 2054 moriuntur,
1094 1987 1154 2043 in
1181 2004 1304 2060 quo
1331 2003 1540 2043 omnes
1562 1993 1962 2058 peccaverunt
1983 2004 1996 2052 ;
2015 1988 2174 2042 unde

513 2076 573 2131 in
609 2077 718 2132 isto
765 2076 892 2133 solo
934 2077 1334 2147 justiticantur
1380 2079 1422 2141 ¹,
1456 2093 1491 2131 a
1543 2093 1664 2148 quo
1711 2082 2023 2148 peccatum
2064 2091 2174 2131 nec

516 2165 804 2234 originale
839 2166 990 2222 trahi
1041 2167 1250 2237 potuit,
1285 2181 1394 2221 nec
1445 2165 1756 2237 proprium
1821 2165 2170 2236 perpetrari.

584 2259 671 2310 31.
703 2258 828 2325 ipse
849 2254 1088 2310 vocavit
1114 2270 1224 2310 nos
1257 2269 1376 2309 non
1397 2255 1590 2309 solum
1614 2254 1936 2322 exJudasis,
1967 2269 2172 2309 verum

515 2343 692 2398 etiam
727 2359 796 2398 ex
838 2343 1118 2399 Gentibus
1153 2361 1166 2408 ;
1217 2343 1508 2414 quoniam
1553 2347 1606 2396 et
1645 2343 1797 2396 illius
1843 2343 2176 2399 Jerusalem

515 2431 688 2496 ﬁlios,
713 2449 848 2504 quae
869 2431 1157 2488 interfecit
1187 2431 1536 2501 Prophetas,
1556 2436 1612 2486 et
1639 2431 1928 2501 lapidavit
1961 2432 2177 2486 missos

515 2521 693 2585 arise,
719 2521 994 2592 quamvis
1019 2522 1150 2589 ipsa
1165 2520 1398 2575 nolente
1419 2519 1652 2588 collegit
1671 2521 1794 2590 ipse
1815 2537 1969 2590 quos
1997 2519 2180 2574 voluit

516 2609 756 2680 (Matth.
801 2625 955 2676 χχιιι,
1009 2611 1120 2677 37),
1167 2613 1224 2663 et
1269 2615 1406 2663 ante
1454 2609 1926 2664 incarnationem
1979 2626 2176 2676 suam,

517 2699 664 2752 sicut
694 2698 857 2767 ipsos
885 2698 1229 2768 Prophetas,
1255 2702 1309 2752 et
1333 2703 1728 2768 posteaquam
1751 2697 2014 2753 Verbum
2039 2715 2180 2754 caro

519 2786 738 2842 factum
769 2790 873 2852 est,
904 2787 1057 2842 sicut
1085 2787 1403 2856 Apostolos
1427 2793 1483 2842 et
1509 2786 1828 2842 hominum
1861 2787 2046 2843 millia
2077 2789 2179 2860 qui

515 2879 572 2929 et
609 2874 803 2946 pretia
829 2890 1026 2930 rerum
1071 2891 1318 2930 suarum
1358 2881 1498 2930 ante
1531 2877 1712 2946 pedes
1751 2877 2178 2946 Apostolorum

513 2970 843 3035 posuerunt
864 2966 1019 3036 (Act.
1045 2982 1104 3036 ιι,
1125 2968 1213 3033 41,
1233 2971 1283 3022 et
1301 2983 1376 3029 ιν,
1397 2967 1450 3030 li,
1468 2970 1553 3030 34,
1572 2966 1682 3038 35).
1715 2968 1931 3022 Omnes
1953 2968 2179 3040 quippe

513 3053 590 3108 illi
623 3053 724 3108 ﬁlii
751 3055 1227 3110 suntJerusalem
1253 3056 1512 3110 nolentis
1537 3061 1601 3110 ut
1621 3055 2056 3124 colligerentur,
2077 3059 2180 3129 qui

515 3147 717 3198 tamen
747 3142 846 3198 illa
875 3144 1110 3199 nolente
1145 3149 1162 3180 ³
1196 3143 1424 3198 collecti
1453 3151 1590 3198 sunt
1615 3162 1628 3209 ;
1649 3145 1721 3198 de
1747 3145 1971 3216 quibus
1999 3145 2174 3204 dicit:

517 3230 577 3290 Si
595 3247 698 3301 ego
725 3233 786 3286 in
819 3232 1138 3288 Beelzebub
1171 3233 1336 3302 ejicio
1384 3233 1698 3298 daemonia,
1737 3234 1853 3300 ﬁlii
1895 3235 2072 3290 vestri
2116 3237 2178 3288 in

516 3337 629 3391 quo
660 3321 898 3390 ejiciunt
919 3323 949 3372 ?
979 3322 1114 3376 Ideo
1143 3321 1260 3386 insi
1279 3321 1515 3390 judices
1551 3322 1724 3376 vestri
1739 3330 1912 3376 erunt
1935 3324 2176 3392 (Matth.

513 3425 612 3472 xu,
637 3411 835 3478 27).De
865 3412 935 3464 iis
959 3409 1312 3479 praedictum
1337 3415 1462 3464 erat
1485 3429 1503 3466 :
1525 3409 1584 3464 Si
1605 3411 1836 3478 fuerint
1853 3411 1968 3478 ﬁlii
1993 3413 2182 3467 Israel

515 3499 669 3551 sicut
708 3513 890 3552 arena
913 3499 1111 3567 maris,
1142 3499 1412 3568 reliquiae
1428 3499 1606 3554 salvae
1626 3500 1776 3567 ﬁent
1799 3501 1967 3569 (Isai,
1991 3517 2048 3564 x,
2073 3505 2138 3554 2'2
2163 3529 2177 3578 ;

517 3586 656 3640 Osee
685 3605 719 3650 ι,
749 3589 858 3650 10;
892 3588 1055 3642 Rom.
1091 3603 1167 3652 ix,
1223 3590 1434 3658 24-27).
1477 3591 1604 3643 Non
1653 3593 1857 3658 potest
1909 3589 2182 3644 excidere

517 3674 766 3728 verbum
797 3676 912 3740 Dei,
941 3691 1050 3730 nec
1073 3676 1286 3748 repulit
1317 3677 1550 3747 plebem
1577 3693 1750 3732 suam
1783 3695 1966 3749 quam
1997 3695 2180 3749 praes-

516 3762 672 3827 eivit,
689 3769 1032 3835 quaetamen
1055 3765 1318 3836 reliquiae
1343 3781 1446 3836 per
1469 3765 1824 3822 electionem
1843 3768 2046 3835 gratias
2070 3768 2185 3824 sal-

517 3867 603 3906 vae
633 3852 802 3908 factm
833 3859 989 3908 sunt.
1022 3855 1090 3910 Si
1119 3861 1313 3910 autem
1346 3855 1564 3924 gratia,
1597 3856 1758 3926 quod
1790 3872 1947 3927 saepe
1987 3858 2186 3912 dicen-

515 3941 660 3996 dum
694 3948 800 4004 est,
819 3944 948 4010 jam
973 3959 1089 3998 non
1107 3958 1179 3999 ea:
1206 3945 1478 4012 operibus
1501 3958 1523 4014 ;
1547 3944 1814 4015 alioquin
1841 3947 2182 4015 gratiajam

515 4045 634 4084 non
663 4037 742 4084 est
760 4033 956 4099 gratia
987 4049 1001 4096 ;
1025 4047 1146 4086 non
1167 4033 1294 4086 hinc
1319 4032 1522 4104 utique
1543 4039 1744 4088 nostra
1767 4035 1891 4096 ,0οι1
1921 4036 2184 4104 Apostoli

515 4118 702 4172 verba
720 4125 856 4174 sunt
875 4120 1056 4190 (Rom.
1079 4137 1159 4184 x1,
1185 4125 1232 4182 ‘2,
1259 4122 1394 4190 5,6).
1422 4121 1592 4186 Quod
1607 4138 1745 4190 ergo
1761 4121 2184 4179 adJerusalem

515 4205 820 4262 nolentem
851 4209 1044 4277 colligi
1075 4209 1226 4264 ﬁlios
1263 4225 1405 4264 suos
1430 4210 1522 4264 ille
1550 4211 1871 4278 clamabat,
1921 4211 2036 4266 hoc
2073 4229 2184 4272 nos

516 4294 854 4352 clamamus
875 4298 1159 4352 adversus
1184 4313 1285 4353 eos
1309 4299 1411 4369 qui
1441 4299 1594 4354 ﬁlios
1621 4300 1886 4354 volentes
1913 4300 2182 4356 Ecclesiae

515 4383 712 4454 colligi
745 4386 993 4442 nolunt:
1025 4403 1132 4441 nec
1165 4387 1374 4442 saltem
1407 4393 1542 4458 post
1571 4387 1859 4458 judicium
1894 4389 1976 4458 (α)
2017 4391 2180 4459 quod

515 4473 735 4544 deipso
751 4475 986 4546 Pelagio
1001 4477 1059 4532 in
1077 4476 1390 4532 Palaestina
1409 4476 1626 4532 factum
1647 4485 1752 4544 est,
1767 4478 2182 4549 corriguntur;

514 4561 588 4616 de
615 4579 736 4635 quo
763 4565 1087 4620 damnatus
1115 4565 1346 4630 exisset,
1383 4566 1495 4620 nisi
1533 4566 1764 4636 objecta
1815 4567 1924 4621 sibi
1975 4573 2182 4622 contra

515 4653 768 4721 gratiam
797 4654 919 4719 Dei,
952 4655 1112 4710 dicta
1141 4671 1276 4726 quae
1309 4654 1630 4711 obscurare
1663 4671 1781 4710 non
1811 4657 2022 4726 potuit,
2055 4657 2181 4728 ipse

513 4739 881 4797 damnasset.

585 4831 812 4886 CAPUT
850 4831 936 4886 ΙΧ.
971 4836 1127 4887 ~32.
1163 4835 1374 4888 Praeter
1401 4833 1502 4888 illa
1531 4833 1688 4888 enim
1721 4849 1875 4906 quae,
1909 4849 2030 4904 quo
2059 4849 2182 4890 mo-

514 4919 592 4974 do
609 4919 823 4992 potuit,
843 4936 1025 4976 ausus
1039 4927 1128 4976 est
1148 4922 1576 4994 qualicumque
1593 4923 1822 4978 ratione
1838 4922 2176 4986 defendere,

514 5009 748 5080 objecta
777 5009 1060 5081 quaedam
1093 5015 1250 5073 sunt,
1285 5028 1418 5082 quae
1450 5011 1560 5066 nisi
1591 5017 1822 5066 remota
1863 5012 2028 5066 omni
2069 5019 2180 5066 ter-

509 5098 2180 5172 giversationeanathematizasset,ipseauathematizatus

513 5189 744 5244 exisset.
782 5189 1091 5258 Objectum
1124 5193 1212 5244 est
1233 5189 1390 5256 enim
1409 5205 1546 5244 eum
1566 5189 1793 5243 dicere:
1818 5188 1967 5252 Quia
1993 5189 2178 5244 Adam

513 5276 636 5332 sive
659 5285 954 5346 peccaret,
985 5279 1106 5334 sive
1144 5295 1260 5334 non
1293 5282 1577 5346 peccaret,
1609 5277 1938 5333 moriturus
1991 5284 2131 5332 esset
2161 5299 2175 5334 :

517 5369 568 5416 et
597 5367 749 5434 quod
775 5374 1072 5438 peceatum
1103 5371 1226 5438 ejus
1263 5371 1452 5438 ipsum
1485 5370 1670 5424 solum
1705 5367 1936 5434 laeserit,
1969 5375 2022 5422 et
2061 5383 2175 5422 non

577 5513 720 5576 ’EMS.
759 5515 928 5578 Sulp.,
963 5518 1316 5580 viviﬁcantur.

572 5579 591 5608 ²
615 5575 738 5622 MSS.
773 5577 971 5622 νιιίἱω..
1003 5580 1097 5622 illo
1119 5582 1316 5622 valente

573 5579 591 5608 ²
615 5577 738 5622 Mss.
773 5577 971 5631 Valic.:
1003 5577 1097 5626 illo
1119 5582 1332 5630 volente.

573 5640 648 5698 (α)
681 5635 1132 5700 DiOSpolitanuin.

1793 170 1852 228 S.
1895 167 2288 228 AUGUSTINI
2323 165 2650 223 EPISCOPI
3753 171 3836 230 828

2276 309 2458 362 genus
2481 293 2841 348 humanum.-
2865 297 2920 348 et
2943 292 3100 363 quod
3113 291 3378 363 infantes
3393 293 3708 362 nupernati
3723 297 3776 352 in
3793 300 3878 357 ille

2275 389 2438 438 statu
2457 383 2591 445 sint,
2615 382 2676 436 in
2699 397 2812 452 quo
2837 382 3034 437 Adam
3052 383 3174 451 fuit
3191 390 3328 438 ante
3345 385 3880 450 praevaricationem:

2275 477 2328 526 et
2357 472 2517 542 quod
2541 486 2726 540 neque
2743 485 2853 538 per
2878 477 3114 526 mortem
3141 473 3234 526 vel
3255 487 3360 542 per
3379 473 3884 538 praevaricationem

2275 561 2416 614 Adte
2450 575 2618 615 omne
2655 575 2838 630 genus
2867 561 3188 615 humanum
3229 561 3544 624 moriatur,
3587 577 3758 632 neque
3805 581 3890 631 per

2274 649 2754 704 resurrectionem
2791 648 3018 704 Christi
3045 663 3218 704 omne
3246 665 3434 718 genus
3471 649 3772 708 humanum
3811 669 3893 709 re-

2275 745 2486 807 surgat
2506 756 2527 791 .-
2557 745 2608 792 et
2641 734 2920 806 infantes,
2953 739 3184 793 etiamsi
3213 753 3333 792 non
3401 739 3779 806 baptizentur,
3811 749 3892 797 ha-

2279 829 2409 883 bere
2435 827 2608 882 vitam
2635 833 2918 883 aeternam
2941 845 2958 880 :
2985 834 3038 882 et
3071 828 3284 882 divites
3313 827 3654 894 baptizatos,
3687 829 3784 883 nisi
3801 845 3894 886 om-

2273 917 2445 972 nibus
2477 919 2834 982 renuntient,
2865 917 2914 971 si
2936 917 3081 988 quid
3115 917 3252 971 boni
3286 917 3395 970 visi
3450 917 3680 986 fuerint
3705 919 3891 986 facere,

2275 1023 2392 1060 non
2417 1006 2690 1074 reputari
2707 1005 2852 1068 illis,
2877 1021 2980 1060 nec
3001 1020 3095 1061 eos
3109 1005 3330 1062 habere
3340 1020 3512 1073 posse
3530 1021 3761 1074 regnum
3783 1008 3894 1064 Dei:

2275 1101 2328 1151 et
2358 1099 2616 1164 gratiam
2659 1095 2760 1149 Dei
2791 1100 2966 1166 atque
2996 1095 3371 1163 adjutorium
3401 1111 3517 1148 non
3549 1095 3628 1150 ad
3675 1095 3896 1164 singulos

2277 1189 2444 1238 actus
2457 1182 2612 1247 dari,
2630 1183 2727 1237 sed
2739 1182 2802 1236 in
2827 1182 3012 1238 libero
3023 1183 3278 1238 arbitrio
3291 1197 3413 1238 esse
3429 1183 3520 1237 vel
3541 1183 3604 1236 in
3629 1183 3898 1253 legemque

2277 1273 2584 1326 doctrina:
2609 1277 2662 1326 et
2705 1272 2808 1326 Dei
2834 1273 3087 1341 gratiam
3124 1272 3448 1326 secundum
3487 1272 3694 1326 merita
3727 1279 3898 1328 nostra

2277 1361 2410 1414 dari
2433 1377 2449 1414 :
2469 1367 2522 1414 et
2545 1361 2700 1426 ﬁlios
2723 1361 2832 1415 Dei
2849 1375 2967 1415 non
2989 1375 3153 1428 posse
3179 1360 3399 1424 vocari,
3421 1361 3536 1414 nisi
3556 1361 3778 1414 omnino
3797 1361 3899 1414 abs-

2278 1465 2389 1520 que
2414 1459 2652 1518 pe-ccato
2675 1449 2906 1518 fuerint
2933 1450 3162 1518 effecti:
3191 1455 3246 1504 et
3275 1465 3396 1504 non
3419 1463 3540 1504 esse
3565 1448 3792 1504 liberum
3815 1465 3898 1506 ar-

2278 1538 2537 1600 bitrium,
2567 1539 2618 1592 si
2633 1539 2737 1594 Dei
2761 1538 2985 1608 indiget
3012 1537 3240 1594 auxilio
3255 1555 3278 1600 ;
3299 1538 3582 1609 quoniam
3607 1539 3664 1591 in
3684 1541 3896 1606 propria

2279 1629 2580 1684 voluntate
2609 1627 2784 1682 habet
2839 1627 3248 1698 unusquisque
3297 1629 3508 1695 facere
3545 1627 3779 1696 aliquid,
3823 1629 3897 1683 vel

2279 1732 2398 1772 non
2421 1716 2613 1785 facere
2633 1735 2654 1771 :
2683 1725 2734 1772 et
2769 1717 3074 1772 victoriam
3107 1723 3372 1770 nostram
3389 1731 3504 1770 non
3531 1731 3605 1771 ex
3631 1715 3728 1770 Dei
3753 1716 3897 1784 adju-

2281 1807 2426 1860 tario
2455 1821 2593 1872 esse,
2623 1806 2724 1861 sed
2753 1821 2828 1862 ea:
2858 1806 3042 1861 libero
3067 1805 3316 1860 arbitrio
3335 1823 3357 1860 .·
3389 1811 3442 1860 et
3473 1804 3629 1875 quod
3652 1806 3896 1872 paeniten-

2281 1895 2432 1949 tibus
2461 1897 2635 1950 venia
2663 1911 2780 1949 non
2812 1895 2986 1949 detur
3015 1895 3332 1949 secundum
3361 1893 3615 1964 gratiam
3646 1901 3692 1948 et
3711 1895 3894 1949 miseri-

2279 1985 2544 2040 cordiam
2593 1983 2719 2046 Dei,
2765 1984 2869 2039 sed
2911 1983 3234 2038 secundum
3275 1983 3557 2038 meritum
3589 1989 3640 2038 et
3674 1983 3893 2037 laborem

2280 2089 2482 2130 eorum
2527 2073 2630 2143 qui
2681 2087 2791 2141 per
2831 2072 3234 2141 pwnitentiam
3265 2071 3432 2144 digni
3457 2071 3684 2140 fuerint
3711 2073 3895 2126 miseri-

2282 2162 2490 2218 cordia
2501 2204 2513 2216 .
3723 2225 3726 2228 λ

2353 2251 2442 2305 33.
2461 2251 2594 2304 Haec
2615 2266 2711 2305 om
2723 2250 2820 2304 nia
2835 2249 3098 2319 Pelagius
3113 2249 3196 2304 sic
3211 2247 3749 2312 anathematizavit,
3762 2249 3892 2320 quod

2283 2339 2430 2395 satis
2461 2342 2636 2394 Gesta
2662 2339 2798 2409 ipsa
2829 2343 3138 2402 testantur,
3181 2345 3240 2392 ut
3277 2338 3428 2393 nihil
3459 2337 3536 2393 ad
3587 2353 3655 2394 ea
3683 2353 3893 2408 quoquo

2285 2428 2466 2482 modo
2497 2426 2876 2482 defendenda
2901 2428 3320 2498 disputationis
3353 2427 3647 2492 attulerit;
3677 2425 3814 2480 unde
3845 2425 3894 2480 fit

2285 2533 2658 2588 consequens
2699 2521 2760 2570 ut
2781 2515 3058 2588 quisquis
3089 2517 3361 2587 sequitur
3399 2515 3555 2572 illius
3587 2513 3894 2586 episcopalis

2284 2605 2938 2675 auctoritatcmjudicii,
2961 2605 3214 2675 etipsius
3239 2601 3894 2674 Pelagiiconfessionem,

2283 2695 2412 2750 hinc
2436 2701 2630 2750 tenere
2654 2694 2889 2756 debeat,
2905 2710 3042 2764 qum
3065 2709 3301 2765 semper
3321 2694 3510 2748 tenuit
3531 2693 3803 2748 catholica
3821 2693 3898 2744 Ec-

2285 2783 2466 2840 clesia
2497 2801 2510 2838 :
2545 2785 2757 2848 Adam,
2789 2783 2902 2837 nisi
2935 2789 3259 2853 peccasset,
3311 2798 3438 2838 non
3467 2781 3647 2838 fuisse
3699 2779 3897 2835 moritu-

2285 2890 2416 2929 rum
2453 2890 2466 2928 :
2499 2873 2662 2944 quod
2695 2877 3006 2944 peccatum
3029 2872 3159 2942 ejus
3192 2887 3308 2926 non
3335 2873 3544 2944 ipsum
3577 2870 3897 2926 801001110εο-

2284 2964 2378 3027 rit,
2411 2963 2516 3018 sed
2557 2967 2613 3017 et
2659 2977 2850 3031 genus
2909 2961 3247 3016 humanum
3301 2977 3314 3014 :
3371 2967 3436 3016 et
3474 2961 3636 3033 quod
3679 2959 3892 3015 infantes

2287 3067 2478 3122 nuper
2503 3052 2626 3106 nati
2652 3067 2774 3106 non
2805 3050 2923 3104 sint
2951 3051 3012 3105 in
3037 3051 3134 3105 illo
3157 3055 3332 3118 statu,
3368 3051 3433 3104 in
3461 3065 3582 3122 quo
3611 3049 3782 3104 Adam
3809 3047 3892 3102 fuit

2285 3145 2420 3196 ante
2445 3140 3017 3212 praevaricationem,
3053 3144 3116 3194 ut
3141 3139 3218 3194 ad
3245 3141 3410 3210 ipsos
3443 3139 3722 3210 pertineat
3747 3137 3891 3192 etiam

2285 3231 2448 3302 quod
2475 3230 2730 3284 breviter
2759 3231 2838 3283 ait
2863 3228 3204 3300 Apostolus,
3245 3229 3364 3282 Per
3421 3245 3604 3284 unum
3645 3227 3894 3284 hominem

2285 3335 2457 3384 mors,
2500 3326 2552 3373 et
2589 3335 2692 3387 per
2730 3334 2914 3373 unum
2967 3318 3252 3374 hominem
3299 3318 3648 3374 resurrectio
3687 3320 3896 3370 mortuo-

2287 3425 2442 3463 rum.
2489 3407 2656 3462 Sicut
2691 3408 2848 3462 enim
2881 3409 2942 3462 in
2978 3407 3172 3462 Adam
3213 3421 3416 3462 omnes
3469 3406 3806 3467 moriuntur.
3831 3402 3898 3456 ίία

2288 3505 2340 3552 et
2385 3497 2448 3550 in
2509 3495 2747 3550 Christo
2797 3511 2991 3550 omnes
3037 3495 3505 3562 viviﬁcabuntur
3552 3496 3592 3564 (l
3649 3494 3772 3548 Cor.
3815 3505 3894 3550 XV.

2288 3585 2377 3652 21,
2419 3585 2528 3654 22).
2577 3585 2740 3639 Unde
2781 3584 2846 3638 ﬁt
2887 3589 2948 3638 ut
2995 3583 3250 3638 infantes
3287 3599 3412 3639 non
3465 3583 3750 3654 baptizati,
3797 3592 3890 3633 non

2291 3673 2488 3728 solum
2553 3689 2804 3742 regnum
2863 3673 3168 3738 ccelorum,
3221 3689 3436 3728 verum
3501 3676 3674 3728 etiam
3743 3669 3894 3722 vitam

2289 3769 2573 3818 aiternam
2619 3762 2842 3817 habere
2891 3779 3010 3816 non
3045 3762 3293 3832 possint.
3341 3763 3698 3818 Contiteatur
3731 3757 3894 3814 etiam.

2289 3851 2498 3906 divites
2513 3851 2866 3922 baptizatos,
2893 3851 3356 3906 etiamsidivitiis
3379 3852 3504 3906 suis
3533 3866 3648 3906 non
3676 3849 3894 3908 careant,

2290 3945 2348 3994 et
2377 3941 2490 3996 sint
2519 3941 2664 3995 tales
2696 3939 2903 4012 quales
2930 3940 3006 3994 ad
3039 3940 3410 3994 Timotheum
3455 3937 3724 3994 describit
3748 3937 3895 4004 Apos-

2291 4029 2444 4086 tolus
2483 4029 2707 4094 dicens,
2751 4029 3015 4098 Praecipe
3055 4029 3328 4084 divitibus
3361 4029 3542 4098 hujus
3577 4024 3764 4082 mundi
3801 4036 3894 4076 non

2289 4119 2536 4188 superbe
2591 4133 2816 4188 sapere,
2867 4133 3055 4188 neque
3101 4133 3339 4187 sperare
3391 4119 3456 4174 in
3509 4118 3725 4172 incerto
3775 4110 3894 4166 divi-

2291 4210 2534 4271 tiarum,
2567 4209 2668 4263 sed
2699 4209 2758 4262 in
2801 4208 2916 4262 Deo
2946 4207 3088 4271 viro,
3113 4207 3216 4276 qui
3238 4213 3483 4273 praestat
3523 4205 3710 4261 omnia
3745 4201 3892 4256 abim-

2290 4298 2507 4352 danter
2527 4298 2608 4352 ad
2627 4298 2954 4366 fruendum
2980 4297 3226 4364 ;divites
3247 4297 3364 4350 sint
3389 4299 3450 4350 in
3465 4294 3722 4363 operibus
3740 4287 3891 4348 bonis,

2286 4387 2468 4454 facile
2483 4386 2761 4450 tribuant,
2786 4386 3238 4446 communicent,
3269 4378 3774 4442 thesaurizentsibi
3786 4385 3896 4446 flm-

2289 4475 2626 4530 damentum
2651 4475 2856 4528 bonum
2885 4475 2948 4528 in
2961 4475 3260 4543 futurum,
3289 4481 3352 4528 ut
3378 4470 3803 4544 apprehenderat
3824 4477 3894 4519 ve-

2289 4580 2418 4620 ram
2445 4567 2626 4620 vitam
2655 4567 2699 4632 (l
2739 4565 2862 4618 Tim
2905 4580 2978 4631 v1,
3015 4565 3227 4631 17-19),
3279 4579 3398 4618 non
3449 4579 3550 4616 eos
3597 4573 3765 4630 regno
3815 4550 3890 4607 Dei

2289 4670 2464 4724 posse
2495 4653 2729 4724 privari.
2751 4655 3024 4708 Fateatur
3043 4654 3298 4721 gratiam
3339 4653 3438 4707 Dei
3467 4658 3520 4708 et
3567 4645 3889 4719 adjutorium

2287 4743 2466 4798 etiam
2486 4741 2564 4797 ad
2595 4742 2865 4810 singulos
2885 4749 3052 4796 actus
3073 4741 3200 4796 dari
3227 4759 3239 4805 ;
3273 4757 3523 4814 eamque
3549 4753 3662 4794 non
3693 4732 3806 4790 dari
3821 4745 3889 4784 se-

2287 4831 2554 4886 cundum
2579 4831 2788 4886 merita
2816 4837 3039 4897 nostra,
3087 4836 3150 4886 ut
3181 4847 3318 4885 vera
3363 4832 3436 4885 sit
3470 4829 3670 4900 gratia,
3725 4823 3776 4876 id
3817 4823 3890 4874 est

2285 4921 2466 4991 gratis
2493 4920 2632 4976 data
2663 4937 2766 4991 per
2797 4921 2926 4989 ejus
2957 4919 3547 4990 misericordiamqui
3575 4915 3728 4976 dixit,
3749 4909 3891 4964 Mise-

2285 5009 2460 5066 rebor
2489 5011 2584 5064 cui
2611 5011 2886 5064 misertus
2925 5023 3046 5072 ero,
3075 5016 3126 5064 et
3155 5007 3600 5064 misericordiam
3631 4995 3886 5072 ῃνεεςείιὸῡ

2285 5099 2382 5153 cui
2409 5100 2738 5154 misericors
2763 5101 2940 5164 fuero
2997 5097 3217 5168 (Exod.
3251 5113 3452 5164 χχχιιι,
3519 5095 3619 5166 19).
3657 5090 3885 5146 Fateatur

2285 5187 2440 5242 ﬁlios
2475 5188 2568 5242 Dei
2605 5188 2798 5242 vocari
2833 5203 3012 5256 posse
3044 5186 3176 5242 illos
3213 5187 3318 5258 qui
3371 5185 3629 5258 quotidie
3687 5177 3880 5258 dicunt.

2285 5277 2524 5330 Dimitte
2553 5277 2717 5330 nobis
2743 5275 2938 5330 debita
2969 5283 3174 5330 nostra
3200 5257 3432 5344 (Matth.
3467 5291 3541 5337 vr,
3574 5273 3652 5341 12)
3681 5281 3692 5320 :
3742 5257 3878 5334 quod

2287 5367 2488 5436 utique
2517 5365 2799 5417 veraciter
2819 5381 2936 5418 non
2965 5365 3251 5428 dicerent,
3277 5364 3322 5417 si
3353 5369 3544 5418 essent
3569 5347 3876 5416 omnimodo

2283 5454 2406 5508 sine
2422 5457 2684 5524 peccato.
2709 5455 2978 5508 Fateatur
2991 5469 3118 5508 esse
3133 5452 3383 5508 liberum
3399 5450 3708 5507 arbitrium,
3727 5440 3874 5496 etiam

2283 5543 2333 5597 si
2363 5541 3136 5612 divinoindigetadjutorio.
3165 5544 3436 5597 Fateatur
3463 5533 3871 5612 quandocontra

2283 5631 2636 5686 tentationes
2649 5630 3284 5704 concupiscentiasque
3303 5625 3868 5686 itlicitasdimicamus.
