4122 6170
241 182 359 239 829

243 307 524 382 quamvis
553 310 609 363 et
638 306 755 363 illic
782 305 1117 364 habeamus
1145 307 1452 380 propriam
1498 308 1889 370 voluntatem,

243 413 366 452 non
387 402 589 452 tamen
621 411 692 451 ex
722 394 841 463 illa,
874 395 976 450 sed
1009 412 1081 451 ex
1129 397 1424 466 adjutorio
1477 397 1575 451 Dei
1624 399 1893 450 nostram

241 487 556 558 provenire
585 485 910 539 victoriam.
945 489 1067 540 Non
1109 486 1266 539 enim
1327 485 1494 540 aliter
1551 500 1752 539 verum
1785 484 1893 538 erit

240 573 406 645 quod
447 573 766 645 Apostolus
789 575 868 628 ait
892 591 903 629 :
929 575 1058 629 Non
1083 575 1330 630 volentis
1356 590 1542 645 neque
1575 573 1886 636 currentis,

235 663 340 720 sed
364 664 692 719 miser-emis
715 670 796 719 est
831 664 953 718 Dei.
989 667 1256 718 Fateatur
1282 665 1612 718 secundum
1635 663 1890 730 gratiam

235 758 293 808 et
307 752 777 808 misericordiam
796 753 890 807 Dei
910 754 1143 808 veniam
1163 753 1585 824 pcenitentibus
1603 752 1750 815 dari,
1768 766 1889 806 non

231 841 568 896 secundum
625 842 835 896 merita
879 841 1653 914 eorum;quandoquidem
1707 841 1888 896 etiam

231 931 431 1003 ipsam
469 931 874 1002 paenitentiam
913 931 1142 985 donum
1197 932 1293 987 Dei
1346 931 1490 986 dixit
1543 931 1882 1002 Apostolus,

230 1020 336 1074 ubi
362 1022 442 1076 ait
470 1020 544 1074 de
573 1019 948 1091 quibusdam
983 1021 1102 1076 :Ne
1129 1021 1291 1089 forte
1318 1021 1413 1076 del
1443 1023 1568 1076 illis
1591 1022 1740 1077 Deus
1771 1037 1886 1089 pce.

226 1109 616 1172 nitentiamlll
646 1110 792 1164 Tim.
823 1125 882 1172 ιι,
904 1112 1015 1179 25).
1035 1112 1165 1164 Haec
1185 1112 1386 1165 omnia
1400 1110 1886 1182 simplicitersine

227 1198 368 1253 ullis
401 1198 652 1253 fateatur
676 1197 1062 1267 ambagibus,
1098 1199 1148 1253 si
1175 1200 1310 1270 quis
1368 1199 1426 1253 in
1471 1200 1884 1254 auctoritatem

226 1288 584 1344 catholicam
615 1293 670 1342 et
698 1287 756 1342 in
788 1287 979 1358 ipsius
1012 1287 1227 1357 Pelagii
1255 1304 1541 1359 expressa
1577 1289 1885 1344 ecclesias-

227 1375 759 1432 ticisGestisverba
783 1378 1099 1432 consentit.
1119 1381 1318 1449 Neque
1340 1378 1498 1433 enim
1526 1378 1626 1434 illa
1644 1394 1777 1449 quas
1793 1379 1884 1432 his

225 1471 367 1522 sunt
395 1466 710 1533 contraria,
745 1466 1031 1520 veraciter
1067 1468 1569 1523 anathematizata
1602 1483 1734 1522 esse
1756 1482 1885 1522 cre-

223 1555 498 1610 dendum
525 1561 631 1619 est,
669 1556 780 1610 nisi
816 1556 944 1611 haec
975 1556 1196 1628 quibus
1212 1564 1350 1611 sunt
1377 1557 1692 1621 contraria,
1721 1556 1882 1612 fideli

224 1644 408 1699 corde
423 1648 816 1709 teneantur,et
829 1651 1034 1717 aperta
1052 1645 1421 1700 confessione
1438 1651 1806 1716 promantur.

302 1733 530 1789 CAPUT
571 1735 629 1788 X.
655 1765 722 1773 —
752 1738 842 1790 34.
865 1735 978 1790 Nec
1001 1735 1059 1789 in
1085 1736 1210 1789 istis
1237 1734 1403 1789 libris
1431 1735 1879 1800 recentioribus,

225 1838 384 1894 quos
426 1823 586 1878 idem
637 1823 906 1894 Pelagius
948 1828 1084 1895 post
1116 1824 1260 1878 illud
1303 1823 1599 1894 judicium
1661 1824 1881 1881 dicitur

225 1911 513 1976 edidisse,
555 1914 834 1983 quamvis
883 1913 1182 1982 adjutorio
1217 1913 1433 1968 divinas
1496 1914 1698 1981 gratiae
1742 1930 1880 1970 con-

223 1999 447 2055 sentire
469 2001 756 2064 videatur,
788 2002 932 2074 quid
965 2002 1038 2056 de
1066 2003 1179 2058 hac
1229 2018 1291 2057 re
1340 2002 1557 2057 sentiat
1593 2004 1734 2058 satis
1760 2004 1880 2060 evi-

223 2091 439 2145 denter
475 2097 743 2161 apparet.
778 2091 1114 2163 Aliquando
1154 2091 1312 2147 enim
1355 2092 1438 2146 ita
1474 2093 1724 2162 paribus
1756 2109 1880 2148 mo-

223 2179 444 2234 mentis
466 2185 822 2250 potestatem
863 2180 1182 2236 voluntatis
1209 2197 1383 2253 aequa
1421 2182 1589 2236 lance
1627 2197 1879 2253 perpen-

221 2267 332 2334 dit,
369 2274 428 2323 ut
447 2275 741 2340 quantum
763 2270 841 2324 ad
862 2269 1258 2340 peccandum,
1293 2275 1524 2326 tantum
1558 2272 1574 2306 ¹
1600 2271 1775 2326 etiam
1798 2271 1877 2327 ad

221 2373 342 2412 non
374 2357 747 2429 peccandum
766 2358 961 2413 valere
987 2358 1232 2414 deﬁniat
1254 2377 1266 2413 :
1292 2359 1455 2432 quod
1473 2360 1515 2412 si
1533 2360 1611 2415 ita
1633 2361 1874 2424 est,nul-

216 2447 316 2501 lus
345 2446 512 2501 locus
531 2447 830 2518 adjutorio
857 2449 1060 2517 gratiae
1081 2453 1436 2511 reservatur,
1467 2449 1591 2504 sine
1617 2465 1739 2521 qua
1763 2465 1876 2504 nos

217 2535 482 2591 dicimus
513 2537 589 2592 ad
617 2552 738 2591 non
767 2537 1140 2607 peccandum
1180 2537 1322 2593 nihil
1352 2537 1672 2594 voluntatis
1722 2539 1875 2594 arbi-

213 2625 400 2680 trium
431 2624 650 2680 valere.
677 2625 1014 2696 Aliquando
1047 2633 1246 2681 autem
1291 2628 1639 2700 quotidiano
1670 2629 1872 2697 gratiae

220 2715 560 2770 Deimuniri
589 2731 698 2770 uos
715 2715 1024 2771 confitetur
1041 2715 1280 2783 auxilio,
1316 2718 1597 2789 quamvis
1652 2717 1874 2774 habea—

218 2820 360 2858 mus
389 2803 618 2874 adhon
651 2805 1028 2875 peccandum
1060 2804 1205 2860 forte
1235 2822 1305 2861 ac
1345 2806 1586 2861 ﬁrmum
1616 2806 1869 2863 liberum

219 2891 536 2947 arbitrium
574 2909 587 2947 :
619 2893 784 2965 quod
841 2893 1042 2966 utique
1095 2893 1426 2949 invalidum
1477 2900 1532 2950 et
1563 2896 1870 2951 inﬁrmum

215 2980 428 3036 debuit
451 2981 734 3047 conﬁteri,
768 2982 959 3038 donec
997 2987 1277 3038 sanentur
1315 2999 1525 3038 omnes
1551 2983 1872 3054 languores

225 3072 443 3126 animae
469 3077 696 3126 nostrae.
727 3074 852 3127 Non
881 3071 1039 3126 enim
1079 3088 1188 3143 pro
1220 3072 1563 3128 infirmitate
1603 3075 1870 3146 corporis

217 3161 600 3232 precabatur,
628 3161 733 3233 qui
771 3160 1025 3224 dicebat,
1050 3162 1307 3217 Miserere
1332 3163 1455 3226 mei,
1492 3164 1866 3235 Domine,quo-

219 3251 377 3304 niam
404 3251 655 3322 inﬁrmus
672 3268 790 3305 sum
818 3268 834 3316 ;
863 3268 997 3304 sana
1028 3251 1636 3323 me,Domine,quoniam
1657 3258 1871 3308 contur-

221 3339 350 3394 bata
376 3346 501 3394 sunt
542 3357 657 3394 ossa
699 3357 848 3394 mea:
871 3355 1012 3394 nam
1051 3346 1112 3394 ut
1142 3341 1477 3395 ostenderet
1524 3357 1627 3413 pro
1664 3341 1872 3398 anima

220 3445 286 3484 se
311 3444 538 3499 rogare,
568 3439 806 3484 secutus
838 3429 1134 3500 adjunxit,
1170 3437 1220 3485 et
1250 3431 1436 3484 anima
1479 3448 1598 3486 mea
1649 3432 1870 3488 turbata

218 3523 296 3570 est
317 3517 466 3571 valde
488 3518 751 3587 (Psal,v1,
777 3523 828 3582 3,
861 3519 939 3588 4).

289 3609 374 3661 35.
425 3607 666 3662 Videtur
695 3623 835 3678 ergo
878 3607 1166 3662 auxilium
1214 3608 1418 3677 gratiae
1470 3613 1760 3681 tanquam
1794 3626 1865 3665 ex

217 3693 554 3751 abundanti
587 3701 794 3767 putare
828 3696 1094 3760 concedi,
1137 3697 1196 3751 id
1237 3702 1344 3760 est,
1382 3705 1443 3754 ut
1486 3699 1716 3754 etiamsi
1748 3715 1868 3754 non

215 3783 596 3849 concedatur,
629 3785 966 3840 habeamus
996 3790 1195 3840 tamen
1228 3787 1300 3841 ad
1349 3803 1466 3843 non
1493 3789 1866 3858 peccandum

214 3872 363 3928 forte
378 3889 446 3928 ac
467 3874 985 3929 ﬁrmumliberum
1016 3875 1350 3931 arbitrium.
1385 3877 1552 3941 Quod
1583 3893 1655 3931 ne
1675 3877 1869 3931 existi-

213 3978 451 4017 memur
471 3963 544 4018 de
576 3963 673 4019 illo
693 3969 909 4019 temere
944 3965 1255 4034 suspicari,
1274 3969 1331 4018 et
1355 3965 1610 4021 fortasse
1633 3967 1766 4037 quis
1784 3965 1869 4020 di-

213 4055 310 4105 cat
333 4053 352 4085 ²
383 4052 466 4106 sic
493 4067 632 4107 eum
665 4054 882 4108 sentire
916 4052 1063 4108 forte
1091 4070 1159 4108 ac
1195 4053 1438 4109 firmum
1475 4055 1550 4110 ad
1582 4072 1702 4110 non
1735 4071 1866 4126 pec-

210 4140 472 4195 candum
490 4141 740 4196 liberum
757 4142 1068 4196 arbitrium
1089 4142 1396 4214 (quamvis
1414 4145 1537 4198 sine
1558 4144 1651 4199 Dei
1671 4145 1866 4216 gratia

209 4227 271 4283 id
302 4228 534 4285 efﬁcere
561 4235 735 4302 atque
763 4230 1090 4303 adimplere
1111 4248 1227 4286 non
1252 4232 1492 4304 possit),
1520 4234 1862 4289 sicutsanos

212 4317 421 4373 oculos
443 4319 648 4374 ﬁrmos
671 4320 928 4375 dicimus
979 4322 1051 4375 ad
1079 4321 1423 4388 videndum,
1462 4323 1626 4395 quod
1660 4329 1862 4379 tamen

213 4407 377 4462 nullo
399 4409 579 4464 modo
610 4410 802 4465 facere
821 4415 1090 4482 possunt,
1124 4413 1170 4466 si
1196 4411 1348 4466 desit
1369 4412 1514 4467 lucis
1542 4414 1861 4483 auxilium;

209 4496 328 4551 alio
357 4497 489 4552 loco
518 4499 661 4569 quid
693 4497 931 4562 diceret,
976 4499 1067 4554 vel
1097 4500 1244 4572 quid
1293 4507 1522 4572 putaret
1579 4502 1857 4563 ostendit,

209 4585 312 4640 ubi
340 4587 440 4650 ait,
485 4586 604 4641 Ideo
634 4587 737 4641 Dei
762 4589 1000 4659 gratiam
1024 4589 1326 4644 hominibus
1347 4591 1492 4655 dari,
1523 4598 1579 4645 ut
1609 4592 1745 4662 quod
1771 4593 1862 4663 fa-

206 4693 324 4730 cere
352 4692 450 4746 per
481 4675 708 4731 liberum
729 4678 1005 4747 jubentur
1029 4679 1354 4744 arbitrium,
1409 4680 1630 4741 facilius
1650 4681 1858 4751 possint

207 4765 439 4834 implere
463 4783 558 4836 per
579 4767 1055 4839 gratiam.Utique
1087 4784 1224 4822 cum
1256 4769 1415 4834 dicit,
1435 4770 1675 4837 facilius,
1711 4770 1857 4840 quid

208 4853 338 4908 vult
367 4853 630 4924 intelligi,
663 4856 777 4910 nisi
807 4861 862 4910 et
889 4858 1079 4925 gratia
1107 4859 1153 4910 si
1177 4856 1552 4928 desit,§posse
1576 4873 1680 4927 per
1717 4859 1858 4913 libe-

206 4957 344 4998 rum
363 4943 992 5010 arbitrium,velfacile,
1023 4945 1112 5000 vel
1138 4946 1317 5002 etiam
1343 4947 1581 5003 difficile
1611 4964 1748 5020 qua:
1770 4949 1858 5004 di-

205 5031 732 5104 vinitusjubentur
763 5035 993 5106 impleri
1020 5037 1101 5108 (a)
1128 5037 1156 5092 i’

281 5125 368 5176 36.
394 5122 500 5177 Ubi
533 5128 621 5177 est
647 5139 812 5192 ergo,
839 5125 982 5190 Quid
1007 5133 1077 5180 est
1104 5126 1272 5189 homo,
1304 5125 1420 5180 nisi
1447 5128 1468 5160 ³
1493 5127 1632 5199 quod
1659 5145 1857 5184 memor

201 5227 256 5266 es
277 5211 391 5281 ejus
415 5211 589 5281 (Psal.
617 5228 733 5282 vui,
765 5213 862 5283 5)?
896 5214 998 5268 Ubi
1024 5222 1326 5286 postremo
1355 5216 1452 5272 illa
1487 5219 1850 5285 testimonia,

274 5362 282 5388 '
311 5360 394 5429 S_ic
424 5360 703 5429 ,μιμῇ-ΜΒ.
740 5362 895 5429 ξιιίρ.
927 5364 1084 5421 Lov.,
1109 5370 1162 5412 ut
1189 5367 1514 5429 aliquantum
1551 5370 1717 5418 etiam.
1752 5373 1855 5421 An-

203 5423 466 5498 tiguiore-s
490 5424 632 5498 Eild.
653 5428 704 5472 et
740 5423 862 5498 iussi
901 5431 1150 5487 quatuor,
1187 5434 1240 5476 ut
1275 5423 1533 5492 ‘quantum
1565 5434 1733 5481 etiam.
1769 5435 1855 5498 [Ut

199 5485 533 5547 aliquantum
565 5487 758 5548 etiam.)
921 5485 930 5487 ”
1297 5485 1310 5492 ’

267 5550 286 5579 ²
313 5548 436 5596 Bari.
465 5550 581 5596 Am.
613 5554 665 5597 et
696 5551 810 5602 Ms,
850 5551 986 5598 dicat
1011 5567 1115 5600 non
1151 5554 1222 5600 sic
1245 5567 1374 5601 eum.

264 5611 283 5682 ξ
309 5609 466 5682 δρᾶ-(ξπ
489 5612 844 5682 homo,_qut_id.
865 5615 942 5682 At
960 5615 1114 5682 ἓξὲξ,
1134 5617 1307 5682 homo,
1345 5617 1452 5682 nisi
1485 5619 1641 5682 quod.

265 5672 337 5732 (a)
370 5673 492 5722 Vid.
536 5674 626 5722 lib.
655 5672 720 5724 de
755 5675 933 5726 Gratia
953 5677 1162 5734 Christi,
1196 5693 1238 5726 ο.
1269 5680 1312 5736 7,
1337 5680 1397 5726 εδ
1431 5672 1660 5746 et'seqq.

1477 176 1989 236 EPISTOLARUM
2017 177 2310 241 CLASSIS
2336 180 2437 239 III.

3553 189 3662 249 830

2000 319 2137 376 qua
2166 305 2681 379 Jerosolymitana:
2701 308 2948 366 antistes
2969 310 3238 369 Ecclesia:
3276 313 3376 386 (a),
3411 316 3564 374 sicut
3594 319 3654 374 in

1997 393 2227 448 eisdem
2251 396 2433 451 Gestis
2481 398 2717 468 legitur,
2748 399 2857 470 ipsi
2886 399 3130 470 Pelagio
3157 419 3218 458 se
3244 405 3466 460 dixisse
3493 423 3655 462 com-

1997 489 2312 549 memorat,
2339 501 2478 540 cum
2519 486 2597 541 ad
2629 503 2768 542 eum
2803 489 3097 559 perlatum
3141 507 3268 546 esse
3313 495 3476 564 quod
3523 496 3653 551 sine

1999 573 2187 641 gratia
2229 575 2327 628 Dei
2365 574 2586 630 diceret
2614 576 2845 648 absque
2898 585 3142 648 peccato
3179 579 3489 637 hominem
3524 600 3652 640 esse

1996 677 2176 733 posse
2197 661 2224 715 Ῡ
2247 664 2377 717 Haec
2403 665 2716 719 sunteuim
2750 666 2828 720 ab
2854 665 2952 721 illo
2984 667 3141 723 dicta
3168 670 3275 724 tria
3310 672 3652 728 testimonia

1997 750 2172 805 valde
2199 767 2422 820 magna
2447 759 2653 808 contra
2675 754 3018 824 hujusmodi
3044 757 3291 827 impiam
3320 774 3654 830 praesump-

1997 840 2242 903 tionem,
2264 841 2427 913 quod
2459 843 2774 913 Apostolus
2797 845 2877 899 ait
2902 862 2913 899 :
2937 845 3069 900 Plus
3093 848 3339 901 omnibus
3366 849 3479 902 illis
3511 849 3652 904 labo-

1994 931 2124 984 ravi
2146 948 2163 996 ,'
2195 947 2301 985 non
2341 948 2429 1001 ego
2479 939 2673 995 autem,
2707 933 2798 986 sed
2827 935 3014 1002 gratia
3054 935 3154 990 Dei
3195 953 3394 990 mecum
3423 937 3465 1006 (ι
3519 938 3642 993 Cor.

1994 1035 2093 1086 xv,
2130 1021 2212 1089 10)
2243 1042 2262 1088 ,-
2289 1027 2362 1086 et,
2405 1021 2534 1076 Non
2572 1021 2816 1084 volentis,
2846 1040 3012 1094 neque
3051 1025 3344 1089 currentis,
3379 1027 3467 1079 sed
3496 1029 3649 1081 mise-

1994 1111 2165 1162 re-ntis
2195 1117 2268 1164 est
2309 1109 2406 1163 Dei
2437 1111 2614 1181 (Rom.
2648 1127 2728 1174 ix,
2769 1113 2853 1182 l6)
2892 1129 2905 1178 ;
2939 1118 2995 1167 et
3022 1114 3152 1168 Nisi
3187 1115 3440 1168 Dominus
3481 1116 3649 1186 redi/i-

1991 1199 2203 1252 caverit
2229 1199 2460 1264 domum,
2490 1200 2548 1252 in
2567 1216 2760 1254 vanum
2783 1201 3164 1257 laboraverunt
3185 1204 3516 1273 aediﬁcantes
3533 1223 3648 1260 eam

1994 1285 2162 1352 (Psal.
2191 1302 2378 1353 cxxvr,
2432 1289 2504 1356 1).
2539 1290 2856 1353 Quomodo
2887 1306 3025 1361 ergo
3075 1293 3238 1362 quod
3272 1294 3425 1347 Deus
3452 1294 3644 1363 jubet,

1992 1376 2118 1429 sine
2149 1375 2449 1446 adjutorio
2480 1378 2666 1448 ipsius
2698 1378 2790 1433 vel
2815 1377 3056 1434 difﬁcile
3090 1381 3385 1451 impletur,
3424 1398 3563 1438 cum
3595 1385 3644 1439 si

1993 1465 2279 1518 Dominus
2305 1480 2422 1520 non
2455 1466 2727 1534 aedificet,
2761 1468 2820 1522 in
2869 1483 3094 1523 vanum
3124 1470 3431 1525 aadiﬁcans
3470 1472 3644 1528 labo-

1989 1567 2152 1606 rasse
2178 1553 2438 1618 dicatur;
2466 1569 2659 1626 neque
2693 1556 2986 1626 scriptum
3011 1557 3101 1622 sit,
3138 1561 3231 1612 Est
3266 1560 3513 1630 quidem
3544 1577 3644 1617 vo-

1988 1641 2185 1706 lentis,
2242 1647 2421 1713 atque
2451 1645 2761 1709 currentis,
2795 1644 3026 1700 facilius
3069 1653 3270 1702 autem
3301 1649 3639 1704 miserentis

1989 1733 2075 1785 est
2101 1731 2331 1795 Dei,sed
2362 1732 2649 1803 scriptum
2672 1732 2888 1798 sit,Non
2916 1734 3642 1806 volentis,nequecurrentis,

1987 1819 2076 1873 sed
2102 1820 2410 1875 miserertis
2434 1828 2509 1875 est
2539 1821 2685 1890 Dei;
2717 1837 2837 1877 non
2861 1823 3005 1894 quia
3041 1824 3206 1879 nulla
3257 1830 3345 1880 est
3375 1826 3641 1882 hominis

1988 1908 2262 1962 voluntas
2295 1913 2475 1980 atque
2510 1925 2722 1965 cursus
2750 1913 2767 1946 ¹
2805 1912 2910 1966 sed
2935 1913 3080 1983 quia
3106 1913 3252 1968 nihil
3283 1919 3498 1984 potest,
3528 1915 3641 1970 nisi

1987 1995 2082 2051 ille
2105 1997 2454 2052 misereatur
2477 2017 2490 2057 :
2516 2014 2626 2054 nec
2646 2000 2965 2070 Apostolus
3018 2001 3251 2069 dixerit,
3287 2005 3349 2057 Et
3371 2018 3507 2072 ego,
3535 2006 3639 2060 sed

1986 2085 2221 2146 dixerit,
2249 2086 2368 2140 Non
2393 2103 2482 2156 ego
2515 2095 2713 2155 autem,
2751 2088 2840 2142 sed
2867 2090 3055 2159 gratia
3087 2090 3187 2144 Dei
3222 2108 3421 2145 mecum
3449 2111 3468 2147 :
3516 2109 3637 2148 non

1985 2175 2128 2247 quia
2151 2174 2276 2246 ipse
2306 2175 2450 2230 nihil
2480 2176 2624 2231 boni
2650 2178 2888 2248 agebat,
2919 2179 3023 2232 sed
3049 2179 3192 2251 quia
3239 2180 3383 2235 nihil
3412 2187 3634 2250 ageret,

1987 2263 2155 2320 siilla
2176 2280 2298 2320 non
2335 2265 2689 2335 adjuvaret?
2732 2268 3096 2339 Quanquam
3135 2268 3234 2323 illa
3266 2269 3636 2340 possibilitas

1983 2353 2152 2408 liberi
2179 2353 2404 2409 arbitrii
2448 2357 2573 2409 tam
2616 2355 2674 2409 in
2722 2355 2950 2410 bonum
2982 2372 3167 2428 quam
3211 2358 3268 2412 in
3306 2359 3531 2414 malum
3564 2376 3635 2415 ex

1984 2459 2158 2514 aequa
2181 2443 2366 2498 lancis
2385 2445 2781 2515 perpensione
2811 2460 2920 2500 nec
2976 2446 3113 2500 huic
3147 2447 3408 2503 facilitati
3432 2447 3634 2504 locum

1983 2532 2477 2604 relinquit,quam
2495 2533 2706 2588 saltem
2727 2534 2954 2588 videtur
2966 2550 3095 2588 esse
3116 2537 3424 2590 confessus
3437 2537 3640 2592 dicen-

1983 2620 2078 2686 do,
2104 2621 2358 2676 Facilius
2381 2629 2605 2693 possunt
2636 2623 2862 2694 implere
2869 2640 2970 2694 per
2987 2623 3252 2694 gratiam,
3283 2626 3508 2694 [acilius
3537 2629 3638 2680 im-

1977 2710 2167 2781 pletur
2195 2729 2292 2782 per
2319 2713 2556 2783 gratiam
2588 2713 2779 2767 bonum
2811 2715 2852 2776 ³,
2874 2713 3134 2783 facillime
3163 2719 3341 2768 autem
3367 2716 3484 2768 sine
3502 2732 3635 2786 gra-

1981 2802 2061 2854 tia
2071 2804 2132 2870 ﬁt
2146 2801 2344 2855 malum
2357 2824 2374 2854 .-
2392 2801 2656 2872 profecto
2668 2803 2785 2858 ista
2805 2803 3168 2872 possibilitas
3182 2819 3303 2858 non
3318 2819 3495 2876 aequa
3507 2804 3633 2861 lan-

1981 2905 2047 2944 ce
2073 2891 2482 2961 perpenditur.

2054 2979 2279 3034 CAPUT
2304 2982 2386 3035 Xl.
2421 3010 2490 3020 —
2518 2979 2606 3033 37.
2641 2979 2752 3035 Sed
2775 2979 2920 3051 quid
2950 2981 3163 3051 plura?
3188 2981 3318 3036 Non
3337 2981 3533 3038 solum
3557 2985 3634 3038 ad

1979 3069 2121 3124 istos
2149 3069 2423 3124 vitandos
2453 3068 2753 3124 cautiesse
2776 3069 3091 3133 debemus,
3118 3085 3327 3125 verum
3350 3072 3529 3126 etiam
3553 3071 3631 3127 ad

1979 3158 2287 3213 docendos
2325 3157 2418 3212 vel
2450 3157 2809 3222 monendos,
2849 3158 2896 3212 si
2927 3159 3252 3229 patiantur,
3290 3159 3625 3230 pigrescere

1978 3262 2100 3302 non
2112 3246 2559 3302 debemus.Plus
2580 3247 2664 3302 eis
2691 3252 2889 3303 tamen
2907 3247 3032 3302 sine
3058 3247 3436 3304 dubitatione
3453 3266 3632 3320 praes-

1979 3344 2196 3400 tamus,
2219 3336 2267 3390 si
2293 3337 2740 3406 utcorrigantur
2768 3353 3030 3401 oremus,
3061 3353 3134 3392 ne
3163 3354 3300 3392 cum
3331 3339 3504 3393 tantis
3539 3340 3635 3393 in-

1978 3425 2169 3496 geniis
2202 3425 2293 3481 vel
2316 3426 2685 3497 pereant,vel
2716 3425 2866 3482 alios
2891 3427 3144 3498 perdant
3165 3428 3628 3498 praesumptione

1978 3514 2311 3570 damnabili
2348 3533 2358 3569 :
2392 3516 2534 3586 quia
2573 3517 2750 3570 zelum
2780 3518 2881 3569 Dei
2931 3516 3142 3582 habent,
3193 3516 3285 3570 sed
3315 3533 3417 3570 non
3449 3533 3631 3571 secun-

1977 3603 2109 3657 dum
2129 3604 2408 3657 scientiam
2439 3620 2454 3667 ;
2483 3603 2541 3657 id
2574 3608 2684 3667 est,
2707 3604 2983 3672 justitiam
3007 3621 3124 3674 qum
3163 3621 3195 3657 α
3229 3605 3344 3660 Deo
3371 3613 3444 3658 est
3480 3607 3629 3674 igno-

1975 3701 2176 3755 rantes,
2205 3699 2252 3746 εἰ
2284 3709 2435 3746 suam
2467 3693 2702 3748 volentes
2729 3694 3076 3755 constituere,
3113 3694 3354 3763 justitize
3390 3693 3493 3747 Dei
3524 3711 3627 3748 non

1974 3787 2104 3835 sunt
2124 3781 2352 3850 subjecti
2377 3782 2548 3853 (Rom.
2589 3785 2700 3845 ΧΩ,
2726 3783 2800 3852 3).
2827 3781 3054 3845 Quibus
3081 3782 3300 3852 utique,
3333 3782 3625 3852 quoniam

1977 3870 2278 3925 christiani
2292 3869 2876 3941 appellantur,magis
2889 3869 3336 3925 observandum
3351 3876 3625 3940 estquam

1973 3959 2220 4023 Judaeis,
2251 3958 2325 4014 de
2355 3958 2575 4029 quibus
2601 3957 2714 4013 hoc
2745 3959 2893 4012 dixit
2932 3957 3276 4030 Apostolus,
3308 3973 3381 4012 ne
3433 3957 3626 4012 offen-

1973 4048 2120 4103 dant
2151 4049 2208 4102 in
2239 4048 2472 4118 lapidem
2502 4047 2810 4117 offensionis
2835 4047 2944 4116 (Id.
2971 4064 3050 4112 ix,
3084 4047 3195 4117 32),
3225 4046 3382 4101 velut
3414 4051 3623 4115 argute

1973 4136 2350 4192 defendendo
2381 4143 2661 4192 naturam
2700 4141 2757 4192 et
2803 4137 3060 4192 liberum
3093 4135 3436 4199 arbitrium,
3475 4152 3623 4208 que-

1971 4225 2366 4282 madmodum
2411 4225 2754 4298 philosophi
2806 4226 2987 4298 hujus
3030 4226 3262 4289 mundi,
3291 4226 3393 4296 qui
3449 4227 3619 4280 vehe-

1973 4321 2199 4372 menter
2228 4322 2477 4386 egerunt
2523 4321 2583 4371 ut
2641 4320 2993 4387 putarentur
3044 4315 3135 4371 vel
3182 4319 3462 4385 putarent
3505 4315 3620 4369 sibi

1968 4406 2211 4462 beatam
2253 4406 2438 4460 vitam
2491 4405 2721 4460 virtutae
2756 4405 3009 4476 propriae
3059 4403 3388 4458 voluntatis
3425 4403 3623 4457 efﬁce-

1967 4511 2029 4550 re
2058 4495 2153 4566 (ὁ).
2187 4482 2444 4549 Caveant
2487 4509 2629 4561 ergo
2661 4494 2750 4548 isti
2800 4509 2871 4547 ne
2896 4508 3000 4563 per
3051 4491 3415 4562 sapientiam
3455 4491 3622 4545 verbi

1968 4588 2257 4638 evacuent
2283 4597 2518 4636 crucem
2539 4581 2747 4636 Christi
2773 4581 2813 4651 (l
2840 4581 2963 4636 Cor.
2990 4597 3029 4643 ι,
3062 4581 3173 4648 17),
3199 4585 3252 4635 et
3284 4579 3398 4634 hoc
3428 4580 3498 4634 sit
3535 4580 3620 4633 eis

1968 4671 2266 4727 oﬂendere
2301 4671 2360 4726 in
2384 4669 2648 4743 lapidem
2675 4669 3043 4724 otiensionis.
3069 4671 3291 4724 Natura
3317 4669 3480 4724 enim
3512 4668 3620 4724 hu—

1965 4776 2149 4816 mana
2171 4760 2398 4815 etiamsi
2433 4760 2492 4814 in
2519 4759 2620 4814 illa
2659 4759 2992 4828 integritate
3014 4760 3073 4814 in
3106 4775 3229 4831 qua
3259 4759 3499 4814 condita
3521 4763 3611 4814 est

1964 4848 2540 4922 permaneret,nullo
2572 4849 2754 4904 modo
2777 4849 3036 4920 seipsam
3064 4848 3335 4904 Creatore
3363 4863 3472 4902 suo
3497 4863 3617 4901 non

1966 4938 2287 5010 adjuvante
2309 4942 2568 4994 servaret
2603 4954 2613 4991 :
2649 4937 2986 5007 cumigitur
3008 4938 3134 4993 sine
3165 4938 3264 4992 Dei
3306 4937 3495 5006 gratia
3528 4951 3620 4988 sa-

1963 5029 2147 5085 lutem
2162 5044 2282 5083 non
2301 5027 2798 5100 possitcustodire
2811 5045 2994 5101 quam
3015 5027 3245 5098 accepit
3271 5043 3283 5092 ;
3303 5025 3615 5096 quomodo

2025 5185 2040 5213 ί
2075 5183 2158 5232 Sic
2187 5182 2553 5231 Mss.melioris
2586 5182 2817 5231 notee.At
2839 5181 2966 5229 Bad.
2997 5181 3170 5227 Amet
3198 5177 3280 5224 Er.
3311 5193 3321 5222 :
3357 5175 3615 5238 Nonquia

1965 5247 2020 5294 in
2048 5246 2138 5294 illa
2168 5251 2234 5293 est
2261 5246 2483 5293 hominis
2514 5250 2661 5306 atque
2694 5243 3279 5306 voluntatisZconcursus.
3316 5239 3468 5306 L_ov.:
3497 5237 3613 5306 {Van

1963 5310 2086 5372 quia
2110 5308 2281 5355 nullus
2313 5313 2382 5355 est
2406 5300 2626 5354 homin-is
2656 5312 2803 5368 atque
2833 5300 3112 5352 voluntatis
3139 5302 3460 5350 eursus.Mss.
3485 5300 3612 5360 duo,

1965 5373 2202 5419 voluntas
2231 5376 2379 5432 atque
2397 5383 2687 5417 concursus.

2024 5438 2042 5466 ²
2065 5426 2307 5481 Mss.duo'
2331 5429 2934 5492 omittunt,pergratiam
2956 5428 3160 5492 bonum.
3181 5426 3355 5492 Codex
3379 5440 3608 5492 excusus

1965 5496 2201 5550 Lovanii,
2231 5509 2318 5543 an.
2354 5497 2470 5542 1647
2501 5511 2510 5541 :
2543 5489 2767 5540 Facilius
2793 5496 3003 5552 possunt
3032 5489 3317 5551 implere.Si
3352 5490 3485 5538 enim
3514 5503 3608 5552 per

1963 5559 2184 5621 gratiam
2217 5558 2298 5605 lex
2317 5558 2521 5618 facilius
2545 5555 2806 5618 impletur,
2840 5556 2938 5601 etc.

2026 5622 2098 5682 (a)
2130 5620 2382 5668 Joannes.

2025 5678 2096 5745 (b)
2128 5682 2246 5731 Vid.
2279 5695 2455 5744 supra,
2495 5681 2647 5744 epist.
2684 5681 2792 5735 155,
2821 5692 2872 5726 n.
2903 5678 2999 5726 Zet
3030 5691 3177 5742 seqq.
