4118 6164
521 173 622 231 831
1783 167 1864 228 .S.
1895 163 2280 226 AUGUSTINI
2319 163 2642 222 EPISCOPI
3777 168 3856 228 832

522 297 650 356 sine
682 297 780 354 Dei
819 300 1008 369 gratia
1058 301 1252 370 potest
1295 313 1574 372 reparare
1630 313 1814 371 quam
1857 291 2169 368 perdidit?

593 383 680 434 38.
707 384 830 435 Νοη
854 385 1050 434 autem
1073 380 1208 434 ideo
1247 395 1354 450 pro
1371 380 1494 434 istis
1519 395 1636 434 non
1659 394 1828 435 orare
1852 377 2163 441 debemus,

522 469 664 540 quia
711 470 755 523 si
805 483 924 522 non
965 469 1358 536 corriguntur,
1394 485 1600 524 eorum
1623 465 2046 539 imputandum
2079 465 2168 517 est

523 557 836 620 voluntati,
869 557 972 628 qui
1003 557 1214 612 nolunt
1239 557 1476 614 credere
1507 559 1686 613 etiam
1725 557 1802 612 ad
1831 555 1946 611 hoc
1969 553 2168 624 ipsum

521 647 632 702 sibi
670 647 1070 702 necessariam
1102 647 1356 716 gratiam
1391 648 1726 714 Salvatoris,
1758 645 1924 717 quod
1956 645 2171 715 putant

522 735 844 792 consistere
883 736 940 790 in
974 735 1116 790 solis
1153 735 1374 791 viribus
1413 736 1754 791 voluntatis.
1789 737 1938 789 Nam
1995 737 2050 788 et
2090 731 2168 786 illi

521 825 743 898 quibus
767 829 906 880 sunt
937 825 1026 880 isti
1057 826 1116 880 in
1147 826 1261 880 hac
1289 841 1474 881 causa
1493 825 1734 880 omnino
1760 821 2065 884 simillimi,
2094 819 2168 874 de

522 915 746 985 quibus
793 915 908 969 hoc
951 914 1098 970 dixit
1126 914 1468 984 Apostolus,
1501 914 1668 986 quod
1713 915 2029 984 ignorantes
2067 909 2169 964 Dei

511 1003 814 1074 justitiam,
857 1011 902 1057 et
951 1020 1102 1058 suam
1143 1004 1371 1058 volentes
1402 1004 1746 1068 constituere,
1779 1001 2016 1073 justitiae
2069 997 2170 1054 Dei

519 1109 625 1146 non
655 1099 776 1146 sunt
807 1092 1051 1162 subjecti,
1087 1092 1352 1164 profecto
1382 1109 1505 1147 suae
1532 1091 1853 1146 voluntatis
1877 1088 2014 1144 vitio
2046 1101 2168 1142 non

523 1181 863 1235 credebant.
897 1183 1022 1236 Non
1049 1179 1206 1234 enim
1242 1185 1515 1235 utessent
1545 1179 1833 1244 inﬁdeles,
1867 1175 2166 1246 cogeban-

524 1275 618 1325 tur
643 1270 698 1323 in
729 1269 966 1334 vitium;
993 1270 1094 1324 sed
1119 1269 1378 1325 nolendo
1398 1269 1655 1333 credere,
1677 1266 2036 1322 inﬁdelitatis
2063 1264 2170 1318 cri-

522 1359 680 1414 mine
709 1374 828 1412 non
859 1359 1162 1414 carebant.
1201 1361 1474 1413 Ettamen
1509 1358 1651 1428 quia
1683 1357 1978 1424 voluntas,
2007 1359 2068 1408 ut
2090 1351 2169 1406 ad

521 1463 662 1503 vera
691 1447 990 1502 credenda
1017 1453 1346 1511 moveatur,
1367 1464 1482 1502 non
1517 1447 1630 1502 sibi
1661 1445 1898 1508 sufﬁcit,
1933 1443 2042 1498 nisi
2065 1457 2171 1512 per

523 1537 780 1608 gratiam
807 1538 956 1591 Deus
977 1537 1317 1606 opituletur,
1338 1536 1568 1591 dicente
1599 1535 1730 1606 ipso
1757 1534 2007 1589 Domino
2031 1545 2169 1585 cum

523 1625 596 1680 de
631 1641 747 1679 non
775 1625 1156 1680 credentibus
1195 1625 1554 1695 loqueretur,
1588 1626 1754 1678 Neirio
1793 1621 1936 1676 venit
1968 1621 2038 1674 ad
2067 1637 2166 1686 me,

522 1715 636 1768 nisi
673 1714 721 1768 ei
757 1713 942 1768 datum
973 1714 1146 1784 fuerit
1181 1731 1214 1767 a
1241 1713 1407 1768 Patre
1437 1713 1616 1784 (Ioan.
1651 1729 1726 1777 v1,
1758 1712 1871 1780 66),
1927 1713 2170 1782 prOpter

524 1803 639 1858 hoc
693 1809 751 1858 et
797 1803 1139 1873 Apostolus,
1162 1802 1441 1873 quamvis
1472 1801 1555 1856 eis
1585 1797 1878 1856 instanter
1897 1801 2166 1868 Evange-

519 1894 666 1949 lium
682 1893 1052 1965 praedicaret,
1071 1907 1286 1962 parum
1314 1897 1513 1946 tamen
1545 1905 1677 1945 esse
1729 1889 2026 1952 credebat,
2057 1887 2170 1942 nisi

521 1998 634 2054 pro
661 1983 775 2037 illis
806 1982 982 2036 etiam
1032 1986 1226 2038 oraret
1251 1987 1310 2036 ut
1341 1981 1682 2036 crederent:
1709 1979 1787 2036 ait
1811 1978 1994 2042 enim,
2027 1978 2171 2031 Fra-

523 2079 656 2136 tres,
691 2072 826 2126 bona
873 2071 1119 2126 voluntas
1147 2071 1366 2141 quidem
1407 2070 1588 2124 cordis
1614 2069 1738 2134 mei,
1771 2072 1822 2122 et
1860 2067 2171 2138 deprecatio

521 2162 590 2216 ad
621 2161 790 2215 Deum
819 2162 880 2231 ﬁt
910 2177 1006 2230 pro
1027 2160 1141 2214 illis
1163 2159 1450 2230 perhibero
1473 2159 1598 2230 quia
1625 2159 1800 2212 zelum
1817 2155 1928 2214 Dei
1957 2155 2170 2224 habent,

520 2251 612 2305 sed
646 2268 750 2305 non
784 2250 1072 2305 secundum
1101 2249 1398 2314 scientiam,
1441 2255 1550 2304 etc.
1584 2249 1831 2302 Oremus
1875 2260 2016 2314 ergo
2062 2260 2172 2316 pro

523 2340 654 2402 illis,
697 2345 898 2395 sancte
935 2339 1132 2394 frater.

597 2422 820 2476 CAPUT
847 2422 953 2474 ΧΗ.
975 2449 1042 2458 -
1062 2422 1148 2473 39.
1165 2417 1367 2473 Cernis
1392 2417 1616 2488 quippe
1637 2417 1954 2472 nobiscum
1985 2430 2170 2486 quam

524 2509 685 2564 malo
711 2523 906 2563 errore
935 2512 1271 2563 teneantur.
1289 2506 1746 2576 Fragrantenim
1770 2504 2033 2576 epistolae
2055 2507 2172 2557 tuas

523 2597 707 2652 odore
731 2595 1128 2650 sincerissimo
1150 2595 1382 2658 Christi,
1403 2594 1500 2650 ubi
1524 2593 2020 2664 germanissimus
2041 2607 2173 2661 gra-

523 2685 820 2756 timipsius
851 2683 1160 2738 dilectoret
1186 2683 1496 2738 confessor
1526 2699 1804 2754 appares.
1852 2681 1964 2737 Sed
2007 2681 2172 2753 quod

525 2774 627 2828 diu
655 2777 852 2828 tecum
883 2789 952 2826 ex
985 2773 1096 2828 hac
1117 2789 1179 2828 re
1201 2771 1574 2844 loquendum
1597 2770 2171 2843 putavimus,primo

525 2862 1180 2934 quiajucundissimum
1205 2861 1565 2926 est,fecimus
1594 2877 1606 2916 :
1632 2861 1778 2932 quid
1804 2859 1964 2915 enim
1995 2859 2174 2915 debet

525 2968 653 3006 esse
696 2951 1046 3022 jucundius,
1084 2951 1176 3006 vel
1205 2949 1454 3005 inﬁrmis
1505 2951 1689 3020 gratia
1710 2965 1829 3021 qua
1857 2955 2168 3012 sanantur,

524 3041 616 3096 vel
647 3040 830 3112 pigris
853 3041 1042 3108 gratia
1060 3055 1181 3111 qua
1208 3039 1654 3104 excitantur,vel
1687 3037 2024 3094 volentibus
2041 3054 2173 3110 gra-

527 3131 606 3185 tia
628 3130 1055 3201 quajuvantur
1084 3130 1111 3184 ?
1141 3129 1376 3194 deinde,
1413 3128 1700 3200 utsiquid
1733 3131 1936 3182 nostra
1969 3127 2174 3198 dispu-

527 3221 745 3275 tatione
781 3219 897 3274 Deo
929 3219 1248 3290 adjuvante
1281 3234 1622 3290 possemus,
1657 3223 1776 3282 tua,
1830 3233 1949 3272 non
1993 3215 2167 3285 ﬁdes,

527 3309 632 3364 sed
663 3309 800 3364 ﬁdei
833 3315 1040 3364 contra
1064 3307 1207 3362 tales
1229 3303 1688 3362 adminiculetur
1714 3306 1984 3372 assertio,
2021 3306 2172 3360 sicut

524 3413 632 3452 nos
664 3413 908 3468 quoque
938 3398 996 3452 in
1031 3397 1190 3450 hanc
1219 3395 1561 3451 facultatem
1595 3400 1708 3450 tua;
1755 3395 2172 3450 Germanitatis

523 3485 730 3542 litteris
757 3486 1136 3556 adjuvat-nar.

593 3569 680 3620 40.
709 3567 861 3631 Quid
884 3566 1040 3620 enim
1059 3565 1298 3620 uberius
1321 3565 1777 3620 etveracissima
1798 3565 2168 3620 confessione

526 3654 786 3725 plenius,
813 3670 998 3726 quam
1035 3654 1177 3708 illud
1222 3659 1309 3710 est
1353 3654 1412 3709 in
1444 3655 1712 3726 quadam
1746 3654 1998 3726 epistola
2043 3657 2166 3718 tua,

525 3743 626 3798 ubi
667 3749 942 3800 naturam
985 3748 1252 3798 nostram
1285 3760 1404 3798 non
1463 3744 1778 3812 mansisse,
1817 3749 1878 3798 ut
1930 3743 2169 3798 condita

521 3838 626 3898 est,
655 3833 758 3888 sed
779 3833 1046 3888 vitiatam
1065 3848 1192 3888 esse
1217 3849 1320 3904 per
1342 3833 1508 3888 illum
1537 3835 1770 3904 generis
1797 3833 2048 3888 humani
2067 3848 2170 3903 pa-

521 3929 692 3986 trem,
726 3923 1026 3978 humiliter
1073 3922 1392 3994 deplorasti
1446 3923 1650 3977 dicens
1682 3940 1693 3976 :
1732 3924 1946 3994 Pauper
1976 3939 2066 3992 ego
2122 3929 2169 3976 et

519 4011 719 4076 dolens,
748 4013 843 4082 qui
866 4012 1038 4066 adhuc
1069 4020 1301 4066 terrenae
1335 4013 1587 4082 imaginis
1609 4012 1852 4082 squalore
1895 4019 2170 4066 concretus

520 4117 662 4164 sum,
705 4112 748 4152 et
779 4101 900 4170 plus
920 4101 980 4153 de
1013 4101 1185 4170 primo
1214 4117 1376 4170 quam
1424 4101 1485 4154 de
1509 4101 1734 4155 secundo
1771 4100 1948 4155 Adam
1987 4100 2170 4154 carnis

521 4189 757 4242 sensibus
807 4195 857 4241 et
920 4190 1151 4242 terrenis
1184 4189 1389 4242 actibus
1419 4189 1617 4258 refero,
1651 4188 1906 4258 quomodo
1939 4188 2041 4242 tibi
2071 4204 2170 4242 au-

520 4277 646 4331 debo
683 4293 764 4332 me
785 4277 1028 4348 pingere,
1059 4294 1176 4332 cum
1205 4277 1432 4332 scelestis
1459 4277 1712 4347 imaginis
1743 4277 2018 4346 inﬁciator
2049 4294 2170 4348 pro-

524 4365 1251 4437 berco-rruptioneterrena?
1287 4367 1556 4436 Utrinque
1578 4383 1656 4418 me
1680 4365 1944 4420 concludit
1975 4366 2166 4436 pudor.

521 4455 780 4510 Erubesce
807 4455 1028 4525 pingere
1055 4455 1192 4526 quod
1226 4473 1347 4510 sum
1369 4477 1391 4526 ,-
1413 4471 1522 4510 non
1563 4455 1728 4510 audeo
1769 4455 1994 4526 pingere
2033 4455 2170 4526 quod

521 4561 626 4598 non
663 4562 779 4600 sum
809 4563 824 4599 :
856 4545 947 4598 odi
973 4545 1109 4615 quod
1131 4561 1247 4599 sum
1285 4561 1303 4610 ;
1353 4552 1401 4599 et
1433 4561 1538 4598 non
1567 4561 1678 4599 sum
1717 4545 1853 4616 quod
1893 4562 2030 4599 amo.
2064 4543 2172 4600 Sed

517 4633 648 4703 quid
675 4652 719 4688 m
730 4636 868 4688 isero
884 4634 1024 4688 mihi
1055 4634 1302 4705 proderit
1329 4633 1496 4688 odisse
1527 4635 1887 4704 iniquitatem,
1911 4640 1960 4688 et
1987 4650 2170 4688 amare

521 4723 784 4790 virtutem
805 4737 826 4792 ,'
851 4740 966 4776 cum
997 4723 1054 4777 id
1079 4723 1264 4793 potius
1289 4739 1442 4793 agam
1481 4723 1619 4794 quod
1644 4723 1756 4788 odi,
1790 4740 1879 4777 nec
1908 4723 2170 4778 elaborem

515 4811 676 4882 piger
703 4811 758 4864 id
781 4813 960 4882 potius
989 4829 1143 4882 agere
1177 4811 1314 4882 quod
1337 4829 1455 4866 amo
1483 4812 1510 4866 ‘I
1540 4812 1659 4882 Ipse
1687 4813 1889 4866 discors
1925 4820 1974 4866 et
2011 4815 2171 4867 intes-

519 4901 630 4955 tino
658 4899 790 4954 bello
814 4899 1250 4967 distrahor,dum
1275 4900 1506 4971 spiritus
1519 4901 1772 4956 adversus
1797 4918 2166 4966 carne-m,caro

519 4991 776 5046 adversus
801 4989 1060 5060 spiritum
1089 4989 1333 5053 dimicat,
1359 4997 1408 5043 et
1446 4990 1530 5043 lea:
1555 4992 1801 5060 corporis
1827 4991 1930 5061 lege
1975 4990 2173 5061 peccati

524 5081 678 5150 legem
711 5079 903 5134 mentis
933 5078 1230 5149 impugnat.
1261 5078 1292 5132 Ι
1297 5079 1470 5142 nfelia:
1487 5096 1593 5149 ego,
1623 5081 1716 5150 qui
1747 5079 1805 5132 in
1837 5097 1914 5132 me
1946 5097 2173 5133 venena-

523 5178 632 5224 tum
660 5169 894 5224 inimica?
920 5168 1136 5222 arboris
1186 5175 1398 5234 gustum
1429 5185 1520 5220 nec
1545 5169 1720 5222 cruris
1769 5169 1912 5238 ligno
1936 5168 2170 5238 digessi!

521 5260 700 5312 Durat
743 5259 882 5312 enim
917 5259 1056 5312 mihi
1086 5257 1225 5310 illud
1275 5273 1374 5328 per
1414 5256 1626 5310 Adam1
1661 5258 1814 5312 virus
1861 5265 2168 5326 paternum,

521 5363 620 5414 quo
651 5349 1060 5402 miiversitatem
1096 5348 1308 5416 generis
1352 5347 1440 5400 sui
1477 5353 1633 5417 pater
1657 5348 2059 5416 pra’caricatus
2087 5349 2173 5400 in-

522 5434 646 5501 fecit
681 5435 992 5505 (Paulinus,
1023 5436 1080 5488 in
1111 5437 1280 5506 Epist.
1317 5440 1365 5502 8,
1409 5436 1477 5490 ad
1518 5435 1788 5506 Severum)
1820 5453 1830 5490 :
1868 5442 1924 5492 et
1968 5443 2172 5491 caetera

525 5536 660 5592 quae
681 5523 753 5577 de
780 5525 893 5578 hac
929 5525 1164 5580 miseria
1197 5525 1381 5582 multa
1401 5525 1703 5582 connectis
1729 5528 1750 5560 ³
1777 5525 2172 5596 ingemiscen-

583 5629 599 5694 ξ
623 5627 776 5694 apud
796 5627 1078 5694 Paulinum
1105 5631 1320 5694 legitur,
1353 5633 1418 5684 ab
1443 5633 1633 5690 Adam.

584 5691 603 5724 ³
635 5691 761 5742 Mss.
792 5691 917 5752 tres,
945 5691 1184 5746 contectis}

2277 289 2380 356 do,
2401 293 2721 364 expectans
2753 287 3228 360 redemptionem
3259 287 3525 359 corporis
3554 289 3652 356 tui,
3681 297 3732 346 et
3745 308 3870 350 non-

2275 381 2424 436 dum
2445 396 2528 448 re,
2566 380 2672 436 sed
2699 395 2804 451 spe
2829 380 3065 436 salvum
3097 382 3154 432 te
3179 394 3304 432 esse
3344 391 3696 449 COgnoscens
3729 381 3876 450 (Rem.

2279 474 2499 537 vm,23,
2533 471 2648 542 24).

2347 560 2436 612 41.
2468 559 2582 615 Sed
2609 557 2950 614 fortassistu
2971 556 3232 612 aliumin
3261 562 3312 612 te
3333 557 3882 626 transﬁgurasti,cum

2277 647 2406 704 haec
2436 647 2684 713 diceres,
2713 663 2823 702 nec
2849 647 3083 717 aliquas
3135 645 3210 700 de
3248 661 3430 702 carne
3471 647 3886 717 concupiscente

2279 736 2567 793 adversus
2599 735 3182 808 spiritum,quamvis
3213 735 3262 790 ei
3295 750 3418 790 non
3443 735 3888 801 consentias,mo-

2276 823 2476 880 lestias
2491 825 2866 896 importunas
2881 824 3101 895 pateris
3117 829 3176 878 et
3197 823 3448 880 odiosas
3473 840 3485 876 :
3519 829 3886 880 verumtamen

2277 918 2334 969 et
2359 918 2441 979 tu,
2457 919 2511 970 et
2531 912 2806 985 quisquis
2823 912 2952 968 haec
2977 912 3220 984 patitur,
3236 917 3292 966 et
3313 910 3572 981 gratiam
3595 912 3790 966 Christi
3807 929 3890 984 per

2277 1019 2462 1074 quam
2486 1003 2559 1058 de
2582 1017 2830 1073 corpore
2855 1001 3062 1056 mortis
3085 1001 3266 1072 hujus
3290 999 3579 1056 liberetur
3608 1007 3888 1070 exspectat,

2277 1092 2552 1147 nondum
2585 1091 2832 1163 quidem
2874 1090 3176 1146 evidenter
3213 1089 3273 1142 in
3329 1089 3553 1160 seipso,
3599 1089 3696 1144 sed
3721 1089 3773 1144 in
3810 1089 3887 1146 illo

2277 1180 2520 1236 homine
2545 1179 2796 1236 latenter
2827 1179 2908 1234 ibi
2923 1177 3328 1250 erat,quando
3357 1177 3530 1232 cibus
3565 1179 3766 1232 vetitus
3791 1183 3891 1234 tan-

2279 1270 2550 1340 gebatur,
2583 1274 2639 1324 et
2669 1269 3113 1340 concipiebatur
3137 1267 3312 1338 longe
3344 1267 3586 1338 lateque
3635 1283 3730 1337 per
3749 1284 3896 1322 cunc-

2280 1364 2370 1414 tos
2395 1357 2550 1413 itura
2576 1357 2848 1428 perditio.
2887 1361 2961 1412 De
2989 1357 3221 1412 orando
3255 1361 3481 1420 autem,
3521 1360 3578 1410 et
3607 1355 3888 1422 gemitibus

2277 1445 2608 1512 ﬂagitando
2649 1445 2998 1518 proﬁciendi
3039 1461 3109 1500 ac
3149 1453 3303 1500 recte
3333 1443 3580 1499 vivendi
3607 1444 3888 1514 adjutorio,

2279 1551 2414 1607 quae
2437 1540 2537 1590 tua
2575 1551 2698 1590 non
2723 1534 3174 1606 fervetepistola
3207 1536 3224 1570 ι
3259 1533 3285 1588 ?
3313 1534 3466 1605 quid
3512 1538 3598 1588 est
3629 1535 3706 1588 tui
3733 1549 3898 1604 quan-

2279 1627 2670 1696 tumcumque
2698 1625 3015 1689 sermonis;
3049 1623 3150 1678 ubi
3179 1638 3298 1677 non
3323 1622 3402 1676 sit
3435 1638 3706 1694 sparsum
3729 1637 3892 1691 geme-

2279 1713 2488 1768 bunda
2502 1713 2681 1784 pietat
2695 1712 2858 1785 quod
2873 1712 2932 1766 in
2951 1713 3221 1767 oratione
3233 1711 3608 1776 dicimus,Ne
3621 1728 3706 1764 nos
3719 1713 3893 1780 inferas

2281 1803 2340 1856 in
2371 1804 2718 1856 tentationem
2747 1802 2969 1874 (Matth.
2991 1801 3192 1872 v1,t3),
3213 1800 3481 1856 Invicem
3505 1801 3698 1871 itaque
3731 1815 3826 1854 nos
3849 1805 3894 1854 et

2279 1891 2662 1947 consolemur
2683 1893 2742 1946 in
2771 1892 2860 1946 his
2881 1891 3246 1954 omnibus,et
3261 1890 3894 1960 exhortemur,etquan-

2281 1985 2406 2036 tum
2421 1980 2822 2036 datDominus
2837 1980 3212 2051 adjuvemus.
3230 1981 3372 2044 Quae
3389 1982 3676 2044 autem,et
3701 1977 3770 2032 de
3791 1977 3895 2048 qui-

2280 2069 2397 2126 bus
2447 2070 2814 2126 audierimus
2869 2086 3006 2143 quae
3055 2069 3310 2124 multum
3375 2068 3652 2124 dolemus
3679 2073 3732 2122 et
3757 2067 3894 2122 facile

2281 2158 2520 2214 credere
2537 2158 2818 2214 nolumus
2851 2157 3092 2224 ;audiet
3121 2175 3156 2214 a
3199 2157 3514 2213 communi
3537 2157 3726 2211 amico
3747 2157 3894 2212 Sanc-

2282 2249 2419 2304 titas
2452 2253 2572 2314 tua,
2621 2263 2742 2320 quo
2783 2247 2844 2302 in
2879 2247 2980 2302 Dei
3015 2245 3428 2302 misericordia
3461 2261 3598 2300 cum
3633 2244 3802 2300 salute
3825 2259 3894 2299 re-

2282 2341 2518 2393 meante
2539 2353 2851 2408 speramus
2881 2353 2986 2392 nos
3027 2335 3100 2391 de
3131 2335 3420 2391 omnibus
3461 2335 3585 2390 ﬁeri
3627 2349 3782 2405 posse
3804 2349 3900 2388 cer-

2283 2427 2565 2482 tissimos.

2605 2577 2693 2630 DE
2735 2574 3230 2640 SUBSEQUENTE
3261 2573 3621 2629 EPISTULA.

2647 2664 2776 2734 (LIB.
2817 2681 2857 2718 ιι
2901 2680 3162 2719 aernscr.
3205 2680 3328 2718 οη».
3380 2663 3560 2733 xm).

2355 2755 2435 2808 De
2455 2755 2747 2825 preesentia
2777 2753 2878 2809 Dei
2915 2753 3115 2824 scripsi
3137 2752 3360 2818 librum,
3379 2753 3472 2806 ubi
3501 2759 3680 2805 nostra
3702 2749 3894 2804 intentio

2281 2851 2469 2898 contra
2499 2843 2748 2898 haeresim
2789 2843 3136 2912 Pelagianam
3179 2843 3415 2895 maxime
3465 2840 3674 2910 vigilat,
3713 2856 3803 2892 non
3824 2855 3896 2891 ex-

2277 2949 2456 3004 presse
2485 2933 2810 2986 nominatam
2844 2949 2859 2985 :
2886 2933 2975 2985 sed
3003 2931 3062 2986 in
3088 2948 3144 2986 eo
3174 2932 3336 2984 etiam
3360 2931 3423 2984 de
3453 2931 3738 3000 przesentz'a
3769 2933 3895 2980 natu-

2281 3039 2538 3093 ras,quem
2561 3022 2730 3076 Deum
2760 3037 2952 3076 verum
2970 3028 3016 3074 et
3047 3036 3318 3074 summ-um
3357 3020 3610 3084 dicimus,
3641 3026 3686 3072 et
3715 3017 3769 3071 de
3796 3024 3897 3070 tem-

2282 3111 2370 3182 plo
2400 3113 2511 3180 ejus
2531 3127 2743 3182 operose
2769 3126 2830 3164 ac
2858 3109 3132 3164 subtiliter
3159 3109 3504 3179 disputatur.
3551 3108 3650 3162 [lic
3680 3107 3808 3162 liber
3837 3105 3896 3157 sic

2285 3201 2482 3272 incipit
2509 3218 2524 3255 :
2559 3223 2586 3250 ‹‹
2613 3203 2810 3254 Fateor
2841 3216 2940 3264 me,
2982 3199 3168 3270 frater
3196 3198 3568 3254 dilecitissime
3601 3195 3846 3251 Dardana.
3875 3213 3896 3242 υ

2771 3371 2858 3426 DE
2886 3370 3303 3426 l’R/ESENTIA
3339 3369 3456 3424 DEI

2988 3461 3209 3524 LIBER,

3051 3564 3150 3603 SEU

2671 3637 3011 3694 EPISTOLA
3044 3636 3356 3691 CLXXXVII
3387 3637 3518 3706 '(a).

2281 3727 2578 3799 Respondet
2607 3727 2675 3780 ad
2709 3727 2842 3780 duas
2870 3727 3182 3796 queestiones
3227 3723 3508 3790 Dardani,
3545 3717 3900 3790 interrogantis

2347 3819 2530 3888 primo
2554 3817 2615 3870 de
2644 3815 3131 3886 Christo,quomodo
3153 3831 3294 3868 nunc
3313 3816 3368 3868 in
3398 3815 3530 3868 ca’lo
3555 3811 3738 3883 sit,qui
3759 3811 3899 3864 latro-

2351 3907 2411 3961 ni
2450 3907 2508 3960 in
2565 3922 2718 3960 cruce
2757 3905 2964 3959 dixerit
2995 3921 3117 3958 eum
3165 3921 3335 3958 secum
3368 3903 3469 3957 illo
3493 3903 3578 3956 die
3597 3903 3833 3970 futurum
3854 3897 3900 3948 in

2349 3995 2609 4066 paradiso
2633 4013 2654 4058 ;
2676 4011 2802 4047 num
2832 3993 2972 4064 forte
2998 3993 3128 4062 quia.
3152 3992 3401 4047 Christus
3435 3991 3623 4062 ubique
3653 3987 3898 4048 existit,an

2352 4086 2480 4156 quia
2494 4083 2782 4154 paradisus
2797 4085 2850 4135 in
2880 4081 3009 4136 ccelo
3029 4081 3165 4136 situs
3195 4088 3298 4134 est:
3325 4081 3560 4135 secundo
3589 4079 3648 4132 de
3665 4073 3897 4148 parvulis,

2353 4181 2540 4228 utrum
2565 4189 2671 4226 non
2703 4171 2868 4226 Deum
2900 4171 3343 4232 noverint,etiam
3369 4169 3425 4222 in
3455 4177 3608 4224 utero
3633 4168 3898 4225 existentes,

2351 4262 2613 4334 siquidem
2628 4263 2857 4316 Joannes
2889 4260 2946 4314 in
2975 4267 3132 4314 utero
3162 4257 3456 4313 exsultavit
3493 4257 3572 4312 ad
3590 4251 3900 4328 praesentiam

2353 4351 2547 4406 matris
2573 4350 2814 4404 Domini.

2354 4441 2502 4495 CAP.
2534 4439 2889 4494 PRIMUM.—
2913 4439 3174 4493 l.Fateor
3187 4453 3302 4500 me,
3326 4430 3894 4490 fratrerdilectissime

2286 4530 2561 4585 Dardane
2589 4528 2686 4601 (b),
2737 4527 3020 4582 illustrior
3061 4526 3204 4581 mihi
3249 4527 3310 4580 in
3349 4524 3638 4580 charitate
3695 4515 3897 4576 Christi,

2347 4638 2362 4663 ⁸
2393 4635 2522 4684 Edd.
2554 4650 2563 4683 :
2622 4633 2774 4694 Quem
2812 4640 2899 4682 tua
2945 4648 3047 4682 non
3080 4633 3256 4694 feriret
3317 4629 3552 4694 epistola.
3592 4627 3690 4678 Sed
3741 4623 3901 4694 melius

2285 4699 2430 4754 Mss,
2464 4713 2572 4759 quia
2593 4689 2680 4744 tua
2696 4711 2798 4744 non
2821 4698 3000 4759 fervet,
3029 4689 3086 4743 id'
3113 4699 3193 4744 est
3213 4689 3412 4759 qum'ex
3445 4695 3550 4759 tuis
3571 4689 3900 4759 epistolis,ete.

2347 4764 2364 4781 ⁴
2391 4746 2636 4810 Coi-recta
2659 4759 2726 4808 ad
2763 4746 2927 4821 afbg.
2957 4746 3026 4807 bl.
3054 4772 3098 4807 c.
3127 4771 3203 4806 cc.
3229 4746 3289 4804 lt.
3323 4770 3372 4820 g.
3403 4771 3488 4818 gv.
3513 4756 3552 4818 j.
3574 4746 3626 4821 εἰ.
3645 4767 3692 4821 s.
3725 4746 3898 4821 vchd.

2287 4823 2517 4936 dnuosEn.
2554 4822 2690 4871 duos
2720 4821 2800 4872 sb.
2827 4809 2962 4870 diios
2996 4825 3032 4869 t.
3065 4822 3304 4884 quinque
3323 4809 3487 4868 “iuuet
3513 4809 3600 4866 'ad
3629 4817 3745 4866 Am.
3785 4809 3896 4860 Bad.

2303 4901 2376 4934 ir.
2473 4899 2555 4934 ov.
3820 4933 3848 4936 υ

2303 4899 2376 4934 ΒΓ.
2429 4899 2555 4934 ιιον.

2349 4933 2420 5008 (ai
2451 4933 2594 4996 Alias
2627 4947 2688 4995 57
2713 4961 2723 4994 :
2751 4959 2871 5009 qua:
2897 4953 3074 5009 autem
3107 4945 3196 4992 187
3223 4949 3352 4998 erat,
3375 4955 3520 4992 nunc
3551 4943 3602 4989 in
3628 4933 3902 5002 Appendice

2289 5008 2831 5081 est-tiuscripta-su’b‘
2849 5008 3084 5080 medium
3115 5021 3201 5056 an.
3233 5009 3343 5080 lit'i.
3388 5069 3400 5081 1
3475 5079 3478 5081 Δ
3693 5055 3880 5081 “MM:

2354 5073 2420 5132 (ὁ)
2453 5061 2772 5132 Intelligitur
2807 5070 2916 5119 fere
2947 5085 3010 5118 ex
3047 5069 3108 5117 iis
3139 5083 3272 5132 quas
3305 5071 3354 5117 in
3388 5069 3486 5116 hoc
3531 5065 3661 5132 vino
3691 5061 3899 5132 agatisch

2289 5121 2417 5184 cuin,
2471 5121 2684 5182 sublimi
2725 5134 2983 5196 dignitate
3031 5121 3362 5196 conjunctae,
3383 5129 3545 5196 animi
3579 5121 3746 5196 dotes,
3771 5121 3898 5196 illaut

2288 5183 2466 5260 ipsum
2492 5183 2941 5260 esseiibarda’num
2975 5183 3611 5260 praefecturaGalliarum
3643 5183 3898 5260 insigncgﬁ

2289 5254 2372 5308 cui
2411 5261 2570 5322 etiam
2605 5254 3316 5322 Hieronyuiusiproponenti
3347 5254 3690 5322 quaestionem
3741 5255 3897 5322 quiia:

2290 5323 2415 5370 dam
2449 5321 2514 5370 de
2547 5325 2685 5369 terra
2735 5314 3112 5381 promissiénis
3161 5314 3428 5381 rescripsit
3472 5314 3896 5381 circitcrnan‘ngtn

2290 5369 2480 5432 Christi
2500 5369 2620 5438 illi,
2648 5384 2701 5430 in
2728 5369 2835 5432 hinc
2865 5369 3028 5431 verba.
3055 5396 3064 5429 :
3089 5369 3372 5446 eQuairi-s,
3391 5377 3656 5446 Derdam}.
3681 5369 3899 5446 Chii???

2289 5431 2538 5495 «Pinarum
2571 5431 2920 5499 nobilissime.
2947 5431 3274 5494 ctnobilium
3293 5431 3887 5500 cliristianissime,sete,

2289 5509 2354 5557 Et
2380 5509 2680 5571 epistolam,
2706 5497 2948 5571 ﬁniens-:7
2973 5525 2996 5552 α
3031 5507 3294 5571 Haectibi,
3326 5507 3417 5571 ait,
3454 5505 3532 5550 vir
3563 5497 3895 5571 eloquentissét:

2291 5587 2317 5616 α
2355 5563 2466 5642 [ρὰ.
2484 5572 2536 5642 in
2557 5570 3145 5642 duplicisprmfecturaa
3171 5568 3374 5642 honore
3392 5563 3891 5642 ‘transacttelngmig

2291 5649 2318 5680 α
2352 5621 2558 5682 Christo
2583 5621 2912 5692 hdnoratior,
2937 5631 3363 5684 tumultuariaet
3391 5629 3533 5680 brevi
3561 5621 3891 5675 lucubratione

2289 5712 2318 5755 ᾳ
2348 5694 2567 5750 dictavi.
2597 5711 2623 5746 ι
