4118 6164
244 171 358 229 833

242 313 435 370 quam
467 298 524 353 in
555 297 735 367 hujus
761 297 957 352 saeculi
984 297 1501 367 dignitate,litteris
1531 299 1646 354 tuis
1672 298 1897 354 tardius

243 387 625 458 respondisse
646 401 831 456 quam
862 385 1064 441 debui.
1100 386 1282 456 Cujus
1309 387 1391 443 rei
1418 404 1638 443 causas
1674 387 1896 443 nollem

242 491 563 548 quaereres,
595 491 666 529 ne
699 475 1006 529 molestius
1042 492 1135 530 me
1163 476 1320 531 feras
1352 476 1575 531 diutius
1606 491 1892 531 excusan-

244 570 386 630 tem,
420 580 604 635 quam
632 564 920 635 pertulisti
954 566 1183 619 tardius
1231 565 1657 622 rescribentem
1692 582 1706 630 ;
1756 581 1893 619 cum

240 669 355 723 ego
372 658 425 707 te
452 652 655 707 malim
678 651 1150 707 effensionimeae
1166 653 1675 723 facileignoscere,
1707 668 1894 723 quam

240 742 318 797 de
370 757 503 797 mea
550 740 894 796 defensione
948 722 1294 813 judicare?
1336 722 1739 814 quaecumque
1782 741 1893 795 illas

240 847 443 886 causae
468 830 702 895 fuerint,
728 830 899 885 crede
930 832 1161 887 nullum
1193 833 1275 885 tui
1317 831 1480 903 apud
1512 848 1606 885 me
1637 847 1769 886 esse
1796 847 1895 901 po-

242 920 432 976 tuisse
462 924 889 990 contemptum.
912 921 1034 976 Imo
1058 921 1216 975 enim
1245 920 1619 976 velocissime
1646 921 1894 989 rescrip-

237 1010 481 1075 sissem,
508 1008 556 1063 si
594 1025 654 1063 se
672 1010 1179 1080 contempsissem.
1214 1013 1328 1065 Nec
1377 1010 1559 1065 modo
1589 1009 1734 1081 quia
1770 1013 1894 1064 tan-

236 1098 379 1153 dem
401 1098 729 1170 aliquando
760 1098 1054 1169 rescripsi,
1097 1098 1229 1154 ideo
1272 1099 1485 1154 saltem
1522 1099 1768 1155 tandem
1791 1098 1895 1153 ali-

239 1186 490 1259 quando
543 1186 788 1255 dignum
839 1186 1067 1257 aliquid
1104 1191 1158 1242 te
1204 1187 1423 1242 lectore
1461 1187 1704 1242 molitus
1733 1203 1890 1251 sum,

236 1278 297 1330 et
320 1274 487 1346 quod
520 1274 726 1329 merito
749 1274 981 1345 possim
1011 1279 1112 1330 tuo
1127 1277 1368 1330 nomine
1383 1280 1716 1347 praenotare
1744 1294 1757 1341 ;
1787 1276 1892 1330 sed

236 1362 1045 1435 rescribereutcumquejam
1070 1363 1471 1435 malui.quam
1502 1364 1623 1435 pati
1654 1366 1712 1418 et
1733 1364 1891 1418 hanc

240 1458 511 1509 aestatem
544 1455 559 1488 ¹
594 1469 686 1507 me
712 1452 892 1522 hujus
914 1452 1095 1507 officii
1149 1452 1416 1507 debitore
1448 1452 1719 1508 transire.
1778 1455 1891 1506 Nec

240 1548 345 1598 tua
388 1558 484 1596 me
523 1540 1008 1611 dignitasterruit
1029 1541 1283 1612 fecitque
1317 1546 1718 1605 cunctantem,
1753 1556 1891 1595 cum

235 1632 312 1687 sit
339 1631 618 1686 humanis
660 1635 751 1684 tua
782 1630 1008 1699 gratior
1035 1646 1222 1702 quam
1259 1630 1358 1685 illa
1390 1630 1741 1702 suspectior.
1776 1628 1891 1683 Sed

237 1720 401 1775 unde
423 1723 478 1775 te
510 1719 701 1789 magis
732 1735 893 1783 amo,
920 1719 1057 1773 hinc
1089 1719 1385 1774 difficilius
1415 1719 1573 1773 unde
1592 1718 1891 1773 sufficiam

237 1814 423 1865 tantae
451 1808 718 1863 aviditati
752 1806 1014 1877 religiosi
1034 1807 1113 1862 tui
1137 1808 1358 1862 amoris
1380 1808 1639 1862 invenio.

310 1903 364 1953 2.
411 1898 533 1952 Huc
569 1898 841 1961 accessit,
879 1896 1043 1968 quod
1086 1902 1297 1968 praeter
1328 1901 1549 1952 mutuae
1588 1896 1893 1952 charitatis

234 1987 573 2049 ﬂammam,
600 2002 722 2057 qua
748 1985 812 2039 fit
834 1990 896 2039 ut
925 1986 1105 2041 etiam
1128 2001 1249 2051 eos,
1282 2002 1437 2057 quos
1469 2002 1781 2057 nunquam
1813 1986 1893 2040 vi-

232 2076 458 2145 dimus,
488 2076 832 2145 diligamus,
857 2074 1001 2129 dum
1024 2090 1125 2129 eos
1154 2074 1369 2129 habere
1396 2074 1561 2146 quod
1588 2074 1892 2143 diligimus

235 2165 562 2228 credimus,
595 2164 696 2218 ubi
730 2180 824 2217 me
866 2163 1069 2234 utique
1095 2164 1454 2233 praevenisti,
1493 2164 1799 2235 fecistique
1832 2168 1893 2218 ut

235 2270 445 2309 verear
476 2254 533 2308 in
562 2268 655 2307 me
687 2252 879 2324 decipi
911 2251 1258 2322 opinionem
1289 2258 1471 2322 atque
1503 2252 1888 2323 exspectatio-

230 2360 375 2399 nem
406 2348 568 2398 tuam
598 2360 610 2396 ε
642 2347 855 2413 praeter
880 2341 993 2396 hoc
1023 2357 1165 2410 ergo
1192 2340 1337 2395 mihi
1366 2342 1510 2395 tales
1531 2341 1893 2412 quaestiones

231 2433 297 2488 in
324 2439 421 2487 tua
443 2431 690 2502 epistola
714 2430 1093 2501 proposuisti,
1118 2446 1247 2501 qua:
1266 2430 1368 2484 sia
1388 2430 1656 2501 quolibet
1679 2446 1895 2502 pl‘OpO-

228 2522 359 2576 sitae
384 2521 590 2584 forent,
625 2520 742 2574 otio
760 2535 1001 2591 quoque
1027 2534 1181 2583 meo,
1212 2519 1375 2591 quod
1404 2518 1549 2573 mihi
1576 2519 1735 2584 defit,
1771 2534 1893 2574 non

228 2626 488 2682 parvum
508 2609 813 2678 negotium
838 2609 1043 2662 tierent
1066 2610 1106 2661 ³.
1134 2608 1277 2662 Cum
1302 2623 1442 2662 vero
1464 2608 1569 2662 abs
1596 2611 1647 2662 te
1674 2623 1892 2678 propo-

232 2704 482 2763 nuntur,
512 2699 603 2753 cui
629 2696 931 2769 profunda
956 2696 1195 2751 rimanti
1225 2695 1538 2751 solutionis
1563 2712 1770 2751 earum
1796 2713 1895 2750 su-

228 2788 508 2861 perﬁcies
537 2802 923 2859 nequaquam
953 2791 1042 2840 sat
1068 2791 1172 2850 est,
1198 2792 1252 2840 et
1274 2791 1691 2857 proponuntur
1721 2801 1893 2840 occu-

229 2877 549 2950 patissimo
577 2876 947 2946 aliorumque
980 2891 1259 2929 curarum
1294 2874 1554 2929 molibus
1590 2874 1805 2929 vallato
1837 2878 1894 2929 et

230 2967 520 3023 obstricto
546 2984 558 3033 ;
594 2970 708 3021 tuae
728 2963 1056 3036 prudentiae
1084 2968 1173 3017 est
1200 2963 1702 3018 etbenevolenlire
1731 2962 1891 3031 cogi-

230 3061 359 3111 tare
390 3071 573 3127 quam
615 3060 667 3110 te
707 3052 1008 3125 placidum
1041 3050 1262 3107 habere
1294 3051 1567 3117 debeam,
1610 3051 1699 3107 vel
1728 3051 1892 3123 quod

230 3145 339 3200 diu
371 3161 491 3201 non
530 3142 834 3215 respondi,
867 3141 961 3197 vel
1002 3141 1051 3195 si
1090 3142 1267 3196 etiam
1315 3156 1477 3195 nunc
1517 3156 1627 3212 pro
1660 3146 1772 3196 tute
1804 3142 1889 3196 in-

226 3234 513 3290 tentionis
536 3232 867 3301 granditate
894 3246 1015 3286 non
1034 3230 1421 3301 respondero.

306 3324 524 3378 CAPUT
538 3327 551 3377 ι
564 3325 601 3376 1.
619 3352 686 3361 -
699 3325 749 3376 3.
769 3320 993 3386 Quaeris
1006 3319 1503 3388 igitur,Mediator
1517 3318 1624 3374 Dei
1639 3328 1693 3374 et
1710 3318 1889 3375 homi-

223 3430 372 3469 num
405 3413 570 3467 homo
612 3412 879 3467 Christus
912 3410 1080 3464 Jesus
1111 3409 1398 3480 quomodo
1429 3424 1590 3464 nunc
1621 3424 1739 3464 esse
1772 3424 1889 3465 cre-

227 3504 415 3558 datur
444 3504 503 3556 in
532 3500 693 3565 aeto,
722 3517 844 3554 cum
873 3498 1123 3568 pendens
1156 3499 1219 3553 in
1251 3499 1421 3568 tigno,
1438 3501 1689 3569 jamque
1716 3498 1888 3553 mori-

230 3598 422 3653 turus,
460 3589 682 3647 latroni
711 3587 971 3644 credenti
1009 3588 1231 3644 dixerit
1257 3606 1276 3641 .·
1310 3588 1501 3642 Hodie
1529 3602 1744 3645 mecum
1773 3588 1887 3643 eris

226 3682 292 3735 in
320 3680 605 3749 paradiso
636 3681 805 3750 (Luc.
845 3695 1006 3745 xxiii,
1038 3682 1148 3746 43).
1184 3680 1244 3731 Et
1275 3677 1411 3731 hinc
1439 3676 1686 3732 fortasse
1723 3676 1889 3731 intel-

228 3769 541 3841 ligendum
585 3768 733 3822 dicis
786 3767 1162 3837 paradisum,
1203 3766 1375 3837 quasi
1413 3766 1472 3819 in
1513 3766 1716 3835 aliqua
1755 3764 1888 3819 caeli

230 3867 397 3930 parte
430 3858 710 3929 positum,
730 3861 850 3920 aut,
879 3857 1023 3927 quia
1044 3855 1265 3925 ubique
1291 3855 1443 3909 Deus
1468 3855 1559 3917 sit,
1580 3854 1888 3909 hominem

230 3963 471 4019 quoque
503 3946 669 4001 illum
702 3947 803 4017 qui
840 3946 897 3999 in
933 3948 1049 4000 Deo
1082 3945 1155 3999 sit
1186 3943 1407 4014 ubique
1447 3942 1737 3997 diffusum
1772 3962 1783 4009 ;
1817 3958 1887 3997 ex

229 4038 344 4093 hoc
364 4036 650 4092 nimirum
672 4035 915 4104 intelligi
933 4034 1132 4089 volens
1161 4032 1339 4088 etiam
1363 4033 1421 4087 in
1451 4032 1730 4104 paradiso
1758 4047 1889 4087 esse

230 4127 501 4199 potuisse
537 4125 639 4197 qui
674 4124 895 4196 ubique
936 4125 1027 4178 sit.

304 4218 363 4272 4.
392 4215 860 4285 Ubiegoquaaro,
880 4212 971 4266 vel
993 4211 1190 4282 potius
1218 4225 1477 4280 agnosco
1492 4210 1886 4282 quemadmo-

230 4306 376 4360 dum
401 4302 664 4373 accipias
685 4302 994 4357 hominem
1017 4300 1329 4355 Christum.
1356 4302 1481 4354 Non
1506 4300 1713 4370 utique
1740 4300 1890 4355 sicut

229 4392 482 4465 quidam
520 4391 799 4456 haeretici,
833 4390 1094 4445 Verbum
1136 4389 1236 4443 Dei
1268 4393 1322 4443 et
1352 4404 1617 4457 carnem,
1657 4389 1772 4443 hoc
1803 4393 1889 4443 est

232 4485 359 4538 sine
395 4482 600 4537 anima
638 4480 952 4549 humana;
997 4484 1062 4533 ut
1092 4478 1348 4533 Verbum
1389 4482 1545 4532 esset
1585 4478 1749 4532 carni
1780 4494 1887 4549 pro

233 4572 480 4628 anima:
517 4569 605 4625 vel
628 4569 885 4624 Verbum
912 4568 1013 4623 Dei
1040 4572 1095 4622 et
1116 4568 1383 4621 animam
1412 4570 1467 4622 et
1489 4581 1753 4636 carnem,
1784 4567 1889 4621 sed

232 4660 364 4715 sine
396 4664 595 4715 mente
625 4658 897 4713 humana
930 4675 942 4724 ;
980 4661 1038 4711 ut
1075 4655 1322 4710 verbum
1354 4656 1453 4710 Dei
1486 4659 1641 4710 esset
1672 4654 1888 4709 animze

231 4766 344 4822 pro
356 4752 554 4804 mente
571 4748 842 4802 humana
870 4746 967 4816 (τι).
988 4746 1117 4800 Non
1142 4744 1344 4813 utique
1364 4746 1444 4797 sic
1462 4743 1684 4813 accipis
1700 4743 1890 4797 homi-

235 4854 375 4894 nem
410 4838 728 4903 Christum,
769 4835 873 4890 sed
911 4836 1061 4888 sicut
1092 4833 1367 4902 superius
1398 4832 1631 4887 locutus
1666 4848 1749 4897 es,
1786 4831 1890 4886 ubi

232 4927 368 4984 aisti
383 4928 675 4983 Christum
688 4924 1154 4995 omnipotentem
1174 4924 1357 4975 Deum
1371 4937 1441 4975 ea
1454 4926 1505 4975 te
1520 4921 1748 4975 ratione
1764 4936 1891 4975 cre-

230 5016 497 5073 dulitatis
513 5015 803 5085 accipere,
819 5018 880 5067 ut
896 5013 1079 5068 Deum
1095 5026 1215 5066 non
1236 5010 1527 5073 crederes,
1542 5009 1655 5064 nisi
1671 5010 1891 5081 perfec-

234 5112 362 5163 tum
386 5106 563 5161 etiam
582 5104 890 5159 hominem
909 5100 1289 5158 credidisses.
1307 5099 1573 5155 Profecto
1591 5115 1729 5154 cum
1743 5099 1889 5154 dicis

230 5195 542 5251 hominem
560 5192 901 5264 perfectum,
919 5196 1101 5247 totam
1120 5190 1234 5245 illic
1258 5193 1535 5245 naturam
1554 5188 1888 5244 humanam

234 5283 324 5338 vis
348 5281 594 5351 intelligi
624 5298 637 5335 :
667 5296 789 5336 non
813 5284 897 5335 est
930 5284 1129 5334 autem
1150 5278 1333 5333 homo
1366 5277 1679 5348 perfectus,
1715 5276 1762 5330 si
1796 5276 1885 5331 vel

298 5408 311 5437 ¹
347 5403 501 5460 Edd.,
537 5408 751 5451 (etatem.
779 5403 843 5451 At
874 5402 996 5450 Mss.
1019 5400 1305 5455 sexdecim,
1332 5406 1575 5448 mstatem.

296 5472 315 5500 ²
340 5468 441 5517 Sic.
472 5468 596 5514 Mss.
625 5480 847 5514 omnes:
876 5465 965 5513 ubi
1002 5464 1085 5511 Er.
1122 5467 1175 5511 et
1207 5464 1331 5510 Lov.
1364 5463 1581 5518 habent,
1614 5462 1745 5524 quod
1764 5462 1892 5510 mihi

235 5532 389 5585 deest,
427 5544 531 5577 non
564 5544 787 5590 parvum
817 5528 1080 5590 negotium
1101 5527 1354 5590 facerent.

233 5594 373 5705 Πιεῗέ
403 5587 681 5703 Αὲίὶὶῐέἐ,οκ
712 5591 803 5639 lib.
833 5587 897 5639 de
914 5588 1187 5645 eresib.,
1216 5588 1365 5643 c.49;
1400 5590 1451 5635 et
1475 5587 1888 5651 Apollinaristtc,

1483 171 1985 229 EPISTOLARUM
2026 171 2317 227 CLASSIS
2360 171 2454 226 ΙΙΙ.

3555 180 3661 237 834

2007 297 2214 353 anima
2240 295 2425 361 carni,
2450 296 2542 352 vel
2555 296 2894 369 animteipsi
2912 315 3081 354 mens
3099 300 3366 358 humana
3385 302 3657 362 defuerit.

2074 388 2126 440 ὃ.
2146 386 2353 455 Siergo
2368 386 2698 441 secundum
2712 386 3017 443 hominem
3035 405 3213 460 quem
3236 392 3489 447 Verbum
3508 396 3659 448 Deus

2004 476 2282 545 suscepit,
2314 480 2595 545 putamus
2616 476 2836 531 dictum
2857 494 3008 543 esse,
3034 480 3217 533 llodie
3238 496 3459 537 mecum
3475 486 3583 537 eris
3598 485 3659 538 in

1998 564 2305 634 paradiso,
2336 578 2454 618 non
2492 581 2563 618 ex
2592 564 2683 619 his
2716 566 2913 619 verbis
2953 568 3009 620 in
3044 567 3193 622 cmlo
3226 570 3658 625 existimandus

2006 659 2232 707 estesse
2248 653 2591 722 paradisus:
2610 669 2801 725 neque
2816 656 2971 708 enim
3008 656 3136 726 ipso
3158 657 3253 711 die
3268 657 3321 710 iu
3342 660 3656 714 ctelofutu-

2002 756 2105 795 rus
2134 747 2259 796 erat
2287 742 2471 795 homo
2486 742 2751 797 Christus
2782 744 3095 813 Jesus;sed
3121 744 3175 798 in
3206 745 3437 801 inferno
3452 763 3657 801 secun-

2002 830 2148 885 dum
2181 831 2475 893 animum,
2514 831 2572 885 in
2601 831 2872 902 sepulcro
2904 839 3103 887 autem
3150 834 3481 889 secundum
3529 852 3659 891 car-

2004 935 2160 975 nem.
2196 921 2260 974 Et
2290 918 2363 974 de
2394 936 2571 975 carne
2602 921 2846 991 quidem
2873 922 3037 991 quod
3071 937 3139 976 eo
3170 922 3265 976 die
3294 924 3351 976 in
3384 925 3658 995 sepulcro

2005 1008 2080 1062 sit
2100 1008 2315 1079 posita,
2344 1008 2895 1064 manifestissimum
2917 1014 3005 1063 est
3032 1010 3410 1079 Evangelium
3447 1030 3458 1063 :
3489 1013 3654 1082 quod

2002 1112 2144 1152 vero
2166 1096 2266 1153 illa
2282 1098 2484 1151 anima
2506 1097 2567 1151 in
2587 1097 2886 1152 infernum
2908 1098 3304 1163 descenderit,
3330 1102 3658 1171 apostolica

2001 1185 2274 1241 doctrina
2308 1186 2636 1256 praedicat;
2678 1187 3172 1258 quandoquidem
3210 1190 3417 1243 beatus
3460 1193 3655 1245 Petrus

2002 1275 2081 1329 ad
2106 1275 2262 1329 hanc
2289 1290 2413 1329 rem
2447 1274 2852 1329 testimonium
2878 1275 2953 1329 de
2985 1275 3225 1331 Psalmis
3253 1278 3515 1344 adhibet,
3557 1278 3655 1333 ubi

2002 1364 2352 1435 praedictum
2383 1380 2510 1418 esse
2537 1364 2926 1431 demonstrat,
2964 1364 3231 1430 Quonian
3260 1383 3377 1421 non
3400 1367 3657 1423 derelin-

2002 1468 2141 1523 ques
2157 1453 2417 1508 animam
2439 1468 2623 1509 meam
2640 1450 2699 1507 in
2720 1454 2971 1521 inferno,
2989 1470 3173 1525 neque
3194 1455 3361 1509 dabis
3380 1472 3443 1511 sa
3454 1464 3654 1511 notum

2002 1547 2160 1595 tuum
2183 1542 2379 1597 videre
2394 1541 2813 1608 corruptionem
2836 1542 2970 1609 (Act.
2994 1544 3155 1605 11,27,
3180 1550 3231 1597 et
3250 1545 3405 1597 [’sat.
3424 1560 3517 1607 xv,
3547 1544 3653 1612 10).

2002 1629 2151 1684 Illud
2168 1630 2240 1684 de
2255 1630 2455 1685 anima
2475 1630 2695 1683 dictum
2711 1634 2815 1693 est,
2842 1630 3118 1700 quianon
3147 1631 3227 1684 ibi
3254 1633 3653 1696 estderelicta,

2002 1718 2161 1773 unde
2192 1722 2317 1772 tam
2338 1718 2452 1773 cito
2478 1718 2763 1772 remeavit
2789 1737 2799 1775 :
2830 1718 2973 1772 illud
3004 1720 3077 1773 de
3108 1735 3377 1790 corpore,
3402 1721 3565 1789 quod
3594 1722 3656 1775 in

2001 1806 2276 1878 sepulcro
2307 1806 2608 1878 corrumpi
2637 1806 2808 1860 celeri
2839 1807 3270 1862 resurrectione
3298 1823 3416 1863 non
3446 1810 3654 1881 potuit.

2000 1896 2117 1952 Sed
2146 1897 2205 1951 in
2237 1895 2508 1967 sepulcro
2544 1896 2892 1967 paradisum
2925 1896 3122 1951 nullus
3162 1898 3457 1967 intelligit.
3500 1902 3565 1954 Et
3606 1899 3656 1953 si

2001 1985 2326 2056 quisquam
2354 1989 2509 2040 esset
2533 1986 2612 2039 ita
2634 1984 2953 2050 absurdus,
2983 1991 3043 2040 ut
3069 1986 3182 2041 hoc
3214 2003 3421 2058 sapere
3449 2004 3657 2043 corna-

2000 2080 2181 2141 retur,
2206 2090 2276 2129 eo
2298 2074 2463 2146 quod
2486 2074 2630 2129 illud
2654 2074 2993 2145 sepulcrum
3020 2076 3076 2129 in
3109 2076 3281 2130 horto
3312 2084 3433 2131 erat
3461 2093 3474 2141 ;
3500 2082 3653 2132 certe

2002 2166 2139 2219 hinc
2160 2164 2231 2219 ab
2256 2166 2370 2220 ista
2391 2165 2672 2234 opinione
2695 2170 3086 2229 revocaretur,
3107 2166 3272 2235 quod
3300 2166 3391 2220 ille
3419 2166 3512 2220 cui
3537 2167 3657 2221 dic-

2005 2262 2130 2310 tum
2157 2258 2266 2320 est,
2294 2253 2480 2309 Hodie
2502 2269 2726 2309 mecum
2750 2253 2862 2309 eris
2882 2254 2943 2307 in
2973 2255 3273 2322 paradiso,
3300 2271 3418 2309 non
3443 2255 3537 2309 ille
3560 2257 3655 2311 die

2002 2343 2113 2398 fuit
2134 2360 2271 2397 cum
2304 2342 2524 2397 Christo
2546 2344 2605 2396 in
2628 2342 2727 2396 illo
2756 2343 3028 2413 sepulcro
3060 2361 3071 2397 :
3103 2359 3210 2397 nec
3233 2344 3361 2413 ejus
3386 2343 3515 2399 fidei
3546 2361 3654 2416 pro

2004 2447 2229 2500 magno
2272 2446 2517 2485 munere
2556 2430 2869 2486 offerretur
2911 2431 3217 2501 sepultura
3249 2433 3465 2497 carnis,
3510 2433 3655 2487 nihil

2004 2520 2209 2589 gaudii
2234 2520 2323 2574 vel
2349 2520 2571 2575 doloris
2602 2519 2663 2573 in
2697 2526 2884 2575 morte
2926 2521 3251 2586 sentientis,
3286 2538 3419 2576 cum
3454 2523 3549 2577 ille
3580 2522 3655 2577 de

2002 2609 2206 2681 requie
2232 2609 2334 2664 ubi
2361 2624 2573 2663 sensus
2601 2613 2689 2663 est
2716 2609 3023 2679 cogitaret.

2075 2703 2125 2753 6.
2152 2698 2540 2766 Restatigitur
2565 2703 2647 2766 ut,
2673 2697 2723 2751 si
2747 2698 3079 2752 secundum
3099 2698 3405 2754 hominem
3431 2700 3657 2755 dictum

2002 2791 2109 2850 est,
2136 2788 2322 2841 Hodie
2354 2803 2570 2842 mecum
2598 2787 2707 2841 eris
2742 2786 2801 2841 in
2822 2787 3118 2853 paradiso,
3153 2788 3210 2841 in
3240 2788 3660 2843 infernointel-

2001 2875 2218 2945 ligatur
2233 2892 2360 2930 esse
2385 2876 2720 2946 paradisus,
2737 2875 2838 2929 ubi
2855 2884 3062 2930 erateo
3081 2877 3174 2930 die
3195 2877 3425 2931 futurus
3450 2895 3659 2932 secun-

2001 2966 2149 3019 dum
2189 2965 2521 3019 humanam
2570 2964 2835 3019 animam
2880 2964 3163 3019 Christus.
3212 2968 3411 3019 Utrum
3457 2972 3656 3021 autem

2002 3054 2163 3108 sinus
2177 3054 2270 3109 ille
2289 3054 2562 3117 Abrahae,
2581 3053 2679 3107 ubi
2698 3054 2864 3108 dives
2885 3054 3107 3124 impius
3122 3070 3259 3108 cum
3274 3055 3331 3107 in
3352 3054 3659 3108 tormentis

2000 3148 2157 3198 esset
2202 3143 2441 3211 inferni,
2483 3144 2953 3214 requiescentem
2990 3159 3318 3214 pauperem
3358 3143 3518 3209 vidit,
3566 3143 3658 3197 vel

1999 3232 2262 3305 paradisi
2293 3232 2632 3287 censendus
2663 3233 2979 3299 vocabulo,
3006 3234 3091 3287 vel
3125 3232 3197 3286 ad
3231 3232 3451 3287 inferos
3481 3234 3660 3303 perti-

1998 3337 2138 3377 nere
2169 3320 2607 3376 existimandus
2640 3320 2729 3386 sit,
2766 3335 2886 3374 non
2920 3318 3089 3374 facile
3130 3320 3402 3375 dixerim.
3452 3324 3526 3375 De
3559 3320 3657 3375 illo

1998 3411 2219 3483 quippe
2236 3410 2416 3465 divite
2430 3410 2683 3481 legimus
2700 3408 2925 3463 dictum
2941 3410 3364 3477 esse,Mortuus
3380 3414 3459 3465 est
3472 3416 3658 3465 autem

1999 3506 2051 3556 et
2072 3502 2253 3563 dives,
2268 3507 2320 3555 et
2342 3500 2607 3568 sepultus
2630 3505 2705 3552 est
2722 3499 2783 3552 in
2808 3499 3077 3567 inferno;
3094 3505 3168 3567 et,
3188 3516 3317 3553 cum
3331 3499 3485 3570 apud
3507 3500 3659 3568 infe-

1996 3605 2093 3644 ros
2108 3589 2167 3643 in
2183 3589 2481 3645 tormentis
2495 3595 2657 3643 esset.
2675 3588 2736 3641 In
2752 3588 3034 3658 pauperis
3053 3594 3247 3643 autem
3268 3594 3454 3643 morte
3470 3588 3560 3642 vel
3575 3604 3661 3643 re-

1998 3678 2134 3750 quie
2157 3693 2277 3732 non
2298 3682 2437 3731 sunt
2459 3677 2625 3731 inferi
2645 3676 2935 3731 nominati
2954 3692 2966 3730 :
2985 3677 3108 3746 sed,
3138 3678 3420 3747 Contigit,
3445 3678 3656 3748 inquit,

1998 3768 2151 3823 mori
2175 3769 2395 3837 inopem
2428 3766 2615 3831 illum,
2649 3772 2701 3821 et
2731 3766 2965 3834 auferri
2992 3768 3070 3821 ab
3098 3769 3335 3835 Angelis
3368 3769 3428 3821 in
3465 3768 3656 3822 sinum

1997 3857 2280 3911 Abrahae.
2315 3856 2533 3911 Deinde
2564 3855 2795 3909 ardenti
2827 3854 2995 3909 diviti
3031 3855 3172 3910 dicit
3202 3856 3525 3919 Abraham,
3560 3856 3659 3909 In-

2000 3952 2090 4002 ter
2113 3962 2214 4001 nos
2237 3949 2287 4000 et
2314 3961 2411 3999 vos
2432 3945 2599 4000 chaos
2627 3960 2904 4012 magnum
2928 3945 3223 4011 ﬁrmatum
3253 3950 3332 3999 est
3353 3946 3512 4014 (Luc.
3541 3959 3657 4011 xvr,

1998 4036 2182 4104 22-26)
2208 4051 2219 4088 :
2256 4039 2547 4105 tanquam
2577 4035 2727 4089 inter
2751 4034 2971 4088 inferos
3002 4033 3288 4104 sedesque
3320 4032 3655 4087 beatorum.

1997 4126 2127 4179 Non
2176 4124 2333 4179 enim
2378 4123 2547 4179 facile
2587 4122 2805 4179 alicubi
2849 4123 3285 4195 Scripturarum
3330 4122 3654 4177 inferorum

1998 4229 2219 4269 nomen
2235 4214 2495 4285 positum
2510 4214 2875 4269 iuveniturin
2890 4214 3050 4269 bono
3064 4256 3078 4270 .
3104 4213 3264 4268 Unde
3279 4214 3455 4267 etiam
3469 4209 3657 4283 quaeri

1999 4304 2163 4372 solet,
2192 4303 2240 4356 si
2261 4303 2497 4357 nonnisi
2520 4302 2780 4374 pcenalia
2804 4309 2957 4357 recte
2980 4302 3386 4371 intelliguntur
3406 4301 3655 4366 inferna,

1997 4393 2305 4464 quomodo
2347 4392 2617 4447 animam
2660 4392 2891 4447 Domini
2936 4392 3145 4447 Christi
3198 4392 3291 4459 pie
3341 4390 3658 4443 credamus

1998 4481 2178 4536 fuisse
2211 4481 2269 4535 in
2299 4480 2549 4535 inferno.
2591 4480 2705 4535 Sed
2733 4480 2883 4534 bene
2911 4479 3308 4549 respondetur
3351 4478 3484 4532 ideo
3522 4477 3657 4531 des-

1998 4570 2291 4632 cendisse,
2319 4573 2380 4623 ut
2403 4569 2624 4639 quibus
2648 4568 2907 4639 oportuit
2934 4567 3310 4621 subveniret:
3340 4567 3496 4620 unde
3519 4565 3659 4620 bea—

1998 4662 2091 4713 tus
2117 4658 2311 4712 Petrus
2338 4674 2473 4713 eum
2498 4657 2894 4712 dicitsolvisse
2917 4656 3152 4712 dolores
3175 4654 3410 4719 inferni,
3441 4655 3498 4708 in
3526 4654 3659 4725 qui-

1997 4747 2111 4803 bus
2136 4746 2510 4817 impossibile
2542 4751 2665 4801 erat
2694 4746 2874 4799 teneri
2903 4762 3039 4800 eum
3065 4746 3205 4815 (Act.
3240 4762 3293 4809 ιι,
3328 4745 3439 4815 24).
3476 4744 3658 4799 Porro

2000 4836 2048 4891 si
2079 4841 2324 4907 utraque
2352 4835 2514 4905 regio
2546 4838 2601 4889 et
2621 4834 2949 4890 dolentium
2975 4841 3029 4890 et
3054 4833 3573 4905 requiescentium,
3600 4832 3658 4885 id

1999 4930 2104 4991 est,
2130 4930 2185 4980 et
2215 4926 2315 4979 ubi
2337 4925 2498 4979 dives
2524 4924 2616 4979 ille
2643 4924 3054 4996 torquebatur,
3092 4931 3145 4978 et
3179 4923 3278 4977 ubi
3312 4938 3540 4993 pauper
3567 4921 3658 4976 ille

1998 5014 2331 5085 laetabatur,
2353 5015 2411 5069 in
2432 5015 2661 5069 inferno
2681 5030 2809 5069 esse
2832 5013 3132 5068 credenda
3148 5017 3233 5066 est
3254 5028 3265 5073 ;
3283 5011 3416 5081 quis
3440 5009 3661 5064 audeat

1998 5104 2193 5159 dicere
2226 5104 2545 5159 Dominum
2576 5105 2776 5158 Jesum
2809 5103 2884 5157 ad
2918 5101 3183 5173 pcenales
3216 5098 3426 5153 inferni
3461 5102 3659 5169 partes

1999 5194 2236 5250 venisse
2269 5193 2708 5257 tantummodo,
2745 5208 2852 5247 nec
2885 5192 3064 5245 fuisse
3096 5188 3259 5259 apud
3289 5204 3391 5243 eos
3423 5188 3566 5258 quid
3600 5188 3661 5242 in

1999 5284 2254 5339 Abrahae
2280 5283 2411 5337 sinu
2426 5283 2803 5354 requiescunt
2824 5283 2852 5337 ‘t
2876 5281 2981 5336 Ubi
3002 5280 3076 5333 sit
3100 5279 3226 5341 fuit,
3252 5279 3375 5347 ipse
3399 5276 3661 5331 estintel-

1997 5372 2275 5441 ligendus
2316 5372 2638 5443 paradisus
2671 5386 2850 5442 quem
2890 5368 3135 5423 latronis
3178 5366 3394 5421 animae
3428 5366 3525 5420 illo
3566 5367 3661 5420 die

1997 5462 2286 5531 dignatus
2327 5466 2417 5515 est
2457 5461 2738 5531 polliceri.
2781 5462 2922 5523 Quae
2964 5458 3008 5511 si
3049 5457 3129 5511 ita
3184 5462 3339 5519 sunt,
3384 5454 3660 5524 generale

2000 5550 2263 5621 paradisi
2295 5565 2515 5605 nomen
2532 5553 2645 5615 est,
2666 5548 2765 5603 ubi
2784 5546 3021 5603 feliciter
3040 5545 3271 5601 vivitur.
3290 5548 3487 5616 Neque
3501 5544 3662 5598 enim

2006 5639 2153 5711 quia
2190 5638 2508 5710 paradisus
2549 5642 2636 5693 est
2674 5635 3010 5709 appellatus
3047 5635 3144 5692 ubi
3176 5635 3365 5690 Adam
3396 5633 3501 5690 fuit
3528 5640 3663 5689 ante
