4118 6164
570 161 676 221 835

568 298 897 363 peccatum,
916 299 1232 365 propterea
1254 294 1553 364 Scriptura
1580 291 1877 363 prohibita
1907 295 1994 346 est
2018 291 2218 345 etiam.

568 383 883 437 Ecclesiam
910 400 1115 437 vocare
1130 382 1479 452 paradisum
1502 398 1639 435 cum
1660 382 1853 435 fructu
1877 395 2217 451 pomorum.

639 474 859 527 CAPUT
875 472 1203 525 lll.——7.Est
1226 476 1425 526 autem
1442 488 1655 525 sensus
1672 471 1854 525 multo
1867 468 2217 540 expeditior,

567 560 711 614 etab
727 562 920 613 hisom
933 561 1099 613 nibus
1119 561 1613 629 ambiguitatibus
1628 560 1791 622 liber,
1810 559 1857 613 si
1876 574 1992 613 non
2010 571 2218 611 secun-

562 648 707 700 dum
739 648 796 701 id
830 649 987 718 quod
1026 651 1207 705 homo
1250 656 1393 714 erat,
1443 649 1548 705 sed
1591 648 1920 703 secundum
1961 647 2020 701 id
2051 644 2217 716 quod

564 735 714 788 Deus
736 742 860 791 erat
880 737 1140 791 Christus
1167 738 1387 792 dixisse
1417 738 1758 807 accipiatur,
1790 736 1975 790 Hodie
2000 749 2213 789 mecum

561 826 673 879 eris
706 827 762 879 in
785 827 1085 893 paradiso.
1122 830 1307 882 Homo
1334 828 1555 899 quippe
1583 826 1846 881 Christus
1875 826 1972 881 illo
2004 824 2097 879 die
2130 839 2215 878 se-

559 915 827 969 cundum
866 930 1105 971 carnem
1148 918 1205 971 in
1244 916 1536 987 sepulcro,
1574 915 1907 971 secundum
1941 913 2211 969 animam

556 1003 616 1056 in
647 1004 877 1059 inferno
902 1005 1132 1059 futurus
1156 1012 1315 1060 erat:
1343 1008 1497 1060 Deus
1526 1021 1664 1059 vero
1688 1004 1847 1058 idem
1874 1005 1997 1074 ipse
2020 1003 2213 1058 Chris-

562 1098 654 1148 tus
707 1093 927 1163 ubique
965 1110 1199 1163 semper
1237 1100 1343 1148 est.
1390 1096 1487 1149 Est
1521 1095 1682 1148 enim
1723 1093 1824 1148 lux
1871 1109 2007 1163 quas
2056 1092 2212 1145 lucet

561 1182 737 1236 etiam
766 1183 823 1236 in
852 1184 1129 1246 tenebris,
1154 1186 1433 1254 quamvis
1461 1200 1593 1239 eam
1623 1182 1875 1237 tenebrae
1902 1197 2022 1235 non
2050 1196 2211 1235 com-

556 1271 932 1340 prehendant
960 1273 1151 1341 (Joan.
1182 1289 1220 1337 1,
1245 1274 1317 1343 5).
1343 1275 1433 1326 Est
1463 1273 1650 1327 Virtus
1676 1277 1731 1325 et
1758 1272 2059 1341 Sapientia
2084 1271 2207 1335 Dei,

557 1359 629 1413 de
662 1376 781 1429 qua
810 1361 1092 1430 scriptum
1126 1369 1212 1416 est
1238 1362 1401 1432 quod
1434 1363 1681 1429 attingat
1705 1377 1734 1413 a
1766 1362 1882 1414 tine
1913 1376 2099 1431 usque
2132 1362 2208 1415 ad

558 1448 738 1502 tinem
763 1447 1004 1513 fortiter,
1034 1456 1087 1503 et
1110 1451 1390 1519 disponat
1413 1450 1615 1503 omnia
1634 1450 1891 1503 suaviter
1911 1450 2071 1518 (Sap.
2089 1466 2206 1516 Vill,

562 1540 633 1603 1);
680 1543 735 1590 et
774 1538 1025 1605 attingat
1068 1540 1289 1610 ubique
1332 1545 1572 1609 propter
1606 1554 1778 1593 suam
1822 1538 2203 1603 munditiam,

556 1625 778 1679 etnihil
812 1627 1187 1696 inquinatum
1223 1628 1280 1680 in
1309 1644 1443 1681 eam
1478 1628 1740 1681 incurrat
1780 1628 1897 1695 (Id.
1950 1643 2049 1691 vn,
2088 1630 2204 1695 24).

558 1714 927 1786 Ubicumque
949 1731 1089 1781 ergo
1115 1716 1185 1770 sit
1215 1716 1556 1783 paradisus,
1594 1716 1869 1787 quisquis
1899 1716 2205 1772 beatorum

555 1800 636 1855 ibi
662 1808 765 1865 est,
795 1818 931 1856 cum
963 1803 1058 1857 illo
1087 1804 1168 1857 ibi
1200 1810 1304 1867 est,
1339 1804 1441 1875 qui
1474 1804 1694 1875 ubique
1725 1809 1831 1858 est.

627 1894 678 1944 8.
724 1891 869 1946 Cum
908 1892 1069 1947 enim
1113 1892 1185 1947 sit
1215 1893 1476 1947 Christus
1512 1895 1663 1947 Deus
1694 1898 1750 1947 et
1782 1892 2007 1959 homo;
2052 1896 2205 1948 Deus

552 1981 755 2051 utique
783 1982 940 2035 unde
970 1982 1129 2047 dicit,
1164 1984 1281 2052 Ego
1307 1989 1359 2037 et
1385 1984 1567 2039 Pater
1585 1999 1759 2037 unum
1781 1999 1979 2037 sumus
2004 1983 2201 2053 (Joan.

552 2085 609 2133 x,
644 2072 731 2139 30)
759 2088 771 2133 ;
795 2070 977 2125 homo
1001 2077 1199 2126 autem
1232 2073 1389 2126 unde
1418 2072 1575 2137 dicit,
1603 2074 1778 2127 Pater
1797 2076 1993 2142 major
2011 2089 2100 2129 me
2125 2077 2204 2128 est

551 2158 664 2226 (Id.
698 2174 812 2222 xw,
844 2160 970 2229 ‘28);
1005 2160 1284 2232 idemque
1318 2161 1491 2215 Filius
1534 2161 1629 2215 Dei
1663 2160 2004 2229 unigenitus
2030 2178 2065 2217 a
2096 2166 2203 2218 Pa-

552 2253 656 2314 tre,
689 2254 744 2302 et
782 2248 934 2303 filius
966 2249 1225 2304 hominis
1257 2266 1329 2304 ex
1374 2250 1598 2305 semine
1638 2250 1823 2305 David
1865 2251 2198 2306 secundum

547 2352 786 2391 carnem
823 2354 834 2392 :
880 2346 1198 2409 utrumque
1238 2340 1295 2392 in
1332 2338 1431 2393 illo
1468 2338 1913 2393 observandum
1946 2345 2033 2393 est
2062 2355 2198 2394 cum

545 2424 828 2496 loquitur,
852 2426 942 2480 vel
970 2443 1105 2481 cum
1130 2428 1204 2481 de
1226 2428 1323 2482 illo
1347 2429 1645 2498 Scriptura
1666 2429 1945 2498 loquitur,
1971 2433 2027 2483 et
2052 2429 2198 2499 quid

547 2515 879 2570 secundum
902 2516 1041 2585 quid
1058 2516 1288 2571 dicatur
1310 2516 1685 2570 intuendum.
1708 2520 1854 2571 Nam
1874 2517 2023 2571 sicut
2044 2534 2197 2572 unus

545 2602 727 2657 homo
750 2610 835 2657 est
858 2605 1060 2659 anima
1083 2604 1384 2659 rationalis
1407 2610 1461 2660 et
1483 2620 1642 2667 caro,
1664 2606 1747 2660 sic
1767 2612 1819 2659 et
1835 2622 1988 2660 unus
2006 2606 2194 2662 Chris-

544 2695 639 2745 tus
667 2698 756 2745 est
786 2692 1041 2747 Verbum
1068 2700 1123 2749 et
1148 2694 1352 2748 homo.
1379 2694 1629 2749 Proinde
1651 2695 1811 2766 quod
1839 2695 1915 2749 ad
1941 2696 2193 2751 Verbum

541 2780 766 2849 attinet,
785 2787 1015 2837 creator
1037 2783 1399 2838 elehristus
1429 2799 1440 2847 ;
1467 2784 1677 2838 Omnia
1699 2785 1857 2838 enim
1880 2799 1985 2852 per
2000 2786 2192 2852 ipsum

536 2870 709 2937 facta
752 2878 890 2926 sunt
936 2871 1128 2941 (Joan.
1164 2888 1201 2939 1,
1234 2876 1286 2942 3)
1322 2888 1332 2926 :
1376 2873 1541 2943 quod
1571 2889 1709 2928 vero
1745 2873 1821 2928 ad
1860 2874 2187 2939 hominem,

539 2965 769 3014 creatus
797 2962 812 2994 ¹
853 2967 938 3015 est
966 2962 1229 3016 Christus
1260 2979 1272 3027 ;
1315 2963 1533 3017 Factus
1572 2969 1655 3019 est
1686 2966 1843 3018 enim
1874 2978 1949 3019 ex
1977 2964 2193 3019 semine

538 3048 733 3103 David
753 3050 1064 3104 secundum
1096 3065 1334 3106 carnem
1354 3052 1543 3120 (Rom.
1574 3067 1611 3119 1,
1640 3051 1715 3121 3),
1744 3056 1799 3107 et
1827 3051 1888 3107 in
1914 3051 2191 3107 similitu-

534 3137 727 3192 dinem
768 3138 1065 3193 hominum
1096 3140 1295 3206 factus
1325 3140 1613 3209 (Philipp.
1645 3156 1704 3203 11,
1741 3141 1817 3209 7).
1865 3141 2007 3195 ltem
2047 3142 2193 3212 quia

534 3224 593 3279 in
621 3226 858 3280 homine
875 3228 997 3281 duo
1020 3234 1177 3289 sunt,
1206 3229 1410 3283 anima
1431 3235 1486 3283 et
1506 3244 1647 3283 caro
1674 3246 1686 3293 ;
1712 3230 2044 3284 secundum
2069 3232 2191 3285 ani-

534 3330 698 3369 mam
749 3316 924 3370 tristis
964 3315 1069 3370 fuit
1110 3332 1293 3386 usque
1336 3316 1412 3371 ad
1454 3322 1706 3372 mortem
1748 3318 1985 3387 (Matth.
2026 3335 2186 3383 xxw,

531 3404 974 3471 38),secuudum
989 3420 1221 3458 carnem
1238 3420 1451 3474 passus
1464 3411 1553 3460 est
1569 3410 1810 3461 mortem
1828 3408 1889 3475 (Α
1904 3408 2186 3478 ct.1n,18).

600 3494 654 3545 9.
686 3496 797 3545 Nec
827 3497 1023 3547 tamen
1056 3508 1191 3546 cum
1226 3492 1429 3548 Filium
1457 3494 1555 3548 Dei
1582 3494 1877 3549 Christum
1908 3495 2185 3559 dicimus,

533 3580 835 3634 hominem
864 3597 1216 3651 separamus
1246 3600 1258 3647 ;
1284 3587 1386 3637 aut
1411 3598 1551 3637 cum
1582 3583 1863 3638 eumdem
1892 3584 2189 3641 Christum

534 3668 730 3724 tilium
767 3670 1027 3723 hominis
1054 3671 1329 3734 dicimus,
1355 3687 1708 3742 separamus
1738 3675 1945 3728 Deum.
1974 3676 2190 3729 Secun-

531 3756 675 3811 dum
710 3757 1013 3813 hominem
1044 3774 1305 3831 namque
1334 3759 1391 3814 in
1426 3767 1579 3816 terra
1608 3767 1752 3823 erat,
1782 3776 1902 3817 non
1938 3763 1994 3816 in
2038 3762 2186 3819 coelo

532 3846 632 3899 ubi
663 3862 821 3901 nunc
844 3850 1215 3918 est,quando
1247 3849 1971 3915 dieebat,Nemoascendit
1991 3852 2052 3907 in
2082 3868 2186 3908 cae-

532 3936 799 3999 lum,m’si
810 3937 913 4007 qui
933 3938 1003 3991 de
1016 3938 1156 3992 creto
1170 3939 1689 4002 descendit,l"ilius
1714 3940 1964 3996 hominis
1984 3942 2086 4011 qui
2102 3948 2185 3996 est

530 4024 589 4077 in
614 4027 746 4079 caelo
775 4025 967 4094 (Joan.
999 4029 1187 4093 111,13)
1218 4043 1231 4080 :
1264 4028 1543 4097 quamvis
1574 4030 1901 4083 secundum
1934 4030 1991 4083 id
2019 4030 2184 4100 quod

532 4112 703 4166 Filius
749 4113 845 4165 Dei
885 4120 1027 4178 erat,
1070 4120 1225 4169 esset
1264 4114 1324 4168 in
1356 4116 1505 4171 caelo
1542 4131 1554 4181 ;
1588 4118 1919 4171 secundum
1952 4118 2013 4172 id
2044 4133 2183 4173 vero

528 4200 693 4270 quod
725 4200 876 4253 filius
902 4202 1161 4256 hominis
1189 4208 1332 4268 erat,
1355 4204 1553 4258 adhuc
1579 4211 1732 4259 esset
1754 4207 1811 4259 in
1837 4211 2006 4275 terra,
2039 4222 2183 4261 non-

527 4287 795 4360 dumque
840 4290 1204 4346 ascendisset
1228 4292 1288 4346 in
1320 4292 1558 4347 caelum.
1598 4293 1872 4348 Similiter
1907 4312 2047 4350 cum
2095 4312 2182 4351 se-

527 4378 794 4433 cundum
818 4379 874 4432 id
892 4379 1055 4450 quod
1085 4380 1258 4435 Filius
1286 4380 1383 4436 Dei
1410 4387 1515 4447 est,
1542 4383 1614 4436 sit
1636 4383 1924 4438 Dominus
1942 4384 2176 4455 glorias;

526 4470 859 4523 secundum
887 4470 945 4524 id
973 4475 1173 4525 autem
1202 4472 1367 4543 quod
1392 4477 1480 4527 est
1507 4472 1662 4526 filius
1688 4473 1970 4540 hominis,
2000 4476 2180 4530 eruci-

524 4558 675 4612 tixus
708 4559 780 4613 sit
807 4575 821 4623 ;
852 4560 930 4614 ait
971 4564 1172 4615 tamen
1204 4562 1525 4631 Apostolus
1559 4581 1571 4620 :
1605 4561 1669 4617 Si
1695 4566 1849 4619 enim
1882 4570 2181 4633 cognovis-

524 4656 670 4713 sent,
734 4665 1032 4718 nunquam
1086 4652 1397 4706 Dominum
1460 4652 1669 4721 gloriae
1748 4654 2179 4721 cruciﬁxissent

522 4737 565 4805 (Ι
589 4738 887 4807 Cor.11,8).
914 4744 995 4792 Ac
1026 4755 1130 4809 per
1154 4740 1269 4794 hoc
1300 4740 1529 4795 ettilius
1560 4742 1819 4798 hominis
1847 4744 2177 4799 secundum

524 4825 705 4879 Deum
730 4832 854 4880 erat
872 4826 929 4881 in
946 4828 1116 4891 coelo,
1143 4834 1197 4882 et
1214 4828 1385 4883 Filius
1400 4830 1497 4884 Dei
1516 4832 1849 4886 secundum
1870 4832 2176 4887 hominem

520 4914 977 4985 eruciﬁgebatur
1006 4917 1064 4971 in
1099 4926 1267 4973 terra.
1303 4919 1460 4974 Sicut
1487 4934 1628 4987 ergo
1656 4922 1847 4990 potuit
1875 4926 2030 4976 recte
2060 4921 2175 4976 dici

522 5007 809 5061 Dominus
837 5005 1036 5074 gloriae
1067 5006 1409 5072 cruciﬁxus,
1442 5024 1581 5063 cum
1607 5008 1684 5063 ad
1711 5010 1901 5064 solam
1932 5025 2175 5066 carnem

518 5095 617 5151 illa
657 5094 860 5167 passio
900 5096 1216 5166 pertineret
1247 5110 1259 5150 :
1290 5097 1370 5152 ita
1403 5102 1558 5152 recte
1597 5098 1708 5151 dici
1745 5100 1955 5168 potuit,
1996 5100 2174 5155 Hodie

516 5200 743 5240 mecum
767 5186 881 5239 eris
910 5186 971 5240 in
1001 5186 1302 5254 paradiso,
1332 5201 1470 5240 cum
1497 5187 1667 5256 juxta
1698 5186 2028 5241 humanam
2059 5189 2173 5243 hu-

519 5275 851 5338 militatem,
894 5290 999 5345 per
1035 5292 1276 5331 carnem
1309 5276 1368 5331 in
1409 5276 1703 5347 sepulcro,
1756 5292 1860 5347 per
1903 5278 2170 5333 animam

517 5360 577 5415 in
606 5364 834 5419 inferno
856 5365 955 5419 illo
976 5367 1066 5420 die
1090 5366 1320 5421 futurus
1343 5373 1493 5422 esset
1520 5368 1722 5435 ;juxta
1738 5367 2006 5422 divinam
2034 5385 2171 5425 vero

518 5445 1063 5509 immutabilitatem
1091 5470 1403 5527 nunquam
1430 5455 1505 5511 de
1530 5456 1835 5528 paradiso,
1869 5457 2010 5529 quia
2038 5458 2172 5515 ubi-

517 5550 633 5606 que
659 5545 749 5591 est
780 5555 1038 5612 semper,
1064 5546 1421 5601 recessisset.

577 5643 591 5677 ι
624 5641 775 5699 Edd.,
814 5652 1049 5697 creatura
1070 5656 1156 5701 est.
1181 5653 1305 5702 Mss.
1334 5654 1733 5718 septemdecim,
1765 5660 1959 5707 creatus
1990 5661 2075 5708 est.

3770 53 3828 140 τ

1843 164 1903 221 s.
1947 156 2333 219 AUGUSTINI
2376 161 2702 219 EPISCOPI
3822 170 3903 237 336

2412 290 2493 342 to.
2525 290 2649 345 Noli
2686 290 2885 361 itaque
2916 289 3189 345 dubitare
3218 288 3295 345 ibi
3328 306 3484 346 nunc
3513 307 3632 348 esse
3662 294 3913 359 hominem

2335 377 2628 434 Christum
2664 382 2886 447 .lesum,
2932 378 3092 434 unde
3136 386 3421 435 venturus
3456 388 3540 435 est
3572 402 3582 445 ;
3618 390 3920 445 memoriter-

2332 484 2448 539 que
2488 469 2698 533 recole,
2737 474 2793 523 et
2838 469 3089 524 ﬁdeliter
3147 473 3275 523 tene
3322 470 3689 528 christianum
3736 478 3917 534 confes-

2333 556 2586 622 sionem,
2637 559 2927 628 quoniam
2970 560 3346 615 resurrexita
3393 562 3649 625 mortuis,
3700 570 3919 622 ascendit

2330 646 2389 701 in
2423 648 2663 709 caelum,
2698 647 2861 701 sedet
2891 647 2967 701 ad
3007 648 3311 702 dexteram
3354 649 3553 712 Patris,
3593 666 3694 706 nec
3730 653 3919 712 aliunde

2327 751 2512 807 quam
2542 736 2680 790 inde
2709 742 2989 791 venturus
3018 743 3107 791 est
3128 737 3206 791 ad
3229 738 3392 792 vivos
3421 744 3920 813 mortuosquejudi-

2327 805 2575 879 candos.
2613 828 2676 879 Et
2703 827 2784 881 sic
2817 832 3102 881 venturus
3134 832 3240 891 est,
3275 826 3372 881 illa
3398 828 3659 895 angelica
3691 805 3817 886 voce
3841 805 3949 901 tes-f

2326 918 2505 977 tante,
2534 914 3049 985 quemadmodum
3077 915 3157 969 ire
3183 916 3346 970 visus
3373 922 3463 971 est
3488 917 3545 971 in
3577 917 3773 974 caelum
3799 922 3918 989 (Act.

2324 1017 2361 1064 1,
2395 1002 2478 1066 10,
2513 1004 2620 1071 tl),
2646 1003 2704 1057 id
2723 1008 2808 1057 est
2838 1004 2898 1057 in
2925 1005 3138 1059 eadem
3161 1005 3357 1059 carnis
3385 1004 3577 1060 forma
3597 1012 3759 1078 atque
3784 1012 3921 1064 subs-

2326 1092 2509 1146 tantia
2535 1108 2547 1157 ;
2566 1092 2655 1146 cui
2678 1092 2941 1162 profecto
2960 1093 3467 1149 immortalitatem
3492 1094 3667 1161 dedit,
3686 1103 3913 1154 naturam

2321 1195 2442 1234 non
2470 1181 2731 1235 abstulit.
2759 1182 3104 1236 Secundum
3136 1182 3291 1237 hanc
3320 1183 3575 1237 formam
3600 1200 3710 1239 non
3737 1194 3813 1240 est
3841 1204 3937 1257 pu-s

2320 1270 2539 1323 tandus
2571 1270 2791 1341 ubique
2816 1270 3091 1325 ditiusus.
3118 1271 3459 1328 Cavendum
3492 1277 3579 1327 est
3605 1274 3751 1328 enim
3778 1290 3838 1329 ne
3860 1278 3920 1343 ita

2321 1358 2694 1413 divinitatem
2726 1365 3070 1415 astruamus
3100 1361 3381 1423 hominis,
3423 1367 3484 1414 ut
3516 1362 3797 1417 veritatem
3825 1380 3921 1419 cor-

2321 1446 2483 1517 poris
2522 1447 2888 1502 auferamus.
2944 1451 3070 1503 Non
3110 1454 3198 1503 est
3238 1455 3436 1504 autem
3488 1465 3835 1520 consequens
3876 1455 3943 1507 ut

2318 1536 2483 1606 quod
2512 1536 2572 1589 in
2607 1539 2722 1591 Deo
2748 1542 2857 1603 est,
2889 1536 2970 1591 ita
2991 1537 3061 1591 sit
3086 1537 3327 1609 ubique,
3356 1544 3421 1591 ut
3447 1541 3621 1594 Deus.
3647 1539 3780 1593 Nam
3800 1544 3847 1593 et
3869 1542 3917 1593 de

2318 1626 2494 1679 nobis
2529 1626 2911 1680 veracissima
2944 1627 3245 1696 Scriptura
3281 1626 3424 1681 dicit
3452 1627 3615 1697 quod
3653 1628 3710 1681 in
3736 1628 3829 1682 illo
3861 1629 3921 1683 vi-

2318 1716 2528 1779 vimus,
2552 1732 2845 1771 movemur
2866 1720 2915 1770 ct
2937 1732 3139 1771 sumus
3160 1720 3317 1786 (Act.
3341 1732 3476 1780 xvn,
3506 1718 3615 1786 28),
3640 1733 3739 1772 nec
3760 1724 3917 1773 tamen
3938 1782 3939 1787 η

2317 1804 2468 1858 sicut
2492 1804 2585 1858 ille
2610 1805 2828 1875 ubique
2849 1821 3092 1870 sumus;
3118 1805 3223 1861 sed
3242 1806 3410 1861 aliter
3426 1806 3607 1860 homo
3628 1806 3715 1861 ille
3734 1806 3787 1860 in
3810 1809 3915 1869 Deo,
3942 1792 3947 1807 λ

2314 1893 2603 1963 quoniam
2627 1893 2791 1947 aliter
2811 1900 2867 1949 et
2886 1895 3040 1947 Deus
3066 1894 3160 1948 ille
3186 1895 3246 1949 in
3271 1895 3533 1958 homine,
3560 1896 3782 1966 proprio
3805 1912 3919 1967 quo-

2315 1981 2456 2036 dam
2483 1986 2540 2036 et
2569 1982 2855 2050 singulari
2898 1983 3100 2038 modo.
3138 1986 3264 2038 Una
3308 1986 3472 2038 enim
3525 2000 3765 2053 persona
3801 1987 3915 2039 Deus

2313 2070 2496 2125 homo
2539 2077 2646 2135 est,
2676 2078 2731 2126 et
2769 2076 3091 2141 utrumque
3137 2079 3223 2126 est
3270 2089 3430 2128 unus
3469 2072 3720 2128 Christus
3740 2074 3911 2137 Jesus;

2312 2160 2534 2232 ubique
2559 2176 2663 2232 per
2690 2160 2752 2215 id
2781 2162 2945 2231 quod
2972 2163 3125 2217 Deus
3150 2168 3259 2231 est,
3291 2163 3351 2218 in
3384 2163 3535 2219 ccelo
3556 2169 3743 2219 autem
3766 2178 3852 2232 per
3868 2162 3912 2215 id

2311 2250 2477 2321 quod
2503 2250 2710 2306 homo.

2382 2349 2604 2402 CAPUT
2632 2351 2718 2402 IV.
2746 2380 2810 2393 --
2835 2350 2923 2407 tl.
2966 2350 3326 2420 Quanquam
3372 2355 3430 2405 et
3459 2350 3518 2404 in
3544 2366 3613 2406 eo
3644 2351 3761 2421 ipso
3785 2348 3911 2419 quod

2309 2436 2522 2491 dicitur
2554 2440 2702 2491 Dens
2736 2439 2959 2509 ubique
2987 2439 3265 2503 diﬂusus,
3299 2439 3529 2494 carnali
3568 2437 3908 2493 resistendum

2306 2530 2398 2580 est
2436 2526 2799 2594 cogitationi,
2846 2534 2901 2582 et
2939 2543 3109 2582 mens
3140 2544 3177 2583 a
3206 2529 3477 2600 corporis
3520 2528 3774 2583 sensibus
3804 2542 3912 2580 avo-

2306 2615 2522 2675 canda.
2566 2630 2639 2669 ne
2676 2616 2852 2686 quasi
2892 2617 3154 2686 spatiosa
3200 2616 3619 2686 magnitudine
3647 2615 3910 2687 opinemur

2308 2704 2490 2757 Deum
2515 2719 2619 2774 per
2636 2710 2848 2759 cuneta
2864 2704 3139 2772 ditfundi,
3162 2705 3311 2760 sicut
3329 2706 3575 2773 humus,
3600 2712 3697 2760 aut
3714 2705 3903 2765 humor,

2305 2797 2406 2847 aut
2427 2808 2546 2856 aer,
2573 2799 2673 2847 aut
2693 2792 2795 2847 lux
2815 2795 2926 2848 ista
2946 2793 3299 2849 ditfunditur
3325 2796 3551 2864 (omnis
3580 2796 3726 2849 enim
3746 2793 3909 2861 hujus-

2302 2882 2538 2936 cemodi
2573 2883 2924 2951 magnitudo
2950 2882 3146 2938 minor
3176 2890 3261 2939 est
3283 2885 3343 2938 in
3370 2886 3465 2938 sui
3501 2890 3659 2955 parte
3679 2897 3837 2953 quam
3864 2880 3909 2932 in

2302 2971 2445 3039 toto)
2483 2987 2495 3036 ;
2528 2970 2631 3024 sed
2675 2971 2755 3025 ita
2796 2972 2992 3041 potius
3037 2972 3205 3026 sicuti
3251 2979 3338 3027 est
3382 2988 3608 3043 magna
3648 2968 3906 3041 sapientia,

2302 3059 2480 3115 etiam
2505 3060 2561 3113 in
2586 3060 2826 3114 homine
2850 3061 3023 3131 cujus
3048 3077 3263 3132 corpus
3282 3066 3367 3116 est
3390 3078 3659 3133 parvum.
3682 3064 3738 3115 Et
3755 3059 3795 3113 si
3814 3057 3906 3111 duo

2303 3153 2438 3202 sunt
2464 3138 2785 3219 sapientes,
2814 3166 3074 3221 quorum
3109 3151 3179 3205 sit
3206 3150 3352 3206 alter
3380 3166 3630 3222 corpore
3656 3147 3905 3218 grandior,

2302 3242 2509 3291 neuter
2524 3238 2866 3307 sapientior,
2882 3254 3001 3293 non
3016 3245 3103 3293 est
3116 3240 3285 3294 illain
3302 3242 3535 3311 majore
3550 3236 3908 3309 major,minor

2301 3325 2361 3378 in
2394 3327 2642 3390 minore,
2674 3330 2777 3380 aut
2799 3327 2992 3381 minor
3018 3327 3078 3382 in
3104 3344 3223 3383 uno
3253 3344 3445 3399 quam
3468 3330 3525 3383 in
3556 3320 3905 3391 duobus;sed

2304 3419 2466 3469 tanta
2498 3415 2556 3468 in
2586 3415 2698 3469 hoc
2725 3423 2951 3485 quanta
2978 3418 3037 3470 in
3066 3416 3184 3480 illo,
3214 3423 3270 3472 et
3304 3424 3473 3473 tanta
3504 3417 3563 3472 in
3597 3426 3905 3485 unoquoque

2300 3509 2527 3573 quanta
2558 3504 2617 3557 in
2651 3510 2898 3575 utroque
2933 3520 2943 3557 :
2974 3520 3170 3575 neque
3202 3507 3359 3561 enim
3392 3508 3441 3560 si
3475 3504 3768 3577 aequaliter
3800 3504 3906 3554 sunt

2299 3592 2547 3646 omnino
2579 3594 2901 3663 sapientes,
2953 3593 3085 3664 plus
3125 3596 3366 3665 sapiunt
3396 3594 3583 3651 ambo
3621 3608 3789 3664 quam
3819 3589 3905 3643 sin-

2300 3679 2421 3748 guli
2453 3682 3004 3751 ;quemadmodum
3035 3682 3081 3736 si
3104 3684 3415 3754 aequaliter
3439 3685 3550 3740 sint
3570 3679 3902 3740 immortales.

2297 3785 2419 3824 non
2452 3770 2583 3840 plus
2616 3772 2819 3826 vivunt
2851 3772 3033 3825 ambo
3064 3788 3250 3842 quam
3279 3774 3519 3843 singuli.

2374 3872 2453 3921 t2.
2496 3868 2631 3939 Ipsa
2671 3869 2928 3941 denique
2978 3870 3392 3926 immortalitas
3422 3872 3695 3943 corporis,
3722 3883 3835 3939 quae
3858 3865 3903 3918 in

2298 3957 2510 4011 Christi
2535 3973 2709 4011 carne
2735 3959 3057 4027 praecessit,
3084 3959 3375 4029 nobisque
3394 3960 3456 4016 in
3482 3960 3589 4014 ﬁne
3608 3959 3785 4013 futura
3803 3968 3904 4025 pro-

2294 4044 2564 4115 mittitur,
2595 4062 2732 4099 cum
2759 4063 2978 4114 magna
3000 4048 3073 4101 sit
3100 4063 3212 4112 res,
3241 4064 3360 4103 non
3388 4054 3483 4103 est
3509 4048 3753 4120 profecto
3782 4041 3903 4098 mole

2296 4149 2555 4201 magna;
2581 4134 2682 4188 sed
2705 4134 2835 4188 licet
2857 4135 3243 4206 corporaliter
3266 4137 3577 4201 habeatur,
3602 4137 3903 4204 incorporea

2294 4222 2576 4293 quaedam
2608 4223 2950 4278 excellentia
2995 4229 3101 4279 est.
3136 4228 3282 4280 Nam
3310 4242 3452 4280 cum
3485 4228 3672 4296 ipsum
3703 4225 3900 4277 immor-

2295 4310 2407 4365 tale
2449 4327 2666 4381 corpus
2712 4312 2910 4365 minus
2953 4312 3024 4366 sit
3056 4312 3113 4366 in
3162 4322 3324 4383 parte
3355 4331 3542 4385 quam
3575 4316 3628 4369 in
3661 4317 3787 4376 toto,
3814 4309 3902 4361 im-

2294 4400 2624 4455 mortalitas
2648 4401 2774 4470 ejus
2798 4407 2917 4455 tam
2937 4402 3114 4471 plena
3132 4402 3301 4457 estin
3321 4410 3488 4473 parte
3506 4418 3681 4473 quam
3702 4401 3754 4454 in
3773 4401 3897 4458 toto;

2292 4493 2349 4543 et
2376 4505 2511 4543 cum
2542 4490 2657 4544 sint
2688 4490 2814 4544 aliis
2847 4490 2961 4545 alia
2987 4492 3239 4559 majora,
3276 4506 3395 4546 non
3430 4498 3626 4546 tamen
3658 4490 3775 4544 aliis
3806 4484 3900 4540 alia

2289 4576 2721 4633 immortaliora
2748 4584 2883 4632 sunt
2911 4578 3203 4634 membra.
3235 4579 3393 4634 Sicut
3422 4595 3578 4634 nunc
3605 4574 3825 4649 quando
3842 4586 3896 4625 ex

2290 4668 2455 4721 omni
2479 4672 2642 4737 parte
2669 4668 2793 4722 sani
2822 4683 3029 4722 sumus
3056 4668 3389 4723 secundum
3420 4668 3659 4723 modum
3684 4675 3898 4737 praesen-

2291 4755 2360 4809 tis
2392 4756 2451 4809 in
2478 4771 2725 4826 corpore
2756 4756 3049 4821 sanitatis,
3083 4772 3202 4812 non
3235 4758 3378 4829 quia
3400 4758 3590 4827 major
3613 4761 3695 4811 est
3714 4764 3897 4808 manus

2288 4848 2411 4899 tota
2430 4859 2612 4914 quam
2630 4844 2871 4913 digitus,
2894 4844 3029 4899 ideo
3048 4860 3264 4899 manus
3288 4847 3467 4901 totius
3486 4846 3777 4900 sanitatem
3796 4852 3896 4894 ma-

2282 4932 2476 5001 jorem
2506 4932 2762 4987 dicimus
2793 4949 2923 4988 esse
2954 4949 3139 5004 quam
3169 4934 3334 5003 digiti
3368 4951 3382 4999 ;
3412 4935 3514 4990 sed
3552 4937 3608 4988 in
3638 4932 3739 4987 illis
3777 4931 3893 4983 inte-

2285 5021 2564 5091 qualibus
2583 5022 2833 5093 aequalis
2857 5028 2942 5077 est
2960 5023 3111 5093 ipsa,
3131 5023 3373 5094 quando
3387 5024 3467 5079 ita
3484 5022 3736 5078 breviora
3748 5030 3891 5088 gran-

2285 5110 2555 5165 dioribus
2582 5118 3029 5181 comparantur,
3059 5117 3120 5168 ut
3149 5113 3313 5184 quod
3338 5118 3459 5168 tam
3494 5124 3762 5183 magnum
3787 5115 3891 5160 esse

2284 5214 2407 5254 non
2438 5204 2629 5271 potest
2658 5216 2845 5271 quam
2876 5204 2962 5255 est
2992 5200 3172 5264 aliud,
3206 5202 3396 5272 possit
3434 5208 3624 5257 tamen
3653 5213 3767 5254 esse
3792 5200 3889 5249 tam

2286 5304 2521 5344 sanum.
2570 5290 2730 5343 Esset
2775 5295 2975 5345 autem
3020 5291 3214 5360 major
3245 5292 3469 5346 sanitas
3515 5291 3571 5345 in
3600 5283 3888 5356 majoribus

2283 5378 2596 5445 membris,
2625 5378 2671 5432 si
2696 5384 2892 5434 essent
2923 5380 3152 5449 majora
3180 5382 3419 5436 saniora
3443 5396 3454 5435 :
3481 5395 3614 5435 cum
3640 5388 3762 5429 vero
3790 5379 3886 5423 1100

2284 5472 2370 5522 est
2410 5468 2509 5530 ita,
2543 5469 2648 5522 sed
2688 5468 2921 5539 majora
2957 5474 3137 5541 atque
3178 5468 3411 5525 minora
3453 5477 3566 5523 tam
3596 5480 3729 5520 sana
3755 5460 3881 5515 sunt,

2284 5556 2492 5628 dispar
2520 5562 2605 5613 est
2632 5558 2901 5630 profecto
2928 5558 2986 5613 in
3018 5558 3426 5615 membrorum
3460 5555 3702 5613 molibus
3727 5559 3881 5621 quan-

2284 5645 2438 5710 titas,
2472 5646 2577 5703 sed
2608 5663 2716 5719 par
2748 5654 2834 5704 est
2862 5648 2925 5704 in
2952 5646 3299 5720 disparibus
3341 5648 3575 5705 sanitas.
