4118 6164
226 159 340 221 837
579 30 630 123 V

312 293 393 344 t3.
415 287 562 348 Cum
590 303 731 360 ergo
753 288 826 344 sit
847 304 1066 360 corpus
1093 287 1295 360 aliqua
1313 286 1670 351 substantia,
1694 302 1883 357 quan-

138 371 148 447 ὶ
229 379 368 433 titus
381 378 509 447 ejus
524 383 610 431 est
636 377 694 431 in
713 378 1122 446 magnitudine
1139 377 1312 431 molis
1326 377 1486 446 ejus;
1512 378 1736 430 sanitas
1753 391 1887 430 vero

124 387 153 574 ,ἒ

225 556 704 626 potuitobtinere
721 557 1027 627 quantitas
1051 556 1331 625 corporis,
1360 554 1521 626 quod
1538 554 1883 625 potuitque-

123 651 174 797 ἢν

227 469 362 536 ejus
394 483 509 522 non
529 468 854 538 quantitas,
891 467 990 521 sed
1021 467 1280 538 qualitas
1309 467 1434 536 ejus
1461 471 1569 519 est.
1606 468 1727 520 Non
1743 480 1885 532 ergo

221 643 384 700 litas.
414 647 558 700 Nam
581 645 660 700 ita
689 644 1048 700 distantibus
1079 645 1368 715 partibus,
1396 660 1529 714 quae
1547 641 1722 696 simul
1757 656 1885 695 esse

219 748 349 788 non
380 733 957 805 possunt,quoniam
990 749 1099 788 sua
1121 748 1378 803 quaeque
1399 732 1594 802 spatia
1613 731 1881 784 locorum

220 826 447 887 tenent,
491 824 752 878 minores
787 824 1035 886 minora,
1079 827 1133 877 et
1174 821 1406 892 majora
1439 821 1716 889 majores,
1759 832 1882 873 non

221 911 420 982 potuit
442 927 570 966 esse
600 912 660 966 in
687 911 938 981 singulis
969 911 1312 983 quibusque
1339 910 1608 980 partibus
1635 914 1758 963 tota
1789 905 1882 961 vel

152 969 170 1074 ξ
219 969 544 1065 tanta;sed
560 969 818 1072 amplior
844 969 1246 1072 estqnantitas
1261 1001 1317 1054 in
1338 969 1730 1070 amplioribus
1749 1012 1880 1067 par-

159 1077 172 1158 ι’
220 1089 409 1153 tibus,
437 1090 748 1144 breviorin
783 1089 1174 1152 brevioribus,
1199 1093 1254 1143 et
1281 1087 1694 1158 innullaparte
1718 1091 1882 1140 tanta

217 1184 454 1248 quanta
469 1194 572 1249 per
586 1179 1048 1250 totumzqualitas
1063 1194 1202 1232 vero
1215 1178 1636 1248 corporis,qua3
1652 1175 1878 1229 sanitas

216 1267 602 1330 dicitur,cum
619 1284 834 1322 sanum
853 1284 1070 1339 corpus
1083 1271 1172 1322 est
1186 1273 1368 1322 totum
1381 1272 1566 1330 ,tanta
1581 1264 1739 1319 estin
1757 1279 1880 1318 ma-

145 1353 154 1436 ξ
212 1355 474 1426 joribus,
507 1363 736 1428 quanta
766 1357 824 1411 in
854 1357 1190 1411 minoribus
1223 1355 1541 1427 partibus;
1571 1370 1689 1408 non
1715 1353 1876 1407 enim

215 1461 360 1516 quae
385 1449 584 1500 minus
609 1462 843 1514 magna:
859 1453 1013 1511 sunt,
1041 1447 1174 1500 ideo
1191 1447 1389 1500 minus
1411 1460 1574 1499 sanie
1601 1449 1757 1506 sunt,
1777 1449 1878 1497 aut

151 1521 166 1606 δι
209 1551 354 1605 quin
382 1533 703 1606 ampliores
737 1535 871 1589 ideo
906 1535 1190 1590 saniores.
1248 1534 1412 1588 Absit
1462 1549 1603 1602 ergo
1630 1537 1689 1587 ut
1713 1531 1876 1604 quod

212 1625 494 1694 potestin
522 1640 768 1694 corpore
793 1624 1053 1696 qualitas
1083 1624 1259 1678 creati
1285 1624 1570 1694 corporis,
1595 1637 1715 1676 non
1741 1636 1877 1692 pos-

212 1713 293 1767 sit
325 1714 384 1767 in
417 1715 612 1784 seipsa
652 1712 987 1768 substantia
1022 1713 1336 1768 Creatoris.

291 1803 378 1856 14.
401 1802 494 1856 Est
515 1818 655 1871 ergo
676 1805 826 1856 Deus
849 1818 950 1873 per
970 1807 1185 1856 cuncta
1206 1800 1477 1854 ditfusus.
1501 1801 1631 1871 Ipse
1651 1799 1877 1871 quippe

163 1871 297 1984 jait
330 1907 436 1962 per
465 1871 1107 1962 proptietamJCaelum
1155 1897 1206 1945 et
1259 1897 1475 1945 terram
1519 1905 1622 1958 ego
1663 1891 1876 1956 impleo

174 1977 184 2026 ἰ
209 1982 358 2048 (Jer.
389 1995 548 2046 xxui,
577 1981 692 2050 24);
721 1985 776 2034 et
797 1981 958 2050 quod
991 1979 1169 2050 paulo
1194 1985 1331 2033 ante
1359 1979 1529 2050 posui
1551 1979 1624 2033 de
1648 1977 1878 2048 sapien-

211 2069 299 2123 tia
329 2069 482 2140 ejus,
516 2069 775 2138 Attingit
805 2085 841 2124 a
864 2070 983 2135 ﬁne
1014 2084 1196 2138 usque
1221 2067 1301 2123 ad
1327 2070 1504 2133 ﬁnem
1526 2068 1789 2136 fortiter,
1822 2071 1876 2121 et

209 2158 479 2226 disponit
497 2159 696 2213 omnia
712 2157 978 2212 suaviter
993 2157 1159 2227 (Sep.
1182 2173 1301 2219 Vlll,
1320 2157 1371 2225 t)
1393 2172 1407 2221 ;
1427 2157 1682 2226 itemque
1699 2156 1878 2224 scrip—

208 2253 344 2302 tum
372 2253 460 2301 est
497 2247 757 2315 Spiritus
799 2246 1036 2302 Domini
1067 2246 1310 2314 replevit
1337 2245 1529 2300 orbem
1575 2251 1875 2298 terrarum

209 2336 336 2405 (Id.
354 2351 390 2400 ῐ,
410 2337 507 2406 7);
529 2337 702 2408 eique
718 2336 931 2391 dicitur
953 2336 1009 2389 in
1033 2335 1298 2406 quodam
1329 2333 1582 2404 psalmo,
1609 2333 1732 2398 Quo
1759 2331 1879 2387 abi-

213 2426 285 2479 bo
316 2441 350 2480 α
378 2425 593 2493 spiritu
625 2433 744 2490 tuo,
779 2431 833 2480 et
863 2441 898 2480 a
921 2425 1083 2494 facie
1109 2431 1211 2478 tua
1245 2439 1352 2493 quo
1381 2421 1662 2491 fugiam?
1688 2423 1754 2476 Si
1783 2436 1878 2476 as-

159 2557 162 2560 .
208 2514 469 2569 cendere
493 2514 555 2569 in
582 2515 816 2577 ctelum,
849 2521 911 2568 tu
933 2513 1018 2568 ibi
1044 2529 1100 2568 es
1117 2513 1190 2583 ;si
1215 2512 1566 2568 descendere
1588 2510 1668 2564 ad
1695 2511 1882 2578 infer-

204 2618 381 2667 num,
409 2603 788 2673 ades‘(Psal.
823 2617 1099 2665 cxxxvui,
1133 2602 1208 2672 7).
1242 2601 1355 2656 Sed
1384 2600 1466 2654 sic
1498 2606 1583 2654 est
1607 2599 1759 2654 Deus
1779 2614 1884 2669 per

209 2697 433 2747 cuncta
459 2691 734 2757 diffusus,
756 2697 818 2746 ut
843 2708 962 2747 non
979 2693 1050 2746 sit
1065 2690 1324 2762 qualitas
1342 2689 1545 2743 mundi
1568 2705 1580 2753 ;
1598 2689 1699 2743 sed
1717 2687 1884 2742 subs-

208 2782 403 2836 tantia
430 2780 680 2836 creatrix
714 2781 945 2845 mundi,
983 2781 1107 2835 sine
1147 2779 1349 2834 labore
1383 2794 1613 2847 regens,
1657 2783 1711 2831 et
1755 2777 1884 2831 sine

209 2884 399 2923 onere
439 2869 748 2924 continens
782 2870 1100 2924 mundum.
1126 2870 1254 2932 Non
1299 2875 1498 2922 tamen
1538 2882 1644 2937 per
1692 2865 1886 2936 spatia

208 2957 688 3028 locorum,quasi
712 2959 867 3014 mole
881 2957 1126 3020 diffusa,
1146 2958 1226 3012 ita
1250 2956 1389 3011 utin
1411 2955 1659 3010 dimidio
1675 2955 1883 3009 mundi

211 3062 470 3119 corpore
500 3048 575 3102 sit
605 3048 914 3112 dimidius,
959 3055 1014 3102 et
1048 3047 1105 3102 in
1141 3047 1257 3101 alio
1289 3045 1542 3099 dimidio
1574 3043 1885 3114 dimidius,

211 3139 400 3205 atque
436 3137 513 3190 ita
547 3151 652 3206 per
681 3141 872 3190 totum
911 3140 1107 3189 totus:
1143 3135 1247 3187 sed
1276 3134 1336 3188 in
1368 3132 1496 3187 solo
1524 3132 1673 3186 caslo
1703 3136 1880 3199 totus,

220 3228 284 3280 et
309 3224 368 3278 in
400 3224 527 3279 sola
551 3229 701 3279 terra
736 3230 914 3288 totus,
944 3225 1075 3278 etin
1104 3223 1254 3278 caelo
1281 3229 1336 3278 et
1360 3223 1416 3278 in
1440 3228 1594 3276 terra
1617 3226 1795 3285 totus,
1828 3227 1884 3278 et

220 3313 393 3368 nullo
439 3319 754 3368 contentus
787 3313 941 3377 loco,
981 3313 1084 3367 sed
1115 3312 1175 3366 in
1211 3313 1408 3383 seipso
1437 3312 1658 3382 ubique
1698 3315 1877 3364 totus.

299 3404 387 3458 15.
421 3403 502 3457 Ita
543 3405 729 3469 Pater,
761 3404 841 3457 ita
875 3402 1072 3466 Filius,
1106 3402 1186 3456 ita
1219 3402 1465 3472 Spiritus
1497 3404 1758 3464 sanctus,
1799 3398 1882 3454 ita

216 3491 473 3546 Trinitas
501 3507 656 3545 unus
684 3493 859 3545 Deus.
890 3491 1089 3562 Neque
1119 3491 1277 3545 enim
1314 3491 1607 3544 mundum
1639 3489 1788 3543 inter
1818 3503 1879 3541 se

223 3582 291 3634 in
335 3584 451 3634 tres
499 3587 696 3651 partes
745 3581 1090 3643 diviserunt.
1143 3595 1298 3651 quas
1344 3578 1612 3647 singulas
1660 3576 1878 3646 singuli

215 3667 556 3739 implerent,
581 3669 752 3740 quasi
784 3685 904 3724 non
931 3668 1176 3724 haberet
1203 3668 1302 3724 ubi
1351 3675 1505 3722 esset
1550 3667 1724 3721 Filius
1774 3669 1880 3721 aut

219 3758 474 3828 Spiritus
502 3764 745 3812 sanctus
767 3758 826 3812 in
853 3758 1097 3821 mundo,
1129 3757 1177 3811 si
1201 3762 1387 3812 totum
1408 3762 1759 3827 occupasset
1779 3759 1879 3809 Pa-

213 3852 324 3900 ter.
341 3848 468 3901 Non
487 3847 566 3902 ita
582 3864 643 3900 se
660 3847 840 3902 habet
854 3863 992 3902 vera
1007 3848 1355 3917 incorporea
1371 3844 1878 3914 immutabilisque

216 3935 525 3990 divinitas.
549 3936 675 3991 Non
700 3937 856 3990 enim
878 3951 1132 4006 corpora
1158 3941 1316 3998 sunt,
1341 3951 1600 4005 quorum
1624 3933 1879 4003 amplior

217 4026 293 4079 sit
325 4023 384 4079 in
411 4025 600 4079 tribus
630 4041 814 4096 quam
839 4025 898 4079 in
925 4023 1175 4092 singulis
1202 4022 1586 4092 magnitudo;
1618 4037 1724 4076 nec
1746 4021 1880 4078 loca

217 4113 347 4167 suis
369 4113 627 4168 molibus
645 4118 860 4178 tenent,
879 4119 940 4168 ut
957 4112 1316 4168 distantibus
1337 4112 1541 4182 spatiis
1556 4110 1877 4166 simulasse

217 4217 343 4257 non
375 4203 622 4274 possint.
657 4203 714 4259 Si
737 4202 897 4258 enim
929 4202 1136 4258 anima
1169 4203 1227 4256 in
1259 4217 1506 4272 corpore
1535 4200 1874 4266 constituta,

219 4305 341 4345 non
360 4291 554 4346 solum
573 4291 766 4348 nullas
781 4292 1114 4360 angustias,
1133 4307 1336 4346 verum
1351 4292 1526 4346 etiam
1543 4290 1875 4362 quamdam

217 4379 590 4436 latitudinem
610 4381 857 4448 invenit,
882 4396 1001 4436 non
1025 4379 1426 4451 corporalium
1451 4380 1742 4445 locorum,
1771 4377 1878 4432 sed

217 4469 618 4540 spiritualium
642 4470 998 4540 gaudiorum
1017 4487 1154 4525 cum
1177 4469 1236 4523 tit
1258 4469 1418 4540 quod
1445 4468 1873 4540 aitApostolus,

218 4559 471 4614 Nescitis
494 4559 776 4629 quoniam
807 4574 1064 4628 corpora
1091 4565 1288 4614 vestra
1317 4559 1601 4626 templum
1634 4557 1696 4611 in
1723 4557 1876 4611 vobis

216 4648 483 4716 Spiritus
495 4650 805 4713 sanctiest,
825 4664 988 4718 quem
1007 4647 1228 4703 habetis
1246 4663 1281 4702 a
1298 4647 1411 4701 Deo
1431 4649 1473 4717 (Ι
1493 4647 1630 4702 Cor.
1653 4661 1732 4709 vx,
1751 4644 1870 4711 19‘);

218 4751 332 4791 nec
362 4737 612 4792 diconisi
644 4738 988 4792 stultissime
1020 4741 1228 4807 potest,
1259 4751 1379 4790 non
1419 4735 1638 4790 habere
1674 4734 1874 4788 locum

222 4826 286 4879 in
326 4833 524 4881 nostro
565 4842 812 4898 corpore
845 4827 1120 4897 Spiritum
1161 4830 1459 4889 sanctum,
1491 4824 1655 4893 quod
1688 4828 1876 4878 totum

158 1547 173 1716 l

222 4919 430 4971 nostra
471 4917 680 4970 anima
714 4914 1047 4986 impleverit
1077 4929 1092 4968 :
1132 4918 1360 4984 quanto
1399 4912 1631 4966 stultius
1662 4911 1878 4966 dicitur

220 5001 356 5058 ullis
385 5005 676 5073 angustiis
710 5003 986 5075 impediri
1009 5002 1229 5058 alicubi
1243 5001 1602 5062 Trinitatem,
1630 5005 1692 5054 ut
1714 5003 1878 5055 Pater

217 5097 277 5148 et
335 5093 511 5148 Filius
551 5098 610 5148 et
665 5093 914 5164 Spiritus
954 5097 1197 5148 sanctus
1249 5091 1472 5162 ubique
1525 5089 1702 5144 simul
1750 5103 1877 5144 esse

215 5196 344 5236 non
370 5183 605 5252 possint
632 5182 644 5238 l

293 5271 518 5327 CAPUT
542 5272 677 5325 V.—-
705 5276 786 5327 l6.
813 5272 1027 5327 Verum
1050 5271 1195 5326 illud
1217 5269 1507 5326 estmulto
1522 5267 1875 5338 mirabilius,

213 5360 381 5432 quod
411 5377 548 5416 cum
579 5364 730 5416 Deus
755 5361 973 5432 ubique
996 5362 1065 5415 sit
1094 5367 1272 5424 totus,
1297 5375 1418 5414 non
1446 5357 1728 5414 tamenin
1755 5374 1880 5412 om-

213 5448 398 5505 nibus
430 5450 675 5505 habitat.
707 5451 833 5506 Non
860 5451 1018 5505 enim
1047 5449 1334 5504 omnibus
1359 5448 1474 5502 dici
1500 5453 1691 5519 potest
1715 5446 1880 5518 quod

284 5559 297 5584 ¹
333 5555 458 5604 Post
481 5556 616 5612 ades,
639 5557 748 5606 hinc
768 5558 822 5605 in
842 5556 1070 5619 vulgatis
1095 5556 1370 5606 adduntur
1388 5554 1548 5619 {Qum
1572 5553 1883 5602 substantia.

217 5619 343 5691 liter
377 5619 508 5691 Deus
535 5620 720 5691 ubique
759 5618 1139 5691 dimiserimus:
1177 5619 1342 5691 verba.
1359 5618 1556 5691 absunt
1593 5630 1624 5691 εξ
1663 5630 1883 5691 povein-

219 5681 397 5732 decim
438 5681 563 5732 Mss.
598 5680 952 5748 videnturque
996 5680 1303 5747 emergine
1331 5681 1434 5731 huc
1454 5680 1713 5729 translata
1747 5693 1883 5732 esse.

1485 155 1988 217 EPISTOLARUM
2029 158 2323 217 CLASSIS
2364 161 2454 218 ΙΙΙ.

3553 164 3661 225 838

1997 287 2076 341 ait
2102 288 2446 357 Apostolus,
2482 287 2575 343 vel
2605 287 2766 360 quod
2795 289 2920 359 jam
2967 289 3108 356 dixi,
3142 291 3234 346 vel
3265 291 3441 348 etiam
3472 289 3656 348 illud:

1995 376 2244 431 Nescitis
2277 377 2418 447 quia
2446 379 2728 446 templum
2759 378 2863 433 Dei
2882 379 3036 443 estis,
3069 387 3120 435 et
3141 381 3403 448 Spiritus
3430 384 3534 437 Dei
3556 382 3658 438 ha-

1997 465 2142 519 bitat
2175 466 2237 520 in
2271 466 2428 520 vobis
2460 467 2578 532 (1d.
2613 483 2689 530 ui,
2735 469 2869 536 16)?
2903 469 3064 523 Unde
3097 475 3150 523 et
3180 485 3209 523 e
3263 471 3557 525 contrario
3584 470 3657 525 de

1992 553 2355 624 quibusdam
2388 556 2562 609 dicit:
2600 556 2873 627 Quisquis
2905 564 3101 612 autem
3123 557 3406 628 Spiritum
3431 559 3660 614 Christi

1993 657 2110 696 non
2136 642 2331 706 habet,
2357 644 2454 698 hic
2480 659 2598 697 non
2621 651 2698 698 est
2718 646 2844 712 ejus
2867 647 3056 715 (Item.
3080 662 3191 709 vni,
3217 648 3291 716 9).
3319 647 3460 711 Quis
3483 663 3656 716 porro

1992 730 2206 785 audeat
2236 732 2490 802 opinari,
2522 732 2632 786 nisi
2657 734 2927 804 quisquis
2958 734 3531 804 inseparabilitatem
3559 751 3655 805 pe-

1990 819 2455 875 nitusTrinitatis
2479 821 2730 888 ignorat,
2751 822 2913 892 quod
2929 823 2986 876 in
3009 822 3492 894 aliquohabitare
3516 840 3656 895 pos-

1991 909 2063 962 sit
2087 911 2256 963 Pater
2275 915 2377 964 aut
2404 910 2600 974 Filius,
2627 911 2681 964 in
2703 925 2824 982 quo
2840 926 2956 964 non
2977 911 3203 966 habitet
3225 913 3470 983 Spiritus
3489 929 3660 968 sanc-

1992 1002 2107 1060 tus,
2141 1002 2244 1052 aut
2275 998 2331 1052 in
2365 997 2567 1068 aliquo
2611 999 2856 1068 Spiritus
2895 1005 3138 1054 sanctus
3181 1001 3240 1055 in
3281 1018 3403 1071 quo
3438 1018 3560 1056 non
3599 1008 3656 1057 et
3687 1054 3696 1092 θ

1993 1087 2158 1140 Pater
2175 1093 2229 1140 et
2248 1085 2458 1141 Filius?
2476 1087 2636 1142 Unde
2651 1087 2959 1142 fatendum
2981 1095 3068 1143 est
3087 1089 3306 1158 ubique
3321 1106 3455 1144 esse
3473 1093 3655 1146 Deum
3686 1085 3694 1154 ξ

1989 1175 2430 1244 perdivinitatis
2448 1176 2849 1246 prresentiam,
2871 1177 2975 1231 sed
2990 1194 3109 1232 non
3129 1177 3353 1248 ubique
3372 1196 3475 1248 per
3489 1179 3656 1234 l'iabi-
3697 1163 3702 1182 λ

1990 1263 2224 1317 talionis
2255 1265 2528 1333 gratiam.
2567 1265 2803 1334 Propter
2832 1265 2987 1320 hanc
3018 1267 3178 1321 enim
3219 1267 3655 1323 habitationem

1991 1351 2090 1405 ubi
2119 1353 2326 1422 procul
2350 1353 2539 1407 dubio
2564 1354 2754 1422 gratia
2776 1353 3109 1409 dilectionis
3131 1356 3255 1424 ejus
3284 1357 3653 1424 agnoscitur,

1987 1455 2105 1494 non
2128 1440 2403 1504 dicimus,
2424 1444 2589 1496 Pater
2608 1449 2806 1496 noster
2828 1444 2929 1514 qui
2959 1458 3021 1497 es
3051 1444 3292 1514 ubique,
3309 1460 3443 1498 cum
3471 1452 3523 1498 et
3542 1446 3655 1500 hoc

1989 1544 2193 1584 verum
2227 1531 2322 1598 sit,
2354 1531 2480 1596 sed,
2504 1532 2688 1586 Pater
2705 1537 2896 1586 noster
2917 1533 3096 1602 quies
3127 1533 3189 1586 in
3233 1534 3385 1588 cmlis
3411 1534 3652 1600 (Matth.

1989 1633 2061 1680 γι,
2087 1619 2176 1686 9);
2209 1625 2268 1673 ut
2291 1618 2580 1689 templum
2612 1620 2739 1688 ejus
2767 1619 2964 1689 potius
3006 1621 3064 1674 in
3095 1621 3361 1675 oratione
3397 1638 3657 1677 comme-

1989 1722 2313 1771 moremus,
2331 1709 2496 1779 quod
2513 1708 2820 1778 etnosipsi
2837 1725 2965 1762 esse
2987 1709 3300 1774 debemus,
3317 1715 3370 1764 et
3386 1710 3442 1764 in
3466 1726 3659 1782 quan-

1987 1803 2114 1851 tum
2143 1813 2376 1862 sumus,
2409 1796 2470 1851 in
2505 1801 2736 1851 tantum
2764 1798 2842 1852 ad
2865 1797 2990 1868 ejus
3015 1799 3361 1852 societatem
3388 1805 3443 1852 et
3470 1800 3661 1869 adop-

1988 1885 2164 1940 tionis
2195 1885 2486 1942 familiam
2528 1887 2913 1958 pertinemus.
2957 1887 3012 1941 Si
3053 1887 3211 1941 enim
3254 1886 3514 1957 populus
3555 1889 3656 1942 Dei

1989 1975 2258 2029 nondum
2301 1976 2490 2030 factus
2521 1975 2773 2044 aequalis
2806 1975 3047 2043 Angelis
3079 1976 3204 2046 ejus
3234 1977 3432 2030 adhuc
3476 1976 3537 2030 in
3576 1975 3654 2030 is-

1990 2069 2048 2117 ta
2069 2063 2542 2134 peregrinatione
2567 2064 2781 2118 dicitur
2799 2064 3089 2134 templum
3114 2064 3264 2134 ejus,
3286 2071 3514 2135 quanto
3532 2081 3655 2120 ma-

1989 2153 2080 2220 gis
2095 2159 2179 2206 est
2195 2155 2374 2223 templ
2387 2169 2486 2206 nm
2501 2153 2549 2221 ej
2563 2169 2629 2206 us
2643 2153 2698 2206 in
2714 2152 2898 2217 caelis,
2916 2152 3014 2206 ubi
3029 2159 3115 2207 est
3132 2153 3389 2223 populus
3402 2152 3653 2224 Angelo-

1989 2257 2146 2302 rum,
2168 2241 2388 2311 quibus
2407 2241 2770 2309 aggregandi
2789 2247 2843 2296 et
2861 2242 3216 2313 coasquandi
3237 2257 3462 2304 sumus,
3487 2258 3651 2311 cum,

1990 2329 2158 2383 ﬁnita
2197 2330 2692 2400 peregrinatione,
2733 2331 2900 2402 quod
2940 2331 3306 2401 promissum
3354 2336 3440 2386 est
3493 2348 3654 2387 sum-

1991 2418 2293 2489 pserimus
2322 2419 2333 2471 l

2063 2507 2152 2562 l7.
2185 2507 2331 2560 Cum
2363 2506 2540 2576 igitur
2571 2506 2674 2577 qui
2708 2505 2931 2578 ubique
2963 2512 3072 2571 est,
3114 2523 3236 2562 non
3275 2508 3336 2563 in
3375 2509 3650 2564 omnibus

1993 2595 2217 2650 habitet
2233 2612 2245 2660 ;
2261 2594 2514 2650 etiamin
2533 2595 2754 2666 quibUS
2768 2595 3016 2660 habitat,
3034 2611 3152 2650 non
3168 2597 3474 2668 aequaliter
3486 2597 3654 2652 habi-

1996 2690 2096 2741 tat.
2129 2687 2277 2738 Nam
2312 2684 2467 2738 unde
2499 2691 2586 2739 est
2611 2683 2757 2738 illud
2787 2685 2950 2755 quod
2997 2685 3236 2739 Elisteus
3270 2686 3564 2756 poposcit,
3594 2691 3657 2742 ut

1997 2773 2306 2843 dupliciter
2333 2774 2391 2827 in
2423 2789 2494 2828 eo
2527 2772 2686 2827 fieret
2713 2773 2962 2842 Spiritus
2999 2773 3098 2828 Dei
3137 2773 3392 2844 quierat
3432 2775 3490 2828 in
3533 2774 3656 2830 Elia

1996 2864 2087 2932 (ιν
2117 2863 2256 2931 Reg.
2285 2878 2342 2925 ιι,
2373 2867 2427 2930 9)
2449 2863 2476 2916 ‘?
2506 2867 2561 2916 et
2586 2861 2740 2915 unde
2763 2861 2821 2914 in
2841 2860 3118 2916 omnibus
3153 2864 3372 2917 sanctis
3391 2870 3528 2918 sunt
3557 2863 3654 2919 alii

1997 2950 2129 3005 aliis
2147 2949 2490 3013 sanctiores,
2513 2949 2627 3002 nisi
2645 2948 3047 3005 abundantius
3061 2949 3342 3006 habendo
3362 2952 3656 3006 habitato-

1995 3055 2120 3094 rem
2153 3039 2337 3093 Deum
2357 3037 2384 3091 ‘t
2413 3038 2726 3102 Quomodo
2757 3053 2898 3106 ergo
2925 3054 3131 3092 verum
3159 3055 3342 3108 supra
3371 3039 3651 3106 diximus,

1997 3126 2161 3198 quod
2185 3126 2337 3181 Deus
2362 3125 2578 3196 ubique
2603 3127 2679 3179 sit
2706 3130 2881 3194 totus,
2907 3126 3154 3196 quando
3183 3126 3240 3180 in
3265 3126 3395 3181 aliis
3418 3133 3506 3182 est
3529 3143 3655 3182 am-

1995 3215 2170 3286 plius,
2214 3215 2271 3269 in
2311 3214 2440 3269 aliis
2482 3214 2734 3270 minus?
2789 3214 2902 3271 Sed
2963 3230 3083 3269 non
3143 3222 3230 3270 est
3291 3215 3655 3286 negligenter

1996 3304 2349 3360 intuendum
2378 3304 2536 3374 quod
2561 3304 2840 3370 diximus,
2865 3304 2923 3358 in
2950 3303 3148 3374 seipso
3169 3321 3299 3359 esse
3329 3304 3548 3376 ubique
3574 3310 3653 3360 to-

1996 3399 2140 3448 tum.
2176 3396 2301 3448 Non
2334 3408 2476 3461 ergo
2506 3391 2566 3446 in
2605 3393 2691 3447 eis
2727 3393 2870 3464 quia
2909 3392 3005 3448 alii
3040 3393 3171 3463 plus
3204 3409 3340 3448 eum
3384 3393 3648 3465 capiunt,

1994 3481 2092 3537 alii
2133 3482 2377 3537 minus‘.
2424 3482 2558 3536 Ideo
2599 3482 2757 3536 enim
2801 3481 3022 3552 ubique
3061 3498 3188 3537 esse
3225 3482 3457 3547 dicitur,
3507 3483 3654 3554 quia

1994 3570 2138 3626 nulli
2171 3572 2321 3641 parti
2355 3586 2552 3625 rerum
2586 3571 2800 3625 absens
2831 3577 2956 3634 est;
2987 3571 3122 3625 ideo
3156 3577 3331 3636 totus,
3367 3574 3504 3642 quia
3533 3588 3654 3628 non

1995 3660 2139 3729 parti
2169 3676 2367 3714 rerum
2393 3666 2622 3729 partem
2647 3676 2818 3714 suam
2840 3665 3190 3730 praesentem
3223 3661 3467 3730 praebet,
3495 3667 3553 3717 et
3575 3661 3656 3717 al-

1994 3748 2101 3803 teri
2134 3749 2283 3819 parti
2313 3749 2561 3803 alteram
2596 3754 2844 3818 partein,
2877 3748 3139 3818 aaquales
3165 3751 3520 3820 aequalibus,
3550 3751 3655 3805 mi-

1995 3838 2121 3892 nori
2151 3853 2290 3892 vero
2324 3838 2638 3901 minorem,
2667 3837 3001 3906 majorique
3035 3837 3348 3908 majorem;
3386 3839 3492 3892 sed
3530 3854 3651 3893 non

1993 3926 2187 3981 solum
2221 3925 2586 3981 universitati
2617 3931 2917 3986 creaturae,
2957 3941 3159 3980 verum
3195 3927 3372 3980 etiam
3412 3926 3655 3982 cuilibet

1994 4016 2149 4086 parti
2180 4015 2308 4085 ejus
2341 4020 2496 4070 totus
2541 4014 2759 4084 pariter
2796 4015 2983 4069 adest.
3029 4014 3213 4086 Hique
3253 4015 3329 4071 ab
3369 4031 3439 4070 eo
3477 4016 3654 4085 longe

1993 4120 2122 4159 esse
2143 4105 2442 4167 dicuntur,
2467 4103 2569 4175 qui
2594 4103 2891 4174 peccando
2909 4103 3298 4159 dissimillimi
3323 4103 3459 4159 facti
3477 4110 3651 4170 sunt;

1993 4198 2051 4248 et
2081 4193 2139 4248 hi
2170 4194 2220 4248 ei
2250 4193 2675 4264 propinquare,
2703 4194 2805 4264 qui
2829 4192 2958 4263 ejus
2985 4193 3430 4249 similitudinem
3455 4195 3548 4266 pie
3575 4194 3656 4248 vi-

1991 4283 2190 4338 vendo
2206 4281 2518 4353 recipiunt.
2537 4281 2701 4337 Sicut
2715 4287 2867 4336 recte
2880 4281 3160 4337 dicuntur
3171 4283 3326 4337 oculi
3347 4289 3509 4338 tanto
3527 4299 3655 4338 esse
3691 4275 3709 4364 ζ

1993 4371 2065 4426 ab
2096 4372 2208 4426 hac
2233 4371 2363 4427 luce
2390 4371 2646 4440 longius,
2675 4377 2904 4442 quanto
2925 4369 3140 4426 fuerint
3171 4371 3467 4426 ceeciores.
3501 4371 3654 4437 Quid
3707 4369 3710 4374 ’

1993 4461 2151 4516 enim
2180 4466 2302 4515 tam
2333 4459 2512 4527 longe
2533 4451 2629 4514 est
2658 4476 2694 4515 a
2725 4459 2853 4513 luce
2893 4475 3080 4528 quam
3116 4459 3373 4527 caacitas,
3414 4460 3652 4515 etiamsi
3711 4489 3713 4496 ·

1992 4550 2089 4604 lux
2125 4555 2337 4618 praesto
2370 4548 2463 4614 sit,
2499 4553 2675 4618 atque
2701 4547 2905 4602 oculos
2935 4547 3256 4616 perfundat
3287 4547 3652 4603 exstinctos?

1992 4638 2396 4708 Propiuquare
2427 4642 2628 4691 autem
2669 4635 2787 4690 luci
2821 4636 3029 4690 merito
3062 4635 3446 4706 perhibentur
3474 4636 3652 4698 oculi.

1993 4728 2094 4796 qui
2122 4725 2391 4780 sanitatis
2413 4740 2661 4778 accessu
2683 4725 2872 4779 aciem
2899 4723 3236 4794 recipiendo
3260 4725 3612 4796 proﬁciunt”
3639 4768 3652 4780 .

2065 4815 2287 4870 CAPUT
2319 4815 2406 4867 Vl.
2437 4843 2503 4854 —
2533 4814 2614 4867 t8.
2642 4816 2817 4869 Porro
2842 4818 3042 4869 autem
3068 4813 3233 4884 quod
3275 4830 3490 4885 parum
3530 4815 3655 4869 dis-

1995 4905 2173 4960 tincte
2229 4902 2572 4974 putavimus
2623 4917 2805 4973 posse
2847 4901 3093 4970 intelligi
3135 4919 3272 4958 cum
3317 4903 3656 4958 diceremus

2000 4996 2183 5047 Deum
2197 5007 2323 5046 esse
2345 4992 2565 5062 ubique
2591 4997 2800 5056 totum,
2823 4991 2933 5046 nisi
2957 4991 3338 5055 adderemus,
3354 4993 3413 5046 in
3437 4991 3653 5062 seipso,

1996 5083 2174 5137 video
2194 5081 2534 5151 diligentius
2555 5080 3002 5152 exponendum.
3023 5080 3338 5147 Quomodo
3351 5081 3507 5135 enim
3533 5080 3657 5136 ubi-

1996 5187 2136 5242 que,
2165 5171 2293 5225 siin
2322 5169 2798 5241 seipso?Ubique
2821 5169 3057 5233 scilicet.
3079 5169 3220 5238 quia
3243 5185 3546 5239 nusquam
3571 5177 3660 5226 est

1998 5260 2240 5315 absens.
2271 5260 2332 5314 ln
2363 5259 2559 5329 seipso
2597 5265 2820 5320 autem,
2861 5258 3005 5328 quia
3043 5272 3164 5312 non
3205 5258 3537 5312 continetur
3577 5258 3658 5314 ab

1997 5349 2082 5405 eis
2107 5349 2325 5420 quibus
2348 5355 2430 5404 est
2460 5363 2743 5418 praesens,
2767 5355 3052 5417 tanquam
3079 5346 3205 5400 sine
3245 5347 3328 5400 eis
3369 5362 3503 5404 esse
3534 5363 3658 5404 non

2061 5491 2220 5562 sts.
2263 5503 2458 5552 magno
2495 5501 2792 5537 consensu:
2829 5487 2948 5535 Alia
2981 5488 3097 5550 plus
3131 5502 3244 5536 eum
3287 5489 3514 5551 capiunt,
3549 5488 3660 5538 alia

1998 5567 2186 5600 minus.

2061 5615 2182 5686 {Sic
2218 5615 2340 5726 b‘iss.
2361 5613 2684 5678 quindecim.
2713 5614 2777 5661 At
2799 5612 2950 5669 Edd.,
2977 5613 3134 5662 aciem
3159 5614 3470 5677 recipiendo,
3501 5613 3658 5663 lucem

2061 5692 2234 5726 cimun
2262 5712 2273 5726 .

2001 5692 2273 5741 recipiunt.
