4118 6164
535 135 639 193 839

531 260 743 331 possit.
771 262 919 315 Nam
959 257 1150 329 spatia
1186 255 1456 310 locorum
1484 253 1619 310 tolle
1639 253 2013 325 corporibus,
2038 268 2176 307 nus-

534 366 720 420 quam
735 352 924 413 erunt,
940 352 994 401 et
1014 345 1154 415 quia
1170 359 1465 414 nusquam
1484 349 1674 407 erunt,
1691 359 1799 398 nec
1812 347 2000 397 erunt.
2021 342 2178 396 Tolle

534 440 669 511 ipsa
709 452 955 506 corpora
994 433 1379 504 qualitatibus
1418 449 1759 503 corporum,
1794 448 1913 487 non
1940 432 2047 487 erit
2077 431 2180 485 ubi

536 529 672 595 sint,
710 531 763 580 et
794 526 925 578 ideo
957 538 1195 577 necesse
1228 528 1313 577 est
1346 528 1408 577 ut
1439 538 1556 577 non
1589 523 1719 577 sint.
1770 522 1992 576 Etenim
2042 537 2177 575 cum

532 632 638 687 per
675 621 850 668 lotam
900 627 1072 666 suam
1115 611 1335 665 molem
1382 628 1598 682 corpus
1628 611 1934 683 aequaliter
1964 626 2180 664 sanum

531 710 639 768 est,
658 701 1074 771 antaequaliter
1099 700 1446 765 candidum,
1464 716 1582 755 non
1599 701 1755 754 estin
1782 716 1898 754 una
1916 715 2100 771 quam
2120 699 2180 752 in

530 793 647 849 alia
669 798 835 863 parte
859 792 990 860 ejus
1015 790 1238 844 sanitas
1264 789 1455 858 major
1479 789 1842 851 autcandor,
1862 804 1972 843 nec
1988 788 2181 858 major

524 883 587 937 in
623 888 740 937 toto
772 897 953 951 quam
982 880 1039 933 in
1082 884 1250 949 parte
1282 879 1410 948 ejus
1443 895 1455 943 ;
1491 880 1631 949 quia
1671 894 1790 933 non
1834 877 2037 932 sanius
2076 879 2182 930 aut

526 972 846 1027 candidius
890 974 1078 1024 totum
1120 973 1351 1023 constat
1389 984 1520 1022 esse
1578 985 1765 1039 quam
1808 973 2060 1038 partem.
2122 965 2181 1021 Si

526 1066 727 1116 autem
754 1058 1127 1129 inaequaliter
1153 1057 1223 1111 sit
1252 1072 1470 1111 sanum
1499 1063 1600 1111 aut
1626 1056 1999 1127 inaequaliter
2038 1070 2180 1109 can-

531 1150 760 1212 didum,
804 1149 925 1202 ﬁeri
956 1151 1152 1218 potest
1193 1152 1255 1200 ut
1293 1146 1350 1200 in
1395 1146 1622 1201 minore
1661 1150 1827 1216 parte
1855 1144 1929 1199 sit
1959 1144 2183 1198 sanitas

527 1240 715 1309 major
755 1242 855 1292 aut
890 1237 1139 1298 candor,
1167 1252 1304 1289 cum
1335 1235 1569 1289 minora
1604 1251 1787 1306 quam
1830 1234 2061 1303 majora
2092 1249 2183 1287 sa-

527 1329 698 1383 niora
738 1327 827 1381 vel
860 1325 1205 1381 candidiora
1250 1327 1389 1377 sunt
1422 1324 1695 1378 membra
1733 1342 1747 1390 ;
1799 1338 1989 1394 usque
2035 1321 2182 1376 adeo

526 1432 645 1471 non
692 1416 844 1470 mole
892 1418 1123 1468 constat
1153 1413 1315 1483 quod
1347 1413 1404 1466 in
1452 1412 1841 1483 qualitatibus
1891 1426 2183 1479 magnum

527 1506 740 1560 dicitur
788 1520 914 1558 esse
959 1502 1047 1557 vel
1082 1518 1357 1573 parvum.
1412 1502 1837 1555 Verumtamen
1887 1500 1931 1554 si
1992 1499 2183 1555 moles

527 1596 657 1666 ipsa
710 1593 994 1663 corporis,
1052 1597 1541 1662 quantacumque
1589 1590 1678 1643 vel
1726 1588 2185 1660 quantulacum-

528 1700 645 1755 que
696 1684 788 1747 sit,
840 1682 1076 1752 penitus
1124 1680 1445 1745 auferatur,
1502 1679 1817 1750 qualitates
1872 1679 2003 1748 ejus
2061 1692 2185 1732 non

527 1772 636 1827 erit
666 1772 765 1825 ubi
794 1771 928 1835 sint,
958 1768 1237 1841 quamvis
1269 1784 1387 1823 non
1414 1767 1566 1823 mole
1601 1767 1917 1821 metiendae
1950 1767 2083 1821 sint.
2115 1770 2185 1821 At

530 1876 667 1916 vero
688 1861 839 1914 Deus
862 1875 1003 1922 non,
1035 1858 1080 1911 si
1102 1858 1304 1911 minus
1326 1857 1558 1927 capitur
1580 1856 1656 1911 ab
1678 1856 1775 1911 illo
1800 1855 1895 1911 cui
1922 1870 2186 1927 praesens

530 1956 633 2014 est,
677 1949 811 2004 ideo
842 1949 967 2019 ipse
997 1948 1191 2001 minor
1222 1951 1325 2001 est.
1360 1948 1536 2000 Totus
1569 1946 1724 1999 enim
1751 1946 1809 2000 in
1850 1945 2043 2016 seipso
2073 1949 2181 2010 est,

523 2054 633 2093 nec
664 2038 722 2091 in
753 2037 975 2109 quibus
1009 2040 1118 2103 est,
1148 2036 1226 2089 ita
1257 2040 1341 2089 est
1374 2039 1435 2088 ut
1465 2034 1727 2102 indigeat
1759 2034 1865 2100 eis,
1897 2040 2185 2104 tanquam

530 2144 651 2183 non
687 2128 869 2197 possit
894 2142 1025 2179 esse
1064 2124 1177 2178 nisi
1208 2124 1266 2178 in
1298 2124 1405 2177 eis.
1432 2123 1592 2178 Sicut
1620 2129 1820 2178 autem
1852 2139 1959 2177 nec
1986 2123 2062 2178 ab
2089 2122 2186 2177 illo

529 2216 714 2280 abest,
750 2216 808 2270 in
839 2231 959 2285 quo
988 2229 1107 2267 non
1136 2212 1379 2278 habitat,
1410 2218 1463 2267 et
1504 2216 1660 2267 totus
1687 2212 1873 2273 adest,
1908 2213 2188 2282 quamvis

530 2322 669 2360 eum
696 2304 789 2358 ille
811 2320 931 2357 non
954 2302 1206 2366 habeat;
1239 2302 1315 2355 ita
1341 2306 1396 2355 et
1422 2300 1500 2354 illi
1527 2302 1584 2355 in
1617 2317 1738 2372 quo
1757 2301 2003 2364 habitat,
2033 2306 2188 2355 totus

529 2400 613 2449 est
641 2408 926 2464 praesens,
961 2391 1238 2461 quamvis
1270 2406 1407 2443 eum
1440 2405 1559 2443 non
1592 2406 1663 2443 ex
1700 2394 1819 2443 toto
1846 2390 2063 2459 capiat.

600 2486 684 2541 l9.
713 2486 910 2553 Neque
933 2481 1090 2534 enim
1114 2479 1191 2533 ad
1214 2478 1610 2533 habitandum
1630 2478 1841 2532 dividit
1870 2495 1932 2532 se
1960 2494 2064 2549 per
2085 2479 2191 2533 ho-

529 2574 761 2626 minum
792 2572 975 2625 corda
1007 2584 1105 2622 seu
1142 2583 1416 2637 corpora,
1448 2567 1627 2621 aliam
1661 2567 1749 2620 sui
1783 2572 2009 2636 partem
2050 2567 2189 2622 huic

526 2660 815 2723 tribuens,
850 2658 929 2711 illi
958 2658 1156 2723 aliam,
1190 2657 1339 2709 sicut
1368 2655 1467 2709 lux
1494 2656 1608 2709 ista
1639 2671 1744 2725 per
1773 2655 1967 2710 aditus
1997 2660 2053 2711 et
2082 2673 2189 2727 per

526 2749 813 2804 fenestras
830 2747 1147 2801 domorum
1168 2768 1178 2798 :
1198 2744 1300 2797 sed
1320 2744 1590 2815 potius,si
1605 2744 2181 2815 quemlibetsonum,

527 2854 664 2893 cum
693 2852 981 2906 corporea
1002 2850 1093 2889 res
1122 2834 1196 2888 sit
1217 2850 1285 2889 ac
1309 2833 1663 2896 transitoria,
1690 2833 1907 2887 surdus
1938 2850 2059 2889 non
2092 2850 2185 2889 ca-

526 2927 634 2998 pit,
659 2927 965 2981 surdaster
992 2938 1111 2977 non
1142 2928 1326 2978 totum
1355 2923 1532 2993 capit,
1555 2929 1729 2994 atque
1755 2924 1812 2977 in
1840 2922 1929 2977 his
1956 2924 2059 2994 qui
2082 2941 2183 2979 au-

525 3016 695 3071 diunt
718 3031 856 3070 cum
884 3014 1103 3084 pariter
1119 3012 1169 3067 ei
1189 3010 1614 3082 prOpinquant,
1639 3016 1798 3067 tanto
1819 3012 2011 3080 magis
2032 3012 2183 3067 alius

524 3106 640 3162 alio
664 3105 840 3176 capit,
865 3107 1091 3174 quanto
1113 3106 1204 3156 est
1229 3101 1523 3169 acutioris,
1550 3106 1713 3155 tanto
1735 3106 1936 3156 autem
1961 3101 2178 3168 minus,

523 3199 753 3267 quanto
784 3198 875 3248 est
907 3192 1226 3246 obtusioris
1258 3189 1517 3259 auditus,
1551 3206 1689 3243 cum
1722 3189 1816 3243 ille
1856 3206 1977 3244 non
2020 3192 2179 3246 varie

523 3284 709 3354 magis
741 3282 1010 3336 minusve
1034 3280 1287 3341 insonet,
1319 3278 1419 3331 sed
1450 3280 1507 3332 in
1537 3294 1607 3331 eo
1632 3277 1762 3331 loco
1786 3279 1842 3332 in
1868 3294 1988 3350 quo
2018 3284 2176 3347 sunt,

525 3373 811 3428 omnibus
839 3370 1145 3442 aequaliter
1169 3373 1385 3439 praesto
1409 3368 1516 3429 sit;
1545 3373 1771 3439 quanto
1797 3369 2177 3424 excellentius

524 3464 679 3517 Deus
713 3467 927 3515 natura
953 3459 1297 3528 incorporea
1330 3463 1381 3511 et
1416 3456 1853 3511 immutabiliter
1887 3458 2041 3521 viva,
2074 3458 2175 3529 qui

523 3568 643 3605 non
680 3551 830 3605 sicut
861 3564 1044 3602 sonus
1071 3562 1175 3618 per
1205 3562 1404 3600 moras
1442 3552 1778 3616 temporum
1820 3546 1980 3600 tendi
2010 3551 2065 3601 et
2094 3547 2179 3601 di-

524 3640 640 3693 vidi
674 3643 885 3709 potest,
921 3652 1027 3692 nec
1060 3636 1254 3705 spatio
1285 3635 1436 3689 serio
1470 3640 1759 3706 tanquam
1789 3634 1920 3689 loco
1950 3651 2058 3690 suo
2094 3637 2178 3690 in-

523 3729 701 3797 diget,
742 3728 837 3781 ubi
873 3726 1265 3797 prmsentibus
1288 3729 1503 3795 praesto
1542 3725 1634 3787 sit,
1666 3725 1768 3779 sed
1810 3732 2031 3780 aeterna
2062 3730 2172 3781 sta-

522 3817 749 3872 bilitate
781 3816 839 3871 in
874 3816 1074 3885 seipso
1107 3830 1378 3877 manens,
1414 3819 1569 3867 totus
1608 3813 1818 3869 adesse
1849 3814 2020 3868 rebus
2052 3831 2177 3870 om-

522 3907 699 3961 nibus
732 3910 942 3977 polest,
976 3909 1032 3958 et
1062 3904 1309 3973 singulis
1338 3908 1515 3965 totus,
1548 3902 1827 3973 quamvis
1866 3904 1925 3957 in
1955 3904 2175 3973 quibus

520 3996 770 4059 habitat,
804 3995 1069 4048 habeant
1098 4009 1234 4045 eum
1271 4008 1375 4061 pro
1408 4008 1527 4045 suae
1554 3993 1903 4062 capacitatis
1934 3992 2177 4046 diversi-

524 4090 657 4145 tate,
686 4084 782 4137 alii
807 4082 1086 4151 amplius,
1111 4080 1205 4133 alii
1234 4080 1450 4147 minus,
1470 4096 1623 4150 quos
1644 4081 1766 4149 ipse
1789 4080 1900 4135 sibi
1924 4081 2178 4136 dilectis-

523 4171 740 4224 simum
776 4168 1061 4239 templum
1094 4168 1281 4235 gratia
1309 4184 1429 4221 suae
1462 4166 1735 4222 bonitatis
1764 4168 2049 4223 aedificat!

594 4263 682 4315 20.
704 4257 1178 4313 Etdonationum
1207 4256 1451 4326 quidem
1484 4255 1652 4310 dictas
1685 4262 1822 4310 sunt
1854 4256 2176 4312 divisiones

523 4352 813 4419 tanquam
838 4362 942 4418 per
968 4351 1165 4416 partes
1187 4350 1241 4399 et
1264 4344 1531 4399 membra
1563 4346 1739 4399 unius
1764 4347 2048 4416 corporis,
2074 4347 2176 4402 ubi

521 4443 576 4493 et
606 4437 780 4492 simul
806 4451 1018 4490 omnes
1047 4451 1233 4488 unum
1268 4434 1577 4505 templum,
1608 4440 1661 4488 et
1693 4434 1908 4503 singuli
1941 4435 2177 4504 singula

523 4528 747 4598 templa
774 4541 982 4579 smnus
1004 4542 1019 4593 ;
1045 4524 1185 4595 quia
1208 4538 1325 4577 non
1349 4529 1435 4577 est
1454 4522 1672 4577 Deusin
1692 4522 1968 4578 omnibus
1989 4541 2175 4595 quam

524 4616 582 4670 in
612 4614 863 4683 singulis
896 4613 1125 4682 major:
1160 4618 1216 4667 et
1247 4612 1683 4683 ﬁtplerumque
1717 4618 1777 4667 ut
1819 4613 2016 4684 plures
2038 4631 2175 4669 eum

524 4706 727 4759 minus
762 4704 1021 4774 capiant,
1058 4718 1211 4755 unus
1258 4701 1537 4771 amplius.
1594 4701 1703 4756 Sed
1747 4719 1881 4756 cum
1933 4704 2177 4757 dixisset

525 4792 864 4865 Apostolus,
897 4791 1212 4845 Divisioncs
1236 4796 1430 4844 autem
1454 4790 1837 4845 donationum
1855 4798 2019 4857 sunt;
2041 4808 2179 4847 con-

522 4884 689 4943 tinuo
730 4880 1001 4950 subjecit,
1037 4879 1189 4933 Idem
1251 4884 1441 4932 autem
1496 4877 1797 4946 Spiritus:
1846 4880 1985 4934 item
2039 4897 2177 4934 cum

520 4974 677 5043 ipsas
697 4969 1089 5024 donationum
1113 4966 1434 5020 divisiones
1450 4974 1980 5023 commemorasset
2006 4992 2016 5035 ;
2044 4970 2177 5024 0m-

522 5063 623 5118 nia
655 5067 851 5116 autem
881 5059 1022 5119 haec,
1064 5056 1273 5127 inquit,
1310 5062 1595 5123 operatur
1635 5072 1785 5111 unus
1817 5065 1995 5129 atque
2030 5059 2177 5115 idem

517 5151 802 5220 Spiritus,
846 5146 1111 5202 dividens
1166 5146 1414 5212 propria
1464 5144 1784 5214 unicaique
1828 5154 2006 5213 prout
2048 5150 2177 5203 vult

521 5244 560 5311 (Ι
588 5243 729 5296 Cor.
752 5254 853 5299 xu,
888 5240 938 5301 4,
974 5238 1084 5305 ll).
1124 5234 1397 5289 Dividens
1432 5248 1592 5301 ergo,
1634 5250 1754 5287 non
1779 5235 1903 5305 ipse
1927 5236 2173 5305 divisus,

522 5329 804 5399 quiaipse
820 5341 973 5380 unus
988 5323 1357 5396 alqueidem.
1373 5322 1487 5377 [llas
1511 5338 1646 5376 vero
1668 5321 1989 5378 divisiones
2007 5325 2177 5381 dictas

525 5423 683 5479 sunt,
707 5418 858 5470 sicut
884 5414 1290 5467 membrorum
1316 5413 1368 5466 in
1404 5427 1647 5482 corpore
1674 5432 1684 5474 ;
1710 5412 1852 5481 quia
1880 5428 1999 5467 non
2019 5413 2177 5471 idem

522 5500 722 5556 valent
751 5518 925 5557 aures
956 5503 1117 5573 quod
1146 5501 1318 5565 oculi,
1353 5507 1531 5572 atque
1557 5500 1634 5555 ita
1666 5502 1939 5556 membra
1969 5508 2179 5559 caetera

524 5588 777 5646 diversis
805 5589 1016 5644 ofﬁciis
1045 5590 1413 5645 concorditer
1438 5589 1783 5646 distributa:
1816 5606 1950 5662 quas
1979 5596 2176 5649 tamen

1812 129 1870 183 S.
1913 126 2297 184 AUGUSTINI
2338 128 2659 185 EPISCOPI
3793 141 3875 196 840

2292 268 2428 308 cum
2462 255 2589 309 sani
2621 270 2854 323 sumus,
2897 269 3038 318 una,
3088 269 3281 327 neque
3324 253 3577 321 diversa,
3631 272 3731 313 nec
3775 263 3886 319 alibi

2292 342 2539 413 majore,
2573 343 2714 398 alibi
2741 345 2991 411 minore,
3034 344 3140 397 sed
3170 360 3306 398 cum
3341 344 3458 399 sint
3490 344 3616 414 ipsa
3645 346 3895 417 disparia,

2291 433 2594 486 communi
2620 438 2673 487 et
2699 433 2864 502 parili
2894 432 3081 487 salute
3104 435 3506 502 congaudent.
3532 434 3699 503 Hujus
3727 452 3899 510 corpo-

2290 520 2368 574 ris
2399 525 2581 591 caput
2607 526 2694 575 est
2726 522 3012 586 Christus,
3033 522 3213 591 hujus
3240 523 3505 593 corporis
3532 524 3713 578 unitas
3730 535 3898 583 nostro

2291 609 2581 665 sacriﬁcio
2611 610 3101 666 commendatur:
3128 610 3287 682 quod
3314 610 3570 666 breviter
3593 612 3903 681 signiﬁcavit

2291 700 2626 769 Apostolus,
2657 700 2881 765 dicens,
2919 702 3078 756 Unus
3100 702 3292 767 panis,
3312 717 3501 756 unum
3531 717 3728 770 corpus
3755 708 3899 760 multi

2290 804 2492 843 sumus
2524 789 2564 858 (Ι
2600 791 2732 843 Cor.
2776 806 2829 853 χ,
2863 791 2969 860 17).
3020 790 3126 844 Per
3169 796 3346 861 caput
3396 795 3663 845 nostrum
3690 794 3905 849 reconci-

2291 876 2509 932 liamur
2534 878 2670 947 Deo,
2695 878 2839 949 quia
2861 878 2917 932 in
2944 878 3041 933 illo
3066 882 3157 933 est
3178 878 3460 935 divinitas
3486 879 3763 949 Unigeniti
3782 883 3907 939 facta

2292 965 2587 1036 particeps
2629 966 3003 1021 mortalitatis
3048 972 3287 1035 nostrae,
3318 973 3383 1022 ut
3414 971 3471 1023 et
3498 983 3604 1023 nos
3637 970 3907 1041 participes

2292 1055 2421 1123 ejus
2455 1054 2914 1111 immortalitatis
2944 1071 3240 1111 essemus.

2365 1145 2450 1197 2i.
2482 1146 2601 1198 Hoc
2628 1149 3075 1200 sacramentum
3096 1146 3272 1214 longe
3284 1145 3702 1200 estacordibus
3715 1148 3911 1217 sapien-

2295 1232 2442 1287 tium
2462 1234 2879 1304 superborum,
2898 1239 2952 1289 et
2970 1233 3104 1288 ideo
3123 1250 3241 1288 non
3256 1234 3733 1299 christianorum,
3755 1252 3815 1292 ac
3830 1253 3912 1309 per

2296 1319 2408 1375 hoc
2421 1337 2529 1375 nec
2551 1337 2687 1375 vere
2701 1322 3081 1393 sapientium.
3106 1322 3341 1377 Illorum
3364 1323 3547 1379 etiam
3566 1324 3695 1379 dico
3716 1326 3911 1396 sapien-

2297 1410 2444 1465 tium
2480 1411 2582 1480 qui
2622 1418 3031 1478 cognoverunt
3070 1412 3259 1466 Deum
3297 1428 3310 1478 ;
3353 1412 3498 1482 quia
3544 1421 3910 1482 cognoscentes

2297 1500 2503 1563 Deum,
2540 1501 2689 1554 sicut
2728 1500 2867 1555 dicit
2907 1500 3251 1571 Apostolus,
3278 1516 3399 1556 non
3433 1502 3582 1556 sicut
3614 1504 3781 1558 Deum
3808 1506 3910 1573 glo-

2298 1588 2704 1656 riﬁcaverunt,
2730 1596 2835 1644 aut
2864 1591 3091 1659 gratias
3117 1598 3360 1659 egerunt
3383 1590 3580 1661 (Rom.
3607 1609 3642 1653 ι,
3662 1593 3765 1661 2t).
3784 1593 3912 1647 Nosti

2298 1682 2498 1733 autem
2539 1678 2597 1731 in
2638 1694 2760 1748 quo
2802 1679 3087 1734 sacrificio
3129 1680 3382 1744 dicatur,
3427 1679 3658 1735 Gratias
3699 1696 3911 1750 agamus

2302 1770 2553 1824 Domino
2598 1770 2712 1822 Deo
2748 1773 2971 1823 nostro.
3006 1771 3051 1821 A
3092 1768 3265 1839 cujus
3306 1768 3586 1823 sacriﬁcii
3624 1769 3911 1826 humilitate

2297 1857 2475 1927 longe
2506 1856 2678 1912 abest
2714 1858 2949 1928 typhus,
2993 1862 3049 1912 et
3077 1857 3409 1912 cothurnus
3440 1856 3697 1913 illorum.
3728 1860 3785 1913 Et
3805 1859 3909 1914 ideo

2300 1947 2553 2002 multum
2584 1946 2867 2001 mirabilis
2890 1962 2981 2001 res
3007 1951 3095 2001 est
3126 1947 3649 2017 quemadmodum
3671 1964 3911 2019 quorum-

2300 2036 2442 2091 dam
2470 2036 2738 2091 nondum
2759 2037 3248 2104 cognoscentium
3270 2037 3458 2091 Deum
3495 2036 3567 2091 sit
3594 2036 3911 2093 inhabitator

2304 2128 2473 2193 Deus,
2510 2131 2565 2179 et
2594 2125 2997 2196 quorumdam
3032 2126 3527 2193 cognoscentium
3558 2141 3672 2181 non
3702 2127 3784 2180 sit.
3822 2129 3909 2181 Nec

2303 2214 2383 2269 illi
2419 2215 2579 2268 enim
2634 2214 2711 2268 ad
2741 2217 3033 2285 templum
3068 2214 3167 2268 Dei
3213 2214 3533 2285 pertinent,
3572 2215 3671 2286 qui
3706 2230 3910 2284 cognos-

2304 2309 2502 2358 centes
2533 2304 2740 2365 Deum,
2774 2319 2894 2357 non
2922 2303 3072 2357 sicut
3103 2306 3287 2357 Deum
3320 2302 3809 2371 gloriﬁcaverunt,
3833 2310 3911 2358 aut

2302 2392 2521 2463 gratias
2543 2396 2790 2460 egerunt
2818 2408 2830 2456 ;
2860 2396 2916 2445 et
2946 2392 3022 2446 ad
3052 2391 3340 2463 templum
3377 2393 3478 2446 Dei
3512 2392 3786 2462 pertinent
3807 2408 3911 2461 par-

2302 2481 2420 2536 vuli
2439 2480 2787 2535 sanctiﬁcati
2808 2479 3193 2535 Sacramento
3222 2480 3454 2545 Christi,
3486 2482 3796 2552 regenerati
3815 2482 3911 2551 Spi-

2300 2572 2415 2626 ritu
2464 2576 2691 2635 sancto,
2741 2570 2843 2641 qui
2888 2573 3045 2625 certe
3090 2586 3194 2640 per
3239 2576 3477 2625 aetatem
3523 2571 3779 2624 nondum
3808 2585 3912 2640 pos-

2302 2664 2442 2714 sunt
2472 2674 2830 2727 cognoscere
2860 2661 3043 2713 Deum
3071 2675 3083 2713 :
3116 2659 3272 2713 unde
3312 2676 3500 2730 quem
3527 2664 3825 2730 potuerunt
3849 2658 3909 2712 illi

2300 2765 2473 2803 nosse
2502 2764 2609 2803 nec
2640 2748 2882 2811 habere,
2916 2748 3007 2801 isti
3032 2752 3349 2817 potuerunt
3381 2748 3603 2803 habere
3630 2752 3910 2819 antequam

2298 2853 2498 2892 nosse.
2527 2836 2852 2891 Beatissimi
2877 2840 3077 2891 autem
3102 2842 3255 2900 sunt,
3272 2837 3498 2907 quibus
3520 2837 3633 2891 hoc
3656 2842 3740 2891 est
3761 2839 3909 2891 Deum

2296 2925 2517 2981 habere
2545 2925 2708 2997 quod
2728 2941 2904 2979 nosse
2928 2942 2943 2978 :
2964 2926 3093 2995 ipsa
3116 2926 3326 2997 quippe
3350 2927 3565 2981 notitia
3586 2924 3908 2997 plenissima,

2295 3014 2625 3080 ,verissima,
2663 3014 3002 3069 felicissima
3035 3019 3139 3068 est.

2367 3106 2587 3159 CAPUT
2622 3105 2733 3157 Vll.
2766 3135 2833 3143 —
2867 3106 2955 3159 22.
2992 3104 3136 3159 Hinc
3162 3103 3288 3173 jam
3321 3109 3554 3174 oportet
3584 3105 3749 3159 etiam
3778 3101 3909 3156 illam

2293 3209 2479 3265 quam
2519 3198 2655 3264 post
2684 3192 2943 3265 epistolae
2974 3198 3086 3246 tua:
3118 3193 3619 3264 subscriptionem
3649 3190 3907 3252 addidisti,

2293 3288 2650 3353 pertractare
2674 3282 3072 3353 quaestionem
3092 3298 3103 3333 :
3120 3282 3394 3337 Siadhuc
3414 3285 3691 3353 ignorant
3706 3277 3913 3349 parvuli

2290 3372 2496 3435 Deum,
2531 3372 2819 3441 quomodo
2851 3371 3103 3426 Joannes
3157 3371 3334 3425 etiam
3380 3379 3699 3442 antequam
3746 3381 3911 3423 nasce-

2291 3466 2477 3523 retur,
2508 3460 2587 3515 ad
2617 3459 2937 3514 adventum
2971 3466 3022 3513 et
3054 3460 3432 3527 praesentiam
3469 3460 3674 3515 matris
3703 3454 3908 3515 Domini,

2290 3550 2353 3604 in
2391 3564 2511 3603 sure
2545 3552 2755 3603 matris
2795 3555 2961 3604 utero
2993 3550 3187 3617 potuit
3241 3551 3569 3605 exsultare.
3612 3550 3747 3603 Cum
3783 3545 3911 3600 enim

2291 3653 2833 3693 commemorasses
2868 3642 2919 3691 te
2948 3636 3159 3708 legisse
3193 3638 3411 3692 librum
3447 3654 3646 3693 meum
3684 3638 3751 3691 de
3790 3637 3911 3702 Bap-

2292 3727 2469 3782 tismo
2502 3726 2913 3793 Parvulorum,
2938 3726 3218 3780 addidisti
3246 3731 3301 3781 et
3330 3727 3465 3781 aisti
3490 3748 3502 3779 :
3532 3730 3614 3782 De
3641 3738 3913 3795 prazgnan-

2294 3816 2440 3871 tibus
2468 3816 2611 3887 quid
2631 3816 2851 3870 sentias
2878 3820 3013 3883 opto
3036 3830 3398 3885 cognoscere,
3424 3832 3555 3870 cum
3580 3812 3911 3870 credulitatis

2287 3906 2460 3974 ﬁdem
2478 3921 2589 3973 pro
2600 3919 2785 3972 puero
2800 3910 2978 3959 mater
2988 3904 3239 3959 Joannis
3258 3904 3546 3972 Baptistae
3563 3900 3905 3971 responderit.

2360 3996 2447 4050 23.
2478 3997 2608 4048 Hmc
2626 3997 2763 4047 sunt
2779 3998 2931 4047 certe
2945 3994 3125 4047 verba
3139 3992 3434 4047 Elizabeth
3448 3992 3651 4047 matris
3666 3987 3905 4045 Joannis:

2290 4086 2480 4139 Beata
2507 4090 2571 4137 tu
2600 4083 2757 4138 inter
2786 4082 3081 4147 mulieres,
3117 4089 3175 4136 et
3216 4084 3414 4137 beatus
3451 4084 3683 4151 fructus
3724 4075 3909 4133 ventris

2292 4174 2415 4227 tui:
2436 4173 2512 4226 Et
2546 4172 2702 4227 unde
2723 4172 2832 4227 hoc
2862 4170 3026 4238 mihi,
3052 4177 3115 4225 ut
3145 4171 3338 4226 veniat
3367 4175 3557 4226 mater
3580 4166 3796 4223 Domini
3820 4162 3911 4220 mei

2290 4261 2365 4317 ad
2385 4261 2521 4316 me?
2548 4261 2700 4315 Ecce
2724 4260 2875 4315 enim
2908 4268 2971 4313 ut
2989 4261 3152 4328 facta
3181 4266 3261 4314 est
3293 4275 3409 4314 v0.2:
3434 4257 3796 4314 salutationis
3817 4260 3909 4308 tua:

2292 4352 2353 4405 in
2383 4350 2631 4405 auribus
2662 4349 2821 4411 meis,
2855 4350 3174 4404 exsultavit
3195 4351 3256 4403 in
3280 4348 3494 4418 gaudio
3520 4348 3715 4416 infans
3739 4346 3791 4399 in
3813 4345 3910 4396 utea

2291 4456 2357 4495 ro
2387 4456 2511 4496 meo
2538 4440 2709 4508 (Luc.
2751 4454 2789 4501 1,
2823 4440 3027 4506 42-44).
3063 4440 3182 4493 Hoc
3211 4443 3410 4494 autem
3439 4444 3500 4492 ut
3531 4438 3756 4497 diceret,
3787 4432 3910 4486 sicut

2292 4528 2666 4597 Evangelista
2681 4528 3038 4599 praelocutus
3052 4533 3157 4591 est,
3182 4528 3406 4599 repleta
3427 4532 3517 4581 est
3539 4525 3742 4597 Spiritu
3764 4534 3910 4575 sanc-

2293 4622 2371 4683 to,
2404 4634 2525 4689 quo
2557 4616 2762 4688 procul
2788 4616 2968 4670 dubio
3007 4615 3301 4671 revelante
3352 4616 3626 4687 cognovit
3662 4610 3793 4685 quid
3828 4608 3907 4662 illa

2293 4706 2615 4763 exsultatio
2642 4706 3002 4776 signiﬁcaret
3022 4704 3299 4769 infantis;
3330 4706 3391 4760 id
3413 4710 3517 4769 est,
3542 4704 3690 4759 illius
3711 4699 3908 4755 venisse

2295 4801 2541 4851 matrem
2554 4837 2566 4859 ,
2583 4795 2746 4864 cujus
2763 4810 3097 4865 praecursor
3110 4794 3236 4865 ipse
3251 4800 3307 4848 et
3331 4794 3757 4849 demonstrator
3778 4787 3909 4842 esset

2293 4885 2544 4940 futurus.
2579 4886 2763 4939 Potuit
2795 4900 2935 4953 ergo
2963 4900 3097 4938 esse
3128 4882 3242 4938 ista
3274 4882 3623 4951 signiﬁcatio
3656 4879 3731 4934 rei
3760 4879 3905 4931 tanta:

2294 4990 2329 5029 a
2360 4972 2692 5043 majoribus
2715 4972 3169 5041 cognoscendas,
3195 4987 3316 5026 non
3341 4988 3375 5025 a
3402 4969 3646 5041 parvulo
3667 4964 3903 5034 cognitis,

2293 5066 2439 5118 Nam
2476 5076 2691 5132 neque,
2716 5078 2851 5115 cum
2875 5062 2988 5116 hoc
3006 5069 3139 5116 ante
3163 5062 3224 5116 in
3251 5060 3566 5129 Evangelio
3585 5058 3902 5113 narraretur,

2292 5151 2517 5205 dictum
2546 5154 2650 5215 est,
2685 5149 2941 5205 Credidit
2973 5150 3167 5203 infans
3198 5150 3257 5204 in
3291 5154 3455 5204 utero
3483 5148 3642 5218 ejus;
3676 5142 3789 5205 sed,
3819 5152 3903 5194 ex-

2292 5241 2536 5295 sultavit
2560 5259 2580 5295 :
2608 5255 2800 5311 neque
2828 5238 2960 5310 ipsa
2982 5237 3145 5309 dixit,
3178 5238 3503 5293 Exsultavit
3524 5236 3581 5291 in
3606 5234 3715 5289 ﬁde
3738 5228 3900 5285 infans

2292 5329 2352 5383 in
2380 5335 2544 5383 utero
2586 5344 2758 5395 meo;
2794 5328 2918 5391 sed,
2952 5327 3259 5383 exsultavit
3291 5327 3353 5381 in
3392 5328 3628 5397 gaudio.
3662 5320 3898 5375 Videmus

2293 5422 2493 5473 autem
2527 5418 2979 5473 exsultationem
3011 5432 3130 5471 non
3163 5416 3359 5471 solum
3391 5414 3777 5485 parvulorum,
3813 5399 3895 5457 sed

2294 5508 2469 5562 etiam
2493 5523 2800 5577 pecorum,
2831 5523 2950 5562 non
2980 5507 3183 5578 utique
3209 5505 3282 5559 de
3314 5505 3516 5576 aliqua
3540 5503 3669 5569 ﬁde,
3692 5496 3769 5553 vel
3788 5490 3895 5549 reli-

2292 5595 2491 5665 gione,
2516 5596 2607 5652 vel
2627 5596 3049 5669 qualicumque
3072 5594 3344 5652 rationali
3362 5592 3684 5663 cognitione
3701 5582 3893 5641 venien-
