4118 6164
135 206 235 260 8H

135 335 273 385 tem.
307 329 416 386 Sed
446 330 572 387 haec
602 331 777 404 plane
807 332 1095 392 inusitata
1122 339 1176 392 et
1201 352 1359 394 nova
1388 338 1622 405 exstitit,
1651 338 1794 411 quia

129 420 186 475 in
212 423 401 484 utero,
434 426 489 475 et
519 422 596 476 ad
636 422 762 492 ejus
796 423 1121 480 adventum
1153 441 1287 498 quia
1316 427 1632 483 hominum
1668 427 1791 484 Sal-

130 514 395 563 vatorem
424 508 612 566 fuerat
638 512 917 581 paritura.
946 512 1083 569 Ideo
1110 516 1284 581 mira,
1306 515 1440 571 ideo
1468 517 1527 573 in
1556 517 1791 585 magnis

126 597 312 667 signis
342 596 689 669 deputanda
720 600 853 656 ideo
884 601 1011 657 haec
1046 604 1383 668 exsultatio,
1418 611 1473 661 et
1502 611 1789 678 tanquam

124 686 301 741 matri
332 687 563 743 Domini
598 688 829 746 reddita
852 690 1222 761 resalutatio,
1257 693 1409 749 sicut
1441 694 1637 750 solent
1678 696 1791 749 mi-

122 774 331 830 racula
360 775 508 839 ﬁeri,
542 775 698 832 facta
722 781 812 833 est
841 778 1126 835 divinitus
1158 781 1217 836 in
1246 782 1496 850 infante,
1529 798 1651 839 non
1682 783 1788 839 hu-

126 864 392 919 manitus
426 863 506 919 ab
536 864 781 922 infante.

189 953 283 1008 24.
309 954 672 1026 Quanquam
695 956 927 1012 etiamsi
942 974 1133 1031 usque
1152 960 1305 1016 adeo
1322 969 1407 1016 est
1434 962 1492 1016 in
1517 960 1617 1017 illo
1640 977 1788 1033 pue-

120 1057 185 1097 ro
217 1042 583 1100 acceleratns
615 1061 760 1101 usus
788 1046 1031 1104 rationis
1064 1054 1116 1105 et
1150 1049 1493 1114 voluntatis,
1525 1056 1586 1107 ut
1630 1052 1786 1109 intra

118 1132 352 1188 viscera
400 1138 672 1192 materna
716 1136 844 1206 jam
888 1142 1090 1209 posset
1135 1155 1477 1210 agnoscere,
1520 1142 1780 1205 credere,

118 1222 478 1287 consentire,
506 1223 671 1296 quod
701 1225 761 1280 in
789 1225 916 1280 aliis
945 1228 1208 1297 parvulis
1236 1233 1379 1284 aetas
1411 1235 1785 1300 exspectatur

118 1315 181 1365 ut
195 1312 463 1383 possint;
480 1313 656 1368 etiam
672 1313 786 1368 hoc
809 1314 864 1368 in
882 1315 1186 1370 miraculis
1200 1316 1552 1373 habendum
1569 1318 1782 1375 divinas

115 1398 419 1469 potentiae,
446 1416 565 1455 non
585 1402 661 1456 ad
684 1401 967 1458 humanm
992 1404 1347 1460 trahendum
1368 1411 1453 1462 est
1475 1408 1783 1478 exemplar

114 1491 372 1543 naturae.
395 1491 541 1544 Nam
565 1490 812 1561 quando
842 1494 993 1547 Deus
1018 1492 1219 1557 voluit,
1240 1496 1419 1550 etiam
1437 1496 1780 1565 jumentum

115 1583 353 1632 mutum
384 1578 817 1634 rationabiliter
846 1585 932 1636 est
960 1581 1225 1637 locutum
1245 1584 1449 1653 (Num.
1483 1601 1624 1650 χχιι,
1646 1585 1734 1655 28)
1763 1601 1776 1639 :

113 1681 222 1721 nec
250 1666 388 1721 ideo
414 1668 862 1724 suntadmoniti
882 1670 1154 1726 homines
1174 1672 1230 1726 in
1250 1671 1776 1745 deliberationibus

114 1755 235 1809 suis
258 1754 443 1810 etiam
458 1756 692 1813 asinina
709 1764 1055 1829 exspectare
1077 1748 1343 1816 consilia.
1366 1762 1651 1826 Quocirca
1670 1778 1779 1818 nec

113 1844 277 1915 quod
295 1843 519 1899 factum
545 1846 703 1901 estin
725 1847 957 1903 Joanne
976 1854 1310 1915 contemno,
1328 1866 1436 1905 nec
1459 1850 1597 1906 inde
1613 1868 1777 1923 regu-

112 1931 234 1986 lam
256 1933 406 2005 qnid
433 1934 811 1990 sentiendum
833 1936 905 1991 sit
926 1936 999 1993 de
1023 1938 1289 2009 parvulis
1316 1938 1435 2010 ﬁgo
1459 1955 1469 1994 :
1495 1941 1617 1994 imo
1639 1940 1697 1995 id
1717 1940 1775 1995 in

111 2019 209 2076 illo
237 2026 556 2094 propterea
576 2024 927 2081 mirabiliter
948 2027 1228 2096 praedico,
1252 2029 1396 2099 quia
1416 2029 1473 2083 in
1502 2028 1631 2084 aliis
1653 2045 1775 2085 non

114 2109 375 2165 invenio.
410 2110 593 2168 Habet
622 2113 864 2184 quidem
898 2115 1128 2187 aliquid
1161 2116 1348 2171 simile
1379 2118 1558 2173 etiam
1587 2118 1685 2174 illa
1713 2119 1774 2174 in

113 2199 393 2255 Rebeccae
416 2205 577 2256 utero
597 2201 758 2257 lucta
780 2204 1188 2272 geminorum;
1222 2221 1433 2261 verum
1454 2211 1507 2261 et
1538 2206 1653 2261 hoc
1680 2224 1774 2263 us-

110 2302 232 2358 que
270 2288 424 2344 adeo
464 2290 803 2361 prodigium
838 2291 969 2356 fuit,
1026 2297 1090 2348 ut
1136 2293 1411 2349 divinum
1460 2300 1774 2367 propterea

111 2377 328 2432 mulier
356 2378 664 2433 oraculum
692 2385 999 2452 quaereret,
1036 2387 1091 2437 et
1119 2382 1350 2438 audiret
1380 2383 1613 2439 duobus
1654 2384 1771 2439 illis

110 2465 421 2521 infautulis
451 2470 605 2523 duos
632 2469 889 2541 populos
910 2470 1097 2525 fuisse
1125 2470 1414 2541 ﬁguratos
1437 2473 1601 2544 (Gen.
1630 2490 1768 2538 xxv,

112 2559 201 2623 22,
237 2556 350 2627 23).

176 2648 270 2699 25.
316 2645 546 2700 Nescire
587 2650 786 2701 autem
816 2646 1021 2704 divina
1062 2648 1343 2720 parvulos
1382 2650 1484 2721 qui
1520 2666 1629 2705 nec
1667 2652 1776 2707 hu-

112 2749 300 2789 mana
331 2734 531 2789 adhuc
550 2736 842 2800 noverint,
861 2737 909 2792 si
937 2737 1132 2792 verbis
1158 2738 1411 2794 velimus
1433 2740 1773 2806 ostendere,

109 2838 321 2877 vereor
364 2838 435 2877 ne
480 2822 624 2893 ipsis
662 2824 939 2879 sensibus
984 2826 1201 2881 nostris
1232 2825 1423 2882 facere
1462 2828 1776 2883 videamur

106 2912 186 2982 inj
202 2912 416 2976 uriam,
430 2911 748 2983 quandoid
764 2913 1068 2984 loquendo
1082 2915 1432 2983 suademus,
1448 2915 1551 2971 ubi
1564 2933 1774 2972 omnes

108 3000 260 3055 vires
282 2999 667 3072 officiumque
687 3003 1269 3060 sermonisfacillime
1284 3007 1773 3076 superateviden-

107 3088 191 3144 tia
217 3088 501 3144 veritatis.
531 3094 742 3144 Annon
775 3089 1046 3146 videmus
1075 3093 1257 3148 etiam
1287 3109 1423 3148 cum
1450 3094 1772 3149 articulatm

105 3177 273 3233 vocis
295 3177 756 3250 qualiacumque
782 3180 953 3249 signa
975 3180 1147 3236 edere
1171 3181 1479 3252 coeperint,
1499 3186 1676 3255 atque
1694 3182 1773 3238 ad

106 3267 341 3322 initium
375 3266 538 3323 fandi
568 3268 813 3323 transire
844 3268 920 3323 ab
958 3268 1233 3335 infantia,
1269 3270 1468 3325 adhuc
1498 3287 1599 3326 eos
1631 3271 1775 3327 talia

107 3357 328 3412 sentire
351 3372 419 3411 ac
442 3356 656 3420 dicere,
682 3356 739 3411 in
770 3357 993 3429 quibus
1022 3359 1068 3413 si
1094 3359 1544 3425 remansissent,
1575 3361 1773 3415 annis-

103 3462 223 3519 que
246 3445 666 3501 accedentibus
689 3446 834 3500 tales
853 3462 979 3501 esse
1002 3448 1401 3518 persisterent,
1424 3448 1620 3503 nullus
1647 3465 1767 3513 eos,

106 3535 201 3590 vel
229 3533 426 3589 fatuus
451 3535 724 3599 nimium,
750 3534 943 3590 fatuos
961 3551 1091 3591 esse
1113 3535 1455 3591 dubitaret?
1486 3538 1601 3592 Nisi
1624 3537 1771 3593 forte

104 3625 166 3679 id
200 3627 401 3687 restat,
437 3627 501 3678 ut
530 3623 587 3677 in
609 3623 811 3691 vagitu
852 3623 1136 3690 infantiae,
1182 3625 1265 3679 vel
1307 3624 1366 3680 in
1405 3626 1539 3702 ipso
1572 3626 1771 3682 adhuc

106 3713 255 3769 uteri
284 3712 517 3767 silentio
544 3712 859 3767 credamus
898 3713 1180 3784 parvulos
1221 3713 1404 3769 fuisse
1446 3715 1768 3786 sapientes,

105 3807 324 3876 postea
362 3818 500 3857 vero
537 3817 724 3873 quam
764 3800 1080 3857 nobiscum
1122 3808 1432 3874 cmperunt
1468 3803 1647 3876 loqui,
1692 3804 1770 3859 ad

104 3894 264 3949 hanc
303 3891 704 3963 ignorantiam
746 3906 928 3962 quam
969 3891 1262 3957 videmus,
1314 3893 1635 3948 crescendo
1674 3909 1771 3949 ve-

104 3983 287 4038 nisse.
311 3979 483 4045 Quod
499 3979 735 4051 opinari
754 3979 920 4035 vides
936 3996 1123 4051 quam
1156 3981 1232 4035 sit
1249 3980 1604 4048 absurdum,
1630 3998 1769 4038 cum

106 4086 434 4144 puerorum
466 4084 678 4124 sensus
708 4069 767 4124 in
797 4068 1257 4141 qualiacumque
1290 4069 1472 4126 verba
1499 4087 1768 4142 prorum-

105 4178 279 4234 pens,
320 4160 423 4232 qui
454 4163 607 4215 certe
648 4158 726 4213 ad
763 4172 834 4213 ea
872 4173 1008 4229 quae
1041 4158 1297 4229 majores
1337 4160 1580 4231 sapiunt
1617 4176 1768 4232 pene

106 4250 310 4305 nullus
334 4253 439 4312 est,
461 4252 661 4303 tamen
679 4251 1063 4318 comparatus
1089 4247 1167 4301 illi
1189 4248 1250 4302 in
1268 4263 1390 4319 quo
1418 4254 1764 4315 nascuntur,

105 4338 493 4410 intelligentia
516 4336 631 4393 dici
671 4339 882 4407 potest.
919 4335 1083 4392 Unde
1123 4341 1321 4392 autem
1350 4338 1408 4392 in
1441 4338 1572 4409 ipso
1605 4344 1766 4395 tanto

106 4428 315 4485 salutis
328 4426 628 4498 praesidio,
653 4424 897 4496 quando
910 4424 994 4479 eis
1012 4425 1335 4481 christiana
1356 4428 1543 4496 gratia
1556 4428 1767 4484 subve-

106 4520 288 4583 nitur,
329 4515 497 4589 quod
536 4514 779 4571 vocibus
833 4514 1051 4586 quibus
1103 4521 1356 4586 possunt
1409 4522 1463 4572 et
1504 4518 1765 4573 motibus

104 4608 492 4671 reluctantur,
527 4619 649 4660 non
680 4604 761 4659 eis
790 4604 1137 4675 imputatur,
1171 4610 1351 4675 atque
1384 4606 1582 4661 omnis
1614 4606 1765 4661 reni-

106 4695 490 4767 susipsorum
508 4692 673 4748 nihili
694 4692 986 4763 penditur,
1004 4692 1195 4748 donec
1209 4694 1266 4748 in
1282 4694 1362 4749 eis
1376 4694 1767 4750 Sacramenta

107 4789 495 4855 peraguntur,
536 4781 758 4853 quibus
800 4780 860 4835 id
899 4781 1065 4852 quod
1106 4782 1180 4836 de
1210 4782 1483 4853 originali
1513 4783 1764 4839 damna-

108 4873 636 4929 tionetractumest
660 4871 945 4942 expietur,
982 4870 1092 4924 nisi
1116 4870 1259 4941 quia
1284 4870 1345 4925 in
1377 4876 1607 4927 tantum
1637 4888 1768 4927 nes-

107 4964 273 5018 ciunt
294 4959 436 5032 quid
468 4959 708 5029 faciunt,
739 4965 803 5014 ut
827 4974 936 5014 nec
963 4958 1153 5014 facere
1178 4958 1520 5029 judicentur
1540 4962 1567 5016 ?
1592 4965 1767 5017 Porro

107 5052 155 5106 si
176 5052 305 5121 jam
331 5054 632 5105 uterentur
656 5047 901 5105 rationis
932 5054 986 5103 et
1012 5046 1331 5103 voluntatis
1363 5048 1623 5115 arbitrio,
1644 5066 1767 5122 quo

104 5140 183 5195 illi
210 5138 663 5195 sanctiﬁcationi
685 5137 954 5193 adhiberi
973 5136 1215 5193 deberet
1244 5153 1551 5204 assensus,
1581 5157 1769 5213 quan'

107 5234 234 5285 tum
275 5228 419 5283 mali
460 5232 615 5283 esset
653 5227 923 5281 resistere
986 5230 1161 5281 tantae
1202 5226 1424 5297 gratiae,
1461 5244 1767 5303 quamque

104 5335 228 5375 non
253 5318 449 5373 solum
479 5315 621 5371 nihil
641 5315 945 5388 prodesset
966 5315 1129 5387 quod
1148 5315 1328 5380 ﬁeret,
1359 5334 1567 5373 verum
1587 5321 1767 5375 etiam

104 5408 247 5465 inde
291 5411 489 5462 reatus
516 5409 893 5472 accresceret,
927 5403 1063 5476 quis
1092 5404 1450 5461 christianus
1488 5408 1769 5477 ignoret?

178 5498 405 5555 CAPUT
445 5496 585 5551 Vlll.
628 5526 693 5534 —
732 5497 820 5549 26.
866 5494 1125 5549 Dicimus
1166 5509 1307 5562 ergo
1356 5494 1417 5549 in
1456 5496 1769 5568 baptizatis

100 5586 399 5662 parvulis,
430 5585 709 5657 quamvis
747 5584 807 5638 id
847 5583 1136 5646 nesciant,
1173 5582 1445 5639 habitare
1486 5586 1768 5657 Spiritum

101 5681 411 5735 sanctum.
436 5674 528 5730 Sic
559 5673 718 5729 enim
742 5687 879 5728 eum
900 5672 1178 5729 nesciunt
1199 5672 1474 5740 quamvis
1487 5674 1561 5729 sit
1588 5675 1649 5731 in
1662 5675 1764 5742 eis,

324 5810 562 5866 PATROL.
603 5807 855 5863 XXXIII.

1401 211 1913 269 EPISTOLARUM
1955 214 2241 272 CLASSIS
2282 219 2379 273 III.

3459 242 3565 295 842

1906 342 2426 412 quemadmodum
2457 347 2728 404 nesciunt
2764 354 2821 406 et
2858 358 3120 412 mentem
3160 376 3329 418 suam
3353 380 3365 430 ;
3390 367 3562 436 cujus

1902 427 1963 483 in
1985 429 2068 484 eis
2086 432 2254 500 ratio,
2279 435 2494 505 quanti
2518 437 2791 494 nondum
2810 450 3083 516 possunt,
3104 427 3559 522 velutquaedam

1905 518 2157 574 scintilla
2176 522 2369 591 sopita
2388 529 2491 587 est,
2510 526 2825 583 excitanda
2848 533 3033 587 aetatis
3056 518 3326 593 accessu.
3355 543 3559 614 Neque

1901 605 2013 661 hoc
2034 607 2095 662 in
2116 610 2378 680 parvulis
2398 612 2612 669 mirum
2642 615 2819 672 debet
2847 618 3053 685 videri,
3077 640 3215 681 cum
3238 605 3559 700 Apostolus

1899 695 2265 766 quibusdam
2281 701 2457 756 etiam
2473 703 2800 773 majoribus
2813 706 2983 775 dicat,
2999 711 3249 770 Nescitis
3262 695 3400 787 quia
3415 726 3560 777 tem-

1894 785 2065 851 plum
2087 786 2197 842 Dei
2207 790 2360 857 estis,
2389 796 2442 845 et
2458 790 2715 859 Spiritus
2734 795 2842 851 Dei
2862 796 3085 856 habitat
3108 802 3169 857 in
3186 785 3342 860 vobis
3360 808 3401 880 (ι
3418 811 3554 864 Cor.

1898 892 1973 939 III,
2008 876 2097 947 16)
2128 875 2154 931 ‘?
2188 877 2263 933 de
2294 879 2576 950 qualibus
2613 884 2793 953 paulo
2818 892 2954 942 ante
2980 889 3228 957 dixerat,
3273 875 3557 955 Animalis

1897 970 2089 1019 autem
2118 967 2288 1023 homo
2324 984 2443 1024 non
2475 972 2730 1040 percipit
2769 989 2900 1044 qua
2924 986 3062 1033 sunt
3093 980 3355 1050 Spiritus
3396 988 3506 1043 Dei
3536 1010 3559 1057 ,-

1895 1068 2051 1123 quos
2094 1055 2271 1111 etiam
2306 1058 2591 1129 parvulos
2623 1067 2810 1125 vocat,
2854 1080 2971 1120 non
3006 1069 3200 1123 carnis
3242 1078 3409 1129 aetate
3452 1055 3560 1131 sed

1896 1143 2236 1233 mentris([d.
2254 1161 2311 1210 ιι,
2333 1148 2416 1214 14,
2440 1153 2495 1202 et
2511 1164 2592 1217 Ill,
2622 1153 2670 1215 1,
2690 1152 2763 1216 2).
2784 1154 2910 1207 Non
2930 1153 3131 1227 itaque
3154 1162 3558 1233 percipiebant

1894 1232 2230 1301 cognitione
2264 1233 2546 1304 Spiritum
2580 1244 2856 1295 sanctum
2882 1244 2985 1314 qui
3006 1232 3398 1307 habitabatin
3431 1254 3551 1318 eis;

1894 1324 1949 1373 et
1970 1319 2275 1376 habitante
2306 1324 2367 1378 in
2405 1340 2469 1378 se
2496 1327 2717 1397 Spiritu
2741 1336 2967 1397 sancto,
2996 1334 3192 1391 adhuc
3232 1340 3548 1409 animales,

1892 1409 2165 1465 nondum
2197 1412 2527 1481 spirituales
2566 1422 2753 1482 erant,
2787 1420 2930 1490 quia
2968 1426 3242 1481 nondum
3277 1436 3553 1499 poterant

1888 1497 2291 1554 habitatorem
2326 1518 2505 1557 suum
2539 1504 2822 1574 Spiritum
2854 1511 3191 1578 cognitione
3222 1497 3546 1589 percipere.

1960 1589 2050 1641 27.
2086 1587 2362 1643 Habitare
2380 1598 2581 1646 autem
2602 1593 2737 1649 ideo
2752 1600 2808 1650 et
2830 1596 2888 1651 in
2913 1599 3136 1656 talibus
3160 1587 3551 1679 dicitur,ﬁquia

1890 1672 1950 1727 in
1982 1674 2065 1729 eis
2095 1676 2321 1732 occulte
2355 1678 2497 1747 agit,
2533 1686 2597 1735 ut
2633 1681 2750 1737 sint
2776 1685 3062 1756 templum
3097 1689 3243 1761 ejus;
3276 1672 3457 1765 idque
3487 1697 3550 1752 iu

1889 1763 2339 1833 proﬁcientibus
2379 1772 2435 1821 et
2475 1769 2846 1838 proticiendo
2872 1763 3393 1844 perseverantibus
3422 1800 3550 1855 per-

1887 1851 2029 1909 ficit.
2059 1852 2175 1921 Spe
2207 1855 2361 1909 enim
2392 1856 2547 1911 salvi
2574 1858 2728 1926 facti
2755 1876 2976 1929 sumus,
3029 1865 3182 1923 sicut
3229 1851 3551 1942 Apostolus

1885 1940 2072 2007 dicit;
2116 1958 2253 1997 cum
2294 1942 2410 1998 alio
2450 1944 2582 2000 loco
2622 1946 2802 2012 dicat,
2842 1952 3057 2008 Salvos
3095 1972 3202 2011 nos
3262 1940 3407 2028 fecit
3442 1978 3552 2031 per

1886 2029 2195 2085 lavacrum
2227 2035 2688 2102 regenerationis
2715 2036 2855 2107 (Tit.
2891 2055 2968 2106 ιιι,
2998 2042 3074 2114 5).
3104 2043 3251 2101 Cum
3284 2064 3424 2118 ergo
3444 2029 3552 2106 hic

1884 2116 2064 2206 dicat,
2079 2118 2283 2175 Salvos
2302 2136 2405 2175 nos
2423 2122 2588 2191 fecit,
2612 2129 2901 2196 tanquam
2920 2130 3082 2185 salus
3106 2133 3238 2204 ipsa
3255 2116 3381 2206 jam
3410 2138 3552 2196 data

1885 2205 1975 2296 sit,
2008 2207 2527 2278 quemadmodum
2551 2211 3005 2285 intelligendum
3031 2220 3121 2291 sit,
3150 2222 3266 2278 illic
3285 2228 3547 2296 exponit,

1884 2294 1985 2350 ubi
2018 2296 2124 2351 ait:
2158 2296 2267 2366 Spe
2292 2298 2445 2354 enim
2464 2302 2619 2357 salvi
2639 2302 2787 2373 facti
2805 2309 3183 2379 sumus.Spes
3208 2294 3399 2371 autem
3421 2294 3548 2386 qua.)

1885 2384 2136 2475 videtur,
2180 2402 2296 2442 non
2336 2394 2419 2443 est
2451 2404 2616 2459 spes;
2648 2396 2807 2462 quod
2835 2396 2988 2452 enim
3023 2399 3174 2456 videt
3210 2405 3361 2473 quis,
3402 2384 3551 2475 quid

1880 2480 2081 2542 sperat
2112 2472 2225 2530 ‘iSi
2250 2482 2446 2532 autem
2468 2480 2627 2548 quod
2647 2497 2764 2537 non
2798 2483 3059 2541 videmus
3083 2472 3426 2561 speramus;
3441 2509 3549 2562 per

1880 2562 2231 2631 patientiam
2261 2573 2669 2635 exspectamus
2698 2570 3021 2642 (Rom.vui,
3054 2576 3141 2643 24,
3201 2580 3312 2651 25).
3370 2582 3550 2639 Multa

1886 2666 2147 2722 namque
2164 2652 2444 2709 dicuntur
2466 2654 2525 2709 in
2553 2657 2871 2730 Scripturis
2898 2666 3186 2735 tanquam
3222 2667 3379 2724 facta
3408 2670 3545 2736 sint,

1885 2754 2023 2794 cum
2052 2740 2113 2794 in
2145 2756 2249 2812 spe
2289 2742 2489 2798 adhuc
2530 2761 2657 2800 esse
2684 2747 3110 2820 intelligantur.
3154 2754 3320 2813 Unde
3368 2764 3454 2815 est
3492 2763 3551 2814 et

1885 2827 2030 2917 illud
2059 2830 2221 2900 quod
2254 2831 2543 2887 Dominus
2574 2834 2881 2907 discipulis
2915 2841 3017 2906 ait,
3045 2843 3255 2901 Omnia
3287 2863 3416 2917 qua?
3445 2864 3549 2904 au-

1884 2916 2008 2971 divi
2049 2932 2084 2973 a
2124 2918 2300 2975 Patre
2354 2936 2478 2976 meo
2518 2932 2659 2979 nota
2692 2926 2813 2994 feci
2851 2929 3007 2985 vobis
3040 2930 3239 3001 (Joan.
3273 2916 3364 3001 xiv,
3409 2937 3495 3007 15)
3532 2954 3546 2993 :

1884 3005 2050 3076 quod
2075 3022 2264 3079 usque
2295 3009 2448 3064 adeo
2476 3013 2811 3070 secundum
2845 3033 3015 3087 spem
3044 3020 3269 3076 dictum
3290 3005 3551 3080 estfutu-

1883 3109 2107 3159 rorum,
2142 3100 2206 3151 ut
2230 3096 2314 3151 eis
2343 3100 2730 3169 postmodum
2755 3104 2931 3171 dicat,
2961 3107 3150 3163 Multa
3181 3110 3361 3166 habeo
3390 3113 3549 3168 vobis

1883 3182 2097 3246 dicere,
2138 3185 2240 3240 sed
2277 3202 2397 3241 non
2418 3190 2651 3257 potestis
2670 3199 2916 3260 portare
2937 3195 3102 3251 modo
3136 3197 3251 3268 (Id.
3281 3215 3395 3265 xw,
3434 3204 3545 3272 12).

1884 3272 2240 3341 Agitergoin
2253 3275 2477 3346 quibus
2499 3279 2851 3336 mortalibus
2873 3283 3071 3339 adhuc
3092 3286 3548 3360 habitat,ipsam

1882 3360 2341 3418 aediﬁcationem
2372 3364 2695 3422 habitaculi
2719 3369 3031 3442 sui,quam
3050 3388 3169 3428 non
3195 3375 3252 3428 in
3281 3375 3412 3441 ista,
3444 3378 3549 3433 sed

1881 3449 1942 3504 in
1969 3450 2085 3506 alia
2121 3456 2249 3522 post
2278 3453 2435 3508 hanc
2472 3455 2655 3510 vitam
2689 3458 2937 3527 perﬁcit,
2980 3463 3228 3532 quando
3263 3464 3549 3521 absorbe-

1880 3537 2039 3593 bitur
2077 3555 2242 3594 mors
2274 3540 2334 3595 in
2373 3541 2682 3599 victoriam
2722 3545 3070 3621 diceturque
3111 3551 3190 3606 illi
3232 3568 3245 3606 :
3296 3553 3403 3609 Ubi
3440 3562 3545 3624 est,

1880 3643 2058 3692 mors,
2076 3628 2322 3685 victoria
2337 3631 2592 3687 tua?ubi
2607 3640 2709 3699 est,
2735 3652 2909 3702 mors,
2925 3640 3169 3695 aculeus
3191 3645 3325 3699 tuus
3346 3643 3373 3698 ?
3393 3645 3547 3708 Quid

1881 3721 1968 3771 est
1993 3720 2192 3771 autem
2218 3719 2424 3774 mortis
2439 3720 2699 3787 aculeus,
2728 3724 2839 3779 nisi
2865 3732 3177 3796 peccatum
3204 3730 3246 3799 (Ι
3275 3732 3409 3788 Cor.
3444 3750 3544 3803 xv,

1884 3804 2078 3875 54-56)
2113 3804 2140 3859 τ

1948 3896 2036 3948 28.
2074 3896 2316 3965 Propter
2339 3897 2502 3967 quod
2533 3913 2689 3954 nunc
2720 3901 2901 3957 etiam
2926 3905 3113 3980 renati
3148 3923 3221 3961 ex
3260 3923 3421 3979 aqua
3478 3914 3534 3964 et

1881 3982 2121 4054 Spiritu,
2187 3983 2592 4058 omnibusque
2648 3993 2911 4060 peccatis
2980 3993 3103 4049 sive
3158 3996 3401 4065 originis
3469 4014 3543 4055 ex

1876 4071 2091 4137 Adam,
2149 4070 2209 4126 in
2271 4088 2394 4144 quo
2450 4089 2662 4130 omnes
2709 4088 3126 4147 peccaverunt,
3178 4084 3299 4140 sive
3362 4085 3545 4142 facto-

1877 4176 2033 4227 rum,
2097 4161 2409 4227 dictorum,
2475 4164 3024 4241 cogitationumque
3082 4176 3443 4242 nostrarum,
3484 4177 3546 4233 in

1876 4249 2035 4305 illius
2054 4249 2272 4306 lavacri
2288 4252 2678 4310 mundatione
2700 4256 2903 4313 deletis
2922 4275 2936 4321 ;
2961 4265 3157 4316 tamen
3172 4264 3315 4334 quia
3343 4282 3545 4322 mane-

1877 4355 2012 4394 mus
2038 4338 2099 4394 in
2129 4339 2243 4395 hac
2271 4341 2389 4396 vita
2414 4340 2824 4415 humanaquae
2850 4351 3093 4405 tentatio
3120 4354 3209 4405 est
3238 4369 3412 4423 super
3438 4360 3547 4409 ter-

1875 4443 2027 4494 ram,
2062 4430 2270 4484 merito
2298 4429 2556 4485 dicimus
2592 4452 2603 4490 :
2643 4434 2885 4491 Dimitte
2909 4438 3075 4493 nobis
3106 4439 3295 4496 debita
3337 4448 3545 4500 nostra

1872 4516 2110 4603 (Matth.
2149 4533 2226 4580 vn,
2261 4518 2370 4587 12).
2408 4521 2470 4573 Et
2495 4519 2651 4575 hanc
2700 4523 3028 4579 orationem
3072 4526 3212 4583 dicit
3264 4530 3544 4588 universa

1874 4604 2156 4670 Ecclesia,
2190 4621 2375 4677 quam
2418 4608 2666 4663 mundat
2700 4610 2961 4667 Salvator
2993 4612 3235 4671 lavacro
3275 4633 3449 4689 aquae
3479 4621 3538 4676 in

1874 4694 2069 4759 verbo,
2092 4699 2150 4749 ut
2165 4709 2300 4749 eam
2313 4694 2426 4748 sibi
2442 4695 2717 4752 exhibeat
2733 4698 3203 4767 gloriosam,non
3218 4704 3539 4765 habentem

1876 4780 2200 4847 maculam,
2234 4785 2567 4852 autrugam
2588 4784 2769 4854 (Eph.
2815 4803 2869 4854 v,
2899 4793 2983 4855 26,
3023 4792 3134 4863 27),
3169 4800 3272 4851 aut
3311 4796 3539 4870 aliquid

1877 4871 2219 4943 ejusmodi;
2248 4876 2385 4927 tunc
2428 4873 2628 4945 utique
2664 4891 2801 4931 cum
2835 4878 3170 4949 perﬁcietur
3208 4883 3269 4938 in
3310 4902 3393 4951 re,
3435 4889 3538 4943 ubi

1876 4976 2037 5017 nunc
2056 4960 2423 5032 proﬁciendo
2440 4963 2784 5021 ambulatur
2809 4967 2868 5021 in
2896 4984 3019 5039 spe.
3050 4972 3196 5026 Nam
3229 4977 3538 5045 quomodo

1877 5054 1968 5105 est
1992 5065 2150 5105 nunc
2177 5065 2299 5105 non
2328 5049 2562 5106 habens
2590 5054 3030 5120 maculam,aut
3057 5075 3291 5131 rugam,
3318 5064 3540 5120 autali-

1878 5139 2019 5213 quid
2039 5140 2353 5210 ejusmodi,
2372 5157 2505 5213 qum
2522 5142 2607 5197 vel
2624 5144 2679 5197 in
2696 5146 2978 5201 omnibus
2993 5148 3067 5202 ad
3086 5164 3219 5204 eam
3241 5152 3539 5221 pertinen-

1878 5228 2036 5284 tibus
2054 5229 2402 5285 hominibus
2419 5232 2519 5302 qui
2542 5231 2668 5301 jam
2692 5234 2923 5289 ratione
2960 5237 3173 5291 mentis
3207 5242 3451 5296 utuntur
3482 5249 3538 5299 et

1879 5318 2197 5375 voluntatis
2243 5319 2508 5385 arbitrio,
2549 5322 2932 5394 mortalisque
2981 5326 3178 5380 carnis
3238 5331 3536 5389 sarcinam

1877 5412 2139 5479 portant,
2178 5407 2266 5462 vel
2300 5415 2472 5473 certe,
2514 5410 2677 5480 quod
2712 5412 2889 5467 etiam
2938 5413 3101 5483 ipsos
3133 5420 3535 5478 contentiosos

1878 5511 2119 5551 necesse
2149 5500 2235 5550 est
2256 5494 2446 5565 fateri,
2478 5498 2534 5552 in
2561 5498 2759 5553 multis
2785 5500 2907 5554 suis
2940 5504 3225 5561 membris
3251 5512 3536 5569 veraciter

1878 5584 2020 5640 dicit
2059 5600 2072 5638 :
2103 5584 2340 5640 Dimitte
2364 5584 2528 5641 nobis
2559 5586 2751 5643 debita
2786 5596 2987 5646 nostra
3010 5592 3038 5646 ?

1947 5676 2036 5731 29.
2080 5673 2222 5728 Cum
2237 5672 2436 5745 itaque
2448 5674 2840 5747 proﬁcientes,
2859 5678 3152 5752 inquibus
3176 5688 3533 5746 mortalibus

2830 5816 2851 5888 (
2865 5817 3246 5895 Vingt-sept.)
