  <div class='ocr_page' id='page_1' title='image "/cluster/home/n/w/nwhite01/storage/ocr_20150623/33/hvd.32044096580568/419.png"; bbox 0 0 4118 6164; ppageno 0'>
   <div class='ocr_carea' id='block_1_1' title="bbox 664 178 768 234">
    <p class='ocr_par' dir='ltr' id='par_1_1' title="bbox 664 178 768 234">
     <span class='ocr_line' id='line_1_1' title="bbox 664 178 768 234; baseline 0 0"><span class='ocrx_word' id='word_1_1' title='bbox 664 178 768 234; x_wconf 69' lang='grc'>843</span> 
     </span>
    </p>
   </div>
   <div class='ocr_carea' id='block_1_2' title="bbox 660 296 2321 368">
    <p class='ocr_par' dir='ltr' id='par_1_2' title="bbox 660 296 2321 368">
     <span class='ocr_line' id='line_1_2' title="bbox 660 296 2321 368; baseline -0.006 -9"><span class='ocrx_word' id='word_1_2' title='bbox 660 304 911 368; x_wconf 81' lang='lat' dir='ltr'>habitat,</span> <span class='ocrx_word' id='word_1_3' title='bbox 948 302 1093 357; x_wconf 92' lang='lat' dir='ltr'>dum</span> <span class='ocrx_word' id='word_1_4' title='bbox 1134 301 1205 355; x_wconf 90' lang='lat' dir='ltr'>de</span> <span class='ocrx_word' id='word_1_5' title='bbox 1237 299 1331 355; x_wconf 89' lang='lat' dir='ltr'>die</span> <span class='ocrx_word' id='word_1_6' title='bbox 1371 299 1431 355; x_wconf 92' lang='lat' dir='ltr'>in</span> <span class='ocrx_word' id='word_1_7' title='bbox 1486 298 1648 356; x_wconf 89' lang='lat' dir='ltr'>diem</span> <span class='ocrx_word' id='word_1_8' title='bbox 1690 305 2074 363; x_wconf 81' lang='lat' dir='ltr'>renovantur,</span> <span class='ocrx_word' id='word_1_9' title='bbox 2126 296 2321 366; x_wconf 88' lang='lat' dir='ltr'>magis</span> 
     </span>
    </p>
   </div>
   <div class='ocr_carea' id='block_1_3' title="bbox 660 385 2321 462">
    <p class='ocr_par' dir='ltr' id='par_1_3' title="bbox 660 385 2321 462">
     <span class='ocr_line' id='line_1_3' title="bbox 660 385 2321 462; baseline -0.005 -14"><span class='ocrx_word' id='word_1_10' title='bbox 660 388 1279 462; x_wconf 86' lang='lat' dir='ltr'>magisquejustiﬁcet,</span> <span class='ocrx_word' id='word_1_11' title='bbox 1297 388 1575 445; x_wconf 79' lang='lat' dir='ltr'>exaudiat</span> <span class='ocrx_word' id='word_1_12' title='bbox 1596 398 1853 456; x_wconf 80' lang='lat' dir='ltr'>orantes,</span> <span class='ocrx_word' id='word_1_13' title='bbox 1873 389 2119 445; x_wconf 88' lang='lat' dir='ltr'>mundet</span> <span class='ocrx_word' id='word_1_14' title='bbox 2140 385 2321 441; x_wconf 64' lang='lat' dir='ltr'>cenﬁ-</span> 
     </span>
    </p>
   </div>
   <div class='ocr_carea' id='block_1_4' title="bbox 658 474 2321 550">
    <p class='ocr_par' dir='ltr' id='par_1_4' title="bbox 658 474 2321 550">
     <span class='ocr_line' id='line_1_4' title="bbox 658 474 2321 550; baseline -0.004 -15"><span class='ocrx_word' id='word_1_15' title='bbox 658 486 862 542; x_wconf 88' lang='lat' dir='ltr'>tentes,</span> <span class='ocrx_word' id='word_1_16' title='bbox 899 484 959 533; x_wconf 90' lang='lat' dir='ltr'>ut</span> <span class='ocrx_word' id='word_1_17' title='bbox 991 478 1270 532; x_wconf 81' lang='lat' dir='ltr'>exhibeat</span> <span class='ocrx_word' id='word_1_18' title='bbox 1303 479 1417 533; x_wconf 83' lang='lat' dir='ltr'>sibi</span> <span class='ocrx_word' id='word_1_19' title='bbox 1450 479 1737 550; x_wconf 87' lang='lat' dir='ltr'>templum</span> <span class='ocrx_word' id='word_1_20' title='bbox 1774 480 2228 534; x_wconf 82' lang='lat' dir='ltr'>immaculatum</span> <span class='ocrx_word' id='word_1_21' title='bbox 2263 474 2321 528; x_wconf 89' lang='lat' dir='ltr'>in</span> 
     </span>
    </p>
   </div>
   <div class='ocr_carea' id='block_1_5' title="bbox 657 561 2320 634">
    <p class='ocr_par' dir='ltr' id='par_1_5' title="bbox 657 561 2320 634">
     <span class='ocr_line' id='line_1_5' title="bbox 657 561 2320 634; baseline -0.004 -12"><span class='ocrx_word' id='word_1_22' title='bbox 657 574 945 624; x_wconf 70' lang='lat' dir='ltr'>internum</span> <span class='ocrx_word' id='word_1_23' title='bbox 977 587 989 633; x_wconf 92' lang='lat'>;</span> <span class='ocrx_word' id='word_1_24' title='bbox 1025 568 1238 621; x_wconf 88' lang='lat' dir='ltr'>merito</span> <span class='ocrx_word' id='word_1_25' title='bbox 1279 561 1653 622; x_wconf 48' lang='lat' dir='ltr'>dicitu&#39;r‘ﬁon</span> <span class='ocrx_word' id='word_1_26' title='bbox 1684 568 1954 623; x_wconf 76' lang='lat' dir='ltr'>habitare</span> <span class='ocrx_word' id='word_1_27' title='bbox 2005 568 2061 621; x_wconf 90' lang='lat' dir='ltr'>in</span> <span class='ocrx_word' id='word_1_28' title='bbox 2102 566 2185 620; x_wconf 90' lang='lat' dir='ltr'>eis</span> <span class='ocrx_word' id='word_1_29' title='bbox 2218 563 2320 634; x_wconf 87' lang='lat' dir='ltr'>qui</span> 
     </span>
    </p>
   </div>
   <div class='ocr_carea' id='block_1_6' title="bbox 652 656 2317 726">
    <p class='ocr_par' dir='ltr' id='par_1_6' title="bbox 652 656 2317 726">
     <span class='ocr_line' id='line_1_6' title="bbox 652 656 2317 726; baseline -0.004 -15"><span class='ocrx_word' id='word_1_30' title='bbox 652 661 1080 725; x_wconf 83' lang='lat' dir='ltr'>cognoscentes</span> <span class='ocrx_word' id='word_1_31' title='bbox 1098 657 1435 720; x_wconf 89' lang='lat' dir='ltr'>Deum,non</span> <span class='ocrx_word' id='word_1_32' title='bbox 1449 656 1599 711; x_wconf 89' lang='lat' dir='ltr'>sicut</span> <span class='ocrx_word' id='word_1_33' title='bbox 1616 661 1796 712; x_wconf 89' lang='lat' dir='ltr'>Deum</span> <span class='ocrx_word' id='word_1_34' title='bbox 1814 657 2317 726; x_wconf 88' lang='lat' dir='ltr'>gloriﬁcaverunt,</span> 
     </span>
    </p>
   </div>
   <div class='ocr_carea' id='block_1_7' title="bbox 650 744 2317 814">
    <p class='ocr_par' dir='ltr' id='par_1_7' title="bbox 650 744 2317 814">
     <span class='ocr_line' id='line_1_7' title="bbox 650 744 2317 814; baseline -0.001 -15"><span class='ocrx_word' id='word_1_35' title='bbox 650 745 738 800; x_wconf 86' lang='lat' dir='ltr'>vel</span> <span class='ocrx_word' id='word_1_36' title='bbox 768 746 989 814; x_wconf 82' lang='lat' dir='ltr'>gratias</span> <span class='ocrx_word' id='word_1_37' title='bbox 1003 750 1273 814; x_wconf 88' lang='lat' dir='ltr'>egerunt.</span> <span class='ocrx_word' id='word_1_38' title='bbox 1291 745 1551 801; x_wconf 85' lang='lat' dir='ltr'>Colendo</span> <span class='ocrx_word' id='word_1_39' title='bbox 1568 748 1726 801; x_wconf 90' lang='lat' dir='ltr'>enim</span> <span class='ocrx_word' id='word_1_40' title='bbox 1742 753 1797 800; x_wconf 91' lang='lat' dir='ltr'>et</span> <span class='ocrx_word' id='word_1_41' title='bbox 1818 744 2132 800; x_wconf 81' lang='lat' dir='ltr'>serviendo</span> <span class='ocrx_word' id='word_1_42' title='bbox 2154 758 2317 798; x_wconf 86' lang='lat' dir='ltr'>crea-</span> 
     </span>
    </p>
   </div>
   <div class='ocr_carea' id='block_1_8' title="bbox 650 832 2313 905">
    <p class='ocr_par' dir='ltr' id='par_1_8' title="bbox 650 832 2313 905">
     <span class='ocr_line' id='line_1_8' title="bbox 650 832 2313 905; baseline -0.003 -17"><span class='ocrx_word' id='word_1_43' title='bbox 650 837 793 889; x_wconf 71' lang='lat' dir='ltr'>turae</span> <span class='ocrx_word' id='word_1_44' title='bbox 808 836 1001 904; x_wconf 87' lang='lat' dir='ltr'>potius</span> <span class='ocrx_word' id='word_1_45' title='bbox 1016 849 1202 905; x_wconf 89' lang='lat' dir='ltr'>quam</span> <span class='ocrx_word' id='word_1_46' title='bbox 1225 835 1480 889; x_wconf 79' lang='lat' dir='ltr'>Creatori</span> <span class='ocrx_word' id='word_1_47' title='bbox 1503 835 1688 904; x_wconf 81' lang='lat' dir='ltr'>(Rom.</span> <span class='ocrx_word' id='word_1_48' title='bbox 1706 837 1847 899; x_wconf 81' lang='lat'>1.21,</span> <span class='ocrx_word' id='word_1_49' title='bbox 1867 838 1980 902; x_wconf 79' lang='lat'>25).</span> <span class='ocrx_word' id='word_1_50' title='bbox 2002 847 2121 887; x_wconf 91' lang='lat' dir='ltr'>non</span> <span class='ocrx_word' id='word_1_51' title='bbox 2140 832 2313 886; x_wconf 85' lang='lat' dir='ltr'>unius</span> 
     </span>
    </p>
   </div>
   <div class='ocr_carea' id='block_1_9' title="bbox 643 920 2310 994">
    <p class='ocr_par' dir='ltr' id='par_1_9' title="bbox 643 920 2310 994">
     <span class='ocr_line' id='line_1_9' title="bbox 643 920 2310 994; baseline -0.002 -17"><span class='ocrx_word' id='word_1_52' title='bbox 643 924 765 977; x_wconf 89' lang='lat' dir='ltr'>veri</span> <span class='ocrx_word' id='word_1_53' title='bbox 792 924 892 978; x_wconf 89' lang='lat' dir='ltr'>Dei</span> <span class='ocrx_word' id='word_1_54' title='bbox 916 923 1206 994; x_wconf 86' lang='lat' dir='ltr'>templum</span> <span class='ocrx_word' id='word_1_55' title='bbox 1236 939 1299 977; x_wconf 89' lang='lat' dir='ltr'>se</span> <span class='ocrx_word' id='word_1_56' title='bbox 1317 938 1447 976; x_wconf 88' lang='lat' dir='ltr'>esse</span> <span class='ocrx_word' id='word_1_57' title='bbox 1473 923 1790 978; x_wconf 89' lang='lat' dir='ltr'>voluerunt</span> <span class='ocrx_word' id='word_1_58' title='bbox 1820 940 1830 975; x_wconf 91' lang='lat'><strong>:</strong></span> <span class='ocrx_word' id='word_1_59' title='bbox 1860 929 2039 993; x_wconf 90' lang='lat' dir='ltr'>atque</span> <span class='ocrx_word' id='word_1_60' title='bbox 2067 923 2145 977; x_wconf 89' lang='lat' dir='ltr'>ita</span> <span class='ocrx_word' id='word_1_61' title='bbox 2167 920 2310 975; x_wconf 91' lang='lat' dir='ltr'>dum</span> 
     </span>
    </p>
   </div>
   <div class='ocr_carea' id='block_1_10' title="bbox 647 1008 2315 1075">
    <p class='ocr_par' dir='ltr' id='par_1_10' title="bbox 647 1008 2315 1075">
     <span class='ocr_line' id='line_1_10' title="bbox 647 1008 2315 1075; baseline -0.001 -10"><span class='ocrx_word' id='word_1_62' title='bbox 647 1010 853 1066; x_wconf 90' lang='lat' dir='ltr'>volunt</span> <span class='ocrx_word' id='word_1_63' title='bbox 883 1027 1021 1065; x_wconf 90' lang='lat' dir='ltr'>eum</span> <span class='ocrx_word' id='word_1_64' title='bbox 1048 1011 1269 1065; x_wconf 88' lang='lat' dir='ltr'>habere</span> <span class='ocrx_word' id='word_1_65' title='bbox 1302 1027 1439 1065; x_wconf 92' lang='lat' dir='ltr'>cum</span> <span class='ocrx_word' id='word_1_66' title='bbox 1466 1012 1695 1075; x_wconf 90' lang='lat' dir='ltr'>multis,</span> <span class='ocrx_word' id='word_1_67' title='bbox 1731 1010 1961 1067; x_wconf 86' lang='lat' dir='ltr'>facilius</span> <span class='ocrx_word' id='word_1_68' title='bbox 1992 1008 2315 1064; x_wconf 77' lang='lat' dir='ltr'>effecerunt</span> 
     </span>
    </p>
   </div>
   <div class='ocr_carea' id='block_1_11' title="bbox 643 1096 2313 1170">
    <p class='ocr_par' dir='ltr' id='par_1_11' title="bbox 643 1096 2313 1170">
     <span class='ocr_line' id='line_1_11' title="bbox 643 1096 2313 1170; baseline -0.002 -16"><span class='ocrx_word' id='word_1_69' title='bbox 643 1104 708 1154; x_wconf 90' lang='lat' dir='ltr'>ut</span> <span class='ocrx_word' id='word_1_70' title='bbox 732 1115 867 1154; x_wconf 91' lang='lat' dir='ltr'>eum</span> <span class='ocrx_word' id='word_1_71' title='bbox 900 1115 1021 1154; x_wconf 89' lang='lat' dir='ltr'>non</span> <span class='ocrx_word' id='word_1_72' title='bbox 1054 1100 1359 1165; x_wconf 89' lang='lat' dir='ltr'>haberent,</span> <span class='ocrx_word' id='word_1_73' title='bbox 1395 1116 1574 1170; x_wconf 90' lang='lat' dir='ltr'>quam</span> <span class='ocrx_word' id='word_1_74' title='bbox 1605 1106 1665 1155; x_wconf 89' lang='lat' dir='ltr'>ut</span> <span class='ocrx_word' id='word_1_75' title='bbox 1696 1100 1811 1154; x_wconf 86' lang='lat' dir='ltr'>diis</span> <span class='ocrx_word' id='word_1_76' title='bbox 1845 1099 2044 1153; x_wconf 88' lang='lat' dir='ltr'>multis</span> <span class='ocrx_word' id='word_1_77' title='bbox 2075 1096 2313 1152; x_wconf 86' lang='lat' dir='ltr'>falsisve</span> 
     </span>
    </p>
   </div>
   <div class='ocr_carea' id='block_1_12' title="bbox 640 1189 2310 1258">
    <p class='ocr_par' dir='ltr' id='par_1_12' title="bbox 640 1189 2310 1258">
     <span class='ocr_line' id='line_1_12' title="bbox 640 1189 2310 1258; baseline -0.001 -16"><span class='ocrx_word' id='word_1_78' title='bbox 640 1190 973 1243; x_wconf 84' lang='lat' dir='ltr'>miscerent.</span> <span class='ocrx_word' id='word_1_79' title='bbox 994 1189 1056 1243; x_wconf 89' lang='lat' dir='ltr'>Et</span> <span class='ocrx_word' id='word_1_80' title='bbox 1080 1189 1291 1243; x_wconf 89' lang='lat' dir='ltr'>merito</span> <span class='ocrx_word' id='word_1_81' title='bbox 1318 1189 1532 1243; x_wconf 88' lang='lat' dir='ltr'>dicitur</span> <span class='ocrx_word' id='word_1_82' title='bbox 1553 1190 1822 1244; x_wconf 84' lang='lat' dir='ltr'>habitare</span> <span class='ocrx_word' id='word_1_83' title='bbox 1848 1190 1903 1243; x_wconf 90' lang='lat' dir='ltr'>in</span> <span class='ocrx_word' id='word_1_84' title='bbox 1927 1189 2011 1242; x_wconf 90' lang='lat' dir='ltr'>eis</span> <span class='ocrx_word' id='word_1_85' title='bbox 2043 1202 2195 1258; x_wconf 90' lang='lat' dir='ltr'>quos</span> <span class='ocrx_word' id='word_1_86' title='bbox 2225 1202 2310 1241; x_wconf 89' lang='lat' dir='ltr'>se-</span> 
     </span>
    </p>
   </div>
   <div class='ocr_carea' id='block_1_13' title="bbox 641 1275 2312 1348">
    <p class='ocr_par' dir='ltr' id='par_1_13' title="bbox 641 1275 2312 1348">
     <span class='ocr_line' id='line_1_13' title="bbox 641 1275 2312 1348; baseline -0.002 -17"><span class='ocrx_word' id='word_1_87' title='bbox 641 1277 907 1331; x_wconf 89' lang='lat' dir='ltr'>cundum</span> <span class='ocrx_word' id='word_1_88' title='bbox 940 1278 1315 1348; x_wconf 90' lang='lat' dir='ltr'>propositum</span> <span class='ocrx_word' id='word_1_89' title='bbox 1349 1282 1613 1343; x_wconf 91' lang='lat' dir='ltr'>vocatos,</span> <span class='ocrx_word' id='word_1_90' title='bbox 1643 1277 2063 1348; x_wconf 77' lang='lat' dir='ltr'>justiticandos</span> <span class='ocrx_word' id='word_1_91' title='bbox 2096 1275 2312 1343; x_wconf 85' lang='lat' dir='ltr'>gloriﬁ-</span> 
     </span>
    </p>
   </div>
   <div class='ocr_carea' id='block_1_14' title="bbox 640 1366 2306 1438">
    <p class='ocr_par' dir='ltr' id='par_1_14' title="bbox 640 1366 2306 1438">
     <span class='ocr_line' id='line_1_14' title="bbox 640 1366 2306 1438; baseline -0.002 -19"><span class='ocrx_word' id='word_1_92' title='bbox 640 1366 989 1437; x_wconf 88' lang='lat' dir='ltr'>candosque</span> <span class='ocrx_word' id='word_1_93' title='bbox 1012 1366 1291 1437; x_wconf 85' lang='lat' dir='ltr'>suscepit,</span> <span class='ocrx_word' id='word_1_94' title='bbox 1318 1367 1495 1421; x_wconf 89' lang='lat' dir='ltr'>etiam</span> <span class='ocrx_word' id='word_1_95' title='bbox 1518 1372 1843 1438; x_wconf 89' lang='lat' dir='ltr'>antequam</span> <span class='ocrx_word' id='word_1_96' title='bbox 1868 1366 2306 1435; x_wconf 87' lang='lat' dir='ltr'>incorpoream,</span> 
     </span>
    </p>
   </div>
   <div class='ocr_carea' id='block_1_15' title="bbox 640 1454 2304 1525">
    <p class='ocr_par' dir='ltr' id='par_1_15' title="bbox 640 1454 2304 1525">
     <span class='ocr_line' id='line_1_15' title="bbox 640 1454 2304 1525; baseline -0.001 -18"><span class='ocrx_word' id='word_1_97' title='bbox 640 1470 776 1525; x_wconf 68' lang='lat' dir='ltr'>quas</span> <span class='ocrx_word' id='word_1_98' title='bbox 819 1455 1040 1525; x_wconf 90' lang='lat' dir='ltr'>ubique</span> <span class='ocrx_word' id='word_1_99' title='bbox 1074 1460 1193 1509; x_wconf 89' lang='lat' dir='ltr'>tota</span> <span class='ocrx_word' id='word_1_100' title='bbox 1226 1460 1334 1523; x_wconf 89' lang='lat' dir='ltr'>est,</span> <span class='ocrx_word' id='word_1_101' title='bbox 1372 1454 1609 1510; x_wconf 86' lang='lat' dir='ltr'>valeant</span> <span class='ocrx_word' id='word_1_102' title='bbox 1638 1456 1765 1525; x_wconf 88' lang='lat' dir='ltr'>ejus</span> <span class='ocrx_word' id='word_1_103' title='bbox 1797 1471 1972 1509; x_wconf 91' lang='lat' dir='ltr'>nosse</span> <span class='ocrx_word' id='word_1_104' title='bbox 2006 1458 2304 1516; x_wconf 88' lang='lat' dir='ltr'>naturam,</span> 
     </span>
    </p>
   </div>
   <div class='ocr_carea' id='block_1_16' title="bbox 639 1544 2304 1616">
    <p class='ocr_par' dir='ltr' id='par_1_16' title="bbox 639 1544 2304 1616">
     <span class='ocr_line' id='line_1_16' title="bbox 639 1544 2304 1616; baseline -0.002 -17"><span class='ocrx_word' id='word_1_105' title='bbox 639 1551 935 1616; x_wconf 90' lang='lat' dir='ltr'>quantum</span> <span class='ocrx_word' id='word_1_106' title='bbox 976 1545 1143 1599; x_wconf 90' lang='lat' dir='ltr'>nosci</span> <span class='ocrx_word' id='word_1_107' title='bbox 1175 1562 1245 1599; x_wconf 79' lang='lat' dir='ltr'>ex</span> <span class='ocrx_word' id='word_1_108' title='bbox 1277 1550 1439 1616; x_wconf 87' lang='lat' dir='ltr'>parte</span> <span class='ocrx_word' id='word_1_109' title='bbox 1466 1562 1572 1616; x_wconf 91' lang='lat' dir='ltr'>per</span> <span class='ocrx_word' id='word_1_110' title='bbox 1600 1546 1905 1616; x_wconf 89' lang='lat' dir='ltr'>speculum</span> <span class='ocrx_word' id='word_1_111' title='bbox 1939 1550 1995 1599; x_wconf 93' lang='lat' dir='ltr'>et</span> <span class='ocrx_word' id='word_1_112' title='bbox 2026 1546 2082 1597; x_wconf 91' lang='lat' dir='ltr'>in</span> <span class='ocrx_word' id='word_1_113' title='bbox 2115 1544 2304 1613; x_wconf 68' lang='lat' dir='ltr'>aenig-</span> 
     </span>
    </p>
   </div>
   <div class='ocr_carea' id='block_1_17' title="bbox 641 1632 2301 1703">
    <p class='ocr_par' dir='ltr' id='par_1_17' title="bbox 641 1632 2301 1703">
     <span class='ocr_line' id='line_1_17' title="bbox 641 1632 2301 1703; baseline -0.002 -15"><span class='ocrx_word' id='word_1_114' title='bbox 641 1638 799 1688; x_wconf 90' lang='lat' dir='ltr'>mate</span> <span class='ocrx_word' id='word_1_115' title='bbox 832 1635 910 1687; x_wconf 85' lang='lat' dir='ltr'>ab</span> <span class='ocrx_word' id='word_1_116' title='bbox 941 1634 1183 1688; x_wconf 87' lang='lat' dir='ltr'>homine</span> <span class='ocrx_word' id='word_1_117' title='bbox 1214 1634 1273 1687; x_wconf 92' lang='lat' dir='ltr'>in</span> <span class='ocrx_word' id='word_1_118' title='bbox 1305 1634 1419 1688; x_wconf 88' lang='lat' dir='ltr'>hac</span> <span class='ocrx_word' id='word_1_119' title='bbox 1450 1634 1569 1689; x_wconf 88' lang='lat' dir='ltr'>vita</span> <span class='ocrx_word' id='word_1_120' title='bbox 1596 1636 1639 1703; x_wconf 91' lang='grc' dir='ltr'>(Ι</span> <span class='ocrx_word' id='word_1_121' title='bbox 1682 1634 1814 1689; x_wconf 87' lang='lat' dir='ltr'>Cor.</span> <span class='ocrx_word' id='word_1_122' title='bbox 1854 1650 1971 1697; x_wconf 84' lang='lat' dir='ltr'>xm,</span> <span class='ocrx_word' id='word_1_123' title='bbox 2019 1632 2130 1701; x_wconf 79' lang='lat' dir='ltr'>t2),</span> <span class='ocrx_word' id='word_1_124' title='bbox 2164 1647 2301 1685; x_wconf 91' lang='lat' dir='ltr'>cum</span> 
     </span>
    </p>
   </div>
   <div class='ocr_carea' id='block_1_18' title="bbox 638 1720 2301 1793">
    <p class='ocr_par' dir='ltr' id='par_1_18' title="bbox 638 1720 2301 1793">
     <span class='ocr_line' id='line_1_18' title="bbox 638 1720 2301 1793; baseline -0.002 -18"><span class='ocrx_word' id='word_1_125' title='bbox 638 1721 967 1791; x_wconf 89' lang='lat' dir='ltr'>plurimum</span> <span class='ocrx_word' id='word_1_126' title='bbox 989 1722 1319 1792; x_wconf 81' lang='lat' dir='ltr'>profecerit,</span> <span class='ocrx_word' id='word_1_127' title='bbox 1355 1727 1563 1793; x_wconf 90' lang='lat' dir='ltr'>potest.</span> <span class='ocrx_word' id='word_1_128' title='bbox 1602 1724 1746 1777; x_wconf 90' lang='lat' dir='ltr'>Sunt</span> <span class='ocrx_word' id='word_1_129' title='bbox 1776 1723 1957 1787; x_wconf 91' lang='lat' dir='ltr'>enim,</span> <span class='ocrx_word' id='word_1_130' title='bbox 1992 1722 2050 1775; x_wconf 91' lang='lat' dir='ltr'>in</span> <span class='ocrx_word' id='word_1_131' title='bbox 2081 1720 2301 1792; x_wconf 87' lang='lat' dir='ltr'>quibus</span> 
     </span>
    </p>
   </div>
   <div class='ocr_carea' id='block_1_19' title="bbox 635 1809 2299 1881">
    <p class='ocr_par' dir='ltr' id='par_1_19' title="bbox 635 1809 2299 1881">
     <span class='ocr_line' id='line_1_19' title="bbox 635 1809 2299 1881; baseline -0.001 -16"><span class='ocrx_word' id='word_1_132' title='bbox 635 1810 887 1875; x_wconf 87' lang='lat' dir='ltr'>habitat,</span> <span class='ocrx_word' id='word_1_133' title='bbox 918 1810 1085 1865; x_wconf 92' lang='lat' dir='ltr'>multi</span> <span class='ocrx_word' id='word_1_134' title='bbox 1118 1811 1261 1866; x_wconf 85' lang='lat' dir='ltr'>tales</span> <span class='ocrx_word' id='word_1_135' title='bbox 1289 1811 1568 1881; x_wconf 88' lang='lat' dir='ltr'>qualibus</span> <span class='ocrx_word' id='word_1_136' title='bbox 1600 1810 1739 1866; x_wconf 89' lang='lat' dir='ltr'>dicit</span> <span class='ocrx_word' id='word_1_137' title='bbox 1777 1810 2095 1881; x_wconf 79' lang='lat' dir='ltr'>Apostolus</span> <span class='ocrx_word' id='word_1_138' title='bbox 2122 1827 2134 1863; x_wconf 90' lang='lat'>:</span> <span class='ocrx_word' id='word_1_139' title='bbox 2168 1809 2299 1863; x_wconf 91' lang='lat' dir='ltr'>Non</span> 
     </span>
    </p>
   </div>
   <div class='ocr_carea' id='block_1_20' title="bbox 632 1898 2298 1971">
    <p class='ocr_par' dir='ltr' id='par_1_20' title="bbox 632 1898 2298 1971">
     <span class='ocr_line' id='line_1_20' title="bbox 632 1898 2298 1971; baseline -0.001 -17"><span class='ocrx_word' id='word_1_140' title='bbox 632 1901 802 1968; x_wconf 90' lang='lat' dir='ltr'>potui</span> <span class='ocrx_word' id='word_1_141' title='bbox 825 1900 983 1954; x_wconf 80' lang='lat' dir='ltr'>vobis</span> <span class='ocrx_word' id='word_1_142' title='bbox 1014 1899 1175 1969; x_wconf 82' lang='lat' dir='ltr'>loqui</span> <span class='ocrx_word' id='word_1_143' title='bbox 1192 1903 1365 1971; x_wconf 85' lang='lat' dir='ltr'>quasi</span> <span class='ocrx_word' id='word_1_144' title='bbox 1386 1899 1825 1965; x_wconf 86' lang='lat' dir='ltr'>spirituatibus,</span> <span class='ocrx_word' id='word_1_145' title='bbox 1849 1900 1949 1954; x_wconf 89' lang='lat' dir='ltr'>sed</span> <span class='ocrx_word' id='word_1_146' title='bbox 1969 1898 2137 1969; x_wconf 87' lang='lat' dir='ltr'>quasi</span> <span class='ocrx_word' id='word_1_147' title='bbox 2161 1914 2298 1953; x_wconf 86' lang='lat' dir='ltr'>car-</span> 
     </span>
    </p>
   </div>
   <div class='ocr_carea' id='block_1_21' title="bbox 630 1988 2299 2059">
    <p class='ocr_par' dir='ltr' id='par_1_21' title="bbox 630 1988 2299 2059">
     <span class='ocr_line' id='line_1_21' title="bbox 630 1988 2299 2059; baseline 0.001 -17"><span class='ocrx_word' id='word_1_148' title='bbox 630 1988 891 2043; x_wconf 85' lang='lat' dir='ltr'>nalibus.</span> <span class='ocrx_word' id='word_1_149' title='bbox 936 1989 1245 2059; x_wconf 85' lang='lat' dir='ltr'>Tanquam</span> <span class='ocrx_word' id='word_1_150' title='bbox 1288 1990 1554 2057; x_wconf 76' lang='lat' dir='ltr'>parvulis</span> <span class='ocrx_word' id='word_1_151' title='bbox 1596 1990 1659 2043; x_wconf 90' lang='lat' dir='ltr'>in</span> <span class='ocrx_word' id='word_1_152' title='bbox 1707 1989 1964 2053; x_wconf 79' lang='lat' dir='ltr'>Christo,</span> <span class='ocrx_word' id='word_1_153' title='bbox 2001 1990 2096 2044; x_wconf 84' lang='lat' dir='ltr'>lac</span> <span class='ocrx_word' id='word_1_154' title='bbox 2138 1988 2299 2044; x_wconf 82' lang='lat' dir='ltr'>vobis</span> 
     </span>
    </p>
   </div>
   <div class='ocr_carea' id='block_1_22' title="bbox 628 2077 2295 2147">
    <p class='ocr_par' dir='ltr' id='par_1_22' title="bbox 628 2077 2295 2147">
     <span class='ocr_line' id='line_1_22' title="bbox 628 2077 2295 2147; baseline 0.001 -16"><span class='ocrx_word' id='word_1_155' title='bbox 628 2083 834 2145; x_wconf 85' lang='lat' dir='ltr'>potum</span> <span class='ocrx_word' id='word_1_156' title='bbox 866 2078 1023 2145; x_wconf 82' lang='lat' dir='ltr'>dedi,</span> <span class='ocrx_word' id='word_1_157' title='bbox 1066 2094 1185 2133; x_wconf 85' lang='lat' dir='ltr'>non</span> <span class='ocrx_word' id='word_1_158' title='bbox 1225 2094 1413 2135; x_wconf 85' lang='lat' dir='ltr'>escam</span> <span class='ocrx_word' id='word_1_159' title='bbox 1445 2100 1464 2135; x_wconf 89' lang='lat'><strong><em>:</em></strong></span> <span class='ocrx_word' id='word_1_160' title='bbox 1506 2078 1764 2134; x_wconf 86' lang='lat' dir='ltr'>nondum</span> <span class='ocrx_word' id='word_1_161' title='bbox 1788 2079 1939 2133; x_wconf 82' lang='lat' dir='ltr'>enim</span> <span class='ocrx_word' id='word_1_162' title='bbox 1962 2077 2249 2147; x_wconf 77' lang='lat' dir='ltr'>poteratis</span> <span class='ocrx_word' id='word_1_163' title='bbox 2275 2099 2295 2146; x_wconf 86' lang='lat'>,-</span> 
     </span>
    </p>
   </div>
   <div class='ocr_carea' id='block_1_23' title="bbox 628 2165 2294 2238">
    <p class='ocr_par' dir='ltr' id='par_1_23' title="bbox 628 2165 2294 2238">
     <span class='ocr_line' id='line_1_23' title="bbox 628 2165 2294 2238; baseline -0.002 -17"><span class='ocrx_word' id='word_1_164' title='bbox 628 2167 732 2222; x_wconf 86' lang='lat' dir='ltr'>sed</span> <span class='ocrx_word' id='word_1_165' title='bbox 767 2182 870 2222; x_wconf 87' lang='lat' dir='ltr'>nec</span> <span class='ocrx_word' id='word_1_166' title='bbox 898 2167 1099 2222; x_wconf 84' lang='lat' dir='ltr'>adhuc</span> <span class='ocrx_word' id='word_1_167' title='bbox 1141 2167 1377 2238; x_wconf 79' lang='lat' dir='ltr'>quidem</span> <span class='ocrx_word' id='word_1_168' title='bbox 1415 2168 1653 2235; x_wconf 78' lang='lat' dir='ltr'>potestis</span> <span class='ocrx_word' id='word_1_169' title='bbox 1687 2167 1801 2238; x_wconf 89' lang='lat' dir='ltr'>(Id.</span> <span class='ocrx_word' id='word_1_170' title='bbox 1844 2183 1926 2235; x_wconf 85' lang='lat' dir='ltr'>in,</span> <span class='ocrx_word' id='word_1_171' title='bbox 1967 2170 2022 2229; x_wconf 83' lang='lat'>1,</span> <span class='ocrx_word' id='word_1_172' title='bbox 2062 2168 2144 2237; x_wconf 84' lang='lat'>2).</span> <span class='ocrx_word' id='word_1_173' title='bbox 2197 2165 2294 2218; x_wconf 89' lang='lat' dir='ltr'>His</span> 
     </span>
    </p>
   </div>
   <div class='ocr_carea' id='block_1_24' title="bbox 627 2254 2294 2327">
    <p class='ocr_par' dir='ltr' id='par_1_24' title="bbox 627 2254 2294 2327">
     <span class='ocr_line' id='line_1_24' title="bbox 627 2254 2294 2327; baseline 0.001 -18"><span class='ocrx_word' id='word_1_174' title='bbox 627 2255 855 2327; x_wconf 89' lang='lat' dir='ltr'>quippe</span> <span class='ocrx_word' id='word_1_175' title='bbox 880 2255 1061 2311; x_wconf 91' lang='lat' dir='ltr'>etiam</span> <span class='ocrx_word' id='word_1_176' title='bbox 1084 2254 1226 2309; x_wconf 92' lang='lat' dir='ltr'>illud</span> <span class='ocrx_word' id='word_1_177' title='bbox 1252 2256 1392 2311; x_wconf 91' lang='lat' dir='ltr'>dicit</span> <span class='ocrx_word' id='word_1_178' title='bbox 1415 2274 1427 2311; x_wconf 87' lang='lat'><strong>:</strong></span> <span class='ocrx_word' id='word_1_179' title='bbox 1456 2256 1696 2311; x_wconf 78' lang='lat' dir='ltr'>Nescitis</span> <span class='ocrx_word' id='word_1_180' title='bbox 1718 2258 1858 2327; x_wconf 87' lang='lat' dir='ltr'>quia</span> <span class='ocrx_word' id='word_1_181' title='bbox 1885 2257 2168 2324; x_wconf 80' lang='lat' dir='ltr'>templum</span> <span class='ocrx_word' id='word_1_182' title='bbox 2191 2255 2294 2310; x_wconf 86' lang='lat' dir='ltr'>Dei</span> 
     </span>
    </p>
   </div>
   <div class='ocr_carea' id='block_1_25' title="bbox 628 2342 2289 2415">
    <p class='ocr_par' dir='ltr' id='par_1_25' title="bbox 628 2342 2289 2415">
     <span class='ocr_line' id='line_1_25' title="bbox 628 2342 2289 2415; baseline -0.001 -16"><span class='ocrx_word' id='word_1_183' title='bbox 628 2346 786 2409; x_wconf 81' lang='lat' dir='ltr'>estis,</span> <span class='ocrx_word' id='word_1_184' title='bbox 819 2350 874 2400; x_wconf 87' lang='lat' dir='ltr'>et</span> <span class='ocrx_word' id='word_1_185' title='bbox 912 2345 1176 2412; x_wconf 83' lang='lat' dir='ltr'>Spiritus</span> <span class='ocrx_word' id='word_1_186' title='bbox 1208 2345 1315 2400; x_wconf 87' lang='lat' dir='ltr'>Dei</span> <span class='ocrx_word' id='word_1_187' title='bbox 1347 2345 1575 2399; x_wconf 83' lang='lat' dir='ltr'>habitat</span> <span class='ocrx_word' id='word_1_188' title='bbox 1604 2346 1667 2399; x_wconf 87' lang='lat' dir='ltr'>in</span> <span class='ocrx_word' id='word_1_189' title='bbox 1696 2345 1854 2400; x_wconf 80' lang='lat' dir='ltr'>vobis</span> <span class='ocrx_word' id='word_1_190' title='bbox 1881 2345 1995 2415; x_wconf 87' lang='lat' dir='ltr'>(Id.</span> <span class='ocrx_word' id='word_1_191' title='bbox 2032 2360 2107 2406; x_wconf 88' lang='lat' dir='ltr'>v1,</span> <span class='ocrx_word' id='word_1_192' title='bbox 2140 2344 2230 2412; x_wconf 85' lang='grc'>19)</span> <span class='ocrx_word' id='word_1_193' title='bbox 2261 2342 2289 2397; x_wconf 85' lang='lat'><strong>?</strong></span> 
     </span>
    </p>
   </div>
   <div class='ocr_carea' id='block_1_26' title="bbox 628 2431 2289 2503">
    <p class='ocr_par' dir='ltr' id='par_1_26' title="bbox 628 2431 2289 2503">
     <span class='ocr_line' id='line_1_26' title="bbox 628 2431 2289 2503; baseline -0.002 -16"><span class='ocrx_word' id='word_1_194' title='bbox 628 2435 747 2488; x_wconf 87' lang='lat' dir='ltr'>Hos</span> <span class='ocrx_word' id='word_1_195' title='bbox 778 2432 927 2488; x_wconf 85' lang='lat' dir='ltr'>tales</span> <span class='ocrx_word' id='word_1_196' title='bbox 969 2433 1013 2487; x_wconf 90' lang='lat' dir='ltr'>si</span> <span class='ocrx_word' id='word_1_197' title='bbox 1046 2432 1224 2487; x_wconf 89' lang='lat' dir='ltr'>etiam</span> <span class='ocrx_word' id='word_1_198' title='bbox 1259 2438 1584 2503; x_wconf 86' lang='lat' dir='ltr'>antequam</span> <span class='ocrx_word' id='word_1_199' title='bbox 1618 2434 1963 2500; x_wconf 87' lang='lat' dir='ltr'>perveniant</span> <span class='ocrx_word' id='word_1_200' title='bbox 2003 2431 2080 2487; x_wconf 92' lang='lat' dir='ltr'>ad</span> <span class='ocrx_word' id='word_1_201' title='bbox 2120 2432 2289 2502; x_wconf 88' lang='lat' dir='ltr'>spiri-</span> 
     </span>
    </p>
   </div>
   <div class='ocr_carea' id='block_1_27' title="bbox 628 2520 2287 2587">
    <p class='ocr_par' dir='ltr' id='par_1_27' title="bbox 628 2520 2287 2587">
     <span class='ocr_line' id='line_1_27' title="bbox 628 2520 2287 2587; baseline -0.001 -13"><span class='ocrx_word' id='word_1_202' title='bbox 628 2521 855 2576; x_wconf 89' lang='lat' dir='ltr'>tualem</span> <span class='ocrx_word' id='word_1_203' title='bbox 889 2520 1105 2575; x_wconf 89' lang='lat' dir='ltr'>mentis</span> <span class='ocrx_word' id='word_1_204' title='bbox 1132 2525 1389 2587; x_wconf 70' lang='lat' dir='ltr'>aetatem,</span> <span class='ocrx_word' id='word_1_205' title='bbox 1420 2520 1522 2574; x_wconf 92' lang='lat' dir='ltr'>ubi</span> <span class='ocrx_word' id='word_1_206' title='bbox 1555 2536 1675 2575; x_wconf 90' lang='lat' dir='ltr'>non</span> <span class='ocrx_word' id='word_1_207' title='bbox 1716 2520 1862 2575; x_wconf 88' lang='lat' dir='ltr'>lacte</span> <span class='ocrx_word' id='word_1_208' title='bbox 1888 2520 2144 2581; x_wconf 87' lang='lat' dir='ltr'>alantur,</span> <span class='ocrx_word' id='word_1_209' title='bbox 2180 2521 2287 2574; x_wconf 90' lang='lat' dir='ltr'>sed</span> 
     </span>
    </p>
   </div>
   <div class='ocr_carea' id='block_1_28' title="bbox 628 2608 2280 2679">
    <p class='ocr_par' dir='ltr' id='par_1_28' title="bbox 628 2608 2280 2679">
     <span class='ocr_line' id='line_1_28' title="bbox 628 2608 2280 2679; baseline 0.001 -17"><span class='ocrx_word' id='word_1_210' title='bbox 628 2608 823 2663; x_wconf 90' lang='lat' dir='ltr'>solido</span> <span class='ocrx_word' id='word_1_211' title='bbox 865 2609 1018 2673; x_wconf 90' lang='lat' dir='ltr'>cibo,</span> <span class='ocrx_word' id='word_1_212' title='bbox 1061 2608 1190 2662; x_wconf 90' lang='lat' dir='ltr'>dies</span> <span class='ocrx_word' id='word_1_213' title='bbox 1230 2609 1362 2663; x_wconf 66' lang='lat' dir='ltr'>vitae</span> <span class='ocrx_word' id='word_1_214' title='bbox 1396 2608 1575 2679; x_wconf 90' lang='lat' dir='ltr'>hujus</span> <span class='ocrx_word' id='word_1_215' title='bbox 1607 2616 1907 2663; x_wconf 83' lang='lat' dir='ltr'>extremus</span> <span class='ocrx_word' id='word_1_216' title='bbox 1947 2608 2280 2675; x_wconf 84' lang='lat' dir='ltr'>invenerit;</span> 
     </span>
    </p>
   </div>
   <div class='ocr_carea' id='block_1_29' title="bbox 626 2696 2284 2769">
    <p class='ocr_par' dir='ltr' id='par_1_29' title="bbox 626 2696 2284 2769">
     <span class='ocr_line' id='line_1_29' title="bbox 626 2696 2284 2769; baseline 0.001 -19"><span class='ocrx_word' id='word_1_217' title='bbox 626 2696 896 2768; x_wconf 90' lang='lat' dir='ltr'>perﬁciet</span> <span class='ocrx_word' id='word_1_218' title='bbox 926 2699 985 2751; x_wconf 91' lang='lat' dir='ltr'>in</span> <span class='ocrx_word' id='word_1_219' title='bbox 1017 2696 1099 2751; x_wconf 91' lang='lat' dir='ltr'>eis</span> <span class='ocrx_word' id='word_1_220' title='bbox 1131 2697 1431 2752; x_wconf 84' lang='lat' dir='ltr'>habitator</span> <span class='ocrx_word' id='word_1_221' title='bbox 1464 2696 1701 2752; x_wconf 89' lang='lat' dir='ltr'>illorum</span> <span class='ocrx_word' id='word_1_222' title='bbox 1734 2698 2029 2769; x_wconf 84' lang='lat' dir='ltr'>quidquid</span> <span class='ocrx_word' id='word_1_223' title='bbox 2062 2697 2158 2750; x_wconf 90' lang='lat' dir='ltr'>hic</span> <span class='ocrx_word' id='word_1_224' title='bbox 2198 2697 2284 2751; x_wconf 86' lang='lat' dir='ltr'>in-</span> 
     </span>
    </p>
   </div>
   <div class='ocr_carea' id='block_1_30' title="bbox 624 2784 2280 2858">
    <p class='ocr_par' dir='ltr' id='par_1_30' title="bbox 624 2784 2280 2858">
     <span class='ocr_line' id='line_1_30' title="bbox 624 2784 2280 2858; baseline 0 -19"><span class='ocrx_word' id='word_1_225' title='bbox 624 2784 963 2855; x_wconf 66' lang='lat' dir='ltr'>telligentia:</span> <span class='ocrx_word' id='word_1_226' title='bbox 997 2787 1194 2840; x_wconf 89' lang='lat' dir='ltr'>minus</span> <span class='ocrx_word' id='word_1_227' title='bbox 1235 2785 1597 2855; x_wconf 89' lang='lat' dir='ltr'>habuerunt,</span> <span class='ocrx_word' id='word_1_228' title='bbox 1627 2786 1914 2858; x_wconf 86' lang='lat' dir='ltr'>quoniam</span> <span class='ocrx_word' id='word_1_229' title='bbox 1948 2786 2025 2839; x_wconf 91' lang='lat' dir='ltr'>ab</span> <span class='ocrx_word' id='word_1_230' title='bbox 2058 2786 2280 2840; x_wconf 89' lang='lat' dir='ltr'>unitate</span> 
     </span>
    </p>
   </div>
   <div class='ocr_carea' id='block_1_31' title="bbox 625 2872 2280 2945">
    <p class='ocr_par' dir='ltr' id='par_1_31' title="bbox 625 2872 2280 2945">
     <span class='ocr_line' id='line_1_31' title="bbox 625 2872 2280 2945; baseline 0.001 -18"><span class='ocrx_word' id='word_1_231' title='bbox 625 2874 894 2944; x_wconf 89' lang='lat' dir='ltr'>corporis</span> <span class='ocrx_word' id='word_1_232' title='bbox 925 2872 1133 2929; x_wconf 86' lang='lat' dir='ltr'>Christi</span> <span class='ocrx_word' id='word_1_233' title='bbox 1162 2874 1264 2945; x_wconf 92' lang='lat' dir='ltr'>qui</span> <span class='ocrx_word' id='word_1_234' title='bbox 1294 2874 1466 2929; x_wconf 89' lang='lat' dir='ltr'>nobis</span> <span class='ocrx_word' id='word_1_235' title='bbox 1488 2875 1582 2929; x_wconf 90' lang='lat' dir='ltr'>via</span> <span class='ocrx_word' id='word_1_236' title='bbox 1611 2874 1804 2928; x_wconf 88' lang='lat' dir='ltr'>factus</span> <span class='ocrx_word' id='word_1_237' title='bbox 1827 2878 1933 2937; x_wconf 91' lang='lat' dir='ltr'>est,</span> <span class='ocrx_word' id='word_1_238' title='bbox 1954 2873 2280 2944; x_wconf 91' lang='lat' dir='ltr'>etatempli</span> 
     </span>
    </p>
   </div>
   <div class='ocr_carea' id='block_1_32' title="bbox 623 2962 2275 3027">
    <p class='ocr_par' dir='ltr' id='par_1_32' title="bbox 623 2962 2275 3027">
     <span class='ocr_line' id='line_1_32' title="bbox 623 2962 2275 3027; baseline 0.001 -11"><span class='ocrx_word' id='word_1_239' title='bbox 623 2962 721 3016; x_wconf 90' lang='lat' dir='ltr'>Dei</span> <span class='ocrx_word' id='word_1_240' title='bbox 738 2964 1017 3018; x_wconf 88' lang='lat' dir='ltr'>societate</span> <span class='ocrx_word' id='word_1_241' title='bbox 1031 2978 1150 3018; x_wconf 93' lang='lat' dir='ltr'>non</span> <span class='ocrx_word' id='word_1_242' title='bbox 1164 2968 1558 3019; x_wconf 90' lang='lat' dir='ltr'>recesserunt.</span> <span class='ocrx_word' id='word_1_243' title='bbox 1582 2963 1746 3018; x_wconf 91' lang='lat' dir='ltr'>Unde</span> <span class='ocrx_word' id='word_1_244' title='bbox 1764 2968 1959 3018; x_wconf 91' lang='lat' dir='ltr'>utnon</span> <span class='ocrx_word' id='word_1_245' title='bbox 1976 2963 2275 3027; x_wconf 88' lang='lat' dir='ltr'>recedant,</span> 
     </span>
    </p>
   </div>
   <div class='ocr_carea' id='block_1_33' title="bbox 617 3051 2276 3124">
    <p class='ocr_par' dir='ltr' id='par_1_33' title="bbox 617 3051 2276 3124">
     <span class='ocr_line' id='line_1_33' title="bbox 617 3051 2276 3124; baseline 0 -19"><span class='ocrx_word' id='word_1_246' title='bbox 617 3052 889 3121; x_wconf 86' lang='lat' dir='ltr'>regulam</span> <span class='ocrx_word' id='word_1_247' title='bbox 930 3051 1069 3107; x_wconf 85' lang='lat' dir='ltr'>ﬁdei</span> <span class='ocrx_word' id='word_1_248' title='bbox 1110 3051 1341 3123; x_wconf 86' lang='lat' dir='ltr'>pusillis</span> <span class='ocrx_word' id='word_1_249' title='bbox 1382 3053 1740 3124; x_wconf 78' lang='lat' dir='ltr'>magnisque</span> <span class='ocrx_word' id='word_1_250' title='bbox 1791 3067 2170 3107; x_wconf 87' lang='lat' dir='ltr'>communem</span> <span class='ocrx_word' id='word_1_251' title='bbox 2218 3052 2276 3106; x_wconf 93' lang='lat' dir='ltr'>in</span> 
     </span>
    </p>
   </div>
   <div class='ocr_carea' id='block_1_34' title="bbox 618 3140 2277 3212">
    <p class='ocr_par' dir='ltr' id='par_1_34' title="bbox 618 3140 2277 3212">
     <span class='ocr_line' id='line_1_34' title="bbox 618 3140 2277 3212; baseline 0 -17"><span class='ocrx_word' id='word_1_252' title='bbox 618 3140 877 3196; x_wconf 89' lang='lat' dir='ltr'>Ecclesia</span> <span class='ocrx_word' id='word_1_253' title='bbox 906 3146 1344 3212; x_wconf 87' lang='lat' dir='ltr'>perseveranter</span> <span class='ocrx_word' id='word_1_254' title='bbox 1380 3146 1599 3209; x_wconf 88' lang='lat' dir='ltr'>tenent,</span> <span class='ocrx_word' id='word_1_255' title='bbox 1633 3146 1688 3195; x_wconf 89' lang='lat' dir='ltr'>et</span> <span class='ocrx_word' id='word_1_256' title='bbox 1722 3142 1780 3195; x_wconf 93' lang='lat' dir='ltr'>in</span> <span class='ocrx_word' id='word_1_257' title='bbox 1803 3141 1968 3212; x_wconf 90' lang='lat' dir='ltr'>quod</span> <span class='ocrx_word' id='word_1_258' title='bbox 1998 3156 2277 3211; x_wconf 88' lang='lat' dir='ltr'>pervene-</span> 
     </span>
    </p>
   </div>
   <div class='ocr_carea' id='block_1_35' title="bbox 616 3229 2275 3301">
    <p class='ocr_par' dir='ltr' id='par_1_35' title="bbox 616 3229 2275 3301">
     <span class='ocr_line' id='line_1_35' title="bbox 616 3229 2275 3301; baseline 0 -18"><span class='ocrx_word' id='word_1_259' title='bbox 616 3234 753 3284; x_wconf 88' lang='lat' dir='ltr'>runt</span> <span class='ocrx_word' id='word_1_260' title='bbox 782 3229 840 3283; x_wconf 91' lang='lat' dir='ltr'>in</span> <span class='ocrx_word' id='word_1_261' title='bbox 867 3245 938 3283; x_wconf 91' lang='lat' dir='ltr'>eo</span> <span class='ocrx_word' id='word_1_262' title='bbox 965 3230 1301 3293; x_wconf 88' lang='lat' dir='ltr'>ambulant,</span> <span class='ocrx_word' id='word_1_263' title='bbox 1323 3230 1515 3284; x_wconf 91' lang='lat' dir='ltr'>donec</span> <span class='ocrx_word' id='word_1_264' title='bbox 1541 3229 1623 3283; x_wconf 91' lang='lat' dir='ltr'>eis</span> <span class='ocrx_word' id='word_1_265' title='bbox 1654 3232 1804 3284; x_wconf 89' lang='lat' dir='ltr'>Deus</span> <span class='ocrx_word' id='word_1_266' title='bbox 1818 3230 2275 3301; x_wconf 83' lang='lat' dir='ltr'>revelet,siquid</span> 
     </span>
    </p>
   </div>
   <div class='ocr_carea' id='block_1_36' title="bbox 616 3316 2275 3387">
    <p class='ocr_par' dir='ltr' id='par_1_36' title="bbox 616 3316 2275 3387">
     <span class='ocr_line' id='line_1_36' title="bbox 616 3316 2275 3387; baseline 0 -15"><span class='ocrx_word' id='word_1_267' title='bbox 616 3316 787 3372; x_wconf 84' lang='lat' dir='ltr'>aliter</span> <span class='ocrx_word' id='word_1_268' title='bbox 812 3318 1071 3387; x_wconf 89' lang='lat' dir='ltr'>sapiunt,</span> <span class='ocrx_word' id='word_1_269' title='bbox 1106 3317 1496 3384; x_wconf 87' lang='lat' dir='ltr'>cogitationes</span> <span class='ocrx_word' id='word_1_270' title='bbox 1520 3332 1659 3372; x_wconf 89' lang='lat' dir='ltr'>suas</span> <span class='ocrx_word' id='word_1_271' title='bbox 1689 3317 1959 3373; x_wconf 85' lang='lat' dir='ltr'>carnales</span> <span class='ocrx_word' id='word_1_272' title='bbox 1981 3334 2102 3372; x_wconf 90' lang='lat' dir='ltr'>non</span> <span class='ocrx_word' id='word_1_273' title='bbox 2130 3319 2275 3386; x_wconf 90' lang='lat' dir='ltr'>dog-</span> 
     </span>
    </p>
   </div>
   <div class='ocr_carea' id='block_1_37' title="bbox 615 3406 2275 3477">
    <p class='ocr_par' dir='ltr' id='par_1_37' title="bbox 615 3406 2275 3477">
     <span class='ocr_line' id='line_1_37' title="bbox 615 3406 2275 3477; baseline 0.001 -17"><span class='ocrx_word' id='word_1_274' title='bbox 615 3406 893 3461; x_wconf 89' lang='lat' dir='ltr'>matizant</span> <span class='ocrx_word' id='word_1_275' title='bbox 911 3423 924 3471; x_wconf 92' lang='lat'><strong>;</strong></span> <span class='ocrx_word' id='word_1_276' title='bbox 942 3406 1085 3477; x_wconf 89' lang='lat' dir='ltr'>quia</span> <span class='ocrx_word' id='word_1_277' title='bbox 1098 3422 1216 3460; x_wconf 92' lang='lat' dir='ltr'>non</span> <span class='ocrx_word' id='word_1_278' title='bbox 1232 3406 1530 3462; x_wconf 84' lang='lat' dir='ltr'>obdurant</span> <span class='ocrx_word' id='word_1_279' title='bbox 1549 3408 1565 3441; x_wconf 81' lang='grc'>¹</span> <span class='ocrx_word' id='word_1_280' title='bbox 1583 3407 1966 3461; x_wconf 89' lang='lat' dir='ltr'>contentiosis</span> <span class='ocrx_word' id='word_1_281' title='bbox 1984 3406 2275 3462; x_wconf 80' lang='lat' dir='ltr'>defensio-</span> 
     </span>
    </p>
   </div>
   <div class='ocr_carea' id='block_1_38' title="bbox 616 3494 2272 3568">
    <p class='ocr_par' dir='ltr' id='par_1_38' title="bbox 616 3494 2272 3568">
     <span class='ocr_line' id='line_1_38' title="bbox 616 3494 2272 3568; baseline 0.001 -20"><span class='ocrx_word' id='word_1_282' title='bbox 616 3494 797 3549; x_wconf 88' lang='lat' dir='ltr'>nibus</span> <span class='ocrx_word' id='word_1_283' title='bbox 818 3494 1226 3560; x_wconf 88' lang='lat' dir='ltr'>immanendo,</span> <span class='ocrx_word' id='word_1_284' title='bbox 1258 3495 1360 3550; x_wconf 92' lang='lat' dir='ltr'>sed</span> <span class='ocrx_word' id='word_1_285' title='bbox 1390 3495 1847 3568; x_wconf 90' lang='lat' dir='ltr'>quodammodo</span> <span class='ocrx_word' id='word_1_286' title='bbox 1879 3496 2272 3562; x_wconf 87' lang='lat' dir='ltr'>ambulando,</span> 
     </span>
    </p>
   </div>
   <div class='ocr_carea' id='block_1_39' title="bbox 614 3582 2272 3656">
    <p class='ocr_par' dir='ltr' id='par_1_39' title="bbox 614 3582 2272 3656">
     <span class='ocr_line' id='line_1_39' title="bbox 614 3582 2272 3656; baseline 0.001 -19"><span class='ocrx_word' id='word_1_287' title='bbox 614 3582 675 3637; x_wconf 88' lang='lat' dir='ltr'>id</span> <span class='ocrx_word' id='word_1_288' title='bbox 692 3588 779 3637; x_wconf 88' lang='lat' dir='ltr'>est</span> <span class='ocrx_word' id='word_1_289' title='bbox 800 3582 1166 3654; x_wconf 86' lang='lat' dir='ltr'>proﬁciendo</span> <span class='ocrx_word' id='word_1_290' title='bbox 1186 3584 1502 3649; x_wconf 86' lang='lat' dir='ltr'>desudant,</span> <span class='ocrx_word' id='word_1_291' title='bbox 1533 3583 1930 3654; x_wconf 67' lang='lat' dir='ltr'>intelligentiae</span> <span class='ocrx_word' id='word_1_292' title='bbox 1948 3585 2272 3656; x_wconf 89' lang='lat' dir='ltr'>perspicui-</span> 
     </span>
    </p>
   </div>
   <div class='ocr_carea' id='block_1_40' title="bbox 614 3673 1842 3744">
    <p class='ocr_par' dir='ltr' id='par_1_40' title="bbox 614 3673 1842 3744">
     <span class='ocr_line' id='line_1_40' title="bbox 614 3673 1842 3744; baseline -0.002 -16"><span class='ocrx_word' id='word_1_293' title='bbox 614 3676 794 3728; x_wconf 86' lang='lat' dir='ltr'>tatem</span> <span class='ocrx_word' id='word_1_294' title='bbox 821 3673 1206 3742; x_wconf 82' lang='lat' dir='ltr'>impetrantes</span> <span class='ocrx_word' id='word_1_295' title='bbox 1234 3688 1339 3742; x_wconf 91' lang='lat' dir='ltr'>per</span> <span class='ocrx_word' id='word_1_296' title='bbox 1366 3673 1505 3728; x_wconf 90' lang='lat' dir='ltr'>ﬁdei</span> <span class='ocrx_word' id='word_1_297' title='bbox 1537 3674 1842 3744; x_wconf 90' lang='lat' dir='ltr'>pietatem.</span> 
     </span>
    </p>
   </div>
   <div class='ocr_carea' id='block_1_41' title="bbox 687 3761 2270 3833">
    <p class='ocr_par' dir='ltr' id='par_1_41' title="bbox 687 3761 2270 3833">
     <span class='ocr_line' id='line_1_41' title="bbox 687 3761 2270 3833; baseline 0.001 -17"><span class='ocrx_word' id='word_1_298' title='bbox 687 3762 909 3817; x_wconf 85' lang='lat' dir='ltr'>CAPUT</span> <span class='ocrx_word' id='word_1_299' title='bbox 940 3761 1023 3817; x_wconf 81' lang='lat' dir='ltr'>IX.</span> <span class='ocrx_word' id='word_1_300' title='bbox 1055 3792 1115 3802; x_wconf 95' lang='lat'><strong>—</strong></span> <span class='ocrx_word' id='word_1_301' title='bbox 1149 3762 1236 3817; x_wconf 89' lang='grc'>30.</span> <span class='ocrx_word' id='word_1_302' title='bbox 1265 3765 1559 3827; x_wconf 73' lang='lat' dir='ltr'>Qurecum</span> <span class='ocrx_word' id='word_1_303' title='bbox 1580 3762 1657 3816; x_wconf 91' lang='lat' dir='ltr'>ita</span> <span class='ocrx_word' id='word_1_304' title='bbox 1686 3761 1818 3829; x_wconf 89' lang='lat' dir='ltr'>sint,</span> <span class='ocrx_word' id='word_1_305' title='bbox 1851 3761 1973 3817; x_wconf 90' lang='lat' dir='ltr'>duo</span> <span class='ocrx_word' id='word_1_306' title='bbox 1998 3763 2107 3818; x_wconf 91' lang='lat' dir='ltr'>ista</span> <span class='ocrx_word' id='word_1_307' title='bbox 2134 3778 2270 3833; x_wconf 72' lang='lat' dir='ltr'>quas</span> 
     </span>
    </p>
   </div>
   <div class='ocr_carea' id='block_1_42' title="bbox 615 3850 2270 3916">
    <p class='ocr_par' dir='ltr' id='par_1_42' title="bbox 615 3850 2270 3916">
     <span class='ocr_line' id='line_1_42' title="bbox 615 3850 2270 3916; baseline 0 -12"><span class='ocrx_word' id='word_1_308' title='bbox 615 3850 675 3905; x_wconf 91' lang='lat' dir='ltr'>in</span> <span class='ocrx_word' id='word_1_309' title='bbox 702 3866 820 3905; x_wconf 90' lang='lat' dir='ltr'>uno</span> <span class='ocrx_word' id='word_1_310' title='bbox 834 3851 1257 3916; x_wconf 86' lang='lat' dir='ltr'>tiunthomine,</span> <span class='ocrx_word' id='word_1_311' title='bbox 1278 3850 1443 3906; x_wconf 92' lang='lat' dir='ltr'>nasci</span> <span class='ocrx_word' id='word_1_312' title='bbox 1468 3851 1786 3916; x_wconf 87' lang='lat' dir='ltr'>etrenasci,</span> <span class='ocrx_word' id='word_1_313' title='bbox 1812 3852 1891 3906; x_wconf 91' lang='lat' dir='ltr'>ad</span> <span class='ocrx_word' id='word_1_314' title='bbox 1907 3852 2061 3907; x_wconf 92' lang='lat' dir='ltr'>duos</span> <span class='ocrx_word' id='word_1_315' title='bbox 2080 3852 2270 3907; x_wconf 90' lang='lat' dir='ltr'>homi-</span> 
     </span>
    </p>
   </div>
   <div class='ocr_carea' id='block_1_43' title="bbox 615 3939 2268 4010">
    <p class='ocr_par' dir='ltr' id='par_1_43' title="bbox 615 3939 2268 4010">
     <span class='ocr_line' id='line_1_43' title="bbox 615 3939 2268 4010; baseline 0.002 -18"><span class='ocrx_word' id='word_1_316' title='bbox 615 3954 719 3992; x_wconf 89' lang='lat' dir='ltr'>nes</span> <span class='ocrx_word' id='word_1_317' title='bbox 740 3941 1033 4008; x_wconf 90' lang='lat' dir='ltr'>pertinent</span> <span class='ocrx_word' id='word_1_318' title='bbox 1068 3956 1285 3993; x_wconf 89' lang='lat' dir='ltr'>:unum</span> <span class='ocrx_word' id='word_1_319' title='bbox 1305 3939 1381 3993; x_wconf 89' lang='lat' dir='ltr'>ad</span> <span class='ocrx_word' id='word_1_320' title='bbox 1410 3939 1573 3993; x_wconf 92' lang='lat' dir='ltr'>illum</span> <span class='ocrx_word' id='word_1_321' title='bbox 1596 3940 1859 4010; x_wconf 90' lang='lat' dir='ltr'>primum</span> <span class='ocrx_word' id='word_1_322' title='bbox 1887 3940 2099 4000; x_wconf 83' lang='lat' dir='ltr'>Adam.</span> <span class='ocrx_word' id='word_1_323' title='bbox 2128 3939 2268 3995; x_wconf 89' lang='lat' dir='ltr'>alte-</span> 
     </span>
    </p>
   </div>
   <div class='ocr_carea' id='block_1_44' title="bbox 609 4026 2266 4097">
    <p class='ocr_par' dir='ltr' id='par_1_44' title="bbox 609 4026 2266 4097">
     <span class='ocr_line' id='line_1_44' title="bbox 609 4026 2266 4097; baseline 0.003 -18"><span class='ocrx_word' id='word_1_324' title='bbox 609 4041 747 4079; x_wconf 88' lang='lat' dir='ltr'>rum</span> <span class='ocrx_word' id='word_1_325' title='bbox 777 4026 854 4080; x_wconf 89' lang='lat' dir='ltr'>ad</span> <span class='ocrx_word' id='word_1_326' title='bbox 895 4028 1222 4080; x_wconf 88' lang='lat' dir='ltr'>secundum</span> <span class='ocrx_word' id='word_1_327' title='bbox 1251 4028 1351 4097; x_wconf 92' lang='lat' dir='ltr'>qui</span> <span class='ocrx_word' id='word_1_328' title='bbox 1393 4027 1607 4082; x_wconf 89' lang='lat' dir='ltr'>dicitur</span> <span class='ocrx_word' id='word_1_329' title='bbox 1652 4028 1938 4083; x_wconf 89' lang='lat' dir='ltr'>Christus.</span> <span class='ocrx_word' id='word_1_330' title='bbox 1991 4028 2107 4084; x_wconf 88' lang='lat' dir='ltr'>Sed</span> <span class='ocrx_word' id='word_1_331' title='bbox 2145 4044 2266 4085; x_wconf 82' lang='lat' dir='ltr'>non</span> 
     </span>
    </p>
   </div>
   <div class='ocr_carea' id='block_1_45' title="bbox 606 4114 2265 4188">
    <p class='ocr_par' dir='ltr' id='par_1_45' title="bbox 606 4114 2265 4188">
     <span class='ocr_line' id='line_1_45' title="bbox 606 4114 2265 4188; baseline 0.004 -21"><span class='ocrx_word' id='word_1_332' title='bbox 606 4114 799 4182; x_wconf 83' lang='lat' dir='ltr'>prius,</span> <span class='ocrx_word' id='word_1_333' title='bbox 833 4116 913 4169; x_wconf 90' lang='lat' dir='ltr'>ait</span> <span class='ocrx_word' id='word_1_334' title='bbox 942 4114 1285 4185; x_wconf 88' lang='lat' dir='ltr'>Apostolus,</span> <span class='ocrx_word' id='word_1_335' title='bbox 1313 4116 1467 4184; x_wconf 85' lang='lat' dir='ltr'>quod</span> <span class='ocrx_word' id='word_1_336' title='bbox 1492 4116 1808 4183; x_wconf 82' lang='lat' dir='ltr'>spirituale</span> <span class='ocrx_word' id='word_1_337' title='bbox 1837 4123 1941 4181; x_wconf 89' lang='lat' dir='ltr'>est,</span> <span class='ocrx_word' id='word_1_338' title='bbox 1975 4118 2077 4172; x_wconf 88' lang='lat' dir='ltr'>sed</span> <span class='ocrx_word' id='word_1_339' title='bbox 2107 4118 2265 4188; x_wconf 88' lang='lat' dir='ltr'>quod</span> 
     </span>
    </p>
   </div>
   <div class='ocr_carea' id='block_1_46' title="bbox 608 4203 2260 4272">
    <p class='ocr_par' dir='ltr' id='par_1_46' title="bbox 608 4203 2260 4272">
     <span class='ocr_line' id='line_1_46' title="bbox 608 4203 2260 4272; baseline 0.002 -13"><span class='ocrx_word' id='word_1_340' title='bbox 608 4203 871 4259; x_wconf 86' lang='lat' dir='ltr'>animate</span> <span class='ocrx_word' id='word_1_341' title='bbox 891 4224 910 4272; x_wconf 84' lang='lat'><strong><em>;</em></strong></span> <span class='ocrx_word' id='word_1_342' title='bbox 929 4210 1133 4271; x_wconf 88' lang='lat' dir='ltr'>postea</span> <span class='ocrx_word' id='word_1_343' title='bbox 1160 4204 1497 4271; x_wconf 84' lang='lat' dir='ltr'>spirituate.</span> <span class='ocrx_word' id='word_1_344' title='bbox 1526 4205 1759 4259; x_wconf 86' lang='lat' dir='ltr'>Primus</span> <span class='ocrx_word' id='word_1_345' title='bbox 1787 4205 1955 4261; x_wconf 89' lang='lat' dir='ltr'>homo</span> <span class='ocrx_word' id='word_1_346' title='bbox 1972 4207 2045 4261; x_wconf 88' lang='lat' dir='ltr'>de</span> <span class='ocrx_word' id='word_1_347' title='bbox 2076 4212 2260 4271; x_wconf 82' lang='lat' dir='ltr'>terra,</span> 
     </span>
    </p>
   </div>
   <div class='ocr_carea' id='block_1_47' title="bbox 607 4292 2262 4366">
    <p class='ocr_par' dir='ltr' id='par_1_47' title="bbox 607 4292 2262 4366">
     <span class='ocr_line' id='line_1_47' title="bbox 607 4292 2262 4366; baseline 0.003 -20"><span class='ocrx_word' id='word_1_348' title='bbox 607 4296 877 4347; x_wconf 86' lang='lat' dir='ltr'>terrenus</span> <span class='ocrx_word' id='word_1_349' title='bbox 909 4314 928 4361; x_wconf 89' lang='lat'>,-</span> <span class='ocrx_word' id='word_1_350' title='bbox 954 4294 1247 4348; x_wconf 86' lang='lat' dir='ltr'>secundus</span> <span class='ocrx_word' id='word_1_351' title='bbox 1280 4292 1450 4348; x_wconf 88' lang='lat' dir='ltr'>homo</span> <span class='ocrx_word' id='word_1_352' title='bbox 1476 4294 1547 4348; x_wconf 90' lang='lat' dir='ltr'>de</span> <span class='ocrx_word' id='word_1_353' title='bbox 1578 4296 1737 4357; x_wconf 65' lang='lat' dir='ltr'>casto,</span> <span class='ocrx_word' id='word_1_354' title='bbox 1776 4295 2262 4366; x_wconf 77' lang='lat' dir='ltr'>cwtestis:quatis</span> 
     </span>
    </p>
   </div>
   <div class='ocr_carea' id='block_1_48' title="bbox 607 4382 2261 4452">
    <p class='ocr_par' dir='ltr' id='par_1_48' title="bbox 607 4382 2261 4452">
     <span class='ocr_line' id='line_1_48' title="bbox 607 4382 2261 4452; baseline 0.002 -17"><span class='ocrx_word' id='word_1_355' title='bbox 607 4383 1063 4447; x_wconf 82' lang='lat' dir='ltr'>terrenus,tales</span> <span class='ocrx_word' id='word_1_356' title='bbox 1094 4388 1145 4437; x_wconf 91' lang='lat' dir='ltr'>et</span> <span class='ocrx_word' id='word_1_357' title='bbox 1173 4383 1393 4438; x_wconf 81' lang='lat' dir='ltr'>terreni</span> <span class='ocrx_word' id='word_1_358' title='bbox 1416 4398 1430 4445; x_wconf 90' lang='lat'><em>;</em></span> <span class='ocrx_word' id='word_1_359' title='bbox 1452 4390 1504 4438; x_wconf 91' lang='lat' dir='ltr'>et</span> <span class='ocrx_word' id='word_1_360' title='bbox 1526 4382 1719 4452; x_wconf 84' lang='lat' dir='ltr'>quatis</span> <span class='ocrx_word' id='word_1_361' title='bbox 1740 4383 1996 4451; x_wconf 75' lang='lat' dir='ltr'>cwtestis,</span> <span class='ocrx_word' id='word_1_362' title='bbox 2030 4386 2178 4439; x_wconf 83' lang='lat' dir='ltr'>tales</span> <span class='ocrx_word' id='word_1_363' title='bbox 2206 4391 2261 4440; x_wconf 90' lang='lat' dir='ltr'>et</span> 
     </span>
    </p>
   </div>
   <div class='ocr_carea' id='block_1_49' title="bbox 604 4471 2259 4542">
    <p class='ocr_par' dir='ltr' id='par_1_49' title="bbox 604 4471 2259 4542">
     <span class='ocr_line' id='line_1_49' title="bbox 604 4471 2259 4542; baseline 0.002 -17"><span class='ocrx_word' id='word_1_364' title='bbox 604 4471 876 4527; x_wconf 73' lang='lat' dir='ltr'>calestes.</span> <span class='ocrx_word' id='word_1_365' title='bbox 898 4472 1065 4527; x_wconf 87' lang='lat' dir='ltr'>Sicut</span> <span class='ocrx_word' id='word_1_366' title='bbox 1088 4471 1457 4539; x_wconf 82' lang='lat' dir='ltr'>portavimus</span> <span class='ocrx_word' id='word_1_367' title='bbox 1473 4472 1790 4541; x_wconf 86' lang='lat' dir='ltr'>imaginem</span> <span class='ocrx_word' id='word_1_368' title='bbox 1804 4473 2042 4537; x_wconf 83' lang='lat' dir='ltr'>terreni,</span> <span class='ocrx_word' id='word_1_369' title='bbox 2067 4479 2259 4542; x_wconf 87' lang='lat' dir='ltr'>porte-</span> 
     </span>
    </p>
   </div>
   <div class='ocr_carea' id='block_1_50' title="bbox 602 4560 2259 4632">
    <p class='ocr_par' dir='ltr' id='par_1_50' title="bbox 602 4560 2259 4632">
     <span class='ocr_line' id='line_1_50' title="bbox 602 4560 2259 4632; baseline 0.002 -18"><span class='ocrx_word' id='word_1_370' title='bbox 602 4576 732 4615; x_wconf 84' lang='lat' dir='ltr'>mus</span> <span class='ocrx_word' id='word_1_371' title='bbox 746 4567 800 4616; x_wconf 90' lang='lat' dir='ltr'>et</span> <span class='ocrx_word' id='word_1_372' title='bbox 817 4560 1128 4629; x_wconf 85' lang='lat' dir='ltr'>imaginem</span> <span class='ocrx_word' id='word_1_373' title='bbox 1141 4561 1264 4626; x_wconf 84' lang='lat' dir='ltr'>ejus</span> <span class='ocrx_word' id='word_1_374' title='bbox 1289 4560 1393 4632; x_wconf 87' lang='lat' dir='ltr'>qui</span> <span class='ocrx_word' id='word_1_375' title='bbox 1405 4562 1476 4616; x_wconf 88' lang='lat' dir='ltr'>de</span> <span class='ocrx_word' id='word_1_376' title='bbox 1491 4562 1624 4617; x_wconf 74' lang='lat' dir='ltr'>cwlo</span> <span class='ocrx_word' id='word_1_377' title='bbox 1641 4569 1725 4617; x_wconf 88' lang='lat' dir='ltr'>est</span> <span class='ocrx_word' id='word_1_378' title='bbox 1749 4562 1923 4617; x_wconf 83' lang='lat' dir='ltr'>:item</span> <span class='ocrx_word' id='word_1_379' title='bbox 1951 4562 2111 4628; x_wconf 89' lang='lat' dir='ltr'>dicit,</span> <span class='ocrx_word' id='word_1_380' title='bbox 2142 4565 2259 4618; x_wconf 83' lang='lat' dir='ltr'>Per</span> 
     </span>
    </p>
   </div>
   <div class='ocr_carea' id='block_1_51' title="bbox 602 4649 2257 4717">
    <p class='ocr_par' dir='ltr' id='par_1_51' title="bbox 602 4649 2257 4717">
     <span class='ocr_line' id='line_1_51' title="bbox 602 4649 2257 4717; baseline 0.002 -14"><span class='ocrx_word' id='word_1_381' title='bbox 602 4664 786 4703; x_wconf 89' lang='lat' dir='ltr'>unum</span> <span class='ocrx_word' id='word_1_382' title='bbox 812 4649 1105 4705; x_wconf 83' lang='lat' dir='ltr'>hominem</span> <span class='ocrx_word' id='word_1_383' title='bbox 1128 4665 1303 4714; x_wconf 82' lang='lat' dir='ltr'>mors,</span> <span class='ocrx_word' id='word_1_384' title='bbox 1324 4657 1377 4705; x_wconf 91' lang='lat' dir='ltr'>et</span> <span class='ocrx_word' id='word_1_385' title='bbox 1392 4666 1497 4717; x_wconf 87' lang='lat' dir='ltr'>per</span> <span class='ocrx_word' id='word_1_386' title='bbox 1525 4666 1710 4706; x_wconf 89' lang='lat' dir='ltr'>unum</span> <span class='ocrx_word' id='word_1_387' title='bbox 1743 4651 2034 4707; x_wconf 81' lang='lat' dir='ltr'>hominem</span> <span class='ocrx_word' id='word_1_388' title='bbox 2062 4667 2257 4707; x_wconf 81' lang='lat' dir='ltr'>resur-</span> 
     </span>
    </p>
   </div>
   <div class='ocr_carea' id='block_1_52' title="bbox 602 4737 2252 4797">
    <p class='ocr_par' dir='ltr' id='par_1_52' title="bbox 602 4737 2252 4797">
     <span class='ocr_line' id='line_1_52' title="bbox 602 4737 2252 4797; baseline 0.004 -7"><span class='ocrx_word' id='word_1_389' title='bbox 602 4737 787 4792; x_wconf 83' lang='lat' dir='ltr'>rectio</span> <span class='ocrx_word' id='word_1_390' title='bbox 806 4744 1203 4794; x_wconf 83' lang='lat' dir='ltr'>mortuorum.</span> <span class='ocrx_word' id='word_1_391' title='bbox 1232 4738 1395 4794; x_wconf 85' lang='lat' dir='ltr'>Sicut</span> <span class='ocrx_word' id='word_1_392' title='bbox 1424 4739 1575 4795; x_wconf 90' lang='lat' dir='ltr'>enim</span> <span class='ocrx_word' id='word_1_393' title='bbox 1603 4741 1666 4794; x_wconf 87' lang='lat' dir='ltr'>in</span> <span class='ocrx_word' id='word_1_394' title='bbox 1690 4740 1877 4795; x_wconf 87' lang='lat' dir='ltr'>Adam</span> <span class='ocrx_word' id='word_1_395' title='bbox 1908 4756 2104 4796; x_wconf 86' lang='lat' dir='ltr'>omnes</span> <span class='ocrx_word' id='word_1_396' title='bbox 2136 4758 2252 4797; x_wconf 89' lang='lat' dir='ltr'>mo-</span> 
     </span>
    </p>
   </div>
   <div class='ocr_carea' id='block_1_53' title="bbox 598 4826 2249 4899">
    <p class='ocr_par' dir='ltr' id='par_1_53' title="bbox 598 4826 2249 4899">
     <span class='ocr_line' id='line_1_53' title="bbox 598 4826 2249 4899; baseline 0.004 -19"><span class='ocrx_word' id='word_1_397' title='bbox 598 4826 865 4889; x_wconf 85' lang='lat' dir='ltr'>riuntur,</span> <span class='ocrx_word' id='word_1_398' title='bbox 893 4826 977 4881; x_wconf 86' lang='lat' dir='ltr'>ita</span> <span class='ocrx_word' id='word_1_399' title='bbox 997 4834 1049 4882; x_wconf 86' lang='lat' dir='ltr'>et</span> <span class='ocrx_word' id='word_1_400' title='bbox 1070 4827 1133 4882; x_wconf 87' lang='lat' dir='ltr'>in</span> <span class='ocrx_word' id='word_1_401' title='bbox 1167 4826 1406 4883; x_wconf 85' lang='lat' dir='ltr'>Christo</span> <span class='ocrx_word' id='word_1_402' title='bbox 1433 4844 1631 4884; x_wconf 84' lang='lat' dir='ltr'>omnes</span> <span class='ocrx_word' id='word_1_403' title='bbox 1659 4830 2109 4896; x_wconf 82' lang='lat' dir='ltr'>viviﬁcabuntur</span> <span class='ocrx_word' id='word_1_404' title='bbox 2134 4831 2249 4899; x_wconf 88' lang='lat' dir='ltr'>(Id.</span> 
     </span>
    </p>
   </div>
   <div class='ocr_carea' id='block_1_54' title="bbox 596 4916 2254 4990">
    <p class='ocr_par' dir='ltr' id='par_1_54' title="bbox 596 4916 2254 4990">
     <span class='ocr_line' id='line_1_54' title="bbox 596 4916 2254 4990; baseline 0.002 -18"><span class='ocrx_word' id='word_1_405' title='bbox 596 4931 697 4983; x_wconf 84' lang='lat' dir='ltr'>xv,</span> <span class='ocrx_word' id='word_1_406' title='bbox 721 4916 1141 4987; x_wconf 73' lang='lat'>46-49,21,22).</span> <span class='ocrx_word' id='word_1_407' title='bbox 1174 4917 1399 4981; x_wconf 86' lang='lat' dir='ltr'>Omnes,</span> <span class='ocrx_word' id='word_1_408' title='bbox 1433 4923 1487 4972; x_wconf 91' lang='lat' dir='ltr'>et</span> <span class='ocrx_word' id='word_1_409' title='bbox 1517 4932 1714 4972; x_wconf 89' lang='lat' dir='ltr'>omnes</span> <span class='ocrx_word' id='word_1_410' title='bbox 1746 4918 1879 4973; x_wconf 90' lang='lat' dir='ltr'>ideo</span> <span class='ocrx_word' id='word_1_411' title='bbox 1908 4918 2073 4986; x_wconf 82' lang='lat' dir='ltr'>dixit,</span> <span class='ocrx_word' id='word_1_412' title='bbox 2109 4920 2254 4990; x_wconf 89' lang='lat' dir='ltr'>quia</span> 
     </span>
    </p>
   </div>
   <div class='ocr_carea' id='block_1_55' title="bbox 597 5005 2251 5077">
    <p class='ocr_par' dir='ltr' id='par_1_55' title="bbox 597 5005 2251 5077">
     <span class='ocr_line' id='line_1_55' title="bbox 597 5005 2251 5077; baseline 0.003 -18"><span class='ocrx_word' id='word_1_413' title='bbox 597 5006 658 5059; x_wconf 91' lang='lat' dir='ltr'>in</span> <span class='ocrx_word' id='word_1_414' title='bbox 683 5011 936 5062; x_wconf 90' lang='lat' dir='ltr'>mortem</span> <span class='ocrx_word' id='word_1_415' title='bbox 969 5021 1149 5061; x_wconf 90' lang='lat' dir='ltr'>nemo</span> <span class='ocrx_word' id='word_1_416' title='bbox 1173 5006 1286 5060; x_wconf 90' lang='lat' dir='ltr'>nisi</span> <span class='ocrx_word' id='word_1_417' title='bbox 1316 5020 1420 5077; x_wconf 90' lang='lat' dir='ltr'>per</span> <span class='ocrx_word' id='word_1_418' title='bbox 1441 5005 1629 5073; x_wconf 91' lang='lat' dir='ltr'>illum,</span> <span class='ocrx_word' id='word_1_419' title='bbox 1646 5007 1704 5061; x_wconf 93' lang='lat' dir='ltr'>in</span> <span class='ocrx_word' id='word_1_420' title='bbox 1724 5008 1901 5062; x_wconf 89' lang='lat' dir='ltr'>vitam</span> <span class='ocrx_word' id='word_1_421' title='bbox 1925 5022 2104 5063; x_wconf 91' lang='lat' dir='ltr'>nemo</span> <span class='ocrx_word' id='word_1_422' title='bbox 2136 5009 2251 5064; x_wconf 92' lang='lat' dir='ltr'>nisi</span> 
     </span>
    </p>
   </div>
   <div class='ocr_carea' id='block_1_56' title="bbox 592 5094 2249 5166">
    <p class='ocr_par' dir='ltr' id='par_1_56' title="bbox 592 5094 2249 5166">
     <span class='ocr_line' id='line_1_56' title="bbox 592 5094 2249 5166; baseline 0.002 -15"><span class='ocrx_word' id='word_1_423' title='bbox 592 5110 700 5166; x_wconf 88' lang='lat' dir='ltr'>per</span> <span class='ocrx_word' id='word_1_424' title='bbox 725 5094 926 5151; x_wconf 90' lang='lat' dir='ltr'>istum.</span> <span class='ocrx_word' id='word_1_425' title='bbox 956 5097 1017 5150; x_wconf 84' lang='lat' dir='ltr'>In</span> <span class='ocrx_word' id='word_1_426' title='bbox 1047 5094 1239 5166; x_wconf 90' lang='lat' dir='ltr'>primo</span> <span class='ocrx_word' id='word_1_427' title='bbox 1264 5095 1452 5166; x_wconf 90' lang='lat' dir='ltr'>patuti</span> <span class='ocrx_word' id='word_1_428' title='bbox 1473 5094 1618 5166; x_wconf 91' lang='lat' dir='ltr'>quid</span> <span class='ocrx_word' id='word_1_429' title='bbox 1651 5095 1910 5151; x_wconf 89' lang='lat' dir='ltr'>hominis</span> <span class='ocrx_word' id='word_1_430' title='bbox 1938 5096 2249 5154; x_wconf 89' lang='lat' dir='ltr'>arbitrium</span> 
     </span>
    </p>
   </div>
   <div class='ocr_carea' id='block_1_57' title="bbox 591 5184 2248 5255">
    <p class='ocr_par' dir='ltr' id='par_1_57' title="bbox 591 5184 2248 5255">
     <span class='ocr_line' id='line_1_57' title="bbox 591 5184 2248 5255; baseline 0.002 -17"><span class='ocrx_word' id='word_1_431' title='bbox 591 5185 814 5241; x_wconf 87' lang='lat' dir='ltr'>valeret</span> <span class='ocrx_word' id='word_1_432' title='bbox 853 5184 931 5240; x_wconf 89' lang='lat' dir='ltr'>ad</span> <span class='ocrx_word' id='word_1_433' title='bbox 987 5190 1240 5241; x_wconf 88' lang='lat' dir='ltr'>mortem</span> <span class='ocrx_word' id='word_1_434' title='bbox 1278 5202 1292 5253; x_wconf 92' lang='lat'><strong>;</strong></span> <span class='ocrx_word' id='word_1_435' title='bbox 1337 5186 1399 5239; x_wconf 89' lang='lat' dir='ltr'>in</span> <span class='ocrx_word' id='word_1_436' title='bbox 1439 5184 1705 5239; x_wconf 90' lang='lat' dir='ltr'>secundo</span> <span class='ocrx_word' id='word_1_437' title='bbox 1735 5189 1933 5240; x_wconf 88' lang='lat' dir='ltr'>autem</span> <span class='ocrx_word' id='word_1_438' title='bbox 1970 5186 2112 5255; x_wconf 90' lang='lat' dir='ltr'>quid</span> <span class='ocrx_word' id='word_1_439' title='bbox 2148 5187 2248 5243; x_wconf 90' lang='lat' dir='ltr'>Dei</span> 
     </span>
    </p>
   </div>
   <div class='ocr_carea' id='block_1_58' title="bbox 590 5272 2249 5345">
    <p class='ocr_par' dir='ltr' id='par_1_58' title="bbox 590 5272 2249 5345">
     <span class='ocr_line' id='line_1_58' title="bbox 590 5272 2249 5345; baseline 0.001 -18"><span class='ocrx_word' id='word_1_440' title='bbox 590 5273 962 5343; x_wconf 85' lang='lat' dir='ltr'>adjutorium</span> <span class='ocrx_word' id='word_1_441' title='bbox 1024 5274 1244 5329; x_wconf 86' lang='lat' dir='ltr'>valeret</span> <span class='ocrx_word' id='word_1_442' title='bbox 1291 5272 1365 5331; x_wconf 90' lang='lat' dir='ltr'>ad</span> <span class='ocrx_word' id='word_1_443' title='bbox 1426 5274 1626 5328; x_wconf 85' lang='lat' dir='ltr'>vitam.</span> <span class='ocrx_word' id='word_1_444' title='bbox 1684 5272 1950 5344; x_wconf 92' lang='lat' dir='ltr'>Denique</span> <span class='ocrx_word' id='word_1_445' title='bbox 2016 5276 2249 5345; x_wconf 91' lang='lat' dir='ltr'>primus</span> 
     </span>
    </p>
   </div>
   <div class='ocr_carea' id='block_1_59' title="bbox 588 5360 2249 5433">
    <p class='ocr_par' dir='ltr' id='par_1_59' title="bbox 588 5360 2249 5433">
     <span class='ocr_line' id='line_1_59' title="bbox 588 5360 2249 5433; baseline 0.004 -19"><span class='ocrx_word' id='word_1_446' title='bbox 588 5360 794 5427; x_wconf 91' lang='lat' dir='ltr'>homo,</span> <span class='ocrx_word' id='word_1_447' title='bbox 832 5364 1073 5417; x_wconf 90' lang='lat' dir='ltr'>nonnisi</span> <span class='ocrx_word' id='word_1_448' title='bbox 1118 5363 1301 5419; x_wconf 92' lang='lat' dir='ltr'>homo</span> <span class='ocrx_word' id='word_1_449' title='bbox 1354 5381 1372 5433; x_wconf 84' lang='lat'><strong>;</strong></span> <span class='ocrx_word' id='word_1_450' title='bbox 1425 5361 1725 5418; x_wconf 88' lang='lat' dir='ltr'>secundus</span> <span class='ocrx_word' id='word_1_451' title='bbox 1771 5378 1928 5427; x_wconf 88' lang='lat' dir='ltr'>vero,</span> <span class='ocrx_word' id='word_1_452' title='bbox 1982 5363 2136 5417; x_wconf 91' lang='lat' dir='ltr'>Deus</span> <span class='ocrx_word' id='word_1_453' title='bbox 2194 5370 2249 5420; x_wconf 91' lang='lat' dir='ltr'>et</span> 
     </span>
    </p>
   </div>
   <div class='ocr_carea' id='block_1_60' title="bbox 592 5446 2241 5523">
    <p class='ocr_par' dir='ltr' id='par_1_60' title="bbox 592 5446 2241 5523">
     <span class='ocr_line' id='line_1_60' title="bbox 592 5446 2241 5523; baseline 0.005 -23"><span class='ocrx_word' id='word_1_454' title='bbox 592 5446 772 5506; x_wconf 88' lang='lat' dir='ltr'>homo</span> <span class='ocrx_word' id='word_1_455' title='bbox 807 5468 824 5505; x_wconf 89' lang='lat'><strong>:</strong></span> <span class='ocrx_word' id='word_1_456' title='bbox 871 5457 1181 5523; x_wconf 87' lang='lat' dir='ltr'>peccatum</span> <span class='ocrx_word' id='word_1_457' title='bbox 1220 5453 1380 5508; x_wconf 90' lang='lat' dir='ltr'>enim</span> <span class='ocrx_word' id='word_1_458' title='bbox 1422 5451 1647 5508; x_wconf 84' lang='lat' dir='ltr'>factum</span> <span class='ocrx_word' id='word_1_459' title='bbox 1685 5455 1777 5507; x_wconf 88' lang='lat' dir='ltr'>est</span> <span class='ocrx_word' id='word_1_460' title='bbox 1819 5451 2024 5508; x_wconf 90' lang='lat' dir='ltr'>relicto</span> <span class='ocrx_word' id='word_1_461' title='bbox 2067 5456 2182 5509; x_wconf 92' lang='lat' dir='ltr'>Deo</span> <span class='ocrx_word' id='word_1_462' title='bbox 2223 5471 2241 5522; x_wconf 85' lang='lat'><strong>;</strong></span> 
     </span>
    </p>
   </div>
   <div class='ocr_carea' id='block_1_61' title="bbox 651 5570 2234 5643">
    <p class='ocr_par' dir='ltr' id='par_1_61' title="bbox 651 5570 2234 5643">
     <span class='ocr_line' id='line_1_61' title="bbox 651 5570 2234 5643; baseline 0.012 -27"><span class='ocrx_word' id='word_1_463' title='bbox 651 5570 853 5643; x_wconf 68' lang='lat' dir='ltr'>&#39;_Lov.,</span> <span class='ocrx_word' id='word_1_464' title='bbox 881 5574 1223 5636; x_wconf 86' lang='lat' dir='ltr'>obdurantur,</span> <span class='ocrx_word' id='word_1_465' title='bbox 1259 5576 1392 5632; x_wconf 88' lang='lat' dir='ltr'>Bad.</span> <span class='ocrx_word' id='word_1_466' title='bbox 1434 5579 1557 5633; x_wconf 80' lang='lat' dir='ltr'>Am.</span> <span class='ocrx_word' id='word_1_467' title='bbox 1596 5578 1683 5634; x_wconf 86' lang='lat' dir='ltr'>Er.</span> <span class='ocrx_word' id='word_1_468' title='bbox 1719 5579 1771 5627; x_wconf 77' lang='lat' dir='ltr'>et</span> <span class='ocrx_word' id='word_1_469' title='bbox 1801 5576 1932 5629; x_wconf 79' lang='lat' dir='ltr'>Mss.</span> <span class='ocrx_word' id='word_1_470' title='bbox 1974 5577 2234 5643; x_wconf 80' lang='lat' dir='ltr'>plerique.</span> 
     </span>
    </p>
   </div>
   <div class='ocr_carea' id='block_1_62' title="bbox 589 5630 868 5687">
    <p class='ocr_par' dir='ltr' id='par_1_62' title="bbox 589 5630 868 5687">
     <span class='ocr_line' id='line_1_62' title="bbox 589 5630 868 5687; baseline -0.004 -3"><span class='ocrx_word' id='word_1_471' title='bbox 589 5630 868 5687; x_wconf 82' lang='lat' dir='ltr'>abdurant.</span> 
     </span>
    </p>
   </div>
   <div class='ocr_carea' id='block_1_63' title="bbox 1941 164 2798 231">
    <p class='ocr_par' dir='ltr' id='par_1_63' title="bbox 1941 164 2798 231">
     <span class='ocr_line' id='line_1_63' title="bbox 1941 164 2798 231; baseline -0.005 0"><span class='ocrx_word' id='word_1_472' title='bbox 1941 171 2000 231; x_wconf 89' lang='lat' dir='ltr'>S.</span> <span class='ocrx_word' id='word_1_473' title='bbox 2046 168 2433 231; x_wconf 86' lang='lat' dir='ltr'>AUGUSTINI</span> <span class='ocrx_word' id='word_1_474' title='bbox 2479 164 2798 229; x_wconf 84' lang='lat' dir='ltr'>EPISCOPI</span> 
     </span>
    </p>
   </div>
   <div class='ocr_carea' id='block_1_64' title="bbox 3869 196 3952 261">
    <p class='ocr_par' dir='ltr' id='par_1_64' title="bbox 3869 196 3952 261">
     <span class='ocr_line' id='line_1_64' title="bbox 3869 196 3952 261; baseline 0.133 -11"><span class='ocrx_word' id='word_1_475' title='bbox 3869 196 3952 261; x_wconf 68' lang='grc'>844</span> 
     </span>
    </p>
   </div>
   <div class='ocr_carea' id='block_1_65' title="bbox 2424 295 3957 374">
    <p class='ocr_par' dir='ltr' id='par_1_65' title="bbox 2424 295 3957 374">
     <span class='ocr_line' id='line_1_65' title="bbox 2424 295 3957 374; baseline 0.014 -25"><span class='ocrx_word' id='word_1_476' title='bbox 2424 295 2659 367; x_wconf 86' lang='lat' dir='ltr'>justitia</span> <span class='ocrx_word' id='word_1_477' title='bbox 2679 311 2799 351; x_wconf 90' lang='lat' dir='ltr'>non</span> <span class='ocrx_word' id='word_1_478' title='bbox 2818 295 2882 351; x_wconf 91' lang='lat' dir='ltr'>ﬁt</span> <span class='ocrx_word' id='word_1_479' title='bbox 2908 295 3036 350; x_wconf 91' lang='lat' dir='ltr'>sine</span> <span class='ocrx_word' id='word_1_480' title='bbox 3052 297 3187 351; x_wconf 91' lang='lat' dir='ltr'>Deo.</span> <span class='ocrx_word' id='word_1_481' title='bbox 3212 298 3289 351; x_wconf 84' lang='lat' dir='ltr'>Ac</span> <span class='ocrx_word' id='word_1_482' title='bbox 3307 311 3407 368; x_wconf 90' lang='lat' dir='ltr'>per</span> <span class='ocrx_word' id='word_1_483' title='bbox 3422 299 3528 355; x_wconf 88' lang='lat' dir='ltr'>hoc</span> <span class='ocrx_word' id='word_1_484' title='bbox 3554 317 3651 360; x_wconf 88' lang='lat' dir='ltr'>nec</span> <span class='ocrx_word' id='word_1_485' title='bbox 3675 322 3957 374; x_wconf 83' lang='lat' dir='ltr'>moreremur</span> 
     </span>
    </p>
   </div>
   <div class='ocr_carea' id='block_1_66' title="bbox 2431 384 4049 463">
    <p class='ocr_par' dir='ltr' id='par_1_66' title="bbox 2431 384 4049 463">
     <span class='ocr_line' id='line_1_66' title="bbox 2431 384 4049 463; baseline 0.008 -25"><span class='ocrx_word' id='word_1_486' title='bbox 2431 386 2540 439; x_wconf 86' lang='lat' dir='ltr'>nisi</span> <span class='ocrx_word' id='word_1_487' title='bbox 2594 402 2699 457; x_wconf 90' lang='lat' dir='ltr'>per</span> <span class='ocrx_word' id='word_1_488' title='bbox 2751 384 3053 441; x_wconf 86' lang='lat' dir='ltr'>carnalem</span> <span class='ocrx_word' id='word_1_489' title='bbox 3116 387 3495 457; x_wconf 80' lang='lat' dir='ltr'>propaginem</span> <span class='ocrx_word' id='word_1_490' title='bbox 3541 390 3605 447; x_wconf 88' lang='lat' dir='ltr'>de</span> <span class='ocrx_word' id='word_1_491' title='bbox 3647 402 3877 457; x_wconf 84' lang='lat' dir='ltr'>membris</span> <span class='ocrx_word' id='word_1_492' title='bbox 3918 410 3959 463; x_wconf 75' lang='lat' dir='ltr'>i1.</span> <span class='ocrx_word' id='word_1_493' title='bbox 4048 438 4049 451; x_wconf 37' lang='grc' dir='ltr'>χ</span> 
     </span>
    </p>
   </div>
   <div class='ocr_carea' id='block_1_67' title="bbox 2428 474 3956 559">
    <p class='ocr_par' dir='ltr' id='par_1_67' title="bbox 2428 474 3956 559">
     <span class='ocr_line' id='line_1_67' title="bbox 2428 474 3956 559; baseline 0.009 -32"><span class='ocrx_word' id='word_1_494' title='bbox 2428 474 2539 528; x_wconf 91' lang='lat' dir='ltr'>lius</span> <span class='ocrx_word' id='word_1_495' title='bbox 2576 476 2916 529; x_wconf 87' lang='lat' dir='ltr'>veniremus</span> <span class='ocrx_word' id='word_1_496' title='bbox 2953 491 2966 539; x_wconf 92' lang='lat'><strong>;</strong></span> <span class='ocrx_word' id='word_1_497' title='bbox 3002 490 3109 529; x_wconf 90' lang='lat' dir='ltr'>nec</span> <span class='ocrx_word' id='word_1_498' title='bbox 3154 475 3467 530; x_wconf 88' lang='lat' dir='ltr'>viveremus</span> <span class='ocrx_word' id='word_1_499' title='bbox 3505 482 3605 534; x_wconf 85' lang='lat' dir='ltr'>nisi</span> <span class='ocrx_word' id='word_1_500' title='bbox 3638 498 3728 553; x_wconf 89' lang='lat' dir='ltr'>per</span> <span class='ocrx_word' id='word_1_501' title='bbox 3761 490 3956 559; x_wconf 72' lang='lat' dir='ltr'>spiritua.</span> 
     </span>
    </p>
   </div>
   <div class='ocr_carea' id='block_1_68' title="bbox 2425 564 3957 638">
    <p class='ocr_par' dir='ltr' id='par_1_68' title="bbox 2425 564 3957 638">
     <span class='ocr_line' id='line_1_68' title="bbox 2425 564 3957 638; baseline 0.013 -20"><span class='ocrx_word' id='word_1_502' title='bbox 2425 564 2541 618; x_wconf 86' lang='lat' dir='ltr'>lem</span> <span class='ocrx_word' id='word_1_503' title='bbox 2564 566 2999 618; x_wconf 78' lang='lat' dir='ltr'>connexionein</span> <span class='ocrx_word' id='word_1_504' title='bbox 3022 564 3293 619; x_wconf 89' lang='lat' dir='ltr'>membra</span> <span class='ocrx_word' id='word_1_505' title='bbox 3312 566 3483 636; x_wconf 82' lang='lat' dir='ltr'>hujus</span> <span class='ocrx_word' id='word_1_506' title='bbox 3506 579 3876 634; x_wconf 85' lang='lat' dir='ltr'>essemus.ldeo</span> <span class='ocrx_word' id='word_1_507' title='bbox 3893 598 3957 638; x_wconf 85' lang='lat' dir='ltr'>no-</span> 
     </span>
    </p>
   </div>
   <div class='ocr_carea' id='block_1_69' title="bbox 2426 653 3959 734">
    <p class='ocr_par' dir='ltr' id='par_1_69' title="bbox 2426 653 3959 734">
     <span class='ocr_line' id='line_1_69' title="bbox 2426 653 3959 734; baseline 0.008 -27"><span class='ocrx_word' id='word_1_508' title='bbox 2426 653 2516 707; x_wconf 91' lang='lat' dir='ltr'>bis</span> <span class='ocrx_word' id='word_1_509' title='bbox 2538 669 2692 723; x_wconf 89' lang='lat' dir='ltr'>opus</span> <span class='ocrx_word' id='word_1_510' title='bbox 2717 653 2824 707; x_wconf 87' lang='lat' dir='ltr'>fuit</span> <span class='ocrx_word' id='word_1_511' title='bbox 2843 654 3097 719; x_wconf 90' lang='lat' dir='ltr'>nasci,et</span> <span class='ocrx_word' id='word_1_512' title='bbox 3119 655 3371 720; x_wconf 88' lang='lat' dir='ltr'>renasci,</span> <span class='ocrx_word' id='word_1_513' title='bbox 3394 654 3469 710; x_wconf 91' lang='lat' dir='ltr'>illi</span> <span class='ocrx_word' id='word_1_514' title='bbox 3493 665 3672 715; x_wconf 88' lang='lat' dir='ltr'>autem</span> <span class='ocrx_word' id='word_1_515' title='bbox 3688 671 3959 734; x_wconf 77' lang='lat' dir='ltr'>propternos</span> 
     </span>
    </p>
   </div>
   <div class='ocr_carea' id='block_1_70' title="bbox 2424 741 3961 821">
    <p class='ocr_par' dir='ltr' id='par_1_70' title="bbox 2424 741 3961 821">
     <span class='ocr_line' id='line_1_70' title="bbox 2424 741 3961 821; baseline 0.012 -26"><span class='ocrx_word' id='word_1_516' title='bbox 2424 742 2844 796; x_wconf 86' lang='lat' dir='ltr'>tantummodo</span> <span class='ocrx_word' id='word_1_517' title='bbox 2867 741 3055 797; x_wconf 91' lang='lat' dir='ltr'>nasci.</span> <span class='ocrx_word' id='word_1_518' title='bbox 3072 745 3186 798; x_wconf 85' lang='lat' dir='ltr'>Nos</span> <span class='ocrx_word' id='word_1_519' title='bbox 3205 744 3360 799; x_wconf 90' lang='lat' dir='ltr'>enim</span> <span class='ocrx_word' id='word_1_520' title='bbox 3380 760 3415 799; x_wconf 91' lang='lat' dir='ltr'>a</span> <span class='ocrx_word' id='word_1_521' title='bbox 3431 752 3655 815; x_wconf 90' lang='lat' dir='ltr'>peccato</span> <span class='ocrx_word' id='word_1_522' title='bbox 3675 752 3961 821; x_wconf 84' lang='lat' dir='ltr'>adjustitiam</span> 
     </span>
    </p>
   </div>
   <div class='ocr_carea' id='block_1_71' title="bbox 2421 829 3961 911">
    <p class='ocr_par' dir='ltr' id='par_1_71' title="bbox 2421 829 3961 911">
     <span class='ocr_line' id='line_1_71' title="bbox 2421 829 3961 911; baseline 0.008 -28"><span class='ocrx_word' id='word_1_523' title='bbox 2421 829 2795 884; x_wconf 88' lang='lat' dir='ltr'>renascendo</span> <span class='ocrx_word' id='word_1_524' title='bbox 2828 831 3156 885; x_wconf 87' lang='lat' dir='ltr'>transimus</span> <span class='ocrx_word' id='word_1_525' title='bbox 3186 849 3198 896; x_wconf 95' lang='lat'>;</span> <span class='ocrx_word' id='word_1_526' title='bbox 3228 831 3319 886; x_wconf 92' lang='lat' dir='ltr'>ille</span> <span class='ocrx_word' id='word_1_527' title='bbox 3348 840 3539 888; x_wconf 90' lang='lat' dir='ltr'>autem</span> <span class='ocrx_word' id='word_1_528' title='bbox 3570 851 3600 891; x_wconf 90' lang='lat' dir='ltr'>a</span> <span class='ocrx_word' id='word_1_529' title='bbox 3625 838 3763 893; x_wconf 86' lang='lat' dir='ltr'>nullo</span> <span class='ocrx_word' id='word_1_530' title='bbox 3788 856 3961 911; x_wconf 76' lang='lat' dir='ltr'>peCcato</span> 
     </span>
    </p>
   </div>
   <div class='ocr_carea' id='block_1_72' title="bbox 2422 918 3963 1003">
    <p class='ocr_par' dir='ltr' id='par_1_72' title="bbox 2422 918 3963 1003">
     <span class='ocr_line' id='line_1_72' title="bbox 2422 918 3963 1003; baseline 0.01 -30"><span class='ocrx_word' id='word_1_531' title='bbox 2422 918 2498 973; x_wconf 92' lang='lat' dir='ltr'>ad</span> <span class='ocrx_word' id='word_1_532' title='bbox 2524 919 2819 989; x_wconf 89' lang='lat' dir='ltr'>justitiam</span> <span class='ocrx_word' id='word_1_533' title='bbox 2853 922 3167 975; x_wconf 87' lang='lat' dir='ltr'>transitum</span> <span class='ocrx_word' id='word_1_534' title='bbox 3196 920 3363 976; x_wconf 88' lang='lat' dir='ltr'>fecit:</span> <span class='ocrx_word' id='word_1_535' title='bbox 3389 923 3485 977; x_wconf 90' lang='lat' dir='ltr'>sed</span> <span class='ocrx_word' id='word_1_536' title='bbox 3508 925 3559 978; x_wconf 90' lang='lat' dir='ltr'>in</span> <span class='ocrx_word' id='word_1_537' title='bbox 3579 940 3643 979; x_wconf 91' lang='lat' dir='ltr'>eo</span> <span class='ocrx_word' id='word_1_538' title='bbox 3672 930 3807 998; x_wconf 89' lang='lat' dir='ltr'>quod</span> <span class='ocrx_word' id='word_1_539' title='bbox 3833 932 3963 1003; x_wconf 87' lang='lat' dir='ltr'>bapti-</span> 
     </span>
    </p>
   </div>
   <div class='ocr_carea' id='block_1_73' title="bbox 2418 1011 3962 1084">
    <p class='ocr_par' dir='ltr' id='par_1_73' title="bbox 2418 1011 3962 1084">
     <span class='ocr_line' id='line_1_73' title="bbox 2418 1011 3962 1084; baseline 0.011 -23"><span class='ocrx_word' id='word_1_540' title='bbox 2418 1012 2580 1062; x_wconf 83' lang='lat' dir='ltr'>zatus</span> <span class='ocrx_word' id='word_1_541' title='bbox 2602 1014 2941 1070; x_wconf 70' lang='lat' dir='ltr'>est,nostraa</span> <span class='ocrx_word' id='word_1_542' title='bbox 2972 1011 3435 1078; x_wconf 84' lang='lat' dir='ltr'>regenerationis</span> <span class='ocrx_word' id='word_1_543' title='bbox 3467 1014 3962 1084; x_wconf 83' lang='lat' dir='ltr'>Sacramentum,sua</span> 
     </span>
    </p>
   </div>
   <div class='ocr_carea' id='block_1_74' title="bbox 2418 1096 3960 1168">
    <p class='ocr_par' dir='ltr' id='par_1_74' title="bbox 2418 1096 3960 1168">
     <span class='ocr_line' id='line_1_74' title="bbox 2418 1096 3960 1168; baseline 0.01 -17"><span class='ocrx_word' id='word_1_544' title='bbox 2418 1096 2751 1151; x_wconf 88' lang='lat' dir='ltr'>humilitate</span> <span class='ocrx_word' id='word_1_545' title='bbox 2796 1097 2973 1152; x_wconf 88' lang='lat' dir='ltr'>altius</span> <span class='ocrx_word' id='word_1_546' title='bbox 3024 1100 3460 1155; x_wconf 89' lang='lat' dir='ltr'>commendavit</span> <span class='ocrx_word' id='word_1_547' title='bbox 3500 1117 3512 1165; x_wconf 90' lang='lat'><strong>;</strong></span> <span class='ocrx_word' id='word_1_548' title='bbox 3555 1108 3782 1160; x_wconf 86' lang='lat' dir='ltr'>veterem</span> <span class='ocrx_word' id='word_1_549' title='bbox 3823 1114 3960 1168; x_wconf 85' lang='lat' dir='ltr'>tamen</span> 
     </span>
    </p>
   </div>
   <div class='ocr_carea' id='block_1_75' title="bbox 2417 1183 3961 1257">
    <p class='ocr_par' dir='ltr' id='par_1_75' title="bbox 2417 1183 3961 1257">
     <span class='ocr_line' id='line_1_75' title="bbox 2417 1183 3961 1257; baseline 0.01 -19"><span class='ocrx_word' id='word_1_550' title='bbox 2417 1183 2726 1240; x_wconf 89' lang='lat' dir='ltr'>hominem</span> <span class='ocrx_word' id='word_1_551' title='bbox 2758 1191 3030 1241; x_wconf 88' lang='lat' dir='ltr'>nostrum</span> <span class='ocrx_word' id='word_1_552' title='bbox 3057 1188 3358 1257; x_wconf 87' lang='lat' dir='ltr'>passione,</span> <span class='ocrx_word' id='word_1_553' title='bbox 3391 1204 3605 1245; x_wconf 89' lang='lat' dir='ltr'>novum</span> <span class='ocrx_word' id='word_1_554' title='bbox 3636 1198 3810 1250; x_wconf 90' lang='lat' dir='ltr'>autem</span> <span class='ocrx_word' id='word_1_555' title='bbox 3834 1213 3961 1254; x_wconf 86' lang='lat' dir='ltr'>resur-</span> 
     </span>
    </p>
   </div>
   <div class='ocr_carea' id='block_1_76' title="bbox 2415 1273 3080 1342">
    <p class='ocr_par' dir='ltr' id='par_1_76' title="bbox 2415 1273 3080 1342">
     <span class='ocr_line' id='line_1_76' title="bbox 2415 1273 3080 1342; baseline 0.002 -15"><span class='ocrx_word' id='word_1_556' title='bbox 2415 1273 2670 1327; x_wconf 88' lang='lat' dir='ltr'>rectione</span> <span class='ocrx_word' id='word_1_557' title='bbox 2710 1274 3080 1342; x_wconf 85' lang='lat' dir='ltr'>signiﬁcans.</span> 
     </span>
    </p>
   </div>
   <div class='ocr_carea' id='block_1_77' title="bbox 2486 1363 3961 1442">
    <p class='ocr_par' dir='ltr' id='par_1_77' title="bbox 2486 1363 3961 1442">
     <span class='ocr_line' id='line_1_77' title="bbox 2486 1363 3961 1442; baseline 0.009 -26"><span class='ocrx_word' id='word_1_558' title='bbox 2486 1363 2996 1417; x_wconf 75' lang='lat' dir='ltr'>31.1n0bedientia</span> <span class='ocrx_word' id='word_1_559' title='bbox 3013 1379 3276 1434; x_wconf 83' lang='lat' dir='ltr'>namque</span> <span class='ocrx_word' id='word_1_560' title='bbox 3299 1367 3762 1436; x_wconf 64' lang='lat' dir='ltr'>concupiscentiae</span> <span class='ocrx_word' id='word_1_561' title='bbox 3781 1376 3961 1442; x_wconf 66' lang='lat' dir='ltr'>quaha-</span> 
     </span>
    </p>
   </div>
   <div class='ocr_carea' id='block_1_78' title="bbox 2413 1449 3962 1523">
    <p class='ocr_par' dir='ltr' id='par_1_78' title="bbox 2413 1449 3962 1523">
     <span class='ocr_line' id='line_1_78' title="bbox 2413 1449 3962 1523; baseline 0.008 -18"><span class='ocrx_word' id='word_1_562' title='bbox 2413 1449 2559 1505; x_wconf 89' lang='lat' dir='ltr'>bitat</span> <span class='ocrx_word' id='word_1_563' title='bbox 2580 1450 2635 1505; x_wconf 90' lang='lat' dir='ltr'>in</span> <span class='ocrx_word' id='word_1_564' title='bbox 2654 1467 2829 1505; x_wconf 82' lang='lat' dir='ltr'>carne</span> <span class='ocrx_word' id='word_1_565' title='bbox 2855 1452 3245 1523; x_wconf 88' lang='lat' dir='ltr'>mortali,qua</span> <span class='ocrx_word' id='word_1_566' title='bbox 3268 1453 3330 1507; x_wconf 89' lang='lat' dir='ltr'>tit</span> <span class='ocrx_word' id='word_1_567' title='bbox 3353 1460 3413 1507; x_wconf 91' lang='lat' dir='ltr'>ut</span> <span class='ocrx_word' id='word_1_568' title='bbox 3441 1456 3640 1510; x_wconf 88' lang='lat' dir='ltr'>eadem</span> <span class='ocrx_word' id='word_1_569' title='bbox 3667 1459 3819 1515; x_wconf 89' lang='lat' dir='ltr'>etiam</span> <span class='ocrx_word' id='word_1_570' title='bbox 3840 1478 3962 1518; x_wconf 84' lang='lat' dir='ltr'>inem-</span> 
     </span>
    </p>
   </div>
   <div class='ocr_carea' id='block_1_79' title="bbox 2412 1539 3961 1610">
    <p class='ocr_par' dir='ltr' id='par_1_79' title="bbox 2412 1539 3961 1610">
     <span class='ocr_line' id='line_1_79' title="bbox 2412 1539 3961 1610; baseline 0.009 -18"><span class='ocrx_word' id='word_1_571' title='bbox 2412 1539 2519 1594; x_wconf 88' lang='lat' dir='ltr'>bra</span> <span class='ocrx_word' id='word_1_572' title='bbox 2534 1547 2740 1610; x_wconf 60' lang='lat' dir='ltr'>praeter</span> <span class='ocrx_word' id='word_1_573' title='bbox 2756 1541 3077 1597; x_wconf 85' lang='lat' dir='ltr'>voluntatis</span> <span class='ocrx_word' id='word_1_574' title='bbox 3098 1549 3453 1598; x_wconf 89' lang='lat' dir='ltr'>moveantur</span> <span class='ocrx_word' id='word_1_575' title='bbox 3473 1544 3773 1610; x_wconf 88' lang='lat' dir='ltr'>arbitrium,</span> <span class='ocrx_word' id='word_1_576' title='bbox 3796 1551 3855 1604; x_wconf 84' lang='lat' dir='ltr'>ad</span> <span class='ocrx_word' id='word_1_577' title='bbox 3872 1566 3961 1606; x_wconf 86' lang='lat' dir='ltr'>eum</span> 
     </span>
    </p>
   </div>
   <div class='ocr_carea' id='block_1_80' title="bbox 2410 1628 3962 1710">
    <p class='ocr_par' dir='ltr' id='par_1_80' title="bbox 2410 1628 3962 1710">
     <span class='ocr_line' id='line_1_80' title="bbox 2410 1628 3962 1710; baseline 0.008 -28"><span class='ocrx_word' id='word_1_578' title='bbox 2410 1628 2659 1684; x_wconf 90' lang='lat' dir='ltr'>modum</span> <span class='ocrx_word' id='word_1_579' title='bbox 2688 1629 2973 1698; x_wconf 88' lang='lat' dir='ltr'>redigitur</span> <span class='ocrx_word' id='word_1_580' title='bbox 3000 1630 3233 1699; x_wconf 89' lang='lat' dir='ltr'>justitia</span> <span class='ocrx_word' id='word_1_581' title='bbox 3260 1632 3573 1701; x_wconf 85' lang='lat' dir='ltr'>conjugali,</span> <span class='ocrx_word' id='word_1_582' title='bbox 3606 1640 3661 1689; x_wconf 89' lang='lat' dir='ltr'>ut</span> <span class='ocrx_word' id='word_1_583' title='bbox 3690 1636 3817 1691; x_wconf 88' lang='lat' dir='ltr'>licite</span> <span class='ocrx_word' id='word_1_584' title='bbox 3841 1655 3962 1710; x_wconf 88' lang='lat' dir='ltr'>copu-</span> 
     </span>
    </p>
   </div>
   <div class='ocr_carea' id='block_1_81' title="bbox 2405 1715 3962 1792">
    <p class='ocr_par' dir='ltr' id='par_1_81' title="bbox 2405 1715 3962 1792">
     <span class='ocr_line' id='line_1_81' title="bbox 2405 1715 3962 1792; baseline 0.008 -21"><span class='ocrx_word' id='word_1_585' title='bbox 2405 1715 2537 1772; x_wconf 90' lang='lat' dir='ltr'>latis</span> <span class='ocrx_word' id='word_1_586' title='bbox 2562 1719 2906 1788; x_wconf 88' lang='lat' dir='ltr'>parentibus</span> <span class='ocrx_word' id='word_1_587' title='bbox 2934 1727 3305 1787; x_wconf 88' lang='lat' dir='ltr'>generentur,</span> <span class='ocrx_word' id='word_1_588' title='bbox 3335 1721 3551 1792; x_wconf 88' lang='lat' dir='ltr'>quibus</span> <span class='ocrx_word' id='word_1_589' title='bbox 3570 1722 3635 1776; x_wconf 88' lang='lat' dir='ltr'>sit</span> <span class='ocrx_word' id='word_1_590' title='bbox 3652 1729 3962 1783; x_wconf 83' lang='lat' dir='ltr'>necessarium</span> 
     </span>
    </p>
   </div>
   <div class='ocr_carea' id='block_1_82' title="bbox 2405 1808 3962 1879">
    <p class='ocr_par' dir='ltr' id='par_1_82' title="bbox 2405 1808 3962 1879">
     <span class='ocr_line' id='line_1_82' title="bbox 2405 1808 3962 1879; baseline 0.006 -20"><span class='ocrx_word' id='word_1_591' title='bbox 2405 1808 2761 1877; x_wconf 87' lang='lat' dir='ltr'>regenerari.</span> <span class='ocrx_word' id='word_1_592' title='bbox 2790 1810 2914 1862; x_wconf 83' lang='lat' dir='ltr'>Non</span> <span class='ocrx_word' id='word_1_593' title='bbox 2948 1814 3149 1862; x_wconf 88' lang='lat' dir='ltr'>tamen</span> <span class='ocrx_word' id='word_1_594' title='bbox 3183 1824 3285 1878; x_wconf 90' lang='lat' dir='ltr'>per</span> <span class='ocrx_word' id='word_1_595' title='bbox 3323 1809 3661 1879; x_wconf 90' lang='lat' dir='ltr'>hujusmodi</span> <span class='ocrx_word' id='word_1_596' title='bbox 3697 1816 3962 1870; x_wconf 84' lang='lat' dir='ltr'>convenien-</span> 
     </span>
    </p>
   </div>
   <div class='ocr_carea' id='block_1_83' title="bbox 2406 1896 3962 1958">
    <p class='ocr_par' dir='ltr' id='par_1_83' title="bbox 2406 1896 3962 1958">
     <span class='ocr_line' id='line_1_83' title="bbox 2406 1896 3962 1958; baseline 0.006 -9"><span class='ocrx_word' id='word_1_597' title='bbox 2406 1896 2547 1950; x_wconf 87' lang='lat' dir='ltr'>tiam</span> <span class='ocrx_word' id='word_1_598' title='bbox 2582 1896 2761 1950; x_wconf 90' lang='lat' dir='ltr'>maris</span> <span class='ocrx_word' id='word_1_599' title='bbox 2795 1902 2851 1950; x_wconf 90' lang='lat' dir='ltr'>et</span> <span class='ocrx_word' id='word_1_600' title='bbox 2880 1896 3114 1951; x_wconf 72' lang='lat' dir='ltr'>feminae</span> <span class='ocrx_word' id='word_1_601' title='bbox 3146 1897 3346 1952; x_wconf 90' lang='lat' dir='ltr'>venire</span> <span class='ocrx_word' id='word_1_602' title='bbox 3379 1898 3557 1953; x_wconf 91' lang='lat' dir='ltr'>voluit</span> <span class='ocrx_word' id='word_1_603' title='bbox 3600 1917 3811 1956; x_wconf 89' lang='lat' dir='ltr'>carnem</span> <span class='ocrx_word' id='word_1_604' title='bbox 3845 1921 3962 1958; x_wconf 84' lang='lat' dir='ltr'>suam</span> 
     </span>
    </p>
   </div>
   <div class='ocr_carea' id='block_1_84' title="bbox 2404 1982 4049 2062">
    <p class='ocr_par' dir='ltr' id='par_1_84' title="bbox 2404 1982 4049 2062">
     <span class='ocr_line' id='line_1_84' title="bbox 2404 1982 4049 2062; baseline 0.005 -25"><span class='ocrx_word' id='word_1_605' title='bbox 2404 1984 2664 2038; x_wconf 84' lang='lat' dir='ltr'>Christus</span> <span class='ocrx_word' id='word_1_606' title='bbox 2691 2000 2704 2047; x_wconf 90' lang='lat'>;</span> <span class='ocrx_word' id='word_1_607' title='bbox 2734 1984 2831 2037; x_wconf 91' lang='lat' dir='ltr'>sed</span> <span class='ocrx_word' id='word_1_608' title='bbox 2849 1984 2921 2037; x_wconf 92' lang='lat' dir='ltr'>de</span> <span class='ocrx_word' id='word_1_609' title='bbox 2954 1984 3182 2053; x_wconf 88' lang='lat' dir='ltr'>virgine</span> <span class='ocrx_word' id='word_1_610' title='bbox 3214 1986 3357 2040; x_wconf 91' lang='lat' dir='ltr'>nihil</span> <span class='ocrx_word' id='word_1_611' title='bbox 3381 1987 3495 2041; x_wconf 90' lang='lat' dir='ltr'>tale</span> <span class='ocrx_word' id='word_1_612' title='bbox 3528 1987 3584 2041; x_wconf 91' lang='lat' dir='ltr'>in</span> <span class='ocrx_word' id='word_1_613' title='bbox 3613 1989 3728 2058; x_wconf 86' lang='lat' dir='ltr'>ejus</span> <span class='ocrx_word' id='word_1_614' title='bbox 3752 2002 3963 2062; x_wconf 79' lang='lat' dir='ltr'>conceptu</span> <span class='ocrx_word' id='word_1_615' title='bbox 4048 1982 4049 2023; x_wconf 44' lang='grc' dir='ltr'>ἶ</span> 
     </span>
    </p>
   </div>
   <div class='ocr_carea' id='block_1_85' title="bbox 2401 2072 3963 2150">
    <p class='ocr_par' dir='ltr' id='par_1_85' title="bbox 2401 2072 3963 2150">
     <span class='ocr_line' id='line_1_85' title="bbox 2401 2072 3963 2150; baseline 0.004 -24"><span class='ocrx_word' id='word_1_616' title='bbox 2401 2072 2878 2143; x_wconf 85' lang='lat' dir='ltr'>concupiscente,</span> <span class='ocrx_word' id='word_1_617' title='bbox 2896 2074 3344 2129; x_wconf 87' lang='lat' dir='ltr'>similitudinem</span> <span class='ocrx_word' id='word_1_618' title='bbox 3360 2076 3550 2130; x_wconf 87' lang='lat' dir='ltr'>carnis</span> <span class='ocrx_word' id='word_1_619' title='bbox 3565 2080 3766 2147; x_wconf 88' lang='lat' dir='ltr'>peccati</span> <span class='ocrx_word' id='word_1_620' title='bbox 3781 2081 3963 2150; x_wconf 53' lang='lat' dir='ltr'>sumpsit</span> 
     </span>
    </p>
   </div>
   <div class='ocr_carea' id='block_1_86' title="bbox 2400 2160 4049 2233">
    <p class='ocr_par' dir='ltr' id='par_1_86' title="bbox 2400 2160 4049 2233">
     <span class='ocr_line' id='line_1_86' title="bbox 2400 2160 4049 2233; baseline 0.002 -20"><span class='ocrx_word' id='word_1_621' title='bbox 2400 2160 2493 2214; x_wconf 92' lang='lat' dir='ltr'>ille</span> <span class='ocrx_word' id='word_1_622' title='bbox 2511 2177 2618 2231; x_wconf 89' lang='lat' dir='ltr'>pro</span> <span class='ocrx_word' id='word_1_623' title='bbox 2647 2160 2838 2229; x_wconf 87' lang='lat' dir='ltr'>nobis,</span> <span class='ocrx_word' id='word_1_624' title='bbox 2856 2178 2976 2233; x_wconf 90' lang='lat' dir='ltr'>qua</span> <span class='ocrx_word' id='word_1_625' title='bbox 2990 2178 3127 2216; x_wconf 87' lang='lat' dir='ltr'>caro</span> <span class='ocrx_word' id='word_1_626' title='bbox 3144 2164 3369 2233; x_wconf 90' lang='lat' dir='ltr'>peccati</span> <span class='ocrx_word' id='word_1_627' title='bbox 3387 2165 3757 2221; x_wconf 88' lang='lat' dir='ltr'>mundaretur</span> <span class='ocrx_word' id='word_1_628' title='bbox 3779 2170 3824 2220; x_wconf 90' lang='lat' dir='ltr'>in</span> <span class='ocrx_word' id='word_1_629' title='bbox 3842 2168 3961 2222; x_wconf 86' lang='lat' dir='ltr'>nobis</span> <span class='ocrx_word' id='word_1_630' title='bbox 4048 2212 4049 2217; x_wconf 45' lang='grc' dir='ltr'><strong>η</strong></span> 
     </span>
    </p>
   </div>
   <div class='ocr_carea' id='block_1_87' title="bbox 2397 2250 3963 2321">
    <p class='ocr_par' dir='ltr' id='par_1_87' title="bbox 2397 2250 3963 2321">
     <span class='ocr_line' id='line_1_87' title="bbox 2397 2250 3963 2321; baseline 0.004 -16"><span class='ocrx_word' id='word_1_631' title='bbox 2397 2250 2584 2317; x_wconf 82' lang='lat' dir='ltr'>(Rom.</span> <span class='ocrx_word' id='word_1_632' title='bbox 2622 2267 2736 2315; x_wconf 83' lang='lat' dir='ltr'><strong>VIII,</strong></span> <span class='ocrx_word' id='word_1_633' title='bbox 2766 2254 2817 2315; x_wconf 88' lang='lat'>3,</span> <span class='ocrx_word' id='word_1_634' title='bbox 2845 2254 2914 2319; x_wconf 74' lang='grc'>4).</span> <span class='ocrx_word' id='word_1_635' title='bbox 2943 2252 3109 2306; x_wconf 84' lang='lat' dir='ltr'>Sicut</span> <span class='ocrx_word' id='word_1_636' title='bbox 3138 2254 3295 2307; x_wconf 85' lang='lat' dir='ltr'>enim</span> <span class='ocrx_word' id='word_1_637' title='bbox 3320 2269 3430 2319; x_wconf 85' lang='lat' dir='ltr'>per</span> <span class='ocrx_word' id='word_1_638' title='bbox 3454 2254 3624 2308; x_wconf 86' lang='lat' dir='ltr'>unius</span> <span class='ocrx_word' id='word_1_639' title='bbox 3654 2256 3963 2321; x_wconf 81' lang='lat' dir='ltr'>delictum,ait</span> 
     </span>
    </p>
   </div>
   <div class='ocr_carea' id='block_1_88' title="bbox 2393 2338 3963 2408">
    <p class='ocr_par' dir='ltr' id='par_1_88' title="bbox 2393 2338 3963 2408">
     <span class='ocr_line' id='line_1_88' title="bbox 2393 2338 3963 2408; baseline 0.004 -15"><span class='ocrx_word' id='word_1_640' title='bbox 2393 2338 2731 2408; x_wconf 81' lang='lat' dir='ltr'>Apostolus,</span> <span class='ocrx_word' id='word_1_641' title='bbox 2760 2341 2819 2394; x_wconf 85' lang='lat' dir='ltr'>in</span> <span class='ocrx_word' id='word_1_642' title='bbox 2847 2356 3042 2395; x_wconf 85' lang='lat' dir='ltr'>omnes</span> <span class='ocrx_word' id='word_1_643' title='bbox 3064 2342 3325 2396; x_wconf 87' lang='lat' dir='ltr'>homines</span> <span class='ocrx_word' id='word_1_644' title='bbox 3358 2343 3439 2397; x_wconf 90' lang='lat' dir='ltr'>ad</span> <span class='ocrx_word' id='word_1_645' title='bbox 3468 2344 3963 2407; x_wconf 76' lang='lat' dir='ltr'>condemnationem;</span> 
     </span>
    </p>
   </div>
   <div class='ocr_carea' id='block_1_89' title="bbox 2393 2427 4049 2497">
    <p class='ocr_par' dir='ltr' id='par_1_89' title="bbox 2393 2427 4049 2497">
     <span class='ocr_line' id='line_1_89' title="bbox 2393 2427 4049 2497; baseline 0.005 -16"><span class='ocrx_word' id='word_1_646' title='bbox 2393 2427 2477 2482; x_wconf 87' lang='lat' dir='ltr'>ita</span> <span class='ocrx_word' id='word_1_647' title='bbox 2506 2444 2614 2495; x_wconf 86' lang='lat' dir='ltr'>per</span> <span class='ocrx_word' id='word_1_648' title='bbox 2644 2431 2819 2482; x_wconf 83' lang='lat' dir='ltr'>unius</span> <span class='ocrx_word' id='word_1_649' title='bbox 2850 2430 3311 2497; x_wconf 81' lang='lat' dir='ltr'>jutiﬁcationem</span> <span class='ocrx_word' id='word_1_650' title='bbox 3342 2431 3406 2485; x_wconf 86' lang='lat' dir='ltr'>in</span> <span class='ocrx_word' id='word_1_651' title='bbox 3439 2447 3631 2487; x_wconf 84' lang='lat' dir='ltr'>omnes</span> <span class='ocrx_word' id='word_1_652' title='bbox 3667 2432 3882 2489; x_wconf 80' lang='lat' dir='ltr'>homines</span> <span class='ocrx_word' id='word_1_653' title='bbox 3914 2434 3964 2488; x_wconf 80' lang='lat' dir='ltr'>ad</span> <span class='ocrx_word' id='word_1_654' title='bbox 4048 2430 4049 2483; x_wconf 63' lang='grc' dir='ltr'>ἒ</span> 
     </span>
    </p>
   </div>
   <div class='ocr_carea' id='block_1_90' title="bbox 2381 2516 3964 2587">
    <p class='ocr_par' dir='ltr' id='par_1_90' title="bbox 2381 2516 3964 2587">
     <span class='ocr_line' id='line_1_90' title="bbox 2381 2516 3964 2587; baseline 0.003 -18"><span class='ocrx_word' id='word_1_655' title='bbox 2381 2516 2861 2585; x_wconf 84' lang='lat' dir='ltr'>justi/icationem</span> <span class='ocrx_word' id='word_1_656' title='bbox 2889 2518 3149 2587; x_wconf 63' lang='lat' dir='ltr'>vithrl.</span> <span class='ocrx_word' id='word_1_657' title='bbox 3169 2534 3221 2583; x_wconf 90' lang='lat' dir='ltr'>v,</span> <span class='ocrx_word' id='word_1_658' title='bbox 3242 2520 3353 2585; x_wconf 89' lang='grc'>18).</span> <span class='ocrx_word' id='word_1_659' title='bbox 3376 2523 3560 2574; x_wconf 86' lang='lat' dir='ltr'>Nemo</span> <span class='ocrx_word' id='word_1_660' title='bbox 3582 2521 3727 2575; x_wconf 91' lang='lat' dir='ltr'>enim</span> <span class='ocrx_word' id='word_1_661' title='bbox 3749 2523 3964 2585; x_wconf 82' lang='lat' dir='ltr'>nascitur,</span> 
     </span>
    </p>
   </div>
   <div class='ocr_carea' id='block_1_91' title="bbox 2391 2605 4049 2680">
    <p class='ocr_par' dir='ltr' id='par_1_91' title="bbox 2391 2605 4049 2680">
     <span class='ocr_line' id='line_1_91' title="bbox 2391 2605 4049 2680; baseline 0.004 -22"><span class='ocrx_word' id='word_1_662' title='bbox 2391 2605 2498 2658; x_wconf 90' lang='lat' dir='ltr'>nisi</span> <span class='ocrx_word' id='word_1_663' title='bbox 2523 2612 2805 2676; x_wconf 90' lang='lat' dir='ltr'>operante</span> <span class='ocrx_word' id='word_1_664' title='bbox 2821 2608 3302 2676; x_wconf 67' lang='lat' dir='ltr'>concupiscentia</span> <span class='ocrx_word' id='word_1_665' title='bbox 3324 2608 3579 2672; x_wconf 80' lang='lat' dir='ltr'>carnali,</span> <span class='ocrx_word' id='word_1_666' title='bbox 3597 2626 3721 2680; x_wconf 73' lang='lat' dir='ltr'>quae</span> <span class='ocrx_word' id='word_1_667' title='bbox 3740 2617 3886 2665; x_wconf 84' lang='lat' dir='ltr'>tracta</span> <span class='ocrx_word' id='word_1_668' title='bbox 3905 2616 3966 2664; x_wconf 85' lang='lat' dir='ltr'>est</span> <span class='ocrx_word' id='word_1_669' title='bbox 4048 2605 4049 2675; x_wconf 54' lang='grc' dir='ltr'>Ἰ</span> 
     </span>
    </p>
   </div>
   <div class='ocr_carea' id='block_1_92' title="bbox 2389 2694 4049 2773">
    <p class='ocr_par' dir='ltr' id='par_1_92' title="bbox 2389 2694 4049 2773">
     <span class='ocr_line' id='line_1_92' title="bbox 2389 2694 4049 2773; baseline 0.002 -24"><span class='ocrx_word' id='word_1_670' title='bbox 2389 2709 2458 2749; x_wconf 80' lang='lat' dir='ltr'>ex</span> <span class='ocrx_word' id='word_1_671' title='bbox 2476 2694 2561 2763; x_wconf 91' lang='lat' dir='ltr'>pri</span> <span class='ocrx_word' id='word_1_672' title='bbox 2576 2710 2666 2748; x_wconf 89' lang='lat' dir='ltr'>mo</span> <span class='ocrx_word' id='word_1_673' title='bbox 2683 2694 2925 2749; x_wconf 89' lang='lat' dir='ltr'>homine</span> <span class='ocrx_word' id='word_1_674' title='bbox 2943 2696 3045 2765; x_wconf 90' lang='lat' dir='ltr'>qui</span> <span class='ocrx_word' id='word_1_675' title='bbox 3059 2702 3147 2749; x_wconf 85' lang='lat' dir='ltr'>est</span> <span class='ocrx_word' id='word_1_676' title='bbox 3168 2696 3362 2752; x_wconf 82' lang='lat' dir='ltr'>Adam</span> <span class='ocrx_word' id='word_1_677' title='bbox 3386 2714 3402 2762; x_wconf 90' lang='lat'><strong>;</strong></span> <span class='ocrx_word' id='word_1_678' title='bbox 3427 2702 3483 2752; x_wconf 90' lang='lat' dir='ltr'>et</span> <span class='ocrx_word' id='word_1_679' title='bbox 3510 2713 3679 2753; x_wconf 92' lang='lat' dir='ltr'>nemo</span> <span class='ocrx_word' id='word_1_680' title='bbox 3694 2700 3964 2761; x_wconf 84' lang='lat' dir='ltr'>renascitur,</span> <span class='ocrx_word' id='word_1_681' title='bbox 4048 2710 4049 2773; x_wconf 53' lang='grc' dir='ltr'>ξ</span> 
     </span>
    </p>
   </div>
   <div class='ocr_carea' id='block_1_93' title="bbox 2387 2783 3966 2858">
    <p class='ocr_par' dir='ltr' id='par_1_93' title="bbox 2387 2783 3966 2858">
     <span class='ocr_line' id='line_1_93' title="bbox 2387 2783 3966 2858; baseline 0.004 -22"><span class='ocrx_word' id='word_1_682' title='bbox 2387 2783 2498 2837; x_wconf 92' lang='lat' dir='ltr'>nisi</span> <span class='ocrx_word' id='word_1_683' title='bbox 2521 2789 2804 2854; x_wconf 90' lang='lat' dir='ltr'>operante</span> <span class='ocrx_word' id='word_1_684' title='bbox 2838 2784 3030 2852; x_wconf 87' lang='lat' dir='ltr'>gratia</span> <span class='ocrx_word' id='word_1_685' title='bbox 3057 2786 3366 2856; x_wconf 90' lang='lat' dir='ltr'>spirituali,</span> <span class='ocrx_word' id='word_1_686' title='bbox 3396 2802 3532 2858; x_wconf 63' lang='lat' dir='ltr'>quae</span> <span class='ocrx_word' id='word_1_687' title='bbox 3562 2788 3693 2842; x_wconf 87' lang='lat' dir='ltr'>data</span> <span class='ocrx_word' id='word_1_688' title='bbox 3712 2796 3789 2843; x_wconf 91' lang='lat' dir='ltr'>est</span> <span class='ocrx_word' id='word_1_689' title='bbox 3808 2805 3887 2858; x_wconf 87' lang='lat' dir='ltr'>per</span> <span class='ocrx_word' id='word_1_690' title='bbox 3908 2805 3966 2844; x_wconf 82' lang='lat' dir='ltr'>se-</span> 
     </span>
    </p>
   </div>
   <div class='ocr_carea' id='block_1_94' title="bbox 2384 2873 4049 2948">
    <p class='ocr_par' dir='ltr' id='par_1_94' title="bbox 2384 2873 4049 2948">
     <span class='ocr_line' id='line_1_94' title="bbox 2384 2873 4049 2948; baseline 0.005 -23"><span class='ocrx_word' id='word_1_691' title='bbox 2384 2875 2647 2926; x_wconf 84' lang='lat' dir='ltr'>cundum</span> <span class='ocrx_word' id='word_1_692' title='bbox 2682 2873 3133 2945; x_wconf 86' lang='lat' dir='ltr'>hominem,qui</span> <span class='ocrx_word' id='word_1_693' title='bbox 3161 2880 3250 2928; x_wconf 90' lang='lat' dir='ltr'>est</span> <span class='ocrx_word' id='word_1_694' title='bbox 3273 2874 3559 2933; x_wconf 80' lang='lat' dir='ltr'>Christus.</span> <span class='ocrx_word' id='word_1_695' title='bbox 3594 2878 3910 2948; x_wconf 86' lang='lat' dir='ltr'>Quapropter</span> <span class='ocrx_word' id='word_1_696' title='bbox 3932 2878 3965 2931; x_wconf 90' lang='lat' dir='ltr'>si</span> <span class='ocrx_word' id='word_1_697' title='bbox 4048 2873 4049 2933; x_wconf 59' lang='grc' dir='ltr'><em>ἐ</em></span> 
     </span>
    </p>
   </div>
   <div class='ocr_carea' id='block_1_95' title="bbox 2385 2948 4049 3031">
    <p class='ocr_par' dir='ltr' id='par_1_95' title="bbox 2385 2948 4049 3031">
     <span class='ocr_line' id='line_1_95' title="bbox 2385 2948 4049 3031; baseline 0.002 -17"><span class='ocrx_word' id='word_1_698' title='bbox 2385 2960 2459 3014; x_wconf 90' lang='lat' dir='ltr'>ad</span> <span class='ocrx_word' id='word_1_699' title='bbox 2476 2960 2637 3014; x_wconf 91' lang='lat' dir='ltr'>illum</span> <span class='ocrx_word' id='word_1_700' title='bbox 2655 2961 2959 3015; x_wconf 87' lang='lat' dir='ltr'>nascendo</span> <span class='ocrx_word' id='word_1_701' title='bbox 2980 2961 3459 3031; x_wconf 88' lang='lat' dir='ltr'>pertinemus,ad</span> <span class='ocrx_word' id='word_1_702' title='bbox 3476 2964 3631 3019; x_wconf 91' lang='lat' dir='ltr'>hunc</span> <span class='ocrx_word' id='word_1_703' title='bbox 3645 2965 3960 3028; x_wconf 85' lang='lat' dir='ltr'>renascendo,</span> <span class='ocrx_word' id='word_1_704' title='bbox 4048 2948 4049 2955; x_wconf 23' lang='lat'>‘</span> 
     </span>
    </p>
   </div>
   <div class='ocr_carea' id='block_1_96' title="bbox 2383 3048 3965 3125">
    <p class='ocr_par' dir='ltr' id='par_1_96' title="bbox 2383 3048 3965 3125">
     <span class='ocr_line' id='line_1_96' title="bbox 2383 3048 3965 3125; baseline 0.002 -22"><span class='ocrx_word' id='word_1_705' title='bbox 2383 3064 2491 3103; x_wconf 92' lang='lat' dir='ltr'>nec</span> <span class='ocrx_word' id='word_1_706' title='bbox 2530 3048 2757 3103; x_wconf 87' lang='lat' dir='ltr'>renasci</span> <span class='ocrx_word' id='word_1_707' title='bbox 2790 3049 3111 3121; x_wconf 79' lang='lat' dir='ltr'>quisquam</span> <span class='ocrx_word' id='word_1_708' title='bbox 3151 3056 3345 3121; x_wconf 89' lang='lat' dir='ltr'>potest</span> <span class='ocrx_word' id='word_1_709' title='bbox 3377 3059 3699 3125; x_wconf 87' lang='lat' dir='ltr'>antequam</span> <span class='ocrx_word' id='word_1_710' title='bbox 3728 3062 3874 3109; x_wconf 87' lang='lat' dir='ltr'>natus</span> <span class='ocrx_word' id='word_1_711' title='bbox 3900 3056 3965 3117; x_wconf 85' lang='lat' dir='ltr'>sit;</span> 
     </span>
    </p>
   </div>
   <div class='ocr_carea' id='block_1_97' title="bbox 2386 3137 3961 3207">
    <p class='ocr_par' dir='ltr' id='par_1_97' title="bbox 2386 3137 3961 3207">
     <span class='ocr_line' id='line_1_97' title="bbox 2386 3137 3961 3207; baseline 0.002 -16"><span class='ocrx_word' id='word_1_712' title='bbox 2386 3137 2648 3207; x_wconf 87' lang='lat' dir='ltr'>profecto</span> <span class='ocrx_word' id='word_1_713' title='bbox 2669 3137 2763 3193; x_wconf 89' lang='lat' dir='ltr'>ille</span> <span class='ocrx_word' id='word_1_714' title='bbox 2785 3138 3166 3206; x_wconf 88' lang='lat' dir='ltr'>singulariter</span> <span class='ocrx_word' id='word_1_715' title='bbox 3193 3147 3367 3194; x_wconf 89' lang='lat' dir='ltr'>natus</span> <span class='ocrx_word' id='word_1_716' title='bbox 3390 3147 3499 3207; x_wconf 91' lang='lat' dir='ltr'>est,</span> <span class='ocrx_word' id='word_1_717' title='bbox 3524 3142 3615 3196; x_wconf 93' lang='lat' dir='ltr'>cui</span> <span class='ocrx_word' id='word_1_718' title='bbox 3643 3142 3843 3198; x_wconf 88' lang='lat' dir='ltr'>renasci</span> <span class='ocrx_word' id='word_1_719' title='bbox 3879 3157 3961 3195; x_wconf 86' lang='lat' dir='ltr'>non</span> 
     </span>
    </p>
   </div>
   <div class='ocr_carea' id='block_1_98' title="bbox 2380 3227 3964 3303">
    <p class='ocr_par' dir='ltr' id='par_1_98' title="bbox 2380 3227 3964 3303">
     <span class='ocr_line' id='line_1_98' title="bbox 2380 3227 3964 3303; baseline 0.002 -23"><span class='ocrx_word' id='word_1_720' title='bbox 2380 3242 2532 3296; x_wconf 90' lang='lat' dir='ltr'>opus</span> <span class='ocrx_word' id='word_1_721' title='bbox 2563 3228 2697 3293; x_wconf 81' lang='lat' dir='ltr'>fuit;</span> <span class='ocrx_word' id='word_1_722' title='bbox 2725 3227 2862 3297; x_wconf 89' lang='lat' dir='ltr'>quia</span> <span class='ocrx_word' id='word_1_723' title='bbox 2893 3243 3015 3281; x_wconf 90' lang='lat' dir='ltr'>non</span> <span class='ocrx_word' id='word_1_724' title='bbox 3046 3242 3116 3282; x_wconf 86' lang='lat' dir='ltr'>ex</span> <span class='ocrx_word' id='word_1_725' title='bbox 3149 3234 3413 3298; x_wconf 89' lang='lat' dir='ltr'>peccato,</span> <span class='ocrx_word' id='word_1_726' title='bbox 3453 3230 3515 3286; x_wconf 93' lang='lat' dir='ltr'>in</span> <span class='ocrx_word' id='word_1_727' title='bbox 3555 3247 3671 3303; x_wconf 91' lang='lat' dir='ltr'>quo</span> <span class='ocrx_word' id='word_1_728' title='bbox 3716 3246 3964 3301; x_wconf 85' lang='lat' dir='ltr'>nunquam</span> 
     </span>
    </p>
   </div>
   <div class='ocr_carea' id='block_1_99' title="bbox 2378 3314 3964 3391">
    <p class='ocr_par' dir='ltr' id='par_1_99' title="bbox 2378 3314 3964 3391">
     <span class='ocr_line' id='line_1_99' title="bbox 2378 3314 3964 3391; baseline 0.001 -23"><span class='ocrx_word' id='word_1_729' title='bbox 2378 3314 2508 3379; x_wconf 86' lang='lat' dir='ltr'>fuit,</span> <span class='ocrx_word' id='word_1_730' title='bbox 2542 3316 2853 3370; x_wconf 89' lang='lat' dir='ltr'>transitum</span> <span class='ocrx_word' id='word_1_731' title='bbox 2883 3315 3038 3383; x_wconf 84' lang='lat' dir='ltr'>fecit,</span> <span class='ocrx_word' id='word_1_732' title='bbox 3069 3332 3259 3388; x_wconf 86' lang='lat' dir='ltr'>neque</span> <span class='ocrx_word' id='word_1_733' title='bbox 3288 3318 3345 3371; x_wconf 92' lang='lat' dir='ltr'>in</span> <span class='ocrx_word' id='word_1_734' title='bbox 3372 3318 3681 3391; x_wconf 88' lang='lat' dir='ltr'>iniquitate</span> <span class='ocrx_word' id='word_1_735' title='bbox 3706 3326 3964 3389; x_wconf 87' lang='lat' dir='ltr'>conceptus</span> 
     </span>
    </p>
   </div>
   <div class='ocr_carea' id='block_1_100' title="bbox 2382 3404 3964 3477">
    <p class='ocr_par' dir='ltr' id='par_1_100' title="bbox 2382 3404 3964 3477">
     <span class='ocr_line' id='line_1_100' title="bbox 2382 3404 3964 3477; baseline 0.001 -20"><span class='ocrx_word' id='word_1_736' title='bbox 2382 3410 2486 3467; x_wconf 83' lang='lat' dir='ltr'>est,</span> <span class='ocrx_word' id='word_1_737' title='bbox 2516 3410 2617 3459; x_wconf 89' lang='lat' dir='ltr'>aut</span> <span class='ocrx_word' id='word_1_738' title='bbox 2645 3420 2782 3465; x_wconf 87' lang='lat' dir='ltr'>eum</span> <span class='ocrx_word' id='word_1_739' title='bbox 2814 3405 2872 3459; x_wconf 91' lang='lat' dir='ltr'>in</span> <span class='ocrx_word' id='word_1_740' title='bbox 2905 3404 3128 3460; x_wconf 86' lang='lat' dir='ltr'>delictis</span> <span class='ocrx_word' id='word_1_741' title='bbox 3162 3412 3351 3460; x_wconf 88' lang='lat' dir='ltr'>mater</span> <span class='ocrx_word' id='word_1_742' title='bbox 3377 3408 3513 3477; x_wconf 88' lang='lat' dir='ltr'>ejus</span> <span class='ocrx_word' id='word_1_743' title='bbox 3551 3409 3609 3463; x_wconf 92' lang='lat' dir='ltr'>in</span> <span class='ocrx_word' id='word_1_744' title='bbox 3655 3414 3802 3463; x_wconf 90' lang='lat' dir='ltr'>utero</span> <span class='ocrx_word' id='word_1_745' title='bbox 3828 3405 3964 3463; x_wconf 84' lang='lat' dir='ltr'>aluit:</span> 
     </span>
    </p>
   </div>
   <div class='ocr_carea' id='block_1_101' title="bbox 2382 3494 3967 3565">
    <p class='ocr_par' dir='ltr' id='par_1_101' title="bbox 2382 3494 3967 3565">
     <span class='ocr_line' id='line_1_101' title="bbox 2382 3494 3967 3565; baseline 0.003 -18"><span class='ocrx_word' id='word_1_746' title='bbox 2382 3494 2520 3563; x_wconf 88' lang='lat' dir='ltr'>quia</span> <span class='ocrx_word' id='word_1_747' title='bbox 2541 3494 2787 3563; x_wconf 87' lang='lat' dir='ltr'>Spiritus</span> <span class='ocrx_word' id='word_1_748' title='bbox 2801 3500 3040 3549; x_wconf 89' lang='lat' dir='ltr'>sanctus</span> <span class='ocrx_word' id='word_1_749' title='bbox 3054 3496 3393 3565; x_wconf 87' lang='lat' dir='ltr'>supervenit</span> <span class='ocrx_word' id='word_1_750' title='bbox 3414 3497 3474 3551; x_wconf 91' lang='lat' dir='ltr'>in</span> <span class='ocrx_word' id='word_1_751' title='bbox 3493 3514 3648 3561; x_wconf 89' lang='lat' dir='ltr'>eam,</span> <span class='ocrx_word' id='word_1_752' title='bbox 3664 3503 3717 3553; x_wconf 88' lang='lat' dir='ltr'>et</span> <span class='ocrx_word' id='word_1_753' title='bbox 3734 3496 3967 3552; x_wconf 71' lang='lat' dir='ltr'>virtusAl-</span> 
     </span>
    </p>
   </div>
   <div class='ocr_carea' id='block_1_102' title="bbox 2383 3583 3963 3658">
    <p class='ocr_par' dir='ltr' id='par_1_102' title="bbox 2383 3583 3963 3658">
     <span class='ocr_line' id='line_1_102' title="bbox 2383 3583 3963 3658; baseline 0.001 -22"><span class='ocrx_word' id='word_1_754' title='bbox 2383 3583 2592 3637; x_wconf 88' lang='lat' dir='ltr'>tissimi</span> <span class='ocrx_word' id='word_1_755' title='bbox 2618 3584 3000 3639; x_wconf 89' lang='lat' dir='ltr'>obumbravit</span> <span class='ocrx_word' id='word_1_756' title='bbox 3030 3600 3193 3649; x_wconf 88' lang='lat' dir='ltr'>eam;</span> <span class='ocrx_word' id='word_1_757' title='bbox 3230 3584 3388 3639; x_wconf 86' lang='lat' dir='ltr'>unde</span> <span class='ocrx_word' id='word_1_758' title='bbox 3416 3589 3578 3658; x_wconf 84' lang='lat' dir='ltr'>quod</span> <span class='ocrx_word' id='word_1_759' title='bbox 3610 3594 3799 3642; x_wconf 90' lang='lat' dir='ltr'>natum</span> <span class='ocrx_word' id='word_1_760' title='bbox 3822 3592 3963 3641; x_wconf 78' lang='lat' dir='ltr'>estex</span> 
     </span>
    </p>
   </div>
   <div class='ocr_carea' id='block_1_103' title="bbox 2381 3672 3966 3746">
    <p class='ocr_par' dir='ltr' id='par_1_103' title="bbox 2381 3672 3966 3746">
     <span class='ocr_line' id='line_1_103' title="bbox 2381 3672 3966 3746; baseline 0.002 -21"><span class='ocrx_word' id='word_1_761' title='bbox 2381 3687 2450 3725; x_wconf 92' lang='lat' dir='ltr'>ea</span> <span class='ocrx_word' id='word_1_762' title='bbox 2464 3674 2767 3737; x_wconf 90' lang='lat' dir='ltr'>Sanctum,</span> <span class='ocrx_word' id='word_1_763' title='bbox 2789 3677 3032 3727; x_wconf 90' lang='lat' dir='ltr'>vocatur</span> <span class='ocrx_word' id='word_1_764' title='bbox 3046 3672 3222 3727; x_wconf 89' lang='lat' dir='ltr'>Filius</span> <span class='ocrx_word' id='word_1_765' title='bbox 3246 3674 3363 3730; x_wconf 90' lang='lat' dir='ltr'>Dei.</span> <span class='ocrx_word' id='word_1_766' title='bbox 3390 3677 3730 3746; x_wconf 83' lang='lat' dir='ltr'>Nuptiarum</span> <span class='ocrx_word' id='word_1_767' title='bbox 3751 3676 3881 3731; x_wconf 88' lang='lat' dir='ltr'>enim</span> <span class='ocrx_word' id='word_1_768' title='bbox 3895 3675 3966 3728; x_wconf 82' lang='lat' dir='ltr'>bo-</span> 
     </span>
    </p>
   </div>
   <div class='ocr_carea' id='block_1_104' title="bbox 2380 3761 3966 3830">
    <p class='ocr_par' dir='ltr' id='par_1_104' title="bbox 2380 3761 3966 3830">
     <span class='ocr_line' id='line_1_104' title="bbox 2380 3761 3966 3830; baseline 0.001 -16"><span class='ocrx_word' id='word_1_769' title='bbox 2380 3774 2526 3815; x_wconf 91' lang='lat' dir='ltr'>num</span> <span class='ocrx_word' id='word_1_770' title='bbox 2559 3776 2678 3815; x_wconf 90' lang='lat' dir='ltr'>non</span> <span class='ocrx_word' id='word_1_771' title='bbox 2709 3761 3048 3830; x_wconf 85' lang='lat' dir='ltr'>exstinguit,</span> <span class='ocrx_word' id='word_1_772' title='bbox 3084 3762 3191 3817; x_wconf 89' lang='lat' dir='ltr'>sed</span> <span class='ocrx_word' id='word_1_773' title='bbox 3219 3762 3526 3818; x_wconf 87' lang='lat' dir='ltr'>modiﬁcat</span> <span class='ocrx_word' id='word_1_774' title='bbox 3564 3765 3966 3819; x_wconf 86' lang='lat' dir='ltr'>inobedieutium</span> 
     </span>
    </p>
   </div>
   <div class='ocr_carea' id='block_1_105' title="bbox 2379 3849 3970 3923">
    <p class='ocr_par' dir='ltr' id='par_1_105' title="bbox 2379 3849 3970 3923">
     <span class='ocr_line' id='line_1_105' title="bbox 2379 3849 3970 3923; baseline 0.001 -20"><span class='ocrx_word' id='word_1_775' title='bbox 2379 3849 2789 3905; x_wconf 90' lang='lat' dir='ltr'>membrorum</span> <span class='ocrx_word' id='word_1_776' title='bbox 2806 3850 3053 3915; x_wconf 90' lang='lat' dir='ltr'>malum,</span> <span class='ocrx_word' id='word_1_777' title='bbox 3073 3857 3134 3904; x_wconf 90' lang='lat' dir='ltr'>ut</span> <span class='ocrx_word' id='word_1_778' title='bbox 3150 3851 3399 3906; x_wconf 83' lang='lat' dir='ltr'>limitata</span> <span class='ocrx_word' id='word_1_779' title='bbox 3415 3854 3851 3923; x_wconf 89' lang='lat' dir='ltr'>quodammodo</span> <span class='ocrx_word' id='word_1_780' title='bbox 3870 3867 3970 3906; x_wconf 87' lang='lat' dir='ltr'>con-</span> 
     </span>
    </p>
   </div>
   <div class='ocr_carea' id='block_1_106' title="bbox 2378 3939 3968 4013">
    <p class='ocr_par' dir='ltr' id='par_1_106' title="bbox 2378 3939 3968 4013">
     <span class='ocr_line' id='line_1_106' title="bbox 2378 3939 3968 4013; baseline 0 -22"><span class='ocrx_word' id='word_1_781' title='bbox 2378 3939 2742 4009; x_wconf 88' lang='lat' dir='ltr'>cupiscentia</span> <span class='ocrx_word' id='word_1_782' title='bbox 2784 3939 3063 4003; x_wconf 89' lang='lat' dir='ltr'>carnalis,</span> <span class='ocrx_word' id='word_1_783' title='bbox 3106 3940 3210 3994; x_wconf 91' lang='lat' dir='ltr'>ﬁat</span> <span class='ocrx_word' id='word_1_784' title='bbox 3254 3940 3465 3995; x_wconf 90' lang='lat' dir='ltr'>saltem</span> <span class='ocrx_word' id='word_1_785' title='bbox 3504 3943 3779 4013; x_wconf 88' lang='lat' dir='ltr'>pudicitia</span> <span class='ocrx_word' id='word_1_786' title='bbox 3814 3941 3968 4008; x_wconf 84' lang='lat' dir='ltr'>conju-</span> 
     </span>
    </p>
   </div>
   <div class='ocr_carea' id='block_1_107' title="bbox 2377 4026 3971 4099">
    <p class='ocr_par' dir='ltr' id='par_1_107' title="bbox 2377 4026 3971 4099">
     <span class='ocr_line' id='line_1_107' title="bbox 2377 4026 3971 4099; baseline 0 -19"><span class='ocrx_word' id='word_1_787' title='bbox 2377 4026 2548 4095; x_wconf 86' lang='lat' dir='ltr'>galis.</span> <span class='ocrx_word' id='word_1_788' title='bbox 2584 4028 2757 4096; x_wconf 85' lang='lat' dir='ltr'>Virgo</span> <span class='ocrx_word' id='word_1_789' title='bbox 2789 4032 2988 4083; x_wconf 89' lang='lat' dir='ltr'>autem</span> <span class='ocrx_word' id='word_1_790' title='bbox 3018 4028 3195 4084; x_wconf 82' lang='lat' dir='ltr'>Maria</span> <span class='ocrx_word' id='word_1_791' title='bbox 3228 4028 3321 4083; x_wconf 88' lang='lat' dir='ltr'>cui</span> <span class='ocrx_word' id='word_1_792' title='bbox 3350 4029 3581 4085; x_wconf 89' lang='lat' dir='ltr'>dictum</span> <span class='ocrx_word' id='word_1_793' title='bbox 3605 4035 3709 4099; x_wconf 89' lang='lat' dir='ltr'>est,</span> <span class='ocrx_word' id='word_1_794' title='bbox 3743 4032 3806 4086; x_wconf 85' lang='lat' dir='ltr'>Et</span> <span class='ocrx_word' id='word_1_795' title='bbox 3828 4031 3971 4085; x_wconf 76' lang='lat' dir='ltr'>virtus</span> 
     </span>
    </p>
   </div>
   <div class='ocr_carea' id='block_1_108' title="bbox 2374 4116 3972 4189">
    <p class='ocr_par' dir='ltr' id='par_1_108' title="bbox 2374 4116 3972 4189">
     <span class='ocr_line' id='line_1_108' title="bbox 2374 4116 3972 4189; baseline -0.001 -19"><span class='ocrx_word' id='word_1_796' title='bbox 2374 4116 2664 4171; x_wconf 87' lang='lat' dir='ltr'>Altissimi</span> <span class='ocrx_word' id='word_1_797' title='bbox 2680 4116 2849 4172; x_wconf 89' lang='lat' dir='ltr'>obum</span> <span class='ocrx_word' id='word_1_798' title='bbox 2860 4117 3048 4172; x_wconf 82' lang='lat' dir='ltr'>brabit</span> <span class='ocrx_word' id='word_1_799' title='bbox 3066 4117 3173 4171; x_wconf 87' lang='lat' dir='ltr'>tibi</span> <span class='ocrx_word' id='word_1_800' title='bbox 3184 4117 3332 4187; x_wconf 84' lang='lat' dir='ltr'>(Luc</span> <span class='ocrx_word' id='word_1_801' title='bbox 3346 4137 3383 4182; x_wconf 85' lang='grc' dir='ltr'>ι,</span> <span class='ocrx_word' id='word_1_802' title='bbox 3407 4119 3589 4189; x_wconf 81' lang='grc' dir='ltr'>35),ἰη</span> <span class='ocrx_word' id='word_1_803' title='bbox 3611 4126 3855 4175; x_wconf 89' lang='lat' dir='ltr'>sanctam</span> <span class='ocrx_word' id='word_1_804' title='bbox 3874 4133 3972 4171; x_wconf 80' lang='lat' dir='ltr'>con~</span> 
     </span>
    </p>
   </div>
   <div class='ocr_carea' id='block_1_109' title="bbox 2374 4205 3972 4276">
    <p class='ocr_par' dir='ltr' id='par_1_109' title="bbox 2374 4205 3972 4276">
     <span class='ocr_line' id='line_1_109' title="bbox 2374 4205 3972 4276; baseline 0 -18"><span class='ocrx_word' id='word_1_805' title='bbox 2374 4205 2643 4275; x_wconf 90' lang='lat' dir='ltr'>cipiendo</span> <span class='ocrx_word' id='word_1_806' title='bbox 2671 4206 2918 4276; x_wconf 86' lang='lat' dir='ltr'>prolem,</span> <span class='ocrx_word' id='word_1_807' title='bbox 2950 4205 3061 4259; x_wconf 89' lang='lat' dir='ltr'>sub</span> <span class='ocrx_word' id='word_1_808' title='bbox 3102 4205 3201 4261; x_wconf 88' lang='lat' dir='ltr'>tali</span> <span class='ocrx_word' id='word_1_809' title='bbox 3238 4206 3591 4263; x_wconf 89' lang='lat' dir='ltr'>umbraculo</span> <span class='ocrx_word' id='word_1_810' title='bbox 3619 4208 3774 4264; x_wconf 91' lang='lat' dir='ltr'>nullo</span> <span class='ocrx_word' id='word_1_811' title='bbox 3810 4206 3972 4263; x_wconf 84' lang='lat' dir='ltr'>ardore</span> 
     </span>
    </p>
   </div>
   <div class='ocr_carea' id='block_1_110' title="bbox 2372 4294 3971 4367">
    <p class='ocr_par' dir='ltr' id='par_1_110' title="bbox 2372 4294 3971 4367">
     <span class='ocr_line' id='line_1_110' title="bbox 2372 4294 3971 4367; baseline -0.001 -19"><span class='ocrx_word' id='word_1_812' title='bbox 2372 4294 2868 4365; x_wconf 56' lang='lat' dir='ltr'>concupiscentiae</span> <span class='ocrx_word' id='word_1_813' title='bbox 2897 4294 3077 4364; x_wconf 89' lang='lat' dir='ltr'>hujus</span> <span class='ocrx_word' id='word_1_814' title='bbox 3114 4296 3402 4350; x_wconf 69' lang='lat' dir='ltr'>aastuavit.</span> <span class='ocrx_word' id='word_1_815' title='bbox 3450 4299 3570 4351; x_wconf 87' lang='lat' dir='ltr'>Hoc</span> <span class='ocrx_word' id='word_1_816' title='bbox 3604 4313 3740 4367; x_wconf 89' lang='lat' dir='ltr'>ergo</span> <span class='ocrx_word' id='word_1_817' title='bbox 3776 4300 3971 4365; x_wconf 85' lang='lat' dir='ltr'>excepto</span> 
     </span>
    </p>
   </div>
   <div class='ocr_carea' id='block_1_111' title="bbox 2368 4382 3975 4455">
    <p class='ocr_par' dir='ltr' id='par_1_111' title="bbox 2368 4382 3975 4455">
     <span class='ocr_line' id='line_1_111' title="bbox 2368 4382 3975 4455; baseline -0.001 -17"><span class='ocrx_word' id='word_1_818' title='bbox 2368 4382 2567 4453; x_wconf 92' lang='lat' dir='ltr'>lapide</span> <span class='ocrx_word' id='word_1_819' title='bbox 2582 4383 2871 4450; x_wconf 86' lang='lat' dir='ltr'>angulari,</span> <span class='ocrx_word' id='word_1_820' title='bbox 2890 4398 3009 4436; x_wconf 91' lang='lat' dir='ltr'>non</span> <span class='ocrx_word' id='word_1_821' title='bbox 3026 4383 3200 4438; x_wconf 90' lang='lat' dir='ltr'>video</span> <span class='ocrx_word' id='word_1_822' title='bbox 3218 4385 3528 4455; x_wconf 90' lang='lat' dir='ltr'>quomodo</span> <span class='ocrx_word' id='word_1_823' title='bbox 3546 4385 3886 4441; x_wconf 70' lang='lat' dir='ltr'>aediﬁcentur</span> <span class='ocrx_word' id='word_1_824' title='bbox 3902 4383 3975 4437; x_wconf 87' lang='lat' dir='ltr'>ho-</span> 
     </span>
    </p>
   </div>
   <div class='ocr_carea' id='block_1_112' title="bbox 2369 4471 3973 4530">
    <p class='ocr_par' dir='ltr' id='par_1_112' title="bbox 2369 4471 3973 4530">
     <span class='ocr_line' id='line_1_112' title="bbox 2369 4471 3973 4530; baseline -0.002 -4"><span class='ocrx_word' id='word_1_825' title='bbox 2369 4472 2561 4526; x_wconf 89' lang='lat' dir='ltr'>mines</span> <span class='ocrx_word' id='word_1_826' title='bbox 2580 4474 2636 4526; x_wconf 90' lang='lat' dir='ltr'>in</span> <span class='ocrx_word' id='word_1_827' title='bbox 2655 4471 2904 4525; x_wconf 91' lang='lat' dir='ltr'>domum</span> <span class='ocrx_word' id='word_1_828' title='bbox 2925 4473 3024 4526; x_wconf 92' lang='lat' dir='ltr'>Dei</span> <span class='ocrx_word' id='word_1_829' title='bbox 3047 4473 3124 4527; x_wconf 87' lang='lat' dir='ltr'>ad</span> <span class='ocrx_word' id='word_1_830' title='bbox 3148 4472 3492 4528; x_wconf 85' lang='lat' dir='ltr'>habendum</span> <span class='ocrx_word' id='word_1_831' title='bbox 3522 4476 3580 4529; x_wconf 91' lang='lat' dir='ltr'>in</span> <span class='ocrx_word' id='word_1_832' title='bbox 3607 4490 3669 4529; x_wconf 91' lang='lat' dir='ltr'>se</span> <span class='ocrx_word' id='word_1_833' title='bbox 3692 4474 3973 4530; x_wconf 83' lang='lat' dir='ltr'>inhabitan-</span> 
     </span>
    </p>
   </div>
   <div class='ocr_carea' id='block_1_113' title="bbox 2370 4560 3977 4635">
    <p class='ocr_par' dir='ltr' id='par_1_113' title="bbox 2370 4560 3977 4635">
     <span class='ocr_line' id='line_1_113' title="bbox 2370 4560 3977 4635; baseline 0 -22"><span class='ocrx_word' id='word_1_834' title='bbox 2370 4570 2484 4621; x_wconf 76' lang='lat' dir='ltr'>tem</span> <span class='ocrx_word' id='word_1_835' title='bbox 2501 4563 2707 4626; x_wconf 91' lang='lat' dir='ltr'>Deum,</span> <span class='ocrx_word' id='word_1_836' title='bbox 2726 4560 2837 4615; x_wconf 90' lang='lat' dir='ltr'>nisi</span> <span class='ocrx_word' id='word_1_837' title='bbox 2852 4575 2988 4615; x_wconf 92' lang='lat' dir='ltr'>cum</span> <span class='ocrx_word' id='word_1_838' title='bbox 3004 4560 3219 4615; x_wconf 87' lang='lat' dir='ltr'>fuerint</span> <span class='ocrx_word' id='word_1_839' title='bbox 3232 4562 3441 4629; x_wconf 88' lang='lat' dir='ltr'>renati;</span> <span class='ocrx_word' id='word_1_840' title='bbox 3458 4563 3624 4634; x_wconf 91' lang='lat' dir='ltr'>quod</span> <span class='ocrx_word' id='word_1_841' title='bbox 3638 4579 3754 4619; x_wconf 91' lang='lat' dir='ltr'>non</span> <span class='ocrx_word' id='word_1_842' title='bbox 3768 4564 3977 4635; x_wconf 85' lang='lat' dir='ltr'>possunt</span> 
     </span>
    </p>
   </div>
   <div class='ocr_carea' id='block_1_114' title="bbox 2366 4650 3024 4720">
    <p class='ocr_par' dir='ltr' id='par_1_114' title="bbox 2366 4650 3024 4720">
     <span class='ocr_line' id='line_1_114' title="bbox 2366 4650 3024 4720; baseline 0 -17"><span class='ocrx_word' id='word_1_843' title='bbox 2366 4664 2494 4704; x_wconf 88' lang='lat' dir='ltr'>esse</span> <span class='ocrx_word' id='word_1_844' title='bbox 2521 4654 2845 4720; x_wconf 87' lang='lat' dir='ltr'>antequam</span> <span class='ocrx_word' id='word_1_845' title='bbox 2880 4650 3024 4703; x_wconf 91' lang='lat' dir='ltr'>nati.</span> 
     </span>
    </p>
   </div>
   <div class='ocr_carea' id='block_1_115' title="bbox 2438 4736 3976 4812">
    <p class='ocr_par' dir='ltr' id='par_1_115' title="bbox 2438 4736 3976 4812">
     <span class='ocr_line' id='line_1_115' title="bbox 2438 4736 3976 4812; baseline -0.003 -18"><span class='ocrx_word' id='word_1_846' title='bbox 2438 4740 2668 4794; x_wconf 85' lang='lat' dir='ltr'>CAPUT</span> <span class='ocrx_word' id='word_1_847' title='bbox 2696 4739 2753 4793; x_wconf 85' lang='lat' dir='ltr'>X.</span> <span class='ocrx_word' id='word_1_848' title='bbox 2788 4768 2855 4780; x_wconf 90' lang='lat'><strong>——</strong></span> <span class='ocrx_word' id='word_1_849' title='bbox 2874 4742 2959 4793; x_wconf 84' lang='lat'>32.</span> <span class='ocrx_word' id='word_1_850' title='bbox 2983 4737 3321 4803; x_wconf 85' lang='lat' dir='ltr'>Quamlibet</span> <span class='ocrx_word' id='word_1_851' title='bbox 3346 4739 3546 4812; x_wconf 89' lang='lat' dir='ltr'>itaque</span> <span class='ocrx_word' id='word_1_852' title='bbox 3574 4741 3902 4796; x_wconf 84' lang='lat' dir='ltr'>sententiam</span> <span class='ocrx_word' id='word_1_853' title='bbox 3922 4736 3976 4791; x_wconf 87' lang='lat' dir='ltr'>de</span> 
     </span>
    </p>
   </div>
   <div class='ocr_carea' id='block_1_116' title="bbox 2364 4827 3975 4897">
    <p class='ocr_par' dir='ltr' id='par_1_116' title="bbox 2364 4827 3975 4897">
     <span class='ocr_line' id='line_1_116' title="bbox 2364 4827 3975 4897; baseline -0.001 -17"><span class='ocrx_word' id='word_1_854' title='bbox 2364 4827 2838 4897; x_wconf 70' lang='lat' dir='ltr'>praegnantibus,</span> <span class='ocrx_word' id='word_1_855' title='bbox 2862 4828 2982 4882; x_wconf 92' lang='lat' dir='ltr'>imo</span> <span class='ocrx_word' id='word_1_856' title='bbox 3003 4827 3075 4881; x_wconf 90' lang='lat' dir='ltr'>de</span> <span class='ocrx_word' id='word_1_857' title='bbox 3099 4827 3441 4883; x_wconf 89' lang='lat' dir='ltr'>hominibus</span> <span class='ocrx_word' id='word_1_858' title='bbox 3464 4829 3796 4885; x_wconf 88' lang='lat' dir='ltr'>habeamus</span> <span class='ocrx_word' id='word_1_859' title='bbox 3817 4828 3975 4884; x_wconf 84' lang='lat' dir='ltr'>adhuc</span> 
     </span>
    </p>
   </div>
   <div class='ocr_carea' id='block_1_117' title="bbox 2362 4916 3977 4982">
    <p class='ocr_par' dir='ltr' id='par_1_117' title="bbox 2362 4916 3977 4982">
     <span class='ocr_line' id='line_1_117' title="bbox 2362 4916 3977 4982; baseline -0.002 -12"><span class='ocrx_word' id='word_1_860' title='bbox 2362 4916 2513 4972; x_wconf 87' lang='lat' dir='ltr'>intra</span> <span class='ocrx_word' id='word_1_861' title='bbox 2546 4922 2819 4972; x_wconf 87' lang='lat' dir='ltr'>materna</span> <span class='ocrx_word' id='word_1_862' title='bbox 2850 4916 3077 4971; x_wconf 83' lang='lat' dir='ltr'>viscera</span> <span class='ocrx_word' id='word_1_863' title='bbox 3106 4916 3459 4982; x_wconf 87' lang='lat' dir='ltr'>constitutis,</span> <span class='ocrx_word' id='word_1_864' title='bbox 3494 4924 3695 4973; x_wconf 87' lang='lat' dir='ltr'>utrum</span> <span class='ocrx_word' id='word_1_865' title='bbox 3728 4918 3977 4972; x_wconf 76' lang='lat' dir='ltr'>existime-</span> 
     </span>
    </p>
   </div>
   <div class='ocr_carea' id='block_1_118' title="bbox 2362 5003 3977 5077">
    <p class='ocr_par' dir='ltr' id='par_1_118' title="bbox 2362 5003 3977 5077">
     <span class='ocr_line' id='line_1_118' title="bbox 2362 5003 3977 5077; baseline -0.002 -18"><span class='ocrx_word' id='word_1_866' title='bbox 2362 5020 2496 5059; x_wconf 89' lang='lat' dir='ltr'>mus</span> <span class='ocrx_word' id='word_1_867' title='bbox 2518 5020 2619 5061; x_wconf 89' lang='lat' dir='ltr'>eos</span> <span class='ocrx_word' id='word_1_868' title='bbox 2644 5020 2831 5061; x_wconf 90' lang='lat' dir='ltr'>necne</span> <span class='ocrx_word' id='word_1_869' title='bbox 2857 5004 3069 5060; x_wconf 91' lang='lat' dir='ltr'>donari</span> <span class='ocrx_word' id='word_1_870' title='bbox 3097 5021 3271 5075; x_wconf 89' lang='lat' dir='ltr'>posse</span> <span class='ocrx_word' id='word_1_871' title='bbox 3297 5006 3497 5077; x_wconf 89' lang='lat' dir='ltr'>aliquo</span> <span class='ocrx_word' id='word_1_872' title='bbox 3529 5003 3977 5063; x_wconf 85' lang='lat' dir='ltr'>sanctiﬁcationis</span> 
     </span>
    </p>
   </div>
   <div class='ocr_carea' id='block_1_119' title="bbox 2361 5094 3977 5166">
    <p class='ocr_par' dir='ltr' id='par_1_119' title="bbox 2361 5094 3977 5166">
     <span class='ocr_line' id='line_1_119' title="bbox 2361 5094 3977 5166; baseline -0.004 -18"><span class='ocrx_word' id='word_1_873' title='bbox 2361 5094 2675 5161; x_wconf 87' lang='lat' dir='ltr'>modo;vel</span> <span class='ocrx_word' id='word_1_874' title='bbox 2713 5099 2953 5165; x_wconf 89' lang='lat' dir='ltr'>propter</span> <span class='ocrx_word' id='word_1_875' title='bbox 2981 5096 3293 5159; x_wconf 82' lang='lat' dir='ltr'>Joannem,</span> <span class='ocrx_word' id='word_1_876' title='bbox 3329 5096 3431 5166; x_wconf 89' lang='lat' dir='ltr'>qui</span> <span class='ocrx_word' id='word_1_877' title='bbox 3465 5097 3730 5150; x_wconf 89' lang='lat' dir='ltr'>nondum</span> <span class='ocrx_word' id='word_1_878' title='bbox 3762 5096 3813 5149; x_wconf 91' lang='lat' dir='ltr'>in</span> <span class='ocrx_word' id='word_1_879' title='bbox 3851 5094 3977 5147; x_wconf 84' lang='lat' dir='ltr'>hanc</span> 
     </span>
    </p>
   </div>
   <div class='ocr_carea' id='block_1_120' title="bbox 2360 5181 3979 5255">
    <p class='ocr_par' dir='ltr' id='par_1_120' title="bbox 2360 5181 3979 5255">
     <span class='ocr_line' id='line_1_120' title="bbox 2360 5181 3979 5255; baseline -0.004 -18"><span class='ocrx_word' id='word_1_880' title='bbox 2360 5184 2551 5237; x_wconf 88' lang='lat' dir='ltr'>editus</span> <span class='ocrx_word' id='word_1_881' title='bbox 2572 5183 2786 5247; x_wconf 89' lang='lat' dir='ltr'>lucem,</span> <span class='ocrx_word' id='word_1_882' title='bbox 2807 5188 3005 5237; x_wconf 89' lang='lat' dir='ltr'>tamen</span> <span class='ocrx_word' id='word_1_883' title='bbox 3024 5183 3410 5238; x_wconf 84' lang='lat' dir='ltr'>exsultavitin</span> <span class='ocrx_word' id='word_1_884' title='bbox 3431 5184 3656 5253; x_wconf 86' lang='lat' dir='ltr'>gaudio</span> <span class='ocrx_word' id='word_1_885' title='bbox 3681 5204 3692 5242; x_wconf 92' lang='lat'>:</span> <span class='ocrx_word' id='word_1_886' title='bbox 3716 5181 3861 5255; x_wconf 89' lang='lat' dir='ltr'>quod</span> <span class='ocrx_word' id='word_1_887' title='bbox 3884 5181 3979 5233; x_wconf 91' lang='lat' dir='ltr'>uti-</span> 
     </span>
    </p>
   </div>
   <div class='ocr_carea' id='block_1_121' title="bbox 2359 5270 3978 5343">
    <p class='ocr_par' dir='ltr' id='par_1_121' title="bbox 2359 5270 3978 5343">
     <span class='ocr_line' id='line_1_121' title="bbox 2359 5270 3978 5343; baseline -0.004 -19"><span class='ocrx_word' id='word_1_888' title='bbox 2359 5288 2474 5343; x_wconf 92' lang='lat' dir='ltr'>que</span> <span class='ocrx_word' id='word_1_889' title='bbox 2504 5273 2614 5327; x_wconf 90' lang='lat' dir='ltr'>nisi</span> <span class='ocrx_word' id='word_1_890' title='bbox 2647 5272 2993 5343; x_wconf 89' lang='lat' dir='ltr'>operatione</span> <span class='ocrx_word' id='word_1_891' title='bbox 3038 5270 3289 5342; x_wconf 90' lang='lat' dir='ltr'>Spiritus</span> <span class='ocrx_word' id='word_1_892' title='bbox 3349 5274 3534 5327; x_wconf 88' lang='lat' dir='ltr'>sancti</span> <span class='ocrx_word' id='word_1_893' title='bbox 3588 5272 3711 5327; x_wconf 87' lang='lat' dir='ltr'>ﬁeri</span> <span class='ocrx_word' id='word_1_894' title='bbox 3758 5270 3978 5343; x_wconf 81' lang='lat' dir='ltr'>potuisse</span> 
     </span>
    </p>
   </div>
   <div class='ocr_carea' id='block_1_122' title="bbox 2358 5360 3977 5433">
    <p class='ocr_par' dir='ltr' id='par_1_122' title="bbox 2358 5360 3977 5433">
     <span class='ocr_line' id='line_1_122' title="bbox 2358 5360 3977 5433; baseline -0.005 -18"><span class='ocrx_word' id='word_1_895' title='bbox 2358 5361 2493 5433; x_wconf 87' lang='lat' dir='ltr'>quis</span> <span class='ocrx_word' id='word_1_896' title='bbox 2536 5362 2787 5417; x_wconf 87' lang='lat' dir='ltr'>credat?</span> <span class='ocrx_word' id='word_1_897' title='bbox 2829 5360 2915 5416; x_wconf 91' lang='lat' dir='ltr'>vel</span> <span class='ocrx_word' id='word_1_898' title='bbox 2958 5366 3196 5432; x_wconf 86' lang='lat' dir='ltr'>propter</span> <span class='ocrx_word' id='word_1_899' title='bbox 3224 5361 3564 5426; x_wconf 85' lang='lat' dir='ltr'>Jeremiam,</span> <span class='ocrx_word' id='word_1_900' title='bbox 3601 5362 3693 5417; x_wconf 90' lang='lat' dir='ltr'>cui</span> <span class='ocrx_word' id='word_1_901' title='bbox 3733 5362 3977 5415; x_wconf 83' lang='lat' dir='ltr'>Dominus</span> 
     </span>
    </p>
   </div>
   <div class='ocr_carea' id='block_1_123' title="bbox 2356 5447 3975 5521">
    <p class='ocr_par' dir='ltr' id='par_1_123' title="bbox 2356 5447 3975 5521">
     <span class='ocr_line' id='line_1_123' title="bbox 2356 5447 3975 5521; baseline -0.006 -16"><span class='ocrx_word' id='word_1_902' title='bbox 2356 5450 2519 5518; x_wconf 90' lang='lat' dir='ltr'>dicit,</span> <span class='ocrx_word' id='word_1_903' title='bbox 2560 5450 2922 5521; x_wconf 81' lang='lat' dir='ltr'>Priusquam</span> <span class='ocrx_word' id='word_1_904' title='bbox 2957 5450 3145 5505; x_wconf 73' lang='lat' dir='ltr'>exires</span> <span class='ocrx_word' id='word_1_905' title='bbox 3185 5450 3258 5506; x_wconf 91' lang='lat' dir='ltr'>de</span> <span class='ocrx_word' id='word_1_906' title='bbox 3297 5452 3499 5517; x_wconf 82' lang='lat' dir='ltr'>vulva,</span> <span class='ocrx_word' id='word_1_907' title='bbox 3560 5447 3906 5519; x_wconf 79' lang='lat' dir='ltr'>sanctiﬁcavi</span> <span class='ocrx_word' id='word_1_908' title='bbox 3935 5451 3975 5497; x_wconf 85' lang='lat' dir='ltr'>te</span> 
     </span>
    </p>
   </div>
   <div class='ocr_carea' id='block_1_124' title="bbox 2358 5536 3972 5612">
    <p class='ocr_par' dir='ltr' id='par_1_124' title="bbox 2358 5536 3972 5612">
     <span class='ocr_line' id='line_1_124' title="bbox 2358 5536 3972 5612; baseline -0.005 -19"><span class='ocrx_word' id='word_1_909' title='bbox 2358 5538 2590 5608; x_wconf 79' lang='lat' dir='ltr'>(Jerem.</span> <span class='ocrx_word' id='word_1_910' title='bbox 2624 5555 2662 5604; x_wconf 82' lang='grc' dir='ltr'>ι,</span> <span class='ocrx_word' id='word_1_911' title='bbox 2686 5540 2743 5607; x_wconf 85' lang='grc'>5)</span> <span class='ocrx_word' id='word_1_912' title='bbox 2768 5557 2779 5595; x_wconf 91' lang='grc'>;</span> <span class='ocrx_word' id='word_1_913' title='bbox 2816 5545 3018 5596; x_wconf 90' lang='lat' dir='ltr'>tamen</span> <span class='ocrx_word' id='word_1_914' title='bbox 3046 5538 3145 5596; x_wconf 92' lang='lat' dir='ltr'>illa</span> <span class='ocrx_word' id='word_1_915' title='bbox 3170 5540 3556 5596; x_wconf 89' lang='lat' dir='ltr'>sanctiﬁcatio</span> <span class='ocrx_word' id='word_1_916' title='bbox 3583 5555 3706 5612; x_wconf 88' lang='lat' dir='ltr'>qua</span> <span class='ocrx_word' id='word_1_917' title='bbox 3725 5536 3972 5593; x_wconf 82' lang='lat' dir='ltr'>etIicimur</span> 
     </span>
    </p>
   </div>
   <div class='ocr_carea' id='block_1_125' title="bbox 2357 5624 3969 5700">
    <p class='ocr_par' dir='ltr' id='par_1_125' title="bbox 2357 5624 3969 5700">
     <span class='ocr_line' id='line_1_125' title="bbox 2357 5624 3969 5700; baseline -0.006 -16"><span class='ocrx_word' id='word_1_918' title='bbox 2357 5634 2413 5684; x_wconf 89' lang='lat' dir='ltr'>et</span> <span class='ocrx_word' id='word_1_919' title='bbox 2442 5628 2663 5699; x_wconf 87' lang='lat' dir='ltr'>singuli</span> <span class='ocrx_word' id='word_1_920' title='bbox 2690 5628 2914 5700; x_wconf 86' lang='lat' dir='ltr'>templa</span> <span class='ocrx_word' id='word_1_921' title='bbox 2945 5629 3065 5693; x_wconf 88' lang='lat' dir='ltr'>Dei,</span> <span class='ocrx_word' id='word_1_922' title='bbox 3088 5633 3143 5684; x_wconf 89' lang='lat' dir='ltr'>et</span> <span class='ocrx_word' id='word_1_923' title='bbox 3174 5629 3233 5684; x_wconf 88' lang='lat' dir='ltr'>in</span> <span class='ocrx_word' id='word_1_924' title='bbox 3265 5644 3455 5685; x_wconf 87' lang='lat' dir='ltr'>unum</span> <span class='ocrx_word' id='word_1_925' title='bbox 3479 5644 3691 5685; x_wconf 90' lang='lat' dir='ltr'>omnes</span> <span class='ocrx_word' id='word_1_926' title='bbox 3722 5624 3969 5697; x_wconf 88' lang='lat' dir='ltr'>templum</span> 
     </span>
    </p>
   </div>
  </div>
