4118 6164
127 230 238 293 845

127 370 252 436 Dei,
272 385 389 425 non
413 370 624 424 estnisi
649 374 1021 443 renatorum;
1047 373 1211 443 quod
1228 373 1341 428 nisi
1368 373 1489 428 nati
1511 372 1787 427 homines

121 475 256 513 esse
284 474 403 513 non
436 465 707 530 possunt.
738 461 940 516 Nullus
955 468 1151 517 autem
1178 462 1359 518 vitam
1383 462 1440 516 in
1464 478 1585 534 qua
1608 465 1785 517 natus

120 552 236 611 est,
271 548 420 601 bene
454 549 634 611 ﬁniet,
664 548 777 603 nisi
809 554 1054 604 renatus
1094 556 1420 623 antequam
1453 550 1640 604 ﬁniat.

189 636 279 691 33.
307 637 477 701 Quod
500 640 544 692 si
570 638 893 709 quisquam
917 640 1198 709 dicitjam
1221 658 1347 694 esse
1366 644 1574 694 natum
1596 638 1786 693 homi-

115 741 281 790 nem,
302 726 480 781 etiam
500 742 636 781 cum
653 728 849 782 adhuc
873 732 962 782 est
993 728 1049 782 in
1076 734 1242 783 utero
1263 728 1491 793 matris,
1514 728 1785 782 testimo-

114 815 409 887 niumque
452 814 691 871 adhibet
714 832 784 870 ex
812 816 1152 887 Evangelio,
1180 817 1322 889 quia
1344 817 1571 871 dictum
1604 820 1690 871 est
1711 817 1787 871 ad

118 904 344 975 Joseph
374 903 447 959 de
474 910 824 975 praegnante
851 905 1081 976 Virgine
1110 906 1347 961 Domini
1379 911 1587 969 matre,
1623 905 1788 969 Quod

122 994 280 1048 enim
310 993 372 1047 in
405 1008 469 1049 ea
493 999 701 1049 natum
728 1000 828 1057 est,
857 995 928 1050 de
949 995 1180 1061 Spiritu
1206 1002 1410 1050 sancto
1429 1000 1510 1049 est
1538 993 1782 1064 (Matth.

116 1098 156 1145 1,
186 1082 280 1149 20)
306 1100 318 1147 ;
342 1082 782 1153 numquidnam
807 1082 945 1137 huic
962 1083 1253 1139 nativitati
1274 1083 1500 1138 accedit
1521 1083 1786 1137 secunda

120 1172 402 1225 nativitas
434 1171 461 1225 ?
488 1171 760 1242 Alioquin
787 1187 905 1225 non
940 1172 1187 1243 eritjam
1229 1171 1514 1236 secunda,
1546 1170 1649 1226 sed
1675 1175 1786 1226 ter-

120 1260 223 1314 tia.
248 1260 533 1315 Dominus
562 1265 760 1315 autem
786 1276 921 1314 cum
949 1260 1462 1332 hincloqueretur,
1482 1261 1611 1315 Nisi
1630 1261 1783 1331 quis,

121 1348 340 1421 inquit,
366 1356 611 1405 renatus
637 1350 823 1417 fuerit
855 1350 1047 1406 denuo
1071 1351 1264 1419 (Joan.
1300 1366 1375 1413 ut,
1414 1349 1467 1419 3)
1490 1366 1503 1414 ;
1524 1365 1655 1403 eam
1680 1350 1786 1403 sci-

118 1438 257 1494 licet
288 1444 650 1510 computans
668 1439 924 1508 primam
950 1439 1339 1505 nativitatem,
1360 1454 1494 1509 quae
1514 1438 1578 1491 ﬁt
1600 1443 1785 1493 matre

117 1528 415 1599 pariente,
444 1542 564 1581 non
594 1526 964 1597 concipiente
997 1532 1174 1598 atque
1198 1531 1703 1598 praegnante,quaa
1721 1526 1785 1581 ﬁt

120 1633 192 1671 ex
220 1632 317 1679 ea.
352 1632 473 1671 non
500 1632 635 1687 quas
667 1614 732 1670 ﬁt
764 1617 823 1670 in
855 1631 946 1672 ea.
978 1616 1178 1687 Neque
1209 1616 1367 1670 enim
1396 1621 1671 1670 renatum
1700 1615 1785 1669 di-

119 1706 317 1761 cimus
350 1705 658 1761 hominem
679 1721 859 1776 quem
886 1709 1075 1759 mater
1093 1705 1340 1776 peperit,
1369 1710 1657 1776 tanquam
1681 1704 1781 1758 ite-

118 1812 253 1849 rum
282 1798 461 1849 natus
485 1794 579 1861 sit,
602 1794 704 1864 qui
728 1794 855 1863 jam
877 1792 1062 1848 semel
1086 1797 1260 1848 natus
1279 1792 1545 1848 fueratin
1576 1798 1777 1847 utero:

120 1884 225 1938 sed
263 1884 365 1939 illa
404 1882 712 1938 nativitate
766 1898 887 1937 non
922 1887 1269 1953 computata
1299 1898 1434 1953 quae
1467 1882 1781 1949 gravidam

116 1972 282 2038 facit,
317 1979 491 2027 natus
522 1971 738 2025 dicitur
770 1971 951 2025 homo
984 1977 1178 2041 partu,
1216 1975 1278 2025 ut
1324 1971 1510 2041 possit
1552 1971 1782 2026 renasci

120 2079 186 2116 ex
216 2077 381 2132 aqua
411 2066 465 2115 et
493 2059 730 2130 Spiritu.
769 2059 1111 2115 Secundum
1144 2075 1330 2131 quam
1362 2075 1430 2113 ex
1466 2064 1650 2114 matre
1679 2075 1782 2114 na-

123 2151 437 2215 tivitatem,
471 2149 646 2204 etiam
672 2149 796 2219 ipse
826 2149 1116 2203 Dominus
1155 2147 1211 2202 in
1250 2147 1585 2203 Bethlehem
1614 2146 1781 2202 Judze

122 2240 343 2294 dicitur
373 2244 548 2293 natus
574 2239 810 2308 (Matth.
842 2254 896 2307 ιι,
946 2238 1016 2308 1).
1055 2239 1109 2292 Si
1141 2237 1319 2306 igitur
1341 2238 1523 2292 homo
1542 2251 1782 2305 regene-

122 2329 239 2384 rari
273 2343 378 2399 per
410 2328 663 2396 gratiam
700 2328 950 2398 Spiritus
973 2326 1032 2380 in
1064 2330 1459 2396 uteropotest,
1485 2324 1779 2395 quoniam

124 2420 311 2471 restat
342 2415 419 2470 illi
460 2416 658 2471 adhuc
686 2416 870 2481 nasci,
922 2416 1252 2469 renascitur
1278 2428 1419 2481 ergo
1451 2418 1778 2484 antequam

123 2507 391 2560 nascitur
424 2520 437 2570 ;
489 2504 651 2575 quod
684 2504 808 2558 ﬁeri
853 2503 1017 2558 nullo
1051 2502 1232 2557 modo
1264 2506 1477 2572 potest.
1524 2500 1779 2555 Proinde

128 2595 186 2648 in
211 2609 573 2664 compagem
604 2592 869 2663 corporis
911 2592 1119 2646 Christi
1144 2596 1433 2661 tanquam
1479 2590 1539 2643 in
1579 2590 1780 2645 vivam

133 2689 494 2738 structuram
529 2681 733 2753 templi
764 2681 880 2745 Dei,
917 2696 1053 2752 quae
1080 2683 1168 2735 est
1193 2680 1320 2749 ejus
1353 2678 1630 2741 Ecclesia,
1657 2678 1783 2733 nati

130 2772 433 2837 homines,
450 2787 569 2826 non
585 2787 654 2825 ex
670 2770 980 2842 cperibusj
994 2770 1204 2825 ustitiae
1218 2785 1353 2841 quae
1376 2768 1657 2837 fecerunt,
1676 2767 1782 2821 sed

128 2860 504 2917 renascendo
520 2874 623 2931 per
655 2858 1359 2927 gratiamtransferuntur
1391 2865 1681 2928 tanquam
1707 2855 1781 2909 de

133 2965 339 3005 massa
360 2948 545 3003 ruinas
573 2947 648 3002 ad
674 2947 907 3002 aedificii
935 2947 1405 3001 ﬁrmamentum.
1432 2946 1648 2999 Praeter
1666 2944 1781 2998 hoc

128 3039 285 3093 enim
328 3038 673 3101 mdiﬁcium,
706 3037 871 3108 quod
916 3035 1389 3091 beatiﬁcandum
1417 3034 1783 3089 construitur

126 3127 201 3182 ad
225 3132 513 3181 (eternam
534 3124 968 3181 habitationem
1002 3124 1120 3188 Dei,
1155 3124 1270 3178 vita
1292 3123 1555 3179 hominis
1580 3121 1777 3177 omnis

127 3214 353 3280 infelix,
384 3221 437 3270 et
466 3231 629 3269 mors
672 3220 759 3269 est
797 3213 995 3286 potius
1028 3212 1392 3284 appellanda
1423 3226 1607 3282 quam
1636 3210 1773 3265 vita.

128 3302 411 3375 Quisquis
435 3318 576 3373 ergo
597 3301 969 3358 habitabitur
990 3317 1026 3357 a
1056 3303 1193 3371 Deo,
1219 3316 1292 3355 ne
1317 3300 1403 3354 ira
1425 3299 1519 3353 Dei
1539 3302 1780 3354 maneat

128 3407 309 3464 super
353 3408 491 3447 eum
541 3392 618 3446 ab
650 3392 763 3446 hoc
795 3406 1067 3462 corpore,
1120 3388 1197 3446 ab
1240 3389 1353 3445 hoc
1394 3388 1638 3459 templo,
1699 3386 1777 3442 ab

130 3480 245 3536 hac
278 3480 515 3536 civitate
554 3482 569 3515 ¹
607 3496 726 3535 non
759 3482 866 3535 erit
895 3478 1144 3535 alienus.
1195 3478 1400 3536 Omnis
1426 3482 1628 3532 autem
1654 3489 1776 3531 non

124 3574 370 3623 renatus
396 3568 628 3623 alienus
654 3574 770 3624 est.

197 3659 422 3714 CAPUT
454 3657 539 3713 XI.
574 3689 641 3696 —
673 3660 756 3713 34.
790 3657 1246 3712 Sacramentum
1267 3671 1448 3727 porro
1469 3667 1778 3723 regenera-

123 3747 301 3802 tionis
328 3751 543 3801 nostraa
579 3744 961 3801 manifestum
990 3761 1120 3800 esse
1153 3745 1333 3799 voluit
1367 3744 1778 3799 manifestatus

125 3836 436 3891 Mediator.
468 3837 601 3890 Erat
621 3841 819 3889 autem
838 3832 1289 3906 antiquisjustis
1316 3831 1560 3904 aliquod
1583 3831 1779 3887 occul-

127 3930 276 3994 tum,
306 3939 441 3979 cum
492 3930 690 3979 tamen
722 3928 776 3978 et
826 3922 905 3977 illi
954 3922 1165 3977 eadem
1208 3920 1327 3976 ﬁde
1373 3920 1515 3975 salvi
1546 3920 1781 3989 ﬁerent,

124 4029 260 4085 qua;
291 4011 479 4067 fuerat
509 4027 617 4067 suo
658 4016 925 4083 tempore
962 4010 1304 4066 revelanda.
1337 4012 1461 4064 Non
1490 4008 1650 4064 enim
1678 4024 1778 4064 au-

124 4101 341 4155 demus
370 4100 577 4155 ﬁdeles
606 4100 888 4172 temporis
919 4099 1105 4154 nostri
1139 4097 1408 4171 praeferre
1434 4097 1645 4152 amicis
1675 4096 1775 4153 Dei

126 4206 233 4262 per
270 4206 423 4262 quos
448 4188 622 4245 nobis
648 4190 761 4245 ista
806 4189 1159 4260 prophetata
1199 4192 1358 4253 sunt,
1405 4203 1544 4242 cum
1588 4188 1776 4243 Deum

122 4280 426 4334 Abraham
458 4284 514 4334 et
542 4281 724 4334 Deum
742 4278 905 4333 Isaac
928 4283 983 4333 et
1006 4280 1189 4332 Deum
1206 4277 1411 4340 Jacob,
1436 4276 1517 4332 ita
1543 4292 1604 4332 se
1625 4279 1777 4332 Deus

123 4386 253 4425 esse
270 4367 668 4430 commendet,
697 4372 757 4423 ut
783 4367 893 4421 hoc
921 4367 1075 4421 dicat
1094 4382 1270 4421 suum
1294 4380 1511 4421 nomen
1534 4366 1591 4420 in
1616 4370 1776 4423 aster-

122 4474 268 4513 num
303 4457 519 4528 (Exod.
554 4472 632 4521 iu,
669 4458 779 4526 15).
815 4456 986 4521 Quod
1026 4455 1073 4509 si
1105 4455 1477 4511 circumcisio
1512 4455 1774 4527 antiquis

120 4548 340 4602 sanctis
367 4563 476 4618 pro
502 4546 800 4618 Baptismo
827 4545 1008 4600 fuisse
1039 4545 1315 4610 creditur,
1349 4545 1493 4617 quid
1526 4560 1773 4616 respon-

123 4637 356 4691 debitur
380 4636 453 4691 de
481 4636 686 4706 bisqui
716 4639 1040 4705 antequam
1063 4634 1178 4689 hoc
1200 4639 1565 4705 praeceptum
1597 4638 1774 4701 esset,

123 4726 241 4780 Deo
254 4725 633 4797 placuerunt,
650 4739 770 4779 non
790 4728 989 4778 tamen
1010 4723 1135 4777 sine
1160 4722 1483 4786 ﬁde?Quia
1503 4722 1622 4777 sine
1642 4722 1775 4790 ﬁde,

122 4819 189 4869 ut
238 4814 526 4885 scriptum
578 4817 663 4868 est
694 4812 769 4868 ad
818 4812 1116 4875 Hebraeos,
1155 4810 1513 4879 impossibile
1545 4816 1627 4866 est
1663 4812 1777 4865 Deo

122 4904 361 4973 placere
383 4902 581 4975 (Hebr.
605 4918 686 4967 xx,
716 4902 788 4959 6).
820 4901 1117 4957 Habentes
1143 4900 1575 4971 autem,inquit
1593 4902 1778 4969 Apos-

125 4994 298 5062 tolus,
329 4992 588 5048 eumdem
626 4991 915 5057 Spiritum
953 4990 1109 5059 ﬁdei,
1142 4992 1387 5058 propter
1425 4988 1584 5059 quod
1635 4989 1779 5043 scri-

121 5087 290 5151 ptum
324 5084 424 5148 est,
460 5079 717 5144 Credidi,
739 5084 989 5148 propter
1013 5078 1173 5149 quod
1197 5084 1251 5133 et
1280 5078 1505 5132 locutus
1528 5092 1654 5131 sum
1682 5082 1778 5146 ;et

123 5186 229 5226 nos
246 5169 560 5234 credimus,
588 5174 834 5238 propter
861 5168 1017 5239 quod
1034 5174 1085 5223 et
1122 5167 1415 5239 loquimur
1435 5166 1503 5237 (ll
1536 5166 1666 5221 Cor.
1696 5182 1773 5232 IV,

126 5261 233 5330 13).
260 5262 385 5313 Non
416 5258 653 5321 diceret,
675 5257 957 5325 eumdem,
983 5257 1094 5311 nisi
1117 5262 1169 5312 et
1193 5256 1429 5311 illorum
1462 5255 1618 5311 idem
1650 5256 1777 5327 ipse

123 5352 277 5403 esset
310 5347 555 5417 Spiritus
594 5346 753 5400 ﬁdei.
785 5346 944 5401 Sicut
974 5352 1171 5400 autem
1206 5345 1304 5412 illi,
1338 5347 1585 5417 quando
1618 5344 1777 5399 idem

125 5441 578 5494 Sacrameutum
600 5434 900 5489 occultum
930 5439 1071 5499 erat,
1106 5434 1431 5489 credebant
1464 5434 1779 5489 Christiin-

124 5526 536 5583 carnationem
574 5524 963 5589 futuram,sic
986 5530 1164 5579 etnos
1196 5524 1494 5579 credimus
1514 5522 1729 5578 tactam
1761 5541 1773 5575 :

188 5638 199 5663 ί
230 5634 355 5682 Mss.
392 5632 563 5685 Vatic.
601 5636 833 5695 quatuor
867 5635 919 5681 et
947 5632 1153 5694 aliquot
1180 5630 1382 5695 Gallic,
1420 5630 1481 5679 ab
1508 5630 1600 5678 hac
1628 5632 1735 5680 vita
1761 5644 1780 5692 ;

125 5712 232 5747 non
286 5695 442 5750 male,
480 5696 522 5742 si
553 5708 607 5743 re
638 5708 757 5746 eras
798 5696 867 5747 ad
906 5696 1184 5758 superiora
1216 5694 1395 5750 verba,
1447 5699 1690 5757 tanquam
1721 5695 1779 5743 in

126 5762 297 5812 vivam
326 5762 657 5807 structuram.

1378 234 1420 292 E
1434 228 1897 292 PISTOLARUM
1938 233 2233 292 CLASSIS
2275 234 2373 291 III.

3442 246 3550 303 846

1896 375 1951 426 et
1978 388 2010 425 a
2042 372 2216 426 nobis
2248 378 2449 429 autem
2480 377 2536 428 et
2565 373 2642 430 ab
2665 374 2777 429 illis
2810 374 3042 430 futurus
3074 384 3449 450 exspectatur
3470 383 3550 438 ad

1887 460 2183 530 judicium
2215 465 2344 531 ejus
2386 462 2699 519 adventus.
2741 466 2866 519 Non
2921 468 3007 519 est
3037 465 3195 520 enim
3246 468 3407 523 aliud
3450 472 3551 526 Dei

1896 550 2268 619 mysterium,
2294 550 2407 604 nisi
2435 551 2714 615 Christus,
2736 553 2795 606 in
2823 568 2945 623 quo
2975 558 3546 623 oporteatviviticari

1896 642 2161 693 mortuos
2194 638 2254 691 in
2280 638 2469 693 Adam
2506 656 2518 704 ;
2547 640 2689 711 quia
2718 644 2860 694 sicut
2892 642 2952 695 in
2985 642 3177 698 Adam
3205 660 3402 701 onmes
3434 664 3549 702 mo-

1893 727 2253 795 riuntur,sic
2265 732 2318 783 et
2331 727 2394 782 in
2409 727 2645 783 Christo
2660 744 2856 784 omnes
2872 730 3337 797 viviﬁcabuntur
3349 735 3397 804 (Ι
3413 735 3546 793 Cor.

1893 830 1991 879 xv,
2024 814 2137 885 22),
2170 816 2690 886 quemadmodum
2724 818 3000 888 superius
3030 818 3439 878 disseruimus.

1967 921 2194 976 CAPUT
2219 922 2326 975 ΧΠ.
2362 953 2427 962 -
2454 925 2540 978 35.
2572 921 2977 989 Quamobrem
2995 926 3165 991 Deus,
3189 925 3291 997 qui
3325 926 3548 1001 ubique

1894 1024 2157 1081 praisens
2183 1016 2290 1080 est,
2322 1011 2616 1083 etubique
2637 1017 2810 1077 totus,
2843 1028 2962 1068 non
2987 1014 3047 1068 in
3077 1015 3359 1071 omnibus
3382 1017 3549 1074 habi-

1895 1103 1995 1162 tat,
2028 1098 2132 1154 sed
2161 1098 2219 1154 in
2235 1100 2316 1154 eis
2341 1104 2572 1155 tantum
2603 1117 2757 1172 quos
2774 1101 3378 1161 etﬂcitbeatissimum
3406 1110 3549 1162 tem-

1892 1187 2062 1259 plum
2085 1204 2282 1257 suum,
2312 1188 2403 1243 vel
2432 1188 2778 1246 beatissima
2802 1192 3024 1262 templa
3051 1209 3180 1258 sua,
3209 1209 3423 1250 eruens
3446 1212 3549 1251 eos

1893 1293 1927 1331 a
1952 1282 2243 1346 potestate
2289 1278 2689 1343 tenebrarum,
2725 1286 2779 1334 et
2812 1281 3175 1336 transferens
3199 1283 3258 1337 in
3285 1299 3546 1354 regnum

1896 1366 2015 1421 Filii
2054 1367 2357 1422 charitatis
2388 1384 2509 1423 sute
2542 1370 2788 1439 (Coloss.
2823 1385 2860 1435 ι,
2922 1371 3027 1439 13),
3064 1373 3228 1443 quod
3274 1373 3482 1445 incipit
3514 1391 3550 1430 a
3580 1440 3590 1445 _
3640 1388 3645 1395 '

1892 1456 2360 1524 regeneratione.
2394 1457 2573 1512 Aliter
2603 1464 2804 1513 autem
2844 1459 3057 1514 dicitur
3087 1462 3378 1532 templum
3422 1464 3571 1533 ejus"

1891 1543 1951 1598 in
1984 1544 2441 1612 signiﬁcatione,
2486 1561 2625 1600 cum
2656 1546 2717 1601 ﬁt
2748 1562 2854 1617 per
2881 1564 3097 1602 manus
3129 1548 3441 1605 hominum
3476 1543 3576 1617 del
3648 1568 3654 1589 λ

1890 1632 2073 1687 rebus
2106 1633 2408 1698 inanimis,
2440 1634 2589 1689 sicut
2617 1634 3096 1702 tabernaculum,
3130 1636 3329 1707 lignis,
3382 1639 3547 1704 velis,

1893 1720 2151 1792 pellibus
2179 1724 2359 1793 atque
2385 1721 2733 1792 hujusmodi
2780 1724 3107 1779 mobilibus
3142 1742 3155 1791 ;
3190 1727 3340 1782 sicut
3370 1727 3550 1784 etiam

1891 1825 1997 1880 per
2032 1809 2415 1865 Salomonem
2439 1825 2661 1879 regem,
2689 1812 2979 1883 templum
3002 1812 3325 1884 lapidibus,
3345 1814 3545 1885 lignis,

1890 1896 2145 1954 metallis
2176 1902 2583 1953 constructum
2608 1917 2620 1954 :
2651 1899 2817 1955 aliter
2839 1916 2975 1956 vero
3002 1917 3062 1956 re
3090 1901 3225 1973 ipsa
3243 1920 3381 1959 vera
3412 1922 3545 1977 qum

1889 1986 2004 2041 illis
2032 1985 2567 2055 signiﬁcationibus
2592 1988 2847 2058 ﬁgurata
2878 1995 2980 2045 est.
3018 1992 3182 2045 Unde
3211 1992 3442 2057 dicitur,
3470 1995 3543 2049 Et

1890 2091 1989 2131 vos
2020 2082 2301 2146 tanquam
2345 2076 2574 2145 lapides
2604 2077 2741 2144 vivi,
2788 2079 3159 2149 aediﬁcamini
3187 2080 3387 2136 domus
3420 2082 3545 2153 spi-

1891 2164 2122 2219 rituatis
2154 2164 2195 2233 (l
2240 2166 2401 2220 Petr.
2434 2181 2494 2235 ii,
2534 2167 2586 2237 ὅ)
2620 2183 2633 2221 :
2668 2171 2723 2222 et
2758 2168 2915 2222 unde
2946 2169 3084 2223 item
3118 2170 3404 2240 scriptum
3432 2177 3539 2239 est,

1888 2254 2008 2307 Nos
2040 2254 2190 2309 enim
2227 2255 2443 2323 templa
2480 2256 2583 2311 Dei
2612 2255 2732 2311 vivi
2762 2272 2982 2322 sumus,
3017 2257 3163 2313 sicut
3194 2259 3350 2315 Deus
3379 2260 3538 2327 dicit,

1892 2343 2180 2407 Quoniam
2210 2341 2556 2399 inhabitabo
2581 2344 2644 2399 in
2669 2344 2791 2400 illis
2821 2350 2874 2401 et
2911 2346 3296 2403 inambulabo
3326 2364 3350 2413 ,°
3365 2358 3414 2403 et
3444 2365 3542 2405 ero

1887 2430 2125 2485 illorum
2140 2430 2307 2496 Deus,
2335 2438 2388 2487 et
2410 2432 2514 2503 ipsi
2538 2440 2713 2488 erunt
2743 2434 2884 2488 mihi
2901 2435 3141 2506 plebs(ll
3167 2435 3303 2491 Cor.
3340 2439 3540 2509 v1,16).

1960 2530 2048 2582 36.
2078 2530 2190 2581 Nec
2213 2544 2452 2584 movere
2481 2545 2591 2584 nos
2616 2529 2812 2595 debet,
2844 2531 3010 2602 quod
3028 2548 3130 2603 per
3145 2534 3449 2604 quosdam
3466 2535 3545 2591 ad

1890 2614 2004 2670 hoc
2032 2616 2324 2687 templum
2363 2632 2485 2673 non
2529 2618 2908 2689 pertinentes,
2943 2620 3034 2675 vel
3066 2621 3339 2677 nondum
3374 2624 3545 2695 perti-

1890 2709 2098 2758 nentes
2140 2704 2199 2759 id
2230 2712 2320 2759 est
2345 2704 2403 2761 in
2446 2707 2666 2778 quibus
2693 2723 2813 2763 non
2853 2709 3100 2779 habitat,
3135 2710 3229 2766 vel
3270 2712 3544 2768 nondum

1890 2792 2121 2848 habitat
2168 2796 2337 2857 Deus,
2381 2794 2608 2866 aliquid
2639 2796 2872 2852 virtutis
2905 2807 3186 2868 operatur
3214 2819 3232 2871 3
3256 2802 3409 2856 sicut
3438 2818 3544 2873 per

1887 2880 2056 2935 illum
2082 2880 2187 2952 qui
2242 2882 2300 2936 in
2334 2884 2575 2938 nomine
2609 2884 2815 2939 Christi
2846 2886 3180 2956 expellebat
3211 2890 3536 2956 daemonia,

1888 2984 2025 3024 cum
2055 2970 2349 3026 Christum
2376 2986 2497 3026 non
2521 2978 2886 3043 sequeretur,
2920 2990 3099 3046 quem
3130 2978 3387 3047 permitti
3415 2978 3542 3047 jus-

1889 3058 1961 3114 sit
1993 3064 2230 3130 propter
2257 3058 2456 3115 multis
2487 3060 2690 3115 utilem
2718 3063 3303 3119 commendationem
3350 3066 3538 3121 nomi-

1890 3148 1978 3201 nis
2006 3148 2128 3201 suis
2148 3149 2355 3215 (Marc.
2384 3164 2457 3212 ix,
2493 3148 2697 3211 37-39).
2722 3151 2927 3205 Multos
2954 3167 3190 3224 quoque
3222 3155 3302 3209 ait
3343 3154 3451 3210 sibi
3476 3156 3537 3211 in

1888 3234 2219 3291 novissima
2266 3235 2361 3292 die
2397 3236 2681 3305 dicturos,
2740 3239 2809 3294 In
2860 3239 3098 3295 nomine
3153 3248 3251 3296 tuo
3292 3243 3536 3300 virtutes

1884 3322 2095 3377 multas
2140 3324 2387 3392 fecimus
2429 3341 2445 3378 :
2470 3324 2693 3396 quibus
2750 3327 2952 3398 utique
2983 3343 3100 3383 non
3126 3330 3533 3400 responderet,

1887 3411 2020 3467 Non
2064 3427 2163 3468 vos
2193 3415 2334 3469 novi
2362 3412 2596 3485 (Matth.
2634 3430 2734 3482 vn,
2768 3417 2856 3481 22,
2908 3417 3018 3483 23),
3053 3417 3101 3473 si
3134 3417 3209 3474 ad
3244 3418 3539 3491 templum

1890 3500 2011 3566 Dei,
2039 3502 2203 3573 quod
2232 3502 2627 3559 inhabitando
2650 3503 2969 3571 beatiﬁcat,
3004 3507 3541 3578 pertinerent.Cor—

1885 3590 2078 3645 nelius
2112 3590 2291 3646 etiam
2323 3592 2587 3647 centurio
2619 3598 2944 3666 antequam
2975 3598 3424 3666 regeneratione
3455 3600 3541 3655 in-

1886 3685 2302 3751 corporaretur
2322 3680 2462 3735 huic
2502 3682 2749 3753 templo,
2778 3684 3028 3739 missum
3057 3686 3131 3741 ad
3166 3702 3228 3741 se
3254 3688 3539 3757 angelum

1886 3768 2052 3836 vidit,
2088 3768 2395 3841 audiitque
2423 3770 2719 3827 dicentem
2748 3772 2914 3842 quod
2946 3774 3241 3830 exauditte
3273 3777 3388 3832 sint
3412 3793 3543 3833 ora-

1886 3858 2079 3912 tiones
2106 3858 2327 3928 ejus,et
2352 3857 2742 3929 eleemosynae
2758 3868 3017 3933 acceptas
3050 3864 3276 3932 (Act.x,
3309 3866 3382 3935 4).
3407 3865 3541 3936 Agit

1887 3945 2047 4001 enim
2077 3946 2206 4002 Ι]ωο
2231 3948 2381 4003 Deus
2414 3952 2704 4020 tanquam
2740 3948 2960 4021 ubique
2994 3966 3282 4023 praesens,
3316 3952 3407 4009 vel
3434 3969 3541 4025 per

1887 4040 2127 4092 sanctos
2157 4036 2416 4106 Angelos
2447 4053 2615 4093 suos.

1960 4147 2050 4199 37.
2077 4145 2225 4199 Nam
2244 4143 2365 4210 illa,
2390 4144 2744 4217 priusquam
2771 4146 3040 4204 exiretde
3069 4146 3264 4217 vulva,
3282 4150 3541 4207 sanctiﬁ-

1884 4234 2039 4289 catio
2070 4233 2356 4299 Jeremiaa,
2387 4249 2735 4307 quanquam
2771 4236 3043 4292 nonnulli
3074 4237 3188 4293 hoc
3219 4239 3279 4295 in
3326 4244 3540 4313 typum

1888 4322 2210 4380 Salvatoris
2240 4322 2556 4394 accipiant,
2579 4323 2685 4395 qui
2712 4326 3158 4395 regeneratione
3188 4342 3310 4383 non
3333 4328 3497 4397 eguit
3523 4345 3538 4393 ;

1885 4416 2087 4467 tamen
2116 4412 2346 4468 etiamsi
2376 4411 2449 4466 de
2480 4410 2611 4483 ipso
2639 4412 2930 4483 Propheta
2972 4414 3317 4485 accipiatur,
3352 4422 3545 4487 potest

1888 4504 1945 4555 et
1977 4500 2310 4555 secundum
2342 4499 2934 4571 praedestinationem
2971 4518 3091 4557 non
3124 4503 3545 4559 inconvenien-

1886 4592 1973 4644 ter
2004 4588 2247 4657 intelligi
2287 4604 2299 4643 :
2332 4589 2483 4644 sicut
2512 4588 2665 4644 ﬁlios
2720 4589 2821 4644 Dei
2857 4590 3116 4662 appellat
3149 4592 3542 4661 Evangelium

1886 4676 2159 4731 nondum
2187 4681 2589 4745 regeneratos,
2621 4677 2722 4732 ubi
2756 4678 3010 4750 Caiphas
3028 4696 3163 4735 cum
3187 4680 3261 4735 de
3295 4682 3543 4737 Domino

1886 4764 2150 4830 dixisset,
2185 4765 2443 4834 Expedit
2480 4766 2637 4823 vobis
2660 4774 2722 4821 ut
2745 4784 2894 4823 unus
2921 4768 3216 4825 moriatur
3234 4770 3404 4826 homo
3433 4786 3544 4840 pro

1881 4854 2129 4924 populo,
2157 4862 2209 4909 et
2240 4870 2358 4909 non
2390 4860 2513 4910 tota
2542 4871 2682 4925 gens
2718 4863 2922 4925 pereat
2959 4875 2977 4924 ;
3013 4874 3122 4913 nos
3155 4859 3544 4930 Evangelium

1887 4948 2159 4999 secutum
2191 4942 2484 5014 adjunxit,
2514 4943 2642 4999 Hoc
2664 4951 2859 5001 autem
2894 4962 2930 5002 a
2961 4949 3271 5017 semetipso
3312 4964 3429 5003 non
3459 4948 3546 5004 di-

1885 5032 1979 5089 xit
2005 5056 2024 5102 ,-
2053 5033 2154 5089 sed
2183 5048 2315 5088 cum
2346 5041 2487 5089 esset
2506 5033 2788 5104 ponti/ea:
2810 5038 2959 5091 anni
2983 5035 3143 5091 illius
3173 5035 3544 5107 prophelavit

1888 5124 2029 5193 quia
2058 5123 2223 5178 Jesus
2258 5122 2585 5177 moriturus
2617 5130 2745 5179 erat
2784 5140 2894 5193 pro
2922 5128 3095 5195 gente
3123 5138 3145 5195 ;
3183 5131 3236 5180 et
3266 5141 3379 5179 non
3415 5130 3544 5180 tan-

1889 5216 2012 5265 tum
2041 5226 2152 5279 pro
2178 5214 2367 5281 gente,
2387 5211 2489 5267 sed
2516 5218 2577 5266 ut
2606 5212 2758 5280 ﬁlios
2788 5214 2913 5279 Dei,
2942 5212 3045 5284 qui
3068 5219 3240 5269 erant
3272 5211 3539 5282 dispersi,

1888 5310 2269 5371 congregaret
2296 5303 2358 5356 in
2403 5317 2589 5356 unum
2633 5301 2827 5371 (Joan.
2861 5319 2941 5371 χι,
2983 5302 3189 5373 50-52).
3239 5301 3412 5358 Filios
3442 5300 3544 5359 Dei

1888 5390 2209 5461 appellavit
2243 5390 2443 5461 utique
2470 5395 2684 5461 praeter
2717 5391 3019 5446 Hebraeam
3049 5395 3309 5459 gentem,
3345 5391 3406 5447 in
3433 5408 3542 5447 caa-

1889 5479 2025 5534 teris
2056 5478 2235 5532 etiam
2263 5478 2545 5533 omnibus
2572 5478 2848 5548 gentibus
2870 5480 3245 5548 constitutos,
3267 5480 3542 5536 nondum

1887 5566 2114 5632 ﬁdeles,
2145 5566 2414 5622 nondum
2447 5566 2797 5639 baptizatos.
2834 5568 3149 5633 Quomodo
3182 5584 3318 5639 ergo
3348 5569 3447 5624 Dei
3478 5567 3543 5623 ﬁ-

1886 5656 2020 5720 lios,
2050 5655 2165 5711 nisi
2197 5655 2528 5711 secundum
2557 5655 3166 5727 praedestinationem,
3206 5658 3543 5715 secundum

1890 5762 2075 5817 quam
2107 5749 2164 5801 et
2191 5746 2511 5816 Apostolus
2542 5744 2683 5803 dicit
2711 5745 2878 5817 quod
2898 5762 3009 5804 nos
3034 5746 3275 5819 elegerit
3296 5748 3450 5804 Deus
3480 5762 3544 5807 in
