4118 6164
657 169 765 222 847

661 292 908 355 Christo,
954 296 1089 347 ante
1119 289 1601 347 constitutionem
1638 291 1849 347 mundi
1890 291 2069 361 (Eph.
2121 306 2158 361 ι,
2195 292 2250 359 li)
2284 287 2311 343 Ὗ

662 383 917 437 lllavero
941 380 1000 434 in
1027 394 1213 434 unum
1240 380 1625 449 congregatio
1639 381 1866 437 factura
1888 397 1990 437 eos
2022 379 2312 436 eratﬁlios

669 470 1001 538 Dei.Neque
1034 467 1190 523 enim
1216 469 1277 523 in
1310 485 1494 524 unum
1521 469 1750 525 dictum
1774 476 1865 525 est
1894 470 2158 541 aliquem
2189 482 2313 523 cor-

661 556 928 627 poralem
949 556 1172 620 locum,
1201 574 1338 613 cum
1357 558 1429 613 de
1447 558 1546 613 tali
1574 559 1880 614 vocatione
1898 560 2165 628 gentium
2180 573 2313 629 pro-

666 645 847 715 pheta
888 646 1243 715 praedixerit,
1276 647 1351 701 Et
1383 647 1711 703 adorabunt
1735 664 1886 712 eum,
1920 648 2314 717 unusquisque

660 734 731 789 de
765 735 882 789 loco
913 750 1037 799 suo,
1066 750 1262 791 omnes
1292 736 1501 790 insulze
1552 737 1807 806 gentium
1843 736 2045 807 (Soph.
2079 753 2139 806 ιι,
2172 735 2258 805 11)
2290 752 2308 804 ;

655 822 761 878 sed
789 830 1167 894 congregaret
1200 826 1260 879 in
1292 841 1476 880 unum
1504 825 1728 880 dictum
1747 830 1853 891 est,
1882 824 1941 879 in
1975 840 2162 879 unum
2190 823 2311 895 spi-

658 912 861 976 ritum,
890 918 945 967 et
974 912 1034 967 in
1092 929 1281 967 unum
1314 929 1557 985 corpus,
1589 916 1760 984 cujus
1793 930 1977 969 unum
2007 918 2187 983 caput
2224 916 2313 967 est

658 1000 866 1071 templi
909 1000 1191 1056 Christus.
1234 1001 1386 1056 Talis
1442 1004 1827 1072 congregatio
1871 1002 2185 1057 aediﬁcatio
2228 1007 2314 1055 est

669 1088 873 1160 templi
908 1088 1029 1142 Dei.
1065 1089 1261 1144 Talem
1293 1092 1817 1160 congregationem
1862 1106 1981 1145 non
2010 1090 2313 1159 generatio

655 1177 936 1243 carnalis,
968 1179 1074 1233 sed
1104 1180 1474 1247 regeneratio
1507 1179 1836 1250 spiritualis
1857 1180 2012 1235 facit.

730 1276 954 1329 CAPUT
986 1274 1123 1329 Xlll.
1147 1306 1213 1314 —
1232 1276 1319 1329 38.
1346 1275 1868 1347 Habitatitaquein
1892 1274 2140 1344 singulis
2157 1276 2308 1330 Deus

658 1371 944 1435 tanquam
977 1364 1034 1418 in
1065 1364 1299 1434 templis
1332 1366 1475 1428 suis,
1520 1370 1577 1421 et
1610 1366 1667 1419 in
1698 1366 1981 1421 omnibus
2023 1365 2199 1420 simul
2250 1366 2309 1419 in

659 1468 843 1507 unum
875 1453 1275 1523 congregatis,
1314 1459 1599 1525 tanquam
1634 1456 1689 1509 in
1726 1454 1946 1525 templo
1975 1470 2103 1508 suo.
2140 1453 2309 1518 Quod

660 1541 949 1612 templum
990 1542 1281 1612 quamdiu
1314 1543 1465 1597 sicut
1505 1558 1644 1598 arca
1691 1544 1809 1597 Noe
1842 1543 1901 1597 in
1931 1543 2046 1597 hoc
2090 1541 2307 1597 saeculo

657 1628 924 1693 ﬂuctuat,
957 1630 1022 1684 ﬁt
1051 1630 1212 1700 quod
1237 1631 1295 1684 in
1325 1630 1564 1686 Psalmo
1588 1631 1875 1701 scriptum
1902 1636 2007 1697 est,
2038 1632 2307 1686 Dominus

657 1718 948 1773 diluvium
973 1719 1271 1775 inhabitat
1303 1739 1322 1774 :
1349 1720 1627 1791 quamvis
1648 1725 1702 1775 et
1729 1725 1969 1791 propter
2000 1720 2218 1775 multos
2247 1720 2306 1775 in

655 1806 935 1861 omnibus
959 1807 1233 1876 gentibus
1253 1809 1509 1879 populos
1526 1808 1815 1877 ﬁdelium,
1840 1825 1993 1881 quos
2010 1825 2306 1881 aquarum

652 1895 894 1949 nomine
921 1895 1310 1967 Apocalypsis
1341 1897 1856 1967 signiﬁcat(.4p0c.
1882 1915 2014 1965 xvu,
2040 1898 2147 1968 15),
2174 1913 2307 1969 pos-

651 1982 724 2037 sit
754 1983 999 2054 intelligi
1045 1991 1460 2056 congruenter,
1509 1985 1789 2042 Dominus
1817 1986 2105 2043 diluvium
2136 1987 2306 2042 inha-

653 2070 812 2127 bitat.
854 2073 1129 2144 Sequitur
1167 2079 1393 2139 autem,
1439 2075 1515 2129 Et
1541 2075 1748 2131 sedebit
1780 2076 2065 2131 Dominus
2096 2090 2205 2131 rex
2240 2075 2303 2129 in

649 2167 926 2217 aeternum
958 2163 1144 2233 (Psal.
1179 2180 1379 2229 xxvm,
1418 2166 1501 2234 10)
1532 2182 1544 2219 :
1580 2165 1783 2236 utique
1818 2165 1875 2220 in
1907 2166 2040 2236 ipso
2080 2164 2303 2236 templo

651 2265 760 2304 suo
797 2249 923 2321 jam
955 2250 1013 2305 in
1050 2251 1171 2307 vita
1200 2258 1425 2307 aeterna
1476 2258 1615 2324 post
1644 2254 2093 2309 ﬂuctuationem
2124 2252 2303 2323 hujus

651 2338 850 2393 saeculi
877 2341 1220 2395 constituto.
1253 2341 1407 2395 Deus
1433 2341 1610 2411 igitur
1653 2342 1873 2413 ubique
1902 2358 2162 2413 praesens
2194 2346 2296 2404 est,

652 2432 708 2480 et
736 2426 957 2498 ubique
990 2432 1146 2483 totus
1170 2445 1435 2500 praesens
1461 2448 1473 2497 ;
1506 2445 1614 2485 nec
1640 2430 1856 2502 ubique
1878 2431 2175 2498 habitans,
2196 2429 2300 2484 sed

650 2514 711 2568 in
746 2515 966 2586 templo
1017 2532 1148 2580 suo,
1207 2518 1299 2571 cui
1338 2534 1444 2588 per
1499 2519 1753 2587 gratiam
1786 2519 2085 2588 benignus
2117 2524 2208 2574 est
2254 2523 2309 2575 et

651 2602 944 2674 propitius
960 2620 971 2659 :
990 2604 1224 2675 capitur
1237 2610 1438 2662 autem
1452 2606 1748 2674 habitans,
1774 2607 1850 2663 ab
1865 2607 1995 2663 aliis
2021 2608 2299 2679 amplius,

650 2691 728 2748 ab
761 2692 893 2748 aliis
920 2695 1144 2749 minus.
1803 2710 1811 2719 δ

722 2793 809 2847 39.
840 2792 1061 2864 Deipso
1075 2809 1211 2849 vero
1238 2794 1429 2866 capite
1450 2800 1651 2851 nostro
1678 2796 1998 2867 Apostolus
2014 2797 2121 2852 ait:
2154 2797 2304 2864 Quia

645 2879 707 2935 in
739 2881 865 2949 ipso
892 2881 1177 2939 inhabitat
1200 2887 1387 2939 omnis
1416 2885 1722 2954 plenitudo
1744 2886 2072 2942 divinitatis
2100 2902 2302 2955 corpo-

644 2968 876 3025 raliter.
917 2973 1043 3027 Non
1074 2971 1210 3027 ideo
1238 2974 1648 3043 corporaliter,
1690 2975 1834 3045 quia
1865 2990 2188 3046 corporeus
2215 2984 2302 3031 est

643 3058 801 3112 Deus
832 3076 844 3126 ;
880 3059 982 3114 sed
1020 3066 1122 3115 aut
1151 3060 1333 3116 verbo
1365 3062 1651 3118 translato
1681 3080 1822 3118 usus
1852 3068 1957 3127 est,
2004 3068 2296 3136 tanquam

641 3146 703 3202 in
733 3146 953 3219 templo
984 3149 1331 3206 manufacto
1358 3166 1479 3207 non
1506 3152 1911 3223 corporaliter,
1938 3153 2040 3208 sed
2059 3154 2296 3210 umbra-

644 3234 818 3291 tiliter
846 3236 1220 3303 habitaverit,
1264 3238 1322 3293 id
1376 3244 1465 3295 est
1502 3241 2029 3312 prretigurantibus
2060 3242 2245 3312 signis
2278 3278 2291 3316 ε

642 3339 787 3379 nam
818 3324 947 3380 illas
968 3341 1180 3380 omnes
1208 3326 1674 3392 observationes,
1697 3330 1943 3385 umbras
1958 3330 2292 3387 futurorum

643 3416 815 3469 vocat
865 3414 1108 3483 (Coloss.
1145 3432 1202 3478 ιι,
1248 3418 1296 3481 9,
1338 3417 1419 3487 16,
1472 3417 1575 3489 17),
1630 3418 1807 3473 etiam
1839 3420 1972 3490 ipso
2006 3420 2292 3476 translato

642 3502 937 3558 vocabulo
971 3519 985 3569 ;
1015 3520 1291 3559 summus
1314 3506 1472 3561 enim
1501 3507 1675 3576 Deus,
1709 3506 2154 3580 sicutscriptum
2183 3515 2288 3577 est,

641 3605 761 3644 non
793 3591 849 3644 in
874 3593 1232 3662 manufactis
1284 3596 1521 3663 templis
1552 3596 1773 3652 habitat
1805 3597 1953 3668 (Act.
1988 3614 2120 3664 xvn,
2148 3600 2239 3667 24)
2272 3617 2286 3652 :

636 3683 742 3734 aut
771 3686 927 3737 certe
959 3684 1589 3749 corporaliterdictum
1618 3690 1725 3751 est,
1756 3686 1900 3757 quia
1921 3692 1976 3742 et
1996 3686 2055 3742 in
2080 3687 2289 3743 Christi

634 3783 885 3841 corpore
916 3771 1079 3842 quod
1111 3775 1449 3845 assumpsit
1479 3790 1549 3829 ex
1591 3775 1847 3844 Virgine,
1889 3779 2179 3847 tanquam
2229 3777 2287 3832 in

632 3858 855 3930 templo
884 3859 1118 3916 habitat
1150 3860 1324 3917 Deus.
1370 3863 1511 3918 Hinc
1554 3867 1643 3918 est
1675 3863 1834 3919 enim
1865 3864 2030 3935 quod
2064 3865 2285 3920 Judaais

634 3946 875 4015 signum
908 3950 1245 4019 petentibus
1276 3967 1414 4005 cum
1442 3952 1706 4017 dixisset,
1740 3954 1963 4009 Solvite
2001 3954 2283 4023 templum

630 4034 759 4099 hoc,
813 4042 867 4091 et
919 4038 982 4091 in
1017 4038 1219 4093 triduo
1251 4041 1611 4095 resuscitabo
1646 4041 1805 4097 illud
1849 4059 1866 4107 ;
1915 4043 2285 4111 evangelista

630 4121 778 4193 quid
806 4122 921 4178 hoc
952 4129 1039 4181 est
1069 4132 1501 4199 consequenter
1522 4144 1851 4199 exponens,
1882 4132 1961 4185 ait
1993 4147 2004 4184 :
2035 4131 2156 4187 Hoc
2179 4149 2284 4189 au-

628 4216 742 4267 tem
765 4212 996 4269 dicebat
1025 4213 1328 4285 detemplo
1361 4218 1623 4286 corporis
1638 4218 1729 4272 sui
1746 4219 1932 4289 (Joan.
1962 4236 2020 4285 ll,
2053 4222 2137 4285 19,
2166 4223 2278 4293 2t).

696 4302 785 4356 40.
820 4302 970 4366 Quid
995 4318 1136 4374 ergo
1155 4309 1241 4360 est
1270 4304 1296 4359 ?
1325 4305 1574 4361 Hoccine
1604 4306 1891 4363 interesse
1921 4310 2282 4367 arbitramur

626 4387 777 4445 inter
805 4396 985 4462 caput
1015 4398 1070 4448 et
1113 4394 1390 4450 membra
1448 4399 1683 4461 caetera,
1719 4397 1883 4469 quod
1922 4398 1981 4453 in
2013 4399 2280 4470 quolibet

621 4480 902 4549 quamvis
926 4482 1229 4554 praecipuo
1247 4484 1543 4548 membro,
1570 4484 1729 4541 velut
1760 4486 1817 4540 in
1837 4486 2039 4559 aliquo
2054 4503 2276 4557 magno

620 4568 914 4639 propheta
942 4575 1044 4626 aut
1073 4572 1371 4643 apostolo,
1404 4574 1684 4645 quamvis
1716 4574 1996 4631 divinitas
2026 4575 2270 4641 habitet,

618 4670 742 4711 non
769 4661 969 4714 tamen
997 4661 1145 4717 sicut
1171 4661 1229 4716 in
1248 4662 1438 4732 capite
1462 4664 1622 4733 quod
1650 4670 1741 4719 est
1768 4665 2049 4731 Christus,
2076 4666 2272 4721 omnis

615 4743 920 4813 plenitudo
973 4747 1303 4804 divinitatis
1346 4750 1373 4806 ?
1422 4753 1571 4806 Nam
1599 4752 1742 4807 etin
1782 4758 1990 4809 nostro
2022 4770 2271 4826 corpore

612 4832 767 4888 inest
814 4849 1026 4889 sensus
1059 4835 1309 4906 singulis
1347 4839 1634 4895 membris
1678 4859 1690 4909 ;
1753 4842 1856 4897 sed
1911 4858 2033 4897 non
2072 4850 2269 4898 tantus

611 4927 875 4993 quantus
902 4924 961 4978 in
987 4924 1193 4995 capite,
1231 4925 1332 4980 ubi
1365 4942 1612 4998 prorsus
1644 4932 1839 4985 omnis
1862 4936 1947 4985 est
1972 4930 2264 5003 quinque-

605 5011 861 5081 partitus
891 5028 901 5067 :
932 5011 1013 5068 ibi
1044 5014 1204 5068 enim
1234 5021 1289 5069 et
1319 5016 1500 5081 visus,
1530 5022 1581 5071 et
1614 5018 1876 5084 auditus,
1910 5025 1965 5074 et
1992 5019 2261 5087 olfactus,

609 5106 983 5171 etgustus,et
1011 5105 1202 5158 tactus
1234 5119 1248 5169 ;
1283 5103 1343 5158 in
1374 5106 1593 5161 caeteris
1615 5112 1814 5162 autem
1842 5108 2004 5164 solus
2037 5115 2119 5165 est
2148 5114 2264 5167 tac-

600 5192 719 5244 tus.
744 5195 831 5245 An
858 5192 1036 5247 etiam
1053 5196 1266 5263 praeter
1282 5193 1396 5248 hoc
1410 5194 1594 5265 quod,
1626 5197 1990 5268 tanquamin
2014 5199 2259 5271 templo,

601 5276 661 5331 in
690 5278 789 5333 illo
821 5295 1069 5352 corpore
1100 5281 1551 5337 habitatomnis
1578 5284 1886 5355 plenitudo
1913 5287 2257 5355 divinitatis,

603 5370 690 5419 est
719 5367 881 5421 aliud
913 5370 1079 5439 quod
1102 5371 1329 5428 intersit
1358 5371 1507 5427 inter
1534 5372 1678 5429 illud
1702 5381 1901 5445 caput,
1928 5380 1982 5431 et
2022 5376 2259 5447 cujusli.

601 5448 699 5505 bet
721 5458 972 5511 membri
1004 5460 1415 5517 excellentiam
1447 5460 1475 5515 7
1507 5465 1603 5519 Est
1629 5463 1825 5535 plane,
1858 5464 2023 5535 quod
2056 5464 2258 5534 singu-

604 5536 713 5592 lari
740 5545 1006 5611 quadam
1054 5551 1433 5620 susceptione
1464 5552 1725 5608 hominis
1756 5552 1910 5607 illius
1950 5570 2072 5610 una
2102 5553 2257 5611 facta

604 5631 691 5685 est
723 5642 979 5699 persona
1007 5650 1143 5690 cum
1177 5637 1388 5695 Verbo.
1422 5642 1498 5696 De
1528 5640 1693 5699 nullo
1725 5642 1885 5699 enim
1913 5647 2253 5700 sanctorum

1947 167 2006 221 S.
2053 161 2431 222 AUGUSTINI
2469 158 2793 217 EPISCOPI

3854 176 3933 232 818

2420 286 2537 342 dici
2597 284 2811 358 potuit,
2844 286 2946 340 aut
2992 285 3205 356 potest,
3247 286 3346 339 aut
3374 286 3586 357 poterit,
3622 288 3819 349 Verbum
3844 312 3941 355 caro
4032 316 4033 319 ‘

2416 377 2645 445 factum
2674 382 2751 431 est
2795 373 2902 445 (Id.
2938 388 2976 443 ι,
3012 374 3097 443 14)
3137 388 3149 427 :
3186 372 3380 428 nullus
3412 382 3717 433 sanctorum
3755 384 3945 452 qualibet

2418 465 2766 537 praestantia
2780 463 3002 535 gratiae,
3022 463 3311 534 Unigeniti
3327 479 3532 519 nomen
3549 470 3760 539 accepit,
3776 477 3945 544 utquod

2419 559 2476 609 et
2504 554 2704 625 ipsum
2739 555 2835 607 Dei
2869 552 3127 608 Verbum
3161 557 3295 607 ante
3318 553 3537 617 saecula,
3567 555 3667 610 hoc
3691 559 3833 614 simul
3856 579 3947 617 cum

2419 647 2732 714 assumpto
2771 641 3015 697 homine
3065 642 3375 697 diceretur.
3431 643 3725 714 Singularis
3760 654 3828 702 est
3855 666 3951 720 ergo

2416 731 2515 787 illa
2531 731 2850 802 susceptio,
2868 745 2977 785 nec
3002 746 3139 785 cum
3154 730 3493 786 hominibus
3507 732 3775 804 aliquibus
3796 742 3949 793 sanctis

2417 818 3093 893 quantalibctsapientia
3105 824 3160 875 et
3174 821 3476 875 sanctitate
3491 824 3951 892 praestantibus,ullo

2418 909 2602 964 modo
2620 913 2813 980 potest
2831 924 2959 963 esse
2982 909 3342 964 communis.
3374 908 3476 964 Ubi
3502 909 3698 965 divina:
3722 914 3879 980 gratiae
3896 933 3953 970 sa—

2418 998 2492 1053 tis
2520 997 2906 1069 perspicuum
2942 996 3292 1068 clarumque
3321 997 3722 1054 documentum
3747 1008 3831 1054 est.
3860 1004 3951 1067 Quis

2417 1086 2577 1142 enim
2619 1092 2742 1141 tam
2775 1087 2847 1140 sit
2891 1086 3237 1155 sacrilegus,
3272 1091 3333 1141 ut
3388 1086 3599 1142 audeat
3624 1087 3869 1145 afﬁrmare
3890 1093 3952 1147 ali-

2415 1190 2602 1247 quam
2640 1191 2818 1247 posse
2847 1175 3116 1231 animam
3147 1190 3251 1245 per
3286 1176 3556 1230 meritum
3605 1176 3755 1231 liberi
3782 1178 3951 1245 arbitrii,
4036 1234 4037 1237 η

2417 1268 2481 1320 ut
2502 1264 2649 1320 alter
2670 1264 2743 1319 sit
2774 1264 3041 1320 Christus
3074 1263 3304 1320 efﬁcere
3327 1264 3354 1317 ?
3382 1266 3449 1320 Ut
3476 1280 3609 1332 ergo
3633 1265 3700 1320 ad
3722 1282 3954 1337 personam

2419 1353 2584 1408 Verbi
2619 1353 2902 1422 unigeniti
2930 1353 3266 1423 pertineret,
3314 1368 3434 1424 quo
3473 1358 3640 1424 pacto
3668 1354 3953 1424 perliberum

2415 1441 2722 1498 arbitrium
2738 1441 3135 1496 communiter
3147 1441 3427 1496 omnibus
3440 1447 3493 1497 et
3510 1441 3954 1498 naturaliterdatum

2414 1546 2536 1586 una
2562 1530 2688 1586 sola
2709 1530 2912 1585 anima
2932 1530 3272 1594 meruisset,
3300 1529 3543 1586 nisihoc
3574 1530 3847 1599 singularis
3870 1548 3955 1600 gra-

2413 1619 2493 1675 tia
2532 1618 2897 1690 praestitisset
2927 1635 2939 1683 ;
2976 1633 3159 1690 quam
3187 1617 3278 1673 fas
3320 1622 3406 1674 est
3437 1618 3757 1690 praedicare,
3786 1618 3844 1674 de
3876 1636 3954 1691 qua
4038 1690 4039 1699 χ

2413 1706 2583 1763 nefas
2603 1712 2689 1762 est
2718 1706 2867 1762 velle
2878 1707 2899 1778 j
2912 1706 3155 1763 udicare
3185 1706 3213 1761 ?

2482 1799 2575 1853 41.
2604 1796 2740 1851 Haec
2771 1796 2815 1850 si
2845 1795 3438 1867 proviribusnostris,
3463 1801 3736 1869 quantum
3752 1797 3957 1851 Dominus

2411 1885 2654 1956 adjuvit,
2684 1884 2789 1940 rite
2822 1885 3206 1940 tractavimus
3257 1902 3271 1951 ;
3318 1885 3563 1957 quando
3595 1888 3760 1941 Deum
3806 1885 3958 1956 ubique

2408 1977 2857 2045 praesentem,et
2883 1988 3002 2028 non
3034 1974 3240 2044 spatiis
3253 1974 3630 2038 distantibus,
3655 1974 3803 2045 quasi
3821 1972 3960 2043 aliqua

2412 2063 2567 2118 mole
2596 2062 2687 2117 vel
2714 2063 3073 2119 distentione
3113 2062 3426 2129 diffusum,
3474 2063 3573 2118 sed
3618 2062 3809 2134 ubique
3830 2066 3959 2117 totum

2409 2154 2668 2224 cogitare
2701 2157 2752 2207 te
2782 2151 3073 2216 extendis,
3107 2156 3306 2207 averte
3355 2158 3610 2208 mentem
3654 2154 3719 2208 ab
3757 2151 3959 2206 omnibus

2408 2240 2771 2311 imaginibus
2792 2257 3134 2312 corporum,
3167 2257 3320 2313 quas
3340 2241 3609 2297 humana
3632 2240 3866 2310 cogitatio
3887 2240 3962 2293 vol-

2407 2347 2541 2386 vere
2567 2330 3027 2385 consuevit.Non
3042 2330 3201 2385 enim
3221 2330 3303 2385 sic
3323 2331 3636 2402 sapientia,
3662 2345 3767 2384 non
3785 2329 3961 2399 justitia,

2406 2436 2529 2475 non
2562 2420 2644 2474 sic
2674 2419 2931 2490 denique
2960 2418 3218 2474 charitas
3250 2419 3569 2489 cogitatur,
3623 2418 3691 2473 de
3720 2433 3820 2489 qua
3843 2416 3967 2486 scrip-

2415 2515 2540 2563 tum
2564 2513 2667 2570 est.
2692 2509 2844 2562 Deus
2862 2507 3128 2563 charitas
3158 2514 3239 2563 est
3260 2508 3302 2579 (Ι
3330 2509 3503 2565 Joan.
3530 2524 3603 2573 iv,
3633 2510 3699 2578 8).
3733 2508 3851 2561 Cum
3874 2520 3966 2558 vero

2411 2597 2843 2652 habitationem
2863 2595 2988 2667 ejus
3010 2596 3258 2667 cogitas,
3282 2596 3575 2653 unitatem
3603 2596 3779 2666 cogita
3793 2608 3968 2662 congre-
4042 2592 4043 2627 ‘

2410 2688 2835 2758 galionemque
2890 2691 3233 2741 sanctorum
3267 2702 3279 2739 :
3336 2688 3601 2743 maxime
3635 2687 3690 2741 in
3729 2684 3876 2748 ccelis,
3902 2683 3968 2736 ubi

2411 2781 2725 2847 propterea
2756 2776 3055 2846 praecipue
3094 2775 3309 2831 dicitur
3346 2775 3641 2841 habitare,
3682 2775 3805 2847 quia
3838 2773 3899 2827 ibi
3930 2770 3971 2825 ﬁt

2408 2865 2680 2920 voluntas
2721 2864 2850 2935 ejus
2882 2862 3139 2935 perfecta
3187 2880 3422 2930 eorum,
3457 2866 3515 2920 in
3546 2865 3754 2937 quibus
3789 2862 3969 2921 habitat,

2407 2952 2750 3009 obedientia
2776 2970 2791 3018 ;
2820 2952 3033 3008 deinde
3061 2953 3117 3008 in
3152 2958 3325 3019 terra,
3358 2954 3468 3010 ubi
3498 2954 3779 3009 mdiﬁcans
3806 2952 3969 3006 habitat

2405 3044 2655 3100 domum
2671 3058 2841 3097 suam
2869 3042 2930 3097 in
2953 3041 3066 3097 ﬁne
3090 3042 3290 3098 saeculi
3313 3042 3729 3099 dedicandam.
3746 3041 3967 3098 Christum
3990 3056 3993 3069 ι

2406 3139 2604 3189 autem
2648 3131 2959 3187 Dominum
2997 3136 3265 3187 nostrum
3317 3132 3688 3202 unigenitum
3711 3132 3796 3186 Dei
3822 3128 3968 3182 Filium

2404 3221 2700 3293 aequalem
2732 3219 2903 3284 Patri,
2955 3220 3358 3292 eumdemque
3389 3221 3652 3277 hominis
3696 3220 3859 3275 ﬁlium
3890 3231 3970 3287 quo

2405 3312 2598 3381 major
2628 3314 2715 3365 est
2746 3309 2939 3377 Pater,
2972 3312 3028 3363 et
3058 3307 3277 3381 ubique
3318 3314 3514 3366 totum
3543 3314 3864 3381 praesentem
3885 3318 3969 3359 esse
3994 3340 3995 3383 ᾖ

2399 3416 2522 3456 non
2549 3398 2784 3454 dubites
2812 3403 3099 3469 tanquam
3135 3400 3340 3467 Deum,
3389 3405 3447 3456 et
3488 3401 3546 3455 in
3572 3399 3773 3455 eodem
3811 3393 3999 3464 templo“

2402 3489 2638 3543 Deiesse
2654 3492 2940 3558 tanquam
2964 3486 3398 3543 inhabitantem
3418 3490 3623 3552 Deum,
3652 3487 3766 3543 etin
3789 3486 3892 3540 loco
3906 3481 3970 3535 ali-

2397 3594 2520 3650 quo
2550 3576 2677 3632 coeli
2714 3581 2955 3648 propter
2986 3576 3110 3631 veri
3149 3578 3419 3648 corporis
3456 3578 3720 3633 modum.
3761 3573 3855 3631 Sed
3877 3585 3969 3627 cum

2397 3683 2493 3723 me
2514 3666 2765 3722 delectat
2787 3665 2948 3736 loqui
2980 3670 3195 3731 tecum,
3228 3667 3438 3722 nescio
3459 3672 3657 3722 utrum
3686 3660 3970 3721 servaverim

2397 3756 2693 3811 sermonis
2750 3753 3093 3809 sufﬁcientis
3142 3754 3417 3819 modum,
3472 3756 3647 3828 quasi
3694 3753 3971 3810 diuturnum

2395 3844 2695 3900 silentium
2721 3843 3080 3915 loquacitate
3112 3858 3527 3914 compensem.
3557 3847 3758 3899 Verum
3784 3842 3898 3913 quia
3917 3852 3973 3891 re-

2390 3934 2612 4005 ligione
2643 3938 2698 3989 et
2723 3932 3135 3988 benevolentia
3165 3947 3287 4004 qua
3339 3947 3439 3988 me
3471 3930 3890 4004 praeoccupasti,
3920 3927 3973 3981 ita

2392 4024 2780 4079 invisceratus
2811 4038 2874 4075 es
2906 4021 3068 4075 cordi
3094 4036 3246 4087 meo,
3278 4026 3337 4076 ut
3367 4024 3656 4094 tanquam
3692 4037 3816 4077 cum
3832 4017 3974 4074 amico

2392 4128 2526 4168 vere
2538 4111 2867 4182 colloquar,
2886 4109 3183 4181 quidquid
3202 4110 3261 4165 in
3278 4126 3461 4182 opere
3484 4111 3599 4165 stili
3628 4105 3975 4166 nostriutiliter

2390 4201 2758 4257 elaboratum
2783 4214 2911 4253 esse
2929 4198 3267 4267 cognoscis,
3294 4201 3412 4254 Deo
3430 4200 3656 4269 gratias
3682 4215 3801 4269 age.
3828 4196 3873 4251 Si
3891 4207 3976 4265 qua

2387 4296 2587 4347 autem
2616 4290 2753 4344 vitia
2774 4303 2909 4343 mea
2936 4286 3243 4359 perspicis,
3281 4288 3362 4342 uti
3382 4287 3767 4344 charissrmus
3798 4285 3976 4341 amicus

2386 4378 2655 4451 ignosce;
2680 4376 2892 4433 eadem
2919 4374 3139 4430 scilicet
3162 4374 3496 4433 sinceritate
3523 4374 3843 4432 dilectionis
3871 4369 3976 4427 mihi

2387 4472 2601 4540 aptans
2630 4465 3009 4528 medicinam,
3043 4479 3165 4535 qua
3196 4464 3477 4520 concedis
3510 4472 3566 4521 et
3597 4464 3838 4521 veniam.

2737 4553 3070 4609 EPlSTOLA
3114 4554 3453 4609 CLXXXVIII
3492 4554 3508 4570 ·
3554 4554 3664 4627 (a).

2384 4645 2760 4715 Augustinus
2776 4647 2828 4700 et
2859 4641 3107 4713 Alypius
3127 4642 3392 4697 Jutianz
3422 4642 3617 4699 viduae
3639 4642 3811 4699 matri
3828 4641 3981 4695 Deme

2453 4734 2664 4790 triadis
2700 4732 2968 4802 virginis,
3002 4746 3075 4785 ne
3100 4732 3228 4799 ipsa
3256 4731 3564 4799 familiave
3592 4732 3772 4801 ipsius
3786 4727 3981 4785 imbbiut

2450 4826 2615 4880 virus
2646 4821 3027 4892 propinatum
3050 4821 3112 4874 in
3142 4819 3290 4875 libro
3327 4820 3409 4875 ad
3440 4820 3847 4876 Demetriadem
3872 4818 3982 4873 scri-

2447 4920 2569 4983 pto,
2596 4910 2764 4981 cujus
2790 4909 2933 4965 libri
2956 4915 3247 4963 auctorem
3288 4910 3504 4965 rescire
3529 4910 3794 4978 cupiunt.

2378 5002 2644 5059 Dominae
2682 4998 2902 5055 debitis
2932 4998 2991 5052 in
3021 4997 3251 5052 Christo
3282 4997 3492 5053 ofﬁciis
3543 4996 3913 5058 honorandae,
3940 4998 3983 5047 et

2446 5091 2653 5147 merito
2680 5087 2885 5143 illustri
2904 5086 3038 5141 ﬁliae
3056 5087 3316 5149 lunam,
3336 5090 3572 5142 ALYPIUS
3587 5090 3645 5141 et
3660 5089 3979 5149 Aususnsrs,

2442 5182 2502 5236 in
2536 5178 2790 5235 Domino
2821 5176 3093 5231 salutem.

2445 5269 2593 5325 CAP.
2626 5267 2908 5323 PRIMUM.
2923 5295 2991 5306 —
3007 5266 3056 5320 1.
3077 5267 3247 5321 Grate
3261 5263 3596 5319 admodum
3616 5264 3785 5319 nobis
3800 5264 3980 5334 jucun-

2368 5358 2562 5429 deque
2594 5355 2809 5412 accidit
2852 5358 2914 5409 ut
2946 5352 3122 5408 simul
3152 5368 3262 5408 nos
3293 5353 3650 5409 constitutos
3680 5350 3833 5424 apud
3874 5348 3979 5417 Hip~

2429 5466 2445 5482 '
2472 5462 2767 5513 Emendata
2792 5475 2890 5524 ope
2918 5475 2965 5508 a.
3003 5459 3089 5519 bg.
3136 5458 3205 5524 bl.
3235 5472 3395 5524 c._cc.
3418 5458 3481 5524 11⁸.
3503 5458 3541 5521 j.
3586 5472 3640 5521 g.
3678 5472 3761 5521 gv.
3788 5471 3841 5509 n.
3871 5469 3909 5505 r.
3941 5466 3975 5499 ε.

2365 5526 2449 5579 sb.
2488 5531 2525 5576 t.
2552 5541 2630 5576 vc.
2660 5521 2894 5589 quatuor
2924 5538 2973 5571 ν.
3000 5524 3115 5570 Am.
3146 5521 3381 5589 BadiEr.
3402 5522 3539 5589 ALov.
3632 5584 3640 5589 .
3727 5586 3731 5589 _
3899 5579 3924 5589 μ

2428 5591 2498 5649 (a)
2521 5590 2661 5638 Alias
2677 5579 2774 5636 143
2802 5602 2813 5636 :
2851 5600 2969 5650 quin
2995 5585 3283 5650 autem_18_8
3304 5579 3973 5650 erat,_nuncin;_\ppendice

2366 5647 2449 5701 est
2476 5653 2521 5703 7.
2556 5651 2761 5715 Scripta.
2796 5647 2883 5699 an:
2922 5650 3149 5698 exeunte
3179 5647 3288 5703 417,
3314 5650 3409 5697 aut
3438 5648 3657 5696 ineunte
3686 5647 3791 5696 418.
