4118 6164
150 156 267 213 849

148 293 382 350 ponem
414 279 527 332 tuae
571 274 928 331 Reverentias
975 273 1179 330 littera:
1209 274 1555 347 reperirent,
1584 274 1809 346 quibus

146 368 287 423 Ilth
317 367 597 437 rescripta
624 365 843 437 pariter
872 364 1273 430 redderemus,
1324 363 1562 433 cognita
1612 368 1808 420 vestra

140 454 556 512 incolumitate
574 453 1313 526 gaudentes,vicissimque
1328 459 1807 525 nostram,quam

141 545 328 601 vobis
359 544 605 600 charam
648 559 777 599 esse
808 543 1195 611 conﬁdimus,
1250 548 1461 599 mutua
1492 542 1807 598 dilectione

140 634 520 698 nuntiantes,
549 631 795 687 domina
815 631 1030 686 debitis
1054 632 1114 687 in
1140 631 1369 688 Christo
1383 631 1595 687 ofﬁciis
1618 631 1804 687 hono-

141 722 367 785 randa,
406 726 463 777 et
503 722 710 777 merito
753 720 995 775 illustris
1044 720 1184 775 ﬁlia.
1235 720 1397 775 Scire
1442 726 1640 775 autem
1696 735 1802 774 vos

141 811 377 882 optime
410 810 636 865 scimus
660 814 957 882 quantum
973 808 1141 864 vobis
1154 808 1407 865 debeam
1418 826 1485 863 us
1501 808 1804 877 religionis

142 898 453 964 aﬂ'ectum,
485 904 832 971 quantaque
866 897 1037 953 nobis
1067 902 1123 953 et
1152 897 1317 969 apud
1351 897 1535 952 Deum
1569 901 1623 952 et
1653 895 1805 951 inter

140 988 428 1044 homines
442 988 671 1043 sitcura
684 988 757 1043 de
776 986 963 1043 vobis.
985 987 1138 1042 Licet
1160 987 1319 1042 enim
1334 1002 1443 1041 vos
1468 986 1802 1058 perlitteras

139 1077 437 1149 primum,
466 1076 681 1131 deinde
711 1076 888 1131 etiam
920 1076 1236 1147 praesentia
1269 1074 1586 1145 corporali,
1619 1073 1718 1145 pia
1749 1078 1805 1129 et

140 1167 464 1235 catholica,
497 1165 610 1221 hoc
641 1169 729 1220 est
778 1181 915 1220 vera
960 1164 1234 1220 membra
1274 1165 1481 1219 Christi
1508 1163 1802 1233 exiguitas

137 1262 359 1311 nostra
384 1256 772 1326 cognoverit;
807 1260 1008 1311 tamen
1041 1253 1218 1310 etiam
1250 1269 1355 1325 per
1407 1253 1800 1308 ministerium

137 1350 448 1408 nostrum,
508 1360 646 1399 cum
675 1344 1052 1415 accepissetis
1103 1343 1353 1398 verbum
1397 1342 1636 1397 auditus
1676 1341 1798 1405 Dei,

141 1434 306 1489 sicut
368 1433 508 1488 dicit
555 1432 896 1503 Apostolus,
943 1434 1242 1501 accepistis
1293 1446 1412 1487 non
1461 1437 1526 1487 ut
1565 1430 1798 1486 verbum

140 1523 475 1588 hominum,
518 1522 622 1578 sed
650 1524 801 1578 sicut
845 1530 926 1578 est
959 1538 1108 1589 vere,
1138 1521 1372 1578 verbum
1407 1521 1513 1575 Dei
1540 1520 1588 1591 (Ι
1628 1520 1796 1575 Thes.

138 1628 203 1679 ιι,
231 1612 343 1682 13).
378 1612 559 1685 Cujus
586 1611 917 1678 ministerii,
951 1611 1137 1667 nostri
1160 1611 1484 1681 adjuvante
1524 1610 1714 1678 gratia
1744 1610 1800 1665 et

136 1701 559 1757 misericordia
610 1700 953 1765 Salvatoris,
1014 1700 1074 1755 in
1105 1699 1290 1755 domo
1350 1703 1548 1754 vestra
1594 1702 1794 1754 tantus

136 1790 371 1845 fructus
390 1795 629 1845 exortus
653 1794 832 1856 est,ut
852 1789 1133 1845 humanis
1164 1788 1383 1859 nuptiis
1410 1788 1540 1858 jam
1567 1786 1795 1858 paratis

136 1885 353 1936 sancta
369 1880 692 1935 Demetrias
716 1878 1087 1950 spiritualem
1102 1876 1309 1948 sponsi
1325 1876 1481 1932 illius
1497 1876 1797 1947 praeferret

138 1968 514 2040 amplexum,
549 1969 644 2024 cui
689 1968 963 2039 specioso
1002 1983 1125 2039 pra:
1176 1966 1311 2021 filiis
1367 1964 1683 2021 hominum
1716 1965 1797 2020 ad

133 2057 493 2114 habendam
526 2058 771 2129 spiritus
828 2056 1167 2112 uberiorem
1207 2054 1655 2119 fecunditatem,
1686 2070 1795 2110 nec

135 2146 538 2203 amittendam
577 2147 769 2203 carnis
791 2146 1211 2216 integritatem,
1242 2144 1501 2215 virgines
1533 2142 1791 2198 nubunt.

136 2236 519 2291 Nesciremus
546 2240 741 2292 autem
772 2234 1291 2307 quemadmodum
1314 2237 1516 2288 nostra
1539 2231 1637 2287 illa
1652 2236 1795 2287 tunc

137 2325 480 2380 exhortatio
512 2341 547 2379 a
577 2325 735 2380 fideli
758 2330 811 2380 et
838 2323 1018 2380 nobili
1044 2323 1271 2391 virgine
1290 2322 1496 2377 fuisset
1526 2325 1791 2392 accepta,

137 2415 258 2469 nisi
289 2414 463 2469 nobis
494 2414 794 2486 profectis,
832 2430 969 2468 cum
1004 2416 1135 2484 post
1166 2410 1489 2483 paululum
1522 2409 1793 2481 professa

136 2504 351 2559 fuisset
379 2503 842 2559 sanctimoniam
874 2499 1247 2570 virginalem,
1280 2500 1395 2554 hoc
1440 2498 1651 2567 ingens
1692 2497 1791 2552 Dei

135 2593 394 2658 donum,
427 2592 590 2664 quod
638 2607 744 2663 per
773 2606 973 2646 servos
1004 2589 1248 2662 quidem
1297 2604 1439 2643 suos
1466 2586 1694 2658 plantat
1735 2589 1792 2640 et

131 2682 311 2751 rigat,
346 2681 450 2736 sed
502 2698 607 2752 per
635 2681 901 2752 seipsum
933 2680 1039 2735 dat
1069 2680 1506 2734 incrementum
1553 2679 1593 2744 (l
1648 2676 1784 2731 Cor.

134 2787 216 2835 ιιι,
274 2776 323 2835 6,
374 2771 453 2839 7),
495 2770 669 2825 nobis
695 2768 982 2840 Operariis
1034 2767 1400 2839 provenisse,
1454 2769 1788 2820 vestrarum

128 2860 463 2915 litterarum
494 2858 800 2914 laetissimo
847 2858 1056 2913 nuntio
1105 2862 1163 2914 et
1205 2855 1400 2912 veraci
1451 2854 1787 2910 testimonio

128 2948 528 3004 disceremus.

198 3060 247 3109 2.
268 3057 407 3120 Quae
439 3071 577 3110 cum
607 3055 687 3111 ita
712 3054 846 3119 sint,
872 3069 1049 3109 nemo
1071 3068 1181 3108 nos
1206 3050 1517 3122 improbos
1550 3048 1782 3117 dixerit,

125 3144 178 3198 si
210 3144 269 3197 in
292 3144 459 3199 vobis
490 3143 888 3199 admonendis
920 3140 1299 3198 utcontraria
1325 3139 1529 3209 gratite
1555 3138 1651 3192 Dei
1683 3138 1787 3193 do-

119 3232 1061 3303 gmatadevitetis,necessitudine
1076 3247 1283 3285 sumus
1297 3227 1664 3301 propensiore
1678 3225 1783 3280 sol-

120 3321 585 3378 licitiNamlicel
601 3339 710 3377 nos
724 3320 1042 3393 Apostolus
1064 3335 1183 3375 non
1201 3318 1396 3373 solum
1421 3319 1779 3388 opportune,

120 3426 333 3465 verum
361 3411 538 3466 etiam
563 3412 901 3481 importune
930 3407 1319 3481 praedicando
1350 3405 1529 3461 verbo
1559 3405 1781 3459 instare

117 3500 428 3570 praecipiat
445 3502 509 3570 (ll
542 3501 684 3555 Tim.
708 3516 785 3564 1v,
802 3498 858 3568 2)
882 3516 894 3564 ;
921 3514 1040 3554 non
1060 3502 1258 3553 tamen
1282 3496 1340 3551 in
1358 3510 1566 3550 eorum
1587 3491 1778 3548 homi-

116 3604 267 3642 num
284 3604 533 3643 numero
549 3605 653 3644 vos
666 3587 982 3656 habemus,
999 3586 1221 3659 quibus
1237 3583 1539 3640 sermo'vel
1552 3581 1778 3653 pagina

112 3682 313 3733 nostra
326 3678 667 3749 importuna
680 3676 1212 3746 videatur,quando
1226 3674 1285 3729 id
1298 3674 1457 3747 quod
1472 3672 1549 3727 ad
1562 3686 1776 3727 sanam

114 3766 457 3821 doctrinam
476 3783 594 3821 nou
623 3767 1007 3838 pertinet,vos
1031 3764 1414 3834 utvigilanter
1436 3760 1666 3816 evitetis
1688 3760 1775 3816 al-

112 3855 441 3927 loquimur.
478 3857 620 3911 Hine
646 3872 784 3927 ergo
820 3861 906 3910 est
935 3854 1099 3927 quod
1129 3853 1601 3908 admonitionem
1634 3865 1776 3904 nos-

116 3950 269 4000 tram
295 3950 415 4000 tam
446 3955 614 4014 grato
640 3946 844 3999 animo
860 3944 1222 4015 suscepistis,
1248 3943 1379 3996 utin
1394 3938 1644 4011 epistola
1672 3943 1774 3994 tua

115 4032 194 4087 ad
211 4048 393 4103 quam
412 4049 571 4087 nunc
591 4032 993 4102 rescribimus,
1019 4032 1245 4087 diceres
1277 4046 1289 4085 :
1325 4031 1482 4085 Sane
1499 4027 1657 4099 quod
1686 4042 1774 4082 me

115 4121 401 4177 hortatur
420 4123 764 4179 Reverentia
784 4128 1000 4186 vestra,
1018 4136 1092 4177 ne
1113 4135 1286 4177 aures
1311 4119 1657 4188 indulgeam
1683 4117 1773 4173 his

116 4210 442 4266 hominibus
461 4210 564 4282 qui
589 4210 791 4279 pravis
812 4210 1164 4266 tractatibus
1180 4208 1580 4265 venerandum
1594 4207 1771 4274 ﬁdem

114 4300 927 4371 szepecorrumpunt,gratias
944 4299 1140 4355 uberes
1163 4313 1273 4368 ago
1301 4304 1421 4353 tam
1430 4297 1542 4367 piae
1573 4296 1772 4352 admo-

116 4387 345 4441 nitioni.

187 4484 240 4537 3.
258 4485 425 4549 Quod
441 4486 642 4557 itaque
654 4485 749 4555 adj
762 4501 837 4540 un
846 4486 933 4555 gis
947 4488 1003 4540 et
1016 4484 1183 4550 dicis,
1199 4485 1317 4540 Sed
1329 4488 1552 4540 noverit
1573 4498 1771 4539 sacer-

114 4570 332 4626 dotium
349 4575 811 4643 vestrum,longe
832 4588 920 4628 me
946 4588 1016 4629 ac
1041 4573 1467 4627 domuncutum
1488 4587 1675 4627 meam
1696 4571 1770 4627 ab

117 4660 462 4729 hujusmodi
487 4664 747 4730 personis
764 4676 882 4718 esse
898 4662 1211 4718 discretam
1232 4661 1567 4732 :'omnisque
1592 4662 1772 4729 fami-

118 4750 201 4804 lia
233 4757 430 4805 nostra
470 4751 613 4806 adeo
668 4751 1025 4806 catholicam
1082 4750 1343 4820 sequitur
1387 4750 1584 4816 ﬁdem,
1614 4756 1676 4802 ut
1709 4750 1771 4803 in

114 4838 351 4893 nullam
384 4839 649 4895 haeresim
674 4840 1003 4911 aliquando
1023 4838 1359 4901 deviaverit,
1394 4854 1495 4893 nec
1509 4853 1770 4908 unquam

118 4928 286 4994 lapsa
313 4928 552 4993 sit;non
575 4929 705 4984 dico
738 4930 799 4982 in
831 4944 927 4984 eas
959 4936 1143 4984 sectas
1159 4944 1285 4997 quze
1309 4927 1409 4982 vix
1426 4926 1768 4995 expiantur,

113 5016 217 5071 sed
246 5033 353 5072 nec
380 5018 443 5072 in
474 5033 566 5072 eas
592 5034 719 5089 quae
742 5032 960 5084 parvos
988 5016 1195 5071 habere
1208 5015 1487 5070 videntur
1511 5030 1737 5070 errores
1752 5032 1771 5078 ;

111 5105 229 5159 hoc
261 5111 347 5159 est
385 5106 547 5178 quod
576 5122 684 5160 nos
720 5104 915 5173 magis
956 5104 1265 5175 magisque
1296 5102 1598 5174 compellit
1649 5118 1770 5157 non

114 5202 309 5248 tacere
344 5195 504 5265 apud
534 5211 640 5249 vos
666 5194 738 5249 de
767 5196 835 5248 iis
855 5194 954 5265 qui
986 5193 1165 5248 etiam
1188 5192 1285 5248 illa
1306 5210 1441 5263 qua:
1468 5210 1613 5249 sana
1636 5198 1773 5248 sunt

111 5282 324 5338 vitiare
341 5289 651 5338 conantur.
665 5282 919 5337 Domum
933 5283 1088 5337 enim
1105 5288 1505 5347 vestram,non
1526 5299 1771 5353 parvam

114 5372 323 5426 Christi
358 5372 681 5428 Ecclesiam
712 5371 1096 5442 deputamus.
1128 5374 1240 5425 Nec
1273 5387 1416 5425 sane
1438 5386 1660 5442 parvus
1684 5375 1773 5424 est

116 5476 283 5515 error
302 5460 534 5515 illorum
551 5461 650 5531 qui
676 5465 971 5530 putantex
997 5458 1330 5530 nobisipsis
1350 5476 1459 5513 nos
1481 5460 1701 5514 habere
1726 5459 1772 5514 si

114 5549 260 5621 quid
274 5550 294 5620 j
308 5548 1207 5620 ustitiae,continentiae,pietatis,
1224 5547 1511 5603 castitatis
1525 5548 1583 5603 in
1597 5548 1773 5604 nobis

116 5642 224 5707 est,
239 5653 311 5695 eo
334 5638 498 5712 quod
516 5638 598 5695 ita
620 5653 728 5695 nos
745 5636 1080 5695 condiderit
1101 5639 1275 5701 Deus,
1294 5640 1358 5694 ut
1376 5636 1549 5706 ultra,
1565 5642 1777 5712 printer

1410 148 1913 206 EPISTOLARUM
1951 150 2237 209 CLASSIS
2276 152 2374 208 III.

3473 160 3580 216 850

1917 275 2083 347 quod
2100 276 2273 333 nobis
2289 277 2509 335 revelat
2538 278 3027 347 scientiam,nihil
3046 298 3157 338 nos
3176 282 3420 355 adjuvet
3437 289 3582 342 utea

1917 379 2051 435 quas
2089 364 2359 422 facienda
2384 368 2674 425 discendo
2709 370 3009 439 novimus,
3047 372 3225 428 etiam
3274 374 3579 445 diligendo

1917 451 2244 521 faciamus;
2278 461 2558 512 naturam
2586 457 2805 514 scilicet
2842 464 3022 531 atque
3054 460 3392 517 doctrinam
3423 464 3571 518 deti-

1915 542 2144 598 nientes
2160 546 2577 601 tantummodo
2591 562 2717 601 esse
2745 548 2997 617 gratiam
3013 550 3109 604 Dei
3127 555 3183 605 et
3210 550 3577 621 adjutorium

1917 633 2171 703 utrectej
2185 637 2430 705 usteque
2450 634 2830 690 vivamus.Ad
2844 636 3191 693 habendam
3211 655 3343 694 vero
3357 638 3575 696 bonam

1914 719 2299 786 voluntatem,
2332 722 2433 777 ubi
2468 723 2685 778 esthoc
2712 724 2912 795 ipsum
2932 726 3266 796 quodjuste
3288 728 3567 798 vivimus,

1914 813 1968 863 et
1996 810 2128 880 ipsa
2144 810 2403 867 charitas
2425 812 2634 882 quasin
2662 813 2946 868 omnibus
2964 815 3061 869 Dei
3079 814 3255 870 donis
3280 816 3361 873 ita
3386 817 3573 873 excel-

1912 898 1994 962 lit,
2028 900 2295 955 utetiam
2330 903 2481 955 Deus
2506 901 2663 958 dicta
2696 902 2771 958 sit
2805 903 2844 972 (Ι
2874 902 3049 958 Joan.
3088 919 3165 969 1v,
3200 904 3276 975 8),
3300 921 3424 977 qua
3455 922 3576 963 una

1911 988 2274 1059 adimpletur
2298 989 2357 1044 in
2389 989 2562 1045 nobis
2586 991 2635 1045 si
2667 991 2813 1063 quid
2843 991 3061 1046 divinae
3096 992 3244 1062 legis
3277 998 3333 1049 et
3364 994 3571 1050 admo-

1911 1077 2153 1132 nitionis
2185 1077 2529 1147 implemus,
2565 1078 2777 1135 nolunt
2801 1095 2913 1135 nos
2945 1079 3225 1136 divinitas
3270 1081 3571 1152 adjuvari,

1912 1165 2017 1220 sed
2046 1181 2155 1221 nos
2184 1166 2345 1237 ipsos
2375 1166 2837 1223 dicuntarbitrio
2869 1170 3111 1241 prOprio
3154 1170 3329 1226 nobis
3361 1172 3574 1228 adista

1912 1253 2203 1310 sufficere.
2235 1256 2365 1311 Non
2392 1256 2563 1312 vobis
2596 1257 2876 1313 videatur
2904 1274 3067 1313 error
3092 1258 3199 1314 iste
3232 1259 3568 1326 mediocris,

1910 1342 2168 1413 proﬁteri
2186 1360 2247 1399 se
2276 1343 2424 1399 velle
2455 1345 2955 1411 christianos,nec
2986 1347 3129 1403 velle
3155 1348 3363 1404 audire
3384 1365 3567 1420 apos-

1909 1431 2094 1487 tolum
2127 1433 2356 1496 Christi,
2372 1435 2473 1505 qui
2501 1451 2640 1490 cum
2655 1435 2920 1501 dixisset,
2941 1436 3215 1493 Charitas
3238 1438 3341 1492 Dei
3351 1439 3569 1508 ali/fusa

1906 1527 1987 1576 est
2004 1521 2068 1575 in
2090 1522 2365 1577 cordibus
2384 1525 2628 1592 nostris;
2656 1540 2729 1579 ne
2751 1524 3078 1596 quisquam
3101 1542 3235 1581 eam
3256 1542 3316 1581 se
3343 1526 3566 1583 habere

1907 1609 2149 1665 nonnisi
2180 1625 2285 1681 per
2314 1612 2625 1681 proprium
2656 1618 2889 1683 putaret
2916 1613 3247 1677 arbitrium,
3284 1615 3568 1670 continuo

1906 1698 2234 1769 subjunxit,
2266 1714 2372 1767 per
2393 1700 2683 1768 Spiritum
2697 1706 2971 1757 sanctum
2986 1701 3088 1771 qui
3101 1701 3279 1757 datus
3296 1710 3374 1758 est
3400 1703 3567 1759 nobis

1906 1787 2094 1857 (Rom.
2124 1803 2179 1857 v,
2212 1788 2287 1858 5).
2310 1790 2468 1843 Hanc
2482 1803 2609 1843 esse
2633 1803 2919 1858 magnam
2947 1789 3202 1858 gratiam
3222 1789 3565 1856 Salvatoris,

1903 1876 2002 1947 qui
2045 1875 2377 1931 ascendens
2408 1876 2468 1931 in
2502 1876 2689 1931 altum
2723 1876 3047 1947 captivavit
3073 1877 3483 1947 captivitatem
3513 1882 3570 1934 et

1902 1964 2244 2020 deditdona
2267 1964 2616 2020 hominibus
2649 1964 2832 2036 (Psal.
2850 1982 3019 2031 vau,
3043 1970 3190 2034 19,et
3208 1967 3364 2035 Eph.
3391 1982 3468 2036 iv,
3506 1972 3564 2037 7)

1902 2052 2177 2126 quisquis
2198 2052 2472 2109 nondum
2503 2052 2837 2120 conﬁtetur,
2855 2057 3151 2124 quantum
3165 2058 3417 2125 etquam
3449 2056 3567 2111 exi-

1902 2142 2180 2198 tiabiliter
2210 2145 2380 2207 erret,
2411 2142 2709 2211 intelligis.

1973 2232 2193 2286 CAPUT
2225 2233 2289 2285 ll.
2339 2263 2405 2275 —
2432 2234 2486 2287 4.
2540 2230 2855 2296 Quomodo
2881 2245 3025 2301 ergo
3050 2246 3087 2287 a
3113 2228 3306 2298 vobis,
3338 2231 3563 2304 quibus

1900 2324 2131 2377 tantam
2156 2320 2535 2376 dilectionem
2564 2319 2876 2383 debemus,
2910 2319 3312 2375 admonendis
3335 2326 3400 2376 ut
3421 2322 3565 2378 talia

1899 2409 2175 2473 caveatis,
2202 2408 2589 2464 dissimulare
2640 2424 2975 2479 possemus,
3018 2424 3155 2463 cum
3210 2409 3564 2478 legissemus

1898 2498 2141 2561 librum,
2173 2513 2356 2570 quem
2401 2497 2481 2553 ad
2512 2501 2781 2553 sanctam
2812 2496 3249 2553 Demetriadem
3280 2497 3559 2570 quisnam

1900 2586 2201 2658 scripserit
2230 2586 2335 2657 (a),
2368 2586 2461 2641 vel
2494 2591 2693 2642 utrum
2724 2585 2801 2641 ad
2833 2602 2937 2641 vos
2968 2586 3320 2656 pervenerit,
3352 2590 3559 2641 vestris

1898 2676 2099 2747 potius
2129 2675 2430 2747 rescriptis
2443 2691 2620 2731 nosse
2643 2675 2952 2731 volumus:
2976 2674 3034 2728 in
3060 2689 3183 2745 quo
3212 2673 3451 2739 1ibro,si
3468 2674 3557 2729 fas

1898 2770 2004 2836 est,
2033 2764 2365 2834 legatvirgo
2389 2764 2598 2820 Christi
2618 2764 2774 2819 unde
2788 2763 2993 2819 credat
3009 2762 3357 2833 virginalem
3382 2780 3556 2820 suam

1897 2854 2291 2917 sanctitatem,
2312 2868 2648 2923 omnesque
2680 2850 3016 2923 spirituales
3037 2850 3296 2917 divitias,
3316 2852 3559 2908 nonnisi

1896 2956 1967 2997 ex
1994 2944 2194 3013 seipsa
2220 2940 2336 2997 sibi
2363 2957 2521 3006 esse;
2552 2945 2731 3011 atque
2750 2940 2851 3005 ita,
2880 2940 3235 3011 priusquam
3255 2940 3561 3011 sitplenis-

1893 3031 2044 3085 sime
2074 3030 2271 3097 beata,
2301 3029 2577 3086 discatsit
2607 3029 2726 3085 Deo
2744 3043 2892 3094 esse,
2916 3027 3081 3099 quod
3099 3026 3551 3099 absit,ingrata.

1896 3119 2083 3174 Verba
2100 3119 2260 3173 enim
2273 3118 2346 3175 ad
2364 3118 2529 3174 illam
2544 3118 2765 3189 scripta
2780 3116 2840 3172 in
2853 3116 3066 3173 eodem
3079 3114 3231 3170 libro
3248 3122 3389 3170 sunt
3405 3116 3546 3175 ista:

1892 3208 2075 3263 Habes
2105 3223 2245 3277 ergo
2275 3213 2327 3264 et
2353 3208 2470 3271 hic,
2498 3205 2707 3278 inquit,
2736 3220 2989 3276 perquw
3018 3204 3220 3260 merito
3244 3220 3552 3273 praepona-

1892 3298 1975 3353 ris
1998 3298 2172 3367 aliis,-
2198 3300 2313 3353 imo
2341 3297 2477 3353 hinc
2493 3296 2715 3366 magis:
2741 3311 2880 3351 nam
2908 3293 3241 3362 corporalis
3264 3293 3550 3350 nobilitas

1888 3392 2067 3457 atque
2089 3387 2415 3455 opulentia,
2445 3392 2683 3441 tuorum
2708 3385 3131 3454 intelliguntur
3144 3397 3263 3437 esse
3280 3397 3397 3437 non
3412 3388 3556 3451 tua;

1886 3477 2232 3548 spirituales
2258 3491 2393 3532 vero
2415 3475 2652 3531 divitias
2666 3474 2873 3529 nullus
2898 3473 3004 3527 tibi
3008 3477 3232 3541 praeter
3257 3477 3312 3527 te
3324 3471 3557 3539 confere

1881 3566 2120 3634 poterit.
2153 3566 2225 3619 In
2254 3564 2344 3619 his
2382 3579 2523 3633 ergo
2538 3565 2683 3633 jure
2714 3560 3047 3624 laudanda,
3104 3562 3164 3614 in
3199 3560 3289 3615 his
3340 3561 3551 3615 merito

1886 3656 2109 3710 ceteris
2135 3652 2513 3722 pi'z/‘erenda
2537 3666 2613 3717 es,
2629 3667 2753 3721 quae
2769 3649 2886 3705 nisi
2910 3664 2983 3704 e1:
3006 3655 3058 3704 te
3069 3654 3120 3704 et
3135 3649 3193 3703 in
3212 3654 3266 3704 te
3286 3663 3406 3704 esse
3424 3663 3544 3703 non

1882 3747 2129 3811 possunt
2159 3741 2375 3811 (Epist.
2399 3740 2479 3794 ad
2504 3738 2953 3802 Demetriadem,
2982 3752 3031 3791 c.
3070 3740 3179 3803 ll).

1952 3830 2006 3884 ὅ.
2041 3829 2240 3885 Cernis
2272 3844 2486 3899 nempe
2506 3832 2736 3899 quanta
2756 3828 2815 3881 in
2838 3825 2929 3880 his
2958 3824 3153 3879 verbis
3180 3824 3256 3877 sit
3275 3823 3548 3878 cavenda

1881 3919 2193 3992 pernicies.
2222 3920 2369 3973 Nam
2386 3915 2757 3988 utiquequod
2770 3914 2997 3970 dictum
3025 3912 3281 3977 est,Non
3299 3917 3547 3980 possunt

1883 4008 2122 4064 esseista
2136 4006 2281 4061 bona
2310 4005 2426 4061 nisi
2447 4006 2502 4059 in
2534 4010 2607 4069 te,
2631 4004 2857 4075 optime
2886 4007 2941 4058 et
2970 4000 3275 4057 verissime
3320 3999 3550 4054 dictum

1882 4103 1969 4153 est
1986 4114 2000 4163 ;
2016 4097 2124 4151 iste
2152 4095 2327 4168 plane
2344 4094 2515 4150 cibus
2534 4097 2646 4149 est:
2664 4091 2830 4165 quod
2850 4107 2989 4147 vero
3008 4090 3107 4159 ait,
3122 4088 3363 4145 nonnisi
3374 4103 3450 4144 ex
3466 4093 3543 4151 te,

1882 4187 1993 4243 hoc
2019 4185 2268 4241 omnino
2294 4183 2451 4239 virus
2481 4187 2586 4238 est.
2619 4182 2783 4237 Absit
2806 4185 2869 4237 ut
2898 4180 3026 4236 hinc
3054 4178 3309 4235 libenter
3337 4176 3547 4232 audiat

1884 4276 2049 4345 virgo
2068 4272 2296 4340 Christi,
2319 4289 2455 4345 quae
2482 4272 2576 4342 pie
2595 4269 2866 4340 intelligit
2890 4268 3200 4340 propriam
3220 4271 3546 4338 pauperta-

1882 4368 2001 4420 tem
2028 4364 2225 4420 cordis
2240 4360 2510 4425 humani,
2529 4360 2734 4415 etideo
2751 4358 2867 4413 illic
2882 4358 2991 4412 nisi
3012 4356 3219 4428 sponsi
3252 4355 3343 4408 sui
3364 4352 3540 4407 donis

1881 4453 2065 4508 nescit
2086 4451 2307 4508 ornari.
2340 4449 2555 4505 Audiat
2575 4462 2717 4517 ergo
2744 4447 2939 4517 potius
2970 4442 3323 4515 Apostolum
3345 4440 3544 4494 dicen-

1882 4548 2021 4609 tem,
2049 4538 2411 4609 Desponsavi
2438 4553 2529 4591 vos
2549 4536 2649 4590 uni
2669 4534 2813 4598 viro,
2832 4533 3109 4602 virginem
3131 4536 3353 4586 castam
3376 4525 3543 4582 exhi-

1885 4631 2015 4687 bere
2046 4629 2296 4685 Christo.
2335 4628 2526 4681 Timeo
2551 4630 2748 4680 autem
2777 4637 2849 4677 ne
2885 4621 3039 4675 sicut
3065 4633 3302 4687 serpens
3347 4616 3541 4671 Evam

1881 4719 2106 4776 sedarit
2122 4717 2183 4771 in
2202 4715 2457 4771 versutia
2471 4728 2599 4777 sua,
2617 4713 2699 4767 sic
2725 4716 2778 4766 et
2803 4715 3007 4765 vestra:
3021 4712 3240 4763 mentes
3267 4719 3540 4762 corrum-

1878 4812 2109 4879 pantur
2124 4821 2158 4861 α
2177 4804 2450 4861 castitate
2466 4818 2591 4873 qua:
2605 4806 2685 4857 est
2705 4801 2765 4854 in
2786 4798 3021 4855 Christo
3040 4797 3109 4866 (ll
3132 4795 3265 4851 Cor.
3281 4810 3363 4861 xx,
3378 4797 3430 4857 2,
3451 4792 3535 4863 3):

1882 4902 1937 4953 et
1961 4899 2277 4968 propterea
2307 4892 2379 4947 de
2411 4892 2500 4946 bis
2540 4904 2783 4962 quoque
2832 4884 3242 4957 spiritualibus
3288 4881 3529 4945 divitiis,

1884 5002 2005 5042 non
2035 4985 2215 5040 istum
2239 4982 2342 5055 qui
2374 4980 2534 5045 dicit,
2563 4978 2782 5035 Nullus
2815 4977 2920 5031 tibi
2950 4990 3046 5031 eas
3069 4979 3292 5043 praeter
3319 4977 3373 5026 te
3404 4984 3539 5025 con-

1879 5076 2043 5145 ferre
2072 5079 2281 5142 potest,
2317 5076 2392 5138 et,
2417 5070 2535 5125 nisi
2552 5084 2626 5125 ea:
2661 5074 2783 5124 teet
2812 5067 2873 5121 in
2898 5069 2951 5121 te
2976 5078 3091 5120 esse
3113 5078 3225 5117 non
3248 5064 3493 5128 possunt
3514 5074 3537 5120 ;

1883 5164 1987 5218 sed
2018 5163 2184 5219 illum
2225 5160 2431 5217 audiat
2481 5158 2585 5230 qui
2616 5158 2777 5218 dicit,
2838 5154 3138 5210 Habemus
3190 5149 3539 5204 thesaurum

1882 5255 2056 5308 istum
2086 5252 2149 5307 in
2181 5250 2336 5307 vasis
2364 5246 2668 5316 ﬁctilibus.
2720 5250 2783 5299 ut
2815 5240 3135 5299 eminentia
3169 5237 3407 5293 virtutis
3459 5235 3535 5289 sit

1884 5343 2009 5408 Dei,
2033 5348 2086 5397 et
2120 5356 2237 5395 non
2264 5354 2339 5395 ex
2368 5336 2531 5393 nobis
2569 5334 2683 5405 (Id.
2712 5349 2792 5403 ιν,
2818 5333 2896 5401 7).

1947 5460 2018 5518 (a)
2049 5453 2498 5518 Pelagium__libri_
2547 5450 2708 5518 hujus
2759 5447 3071 5518 scriptorem
3111 5456 3237 5518 esse
3289 5440 3538 5518 agnoscit

1886 5506 2219 5583 Augustinus
2256 5518 2308 5583 in
2345 5506 2748 5583 lib.__de_qratia
2780 5506 2989 5583 Christi,
3026 5506 3250 5583 c.n22‘et‘
3274 5506 3540 5583 seLq‘qqiﬁei:

1884 5566 2112 5645 denique
2143 5580 2361 5645 Orosius
2382 5571 3043 5645 tribuit_in_§pologetico.
3074 5570 3253 5619 Exstat
3278 5566 3411 5615 liber
3438 5566 3537 5615 iste

1886 5646 1972 5696 hic
2006 5636 2061 5693 in
2096 5641 2419 5708 Appendice,
2452 5639 2615 5704 Epist.
2648 5636 2727 5686 17.
