4118 6164
585 140 690 201 851

667 275 718 327 6.
776 266 857 327 De
894 268 1029 343 ipsa
1054 282 1295 340 quoque
1344 281 1517 323 sacra
1546 267 1909 325 continentia
1943 266 2238 337 virginali,

594 361 761 434 quod
815 375 934 415 non
989 356 1105 413 sibi
1131 357 1206 412 sit
1234 372 1306 412 ex
1345 357 1562 429 seipsa,
1605 357 1710 412 sed
1750 358 1822 413 sit
1850 356 1951 412 Dei
1991 357 2241 420 donum,

595 448 870 522 quamvis
885 445 1144 501 credenti
1159 444 1495 517 volentique
1511 445 1817 511 collatum,
1842 446 2122 501 eumdem
2145 462 2248 501 au-

597 540 722 593 diat
747 550 1016 590 veracem
1040 534 1329 606 piumque
1343 535 1671 600 doctorem,
1693 537 1946 608 quicum
1963 537 2097 591 hinc
2113 552 2249 605 age-

595 631 701 694 ret,
732 625 841 679 ait:
864 624 1075 680 Vellem
1107 639 1304 679 omnes
1319 639 1434 680 esse
1459 626 2051 696 sicutmeipsum;sed
2071 642 2249 681 unus-

596 714 839 785 quisque
850 715 1163 781 prOprium
1178 714 1393 768 donum
1412 714 1584 770 habet
1599 716 1787 780 aDeo,
1804 716 1960 771 alius
1973 718 2075 779 sic,
2093 716 2249 771 alius

598 811 791 860 autem
823 802 906 858 sic
921 802 960 872 (Ι
975 802 1107 858 Cor.
1124 804 1310 871 v11,_7).
1327 802 1730 858 Audiatetiam
1753 804 1977 874 ipsum,
1993 820 2111 860 non
2127 810 2248 859 tan-

596 896 727 947 tum
742 908 941 957 suum,
958 891 1065 947 sed
1082 892 1373 947 universae
1388 893 1659 948 Ecclesiae
1676 895 1917 949 unicum
1934 911 2246 966 sponsum,

600 980 675 1035 de
699 979 798 1035 tali
821 980 1085 1035 castitate
1099 984 1279 1051 atque
1301 980 1632 1050 integritate
1647 982 1963 1047 dicentem,
1981 983 2113 1038 Non
2136 998 2254 1038 0m-

601 1084 703 1125 nes
716 1068 961 1138 capiunt
978 1068 1217 1124 verbum
1232 1069 1469 1133 hoc,sed
1477 1070 1689 1141 quibus
1701 1071 1899 1127 datum
1914 1078 1994 1127 est
2009 1073 2249 1143 (Matth.

600 1174 717 1221 xrx,
751 1160 831 1228 11)
869 1175 882 1225 ;
912 1162 972 1213 ut
1000 1157 1286 1227 intelligat
1315 1174 1384 1213 ex
1438 1174 1507 1214 eo
1560 1160 1723 1230 quod
1765 1160 1944 1216 habet
1976 1167 2095 1217 tam
2130 1178 2255 1217 ma-

603 1262 790 1316 gnum
820 1247 1046 1302 bonum
1081 1252 1258 1319 atque
1305 1248 1677 1319 praeclarum,
1720 1266 1783 1305 se
1816 1251 2015 1324 potius
2048 1251 2167 1307 Deo
2200 1256 2255 1307 et

604 1336 855 1392 Domino
887 1339 1091 1391 nostro
1117 1337 1336 1406 gratias
1365 1352 1543 1407 agere
1569 1338 1807 1405 debere,
1841 1357 2024 1413 quam
2058 1342 2259 1412 cujus-

601 1440 788 1496 quam
810 1423 1015 1491 verba,
1043 1426 1205 1495 quod
1224 1426 1377 1482 velut
1402 1442 1474 1482 ex
1489 1428 1691 1499 seipsa
1717 1428 1776 1484 id
1789 1429 2029 1496 habeat,
2048 1434 2253 1486 utnon

604 1513 875 1568 dicamus
914 1513 1275 1569 assentantis
1321 1514 1668 1581 adulatoris,
1734 1533 1808 1573 ne
1870 1518 1943 1574 de
1987 1519 2254 1585 occultis,

604 1600 925 1657 hominum
951 1608 1171 1657 temere
1186 1604 1454 1673 judicare
1498 1605 1831 1672 videamur,
1871 1614 2025 1664 certe
2058 1626 2255 1666 erran-

608 1690 691 1745 tis
741 1689 1071 1745 laudatoris
1125 1691 1353 1747 audire.
1415 1694 1597 1750 Omne
1633 1696 1854 1767 quippe
1894 1699 2101 1755 datum
2150 1715 2253 1767 op-

611 1778 840 1842 timum,
870 1783 922 1832 et
948 1794 1119 1835 omne
1133 1780 1351 1836 donum
1368 1784 1720 1851 perfectum,
1748 1786 1897 1841 sicut
1922 1786 2255 1844 dicitetiam

610 1866 920 1936 apostolus
945 1868 1227 1933 Jacobus,
1245 1870 1554 1928 desursum
1587 1880 1687 1943 est,
1706 1876 2061 1932 descendens
2092 1894 2128 1933 a
2151 1879 2257 1934 Pa-

612 1960 701 2009 tre
728 1955 1018 2011 luminum
1033 1957 1267 2027 (Jacobi
1286 1975 1323 2023 1,
1348 1961 1440 2032 17)
1457 1980 1468 2015 :
1484 1961 1622 2017 hinc
1637 1979 1776 2033 ergo
1791 1969 1846 2019 et
1865 1971 2071 2023 sancta
2086 1968 2257 2037 virgi-

613 2042 788 2107 nitas,
822 2059 945 2115 qua
978 2051 1029 2100 te
1062 2046 1182 2102 ﬁlia
1223 2047 1515 2106 volentem
1569 2051 2052 2127 gaudentemque
2098 2057 2254 2121 vicit,

610 2136 758 2186 natu
792 2134 1104 2203 posterior,
1122 2142 1257 2192 actu
1272 2139 1451 2209 prior,
1469 2155 1682 2209 genere
1696 2159 1766 2197 ex
1783 2148 1854 2209 te,
1876 2143 2102 2201 honore
2123 2151 2257 2201 ante

610 2223 686 2287 te,
718 2224 885 2277 aetate
899 2221 1296 2296 subsequens,
1325 2229 1636 2285 sanctitate
1656 2233 1995 2302 praecedens
2024 2252 2037 2300 ;
2064 2236 2121 2289 in
2141 2251 2260 2307 qua

612 2308 791 2364 etiam
821 2314 987 2365 tuum
1020 2328 1153 2367 esse
1179 2316 1359 2387 C(Bpit
1387 2318 1550 2388 quod
1582 2319 1642 2375 in
1673 2324 1728 2376 te
1744 2337 1875 2375 esse
1902 2338 2024 2379 non
2049 2325 2257 2395 potuit.

615 2396 715 2452 illa
727 2397 952 2470 quippe
971 2402 1285 2458 carnaliter
1298 2418 1417 2459 non
1432 2408 1653 2477 nupsit,
1671 2414 1732 2464 ut
1746 2425 1864 2465 non
1880 2415 2112 2466 tantum
2126 2413 2255 2483 sibi,

614 2485 719 2539 sed
741 2487 917 2541 etiam
944 2488 1045 2543 tibi
1079 2490 1229 2546 ultra
1257 2496 1308 2546 te
1334 2494 1710 2564 spiritualiter
1738 2504 2053 2567 augeretur
2077 2518 2090 2556 :
2121 2518 2263 2573 quo-

612 2574 778 2629 niam
809 2579 867 2630 et
897 2580 954 2630 tu
975 2593 1043 2632 ea
1076 2580 1565 2650 compensatione
1597 2586 1793 2641 minor
1825 2589 1842 2622 ¹
1868 2587 1967 2643 illa
1996 2604 2078 2654 es,
2098 2593 2263 2662 quod

613 2660 695 2717 ita
725 2664 977 2733 nupsisti
1001 2670 1431 2725 utnascerctur.
1448 2672 1581 2726 Haec
1597 2672 1697 2729 Dei
1719 2674 1880 2732 dona
1893 2684 2052 2745 sunt,
2067 2660 2265 2736 etves-

617 2753 708 2805 tra
732 2750 976 2822 quidem
1007 2758 1162 2821 sunt,
1196 2758 1298 2813 sed
1328 2773 1451 2814 non
1494 2775 1566 2815 ex
1594 2762 1768 2819 vobis
1802 2784 1813 2820 :
1844 2765 2078 2824 habetis
2104 2770 2262 2825 enim

617 2838 965 2897 thesaurum
1002 2841 1176 2899 istum
1207 2844 1268 2901 in
1302 2850 1544 2903 terrenis
1570 2852 1945 2923 corporibus,
1977 2862 2033 2912 et
2063 2858 2263 2914 adhuc

617 2927 927 2998 fragilibus
967 2935 1257 3005 tanquam
1291 2935 1351 2991 in
1386 2938 1543 2995 vasis
1572 2939 1874 3011 ﬁctilibus,
1910 2951 1969 3001 ut
1998 2948 2263 3005 eminen-

618 3017 697 3074 tia
725 3018 953 3075 virtutis
986 3021 1060 3075 sit
1084 3023 1203 3089 Dei,
1245 3030 1301 3080 et
1327 3041 1449 3082 non
1488 3044 1557 3083 ex
1587 3031 1773 3087 vobis.
1808 3036 1922 3090 Nec
1943 3036 2261 3106 miremini,

617 3108 762 3178 quia
786 3108 1045 3165 dicimus
1070 3115 1125 3168 et
1154 3119 1350 3170 vestra
1380 3132 1532 3183 esse,
1565 3124 1622 3175 et
1647 3135 1717 3175 ex
1744 3122 1911 3178 vobis
1942 3140 2063 3181 non
2093 3143 2224 3184 esse
2249 3145 2261 3181 :

617 3211 759 3251 nam
792 3201 848 3253 et
872 3213 1091 3270 panem
1115 3203 1533 3273 quotidianum
1555 3206 1811 3265 dicimus
1836 3220 2129 3281 nostrum,
2162 3219 2268 3274 sed

619 3287 820 3341 tamen
849 3289 1151 3359 addimus,
1182 3292 1275 3348 Da
1304 3294 1471 3350 nobis
1499 3298 1665 3367 (Luc.
1707 3316 1787 3369 xx,
1817 3305 1890 3371 3),
1923 3317 1996 3358 ne
2028 3312 2267 3375 putetur

620 3390 749 3430 esse
781 3392 850 3431 ex
877 3378 1071 3433 vobis.

689 3465 743 3518 7.
768 3463 1022 3521 Proinde
1050 3466 1201 3525 sicut
1230 3471 1517 3543 scriptum
1540 3479 1645 3541 est,
1667 3478 1810 3535 Sine
1838 3479 2269 3541 intermissione

621 3559 806 3619 orate,
825 3554 1179 3645 inomnibus
1201 3561 1425 3630 gratias
1439 3564 1596 3634 agite
1625 3566 1682 3637 (Ι
1700 3568 1891 3625 Thess.
1928 3587 1984 3639 v,
2010 3574 2096 3637 t7,
2136 3576 2219 3645 18)
2249 3591 2261 3630 :

622 3642 801 3697 oratis
814 3644 971 3699 enim
989 3652 1050 3701 ut
1064 3656 1503 3717 perseveranter
1516 3660 1571 3709 et
1583 3642 2264 3730 proﬁcienterhabentis;

618 3909 802 3966 cernit
824 3912 1070 3970 ?Nonne
1085 3914 1179 3971 ille
1206 3919 1309 3989 qui
1324 3921 1482 3977 venit
1502 3939 1766 3994 quaerere
1781 3933 1835 3982 et
1849 3926 2079 3984 salvare
2098 3931 2265 4002 quod

616 4000 871 4089 perierat
898 4004 1058 4070 (Luc.
1084 4010 1205 4070 xix,
1231 4008 1317 4073 10)
1347 4008 1374 4063 ‘I
1412 4015 1499 4064 An
1532 4028 1669 4068 vero
1700 4016 1947 4086 quando
1978 4000 2264 4089 Apostolo

618 4087 850 4143 dicente
872 4091 1125 4147 audierit
1152 4094 1357 4164 homo,
1383 4098 1521 4164 Quis
1552 4102 1703 4157 enim
1733 4111 1787 4159 te
1804 4087 2122 4161 discernit?
2148 4124 2266 4162 res—

618 4190 923 4246 ponsurus
938 4184 1043 4243 est,
1075 4183 1231 4237 Bona
1243 4184 1521 4241 voluntas
1538 4204 1689 4253 mea,
1706 4190 1853 4246 ﬁdes
1869 4210 2019 4259 mea,
2039 4195 2268 4267 justitia

620 4278 778 4333 mea,
793 4270 847 4320 et
861 4281 981 4323 non
995 4271 1281 4327 continuo
1295 4274 1458 4345 quod
1474 4278 1738 4348 sequitur
1750 4281 2086 4349 auditurus,
2114 4285 2269 4351 Quid

619 4353 772 4409 enim
804 4355 982 4412 habes
998 4359 1159 4428 quod
1186 4377 1303 4416 non
1334 4365 1616 4435 accepisti
1639 4368 1667 4423 ?
1696 4367 1755 4423 Si
1792 4378 1987 4426 autem
2019 4379 2072 4428 et
2106 4389 2263 4431 acce-

616 4443 765 4511 pisti
769 4486 779 4505 ,
790 4447 935 4516 quid
943 4463 979 4516 g
990 4449 1229 4506 loriaris
1243 4454 1545 4522 quasinon
1562 4460 1857 4525 acceperis
1884 4461 1925 4532 (l
1947 4463 2227 4533 Cor.rv,7)
2242 4464 2270 4519 ?

622 4533 909 4590 Nolumus
939 4552 1080 4605 ergo
1119 4543 1180 4594 ut
1205 4541 1373 4610 virgo
1399 4559 1588 4611 sacra,
1622 4562 1759 4602 cum
1794 4549 1960 4605 audit
1991 4552 2076 4606 vel
2106 4551 2268 4621 legit,

624 4621 981 4690 Spirituales
994 4628 1230 4685 divitias
1249 4633 1454 4687 nullus
1468 4636 1804 4701 tibipra’ter
1820 4646 1873 4695 te
1886 4642 2161 4710 conferre
2172 4659 2273 4711 po-

626 4711 763 4765 terit
789 4732 807 4767 .-
833 4714 893 4768 in
907 4714 978 4769 iis
987 4718 1130 4785 jure
1154 4719 1481 4786 laudanda,
1497 4722 1557 4778 in
1580 4724 1651 4779 iis
1667 4727 1875 4783 merito
1890 4732 2112 4785 exteris
2122 4748 2273 4800 prae-

618 4799 874 4867 lerenda
901 4818 974 4869 es,
1008 4820 1139 4875 quae
1156 4809 1354 4865 nisiea:
1381 4816 1434 4866 te
1459 4815 1511 4867 et
1542 4815 1601 4868 in
1635 4820 1688 4870 te
1717 4830 1837 4871 esse
1858 4799 2227 4888 nonpossunt
2254 4837 2271 4876 :

621 4889 903 4945 nolumus
937 4908 1180 4962 prorsus
1202 4896 1279 4953 ita
1301 4898 1585 4967 glorietur
1614 4905 1789 4974 quasi
1813 4922 1931 4960 non
1956 4910 2269 4980 acceperit.

622 4979 787 5035 Dicat
816 4981 1082 5052 quidem,
1116 4985 1179 5039 In
1232 5002 1323 5042 me
1350 4996 1510 5057 sunt,
1541 4991 1715 5061 Deus,
1772 5002 1906 5051 vota
1962 4979 2108 5063 tua,
2142 5014 2274 5068 quae

618 5070 867 5125 reddam
902 5072 1094 5127 laudis
1125 5075 1145 5108 ²
1174 5075 1280 5129 tibi
1302 5076 1491 5140 (Psal.
1514 5097 1594 5149 ιν,
1620 5081 1743 5153 12);
1783 5084 1885 5138 sed
1900 5086 2043 5156 quia
2071 5085 2126 5141 in
2151 5087 2270 5151 illa,

618 5174 739 5213 non
773 5160 949 5215 etiam
966 5177 1036 5215 ex
1056 5160 1170 5227 illa,
1203 5165 1540 5222 meminerit
1561 5170 1741 5224 etiam
1770 5172 1986 5238 dicere,
2009 5177 2269 5242 Domine,

619 5247 682 5302 in
716 5251 1025 5307 voluntate
1082 5262 1185 5308 tua
1214 5255 1544 5322 praestitisti
1586 5258 1787 5314 decori
1836 5276 1961 5317 meo
1996 5264 2269 5321 virtutem

621 5336 801 5405 (Psal.
834 5356 994 5403 xxrx,
1020 5341 1073 5411 8)
1100 5355 1110 5395 :
1136 5343 1277 5414 quia
1308 5345 1413 5400 etsi
1440 5346 1619 5402 etiam
1647 5364 1716 5403 ex
1739 5348 1837 5404 illa
1857 5356 2098 5423 propter
2113 5353 2271 5409 arbi-

680 5463 698 5531 ξ
728 5461 873 5531 Ιέῳξη
898 5466 1080 5531 major.
1107 5466 1205 5515 Sed
1236 5469 1426 5518 melius
1461 5470 1549 5519 alii
1573 5471 1703 5520 Edd.
1731 5476 1782 5521 et
1807 5474 1951 5531 Mss,
1980 5477 2171 5525 minor.

680 5524 706 5603 ξ
716 5523 884 5603 531a,
913 5523 1083 5600 laudes
1110 5531 1220 5603 aut.
1252 5535 1315 5580 At
1335 5533 1480 5590 Mss.,
1508 5534 1676 5584 laudis
1702 5537 1815 5598 tibi,
1845 5523 2003 5601 juxta
2027 5523 2266 5603 gestum

624 5582 829 5632 textum
858 5604 976 5643 LXX,
1008 5591 1235 5641 ainésebs
1265 5607 1375 5644 seu.

1862 139 1919 198 S.
1960 137 2348 198 AUGUSTINI
2390 137 2717 201 EPISCOPI
3839 148 3925 209 852

2353 268 2530 323 trium
2568 272 2881 341 proprium
2921 268 3050 325 sine
3072 283 3196 341 quo
3235 282 3355 324 non
3387 280 3698 338 operamur
3730 269 3933 340 bonum,

2352 372 2474 411 non
2488 362 2691 414 tamen
2707 360 2856 415 sicut
2872 360 2985 414 iste
2997 358 3163 426 dixit,
3179 357 3428 413 nonnisi
3453 371 3526 412 ex
3544 357 3665 413 illa.
3688 360 3939 429 Proprium

2353 447 2577 518 quippe
2604 448 2914 503 arbitrium
2944 448 3055 502 nisi
3085 448 3184 501 Dei
3213 447 3404 516 gratia
3429 447 3683 516 juvetur,
3720 462 3815 501 nec
3840 449 3943 520 ipsa

2354 535 2517 591 bona
2548 537 2822 593 voluntas
2883 553 3012 592 esse
3045 538 3104 591 in
3134 536 3379 592 nomine
3444 540 3652 606 potest.
3704 537 3838 591 Deus
3884 545 3945 593 est

2356 626 2530 690 enim,
2566 626 2759 698 inquit
2797 625 3133 697 Apostolus,
3190 624 3292 696 qui
3320 631 3608 693 operatur
3650 624 3708 678 in
3753 626 3885 679 vobis
3908 634 3947 681 et

2357 714 2520 779 velle,
2550 722 2608 770 et
2637 717 2897 784 operari,
2930 730 3041 783 pro
3100 714 3253 769 bona
3286 714 3592 769 voluntate
3629 713 3879 781 (Philipp.
3904 731 3947 781 ιι,

2363 806 2486 872 13);
2521 819 2661 868 non,
2706 804 2856 859 sicut
2888 804 2977 858 isti
3036 803 3314 870 sentiunt,
3349 802 3761 857 tantummodo
3804 804 3951 857 scien-

2359 892 2503 946 tiam
2534 891 2873 957 revelando,
2909 900 2971 946 ut
3009 892 3351 947 noverimus
3399 889 3548 962 quid
3577 889 3757 945 facere
3783 890 3954 946 debea-

2359 996 2496 1035 mus
2526 998 2543 1051 ;
2578 981 2681 1035 sed
2703 981 2879 1036 etiam
2919 980 3272 1052 inspirando
3298 980 3667 1043 charitatem,
3695 986 3835 1034 utea
3853 996 3952 1050 quae

2360 1068 2652 1124 discendo
2679 1070 2974 1133 novimus,
3016 1070 3194 1125 etiam
3226 1068 3537 1137 diligendo
3560 1066 3850 1122 faciamus.

2432 1156 2479 1213 8.
2519 1161 2664 1213 Nam
2684 1159 2887 1229 utique
2902 1164 3150 1213 noverat
3164 1156 3258 1211 ille
3276 1173 3467 1228 quam
3484 1171 3763 1225 magnum
3777 1156 3954 1212 bonum

2362 1251 2517 1301 esset
2541 1246 2907 1302 continentia
2933 1247 3035 1317 qui
3062 1246 3320 1310 dicebat,
3347 1247 3429 1301 Et
3471 1260 3605 1300 cum
3635 1245 3825 1299 scirem
3852 1246 3955 1316 quia

2362 1350 2530 1391 nemo
2556 1342 2744 1403 potest
2762 1351 2882 1391 esse
2902 1336 3222 1404 continens,
3244 1336 3361 1390 nisi
3377 1336 3535 1390 Deus
3551 1334 3662 1389 det.
3683 1336 3797 1388 Non
3809 1334 3956 1389 solum

2364 1439 2506 1493 ergo
2533 1425 3065 1496 sciebatquantum
3084 1424 3363 1479 essethoc
3384 1423 3639 1491 bonum,
3655 1423 3956 1493 etquamde-

2364 1512 2753 1568 siderabiliter
2777 1518 2936 1568 esset
2982 1511 3560 1584 concupiscendum,
3597 1526 3788 1565 verum
3814 1512 3954 1565 etiam

2362 1594 2527 1664 quod
2558 1594 2673 1648 nisi
2704 1594 2883 1649 dante
2914 1594 3033 1649 Deo
3089 1610 3217 1648 esse
3259 1608 3380 1648 non
3440 1596 3676 1662 potest:
3731 1590 3959 1645 docuerat
4062 1590 4063 1637 1

2363 1683 2520 1738 enim
2554 1699 2693 1737 eum
2711 1682 3006 1753 sapientia
3037 1698 3218 1746 ;nam
3247 1682 3364 1737 hoc
3396 1682 3561 1747 dicit,
3592 1681 3668 1735 Et
3700 1680 3794 1736 hoc
3813 1680 3958 1748 ipsum

2364 1778 2492 1828 erat
2519 1772 2842 1841 sapientiae,
2862 1772 3013 1828 scire
3032 1774 3204 1841 cujus
3225 1776 3369 1828 esset
3392 1772 3507 1827 hoc
3531 1772 3763 1825 donum.
3789 1772 3882 1824 Nec
3898 1775 3959 1823 ta-
4062 1832 4063 1841 γ

2366 1876 2502 1915 men
2533 1862 2583 1916 ei
2612 1862 2857 1917 scientia
2897 1860 3123 1917 suffecit
3155 1878 3168 1927 ;
3204 1862 3307 1916 sed
3337 1860 3424 1916 ait
3460 1883 3472 1915 :
3507 1860 3648 1915 Adii
3678 1858 3957 1921 Dominum,

2364 1954 2416 2005 et
2441 1950 2791 2018 deprecatus
2816 1965 2946 2005 sum
2967 1950 3141 2005 illum
3183 1950 3350 2018 (Sap.
3384 1965 3516 2014 vui,
3548 1949 3657 2019 2t).
3692 1951 3805 2003 Non
3826 1948 3960 2016 igitur

2364 2038 2784 2093 tantummodo
2808 2039 2865 2092 in
2897 2038 3012 2093 hoc
3036 2054 3146 2093 nos
3176 2038 3429 2109 adjuvat
3458 2038 3634 2101 Deus,
3673 2042 3730 2091 ut
3755 2035 3960 2090 sciamus

2364 2127 2510 2197 quid
2532 2128 2837 2198 agendum
2853 2129 2945 2191 sit,
2976 2143 3183 2181 verum
3202 2127 3382 2182 etiam
3402 2133 3465 2181 ut
3486 2126 3745 2181 amando
3761 2140 3960 2193 agamus

2365 2215 2529 2285 quod
2542 2216 2968 2285 discendojam
2984 2216 3227 2271 scimus.
3246 2219 3434 2271 Nemo
3460 2215 3660 2286 itaque
3686 2220 3853 2284 potest
3866 2226 3959 2265 esse

2367 2320 2487 2360 non
2517 2305 2710 2359 solum
2733 2306 2940 2368 sciens,
2958 2321 3167 2359 verum
3182 2306 3358 2361 etiam
3379 2304 3717 2368 continens,
3735 2304 3832 2357 nisi
3847 2301 3960 2355 Deus
4062 2316 4063 2368 ᾖ

2367 2394 2485 2448 det.
2512 2394 2676 2449 Unde
2699 2394 2978 2465 cumjam
3007 2394 3099 2448 ille
3122 2394 3361 2449 haberet
3388 2393 3720 2456 scientiam,
3740 2389 3962 2461 precaba-

2370 2488 2464 2536 tur
2493 2488 2553 2537 ut
2582 2482 3361 2547 haberetetcontinentiam,
3381 2488 3446 2537 ut
3468 2485 3631 2536 esset
3655 2480 3874 2535 etiamin
3890 2477 3962 2531 illo
4062 2474 4063 2547 ᾗ

2372 2570 2536 2641 quod
2568 2570 2792 2626 sciebat
2817 2572 2960 2642 quia
2989 2586 3109 2627 non
3141 2576 3387 2626 essetex
3422 2570 3524 2625 illo
3553 2586 3566 2626 :
3593 2577 3691 2624 aut
3719 2568 3761 2622 si
3779 2574 3963 2638 propter

2370 2659 2626 2715 liberum
2655 2660 2989 2724 arbitrium,
3007 2660 3320 2731 proprium
3334 2659 3708 2731 aliquantum
3730 2664 3780 2713 et
3798 2654 3959 2718 exilio,

2373 2762 2494 2803 non
2526 2754 2725 2803 tamen
2755 2748 2872 2803 nisi
2898 2763 2969 2803 ex
3002 2748 3101 2803 illo
3120 2767 3133 2817 ;
3165 2747 3306 2820 quia
3328 2764 3514 2803 nemo
3533 2751 3844 2819 potestesse
3861 2757 3963 2798 con.

2374 2836 2588 2903 tinens,
2620 2836 2733 2891 nisi
2758 2836 2912 2892 Deus
2959 2838 3078 2892 det.
3110 2840 3219 2892 lste
3249 2843 3458 2892 autem
3490 2838 3565 2891 de
3615 2832 3961 2907 spiritualibus

2372 2925 2611 2989 divitiis,
2643 2926 2700 2980 in
2722 2926 2945 2997 quibus
2973 2930 3061 2981 est
3088 2926 3290 2998 utique
3304 2926 3487 2981 etiam
3508 2925 3640 2996 ipsa
3660 2923 3963 2979 luminosaet

2374 3015 2641 3085 speciosa
2691 3016 3077 3079 continentia,
3111 3031 3233 3070 non
3289 3015 3391 3080 ait,
3456 3016 3520 3069 In
3553 3021 3607 3070 te
3634 3018 3688 3069 et
3708 3029 3771 3068 ex
3807 3017 3851 3065 te
3869 3022 3963 3064 esse

2375 3110 2655 3175 possunt:
2684 3104 2791 3159 sed
2813 3104 2912 3167 ait,
2932 3103 3049 3159 nisi
3068 3119 3140 3161 ex
3162 3111 3215 3158 te
3238 3110 3291 3160 et
3309 3104 3370 3159 in
3394 3109 3450 3160 te
3475 3119 3720 3160 essenon
3743 3104 3965 3171 possunt;

2377 3196 2439 3247 ut
2490 3192 3012 3264 quemadmodum
3054 3208 3175 3248 non
3215 3192 3269 3247 ei
3302 3198 3448 3249 sunt
3498 3192 3641 3248 alibi
3667 3191 3773 3245 nisi
3802 3189 3852 3243 in
3877 3186 3962 3247 illa,

2376 3281 2462 3336 sic
2488 3281 2538 3336 ei
2564 3297 2685 3337 non
2714 3281 2955 3336 aliunde
2978 3281 3096 3337 nisi
3126 3297 3195 3337 ex
3218 3281 3317 3337 illa
3333 3296 3470 3337 esse
3486 3297 3661 3353 posse
3686 3278 3963 3335 credantur.

2376 3376 2431 3426 et
2457 3370 2535 3426 ob
2574 3371 2687 3426 hoc
2716 3371 2902 3441 (quod
2953 3370 3269 3426 miserator
3311 3372 3603 3426 Dominus
3633 3387 3668 3425 a
3694 3368 3851 3424 corde
3872 3365 3963 3434 ejus

2377 3465 2601 3514 avertat
2626 3460 2663 3527 l)
2694 3460 2777 3513 sic
2799 3459 3100 3529 glorietur,
3128 3461 3304 3531 quasi
3338 3475 3457 3513 non
3483 3458 3787 3531 acceperit.

2449 3549 2675 3603 CAPUT
2709 3548 2798 3602 Ill.
2833 3580 2899 3588 —
2926 3554 2975 3603 9.
3004 3551 3066 3603 Et
3088 3565 3198 3604 nos
3220 3549 3472 3621 quidem
3505 3550 3580 3604 de
3607 3553 3811 3604 sancta:
3835 3542 3964 3610 virgi-

2375 3636 2469 3690 nis
2483 3636 2799 3707 disciplina
2816 3642 2873 3692 et
2885 3637 3217 3693 humilitate
3231 3638 3585 3702 christiana,
3603 3639 3660 3692 in
3678 3652 3789 3709 qua
3801 3632 3966 3689 nutrita

2376 3730 2430 3780 et
2444 3725 2697 3781 educata
2714 3726 2943 3791 est,hoc
2957 3727 3564 3798 existimamus,quod
3580 3726 3677 3781 illa
3693 3724 3964 3780 verbacum

2374 3813 2611 3884 legeret,
2643 3814 2690 3869 si
2713 3818 2911 3869 tamen
2930 3815 3087 3883 legit,
3108 3814 3419 3884 ingemuit,
3442 3820 3715 3886 etpectus
3727 3810 3965 3868 humiliter

2376 3903 2615 3968 tutudit,
2631 3919 2700 3958 ac
2719 3902 2983 3958 fortassis
2997 3909 3053 3958 et
3065 3903 3243 3970 ﬂevit,
3261 3905 3705 3975 Dominumque
3722 3905 3802 3956 cui
3818 3900 3967 3953 dicata

2375 3997 2431 4046 et
2462 4008 2497 4046 a
2523 4008 2644 4063 quo
2666 3991 3032 4047 sanctiﬁcata
3044 3992 3393 4047 esttidenter
3413 3993 3697 4058 oravit,ut
3716 3983 3966 4062 quomodo

2376 4080 2475 4135 illa
2501 4096 2621 4136 non
2640 4086 2775 4135 sunt
2796 4080 3199 4152 verbaipsius,
3216 4081 3318 4136 sed
3341 4081 3606 4145 alterius,
3626 4082 3705 4135 ita
3718 4094 3827 4135 non
3841 4076 3967 4129 sitta-

2376 4169 2447 4224 lis
2472 4175 2528 4225 et
2548 4169 2697 4224 ﬁdes
2721 4170 2870 4240 ejus,
2887 4186 3082 4242 quase
3099 4170 3325 4242 aliquid
3343 4169 3569 4226 habere
3591 4166 3869 4232 credat,de
3882 4175 3970 4235 quo

2378 4259 2435 4314 in
2466 4274 2529 4313 se
2555 4275 2675 4314 non
2707 4260 2768 4313 in
2811 4260 3061 4315 Domino
3083 4260 3387 4329 glorietur.
3410 4263 3557 4315 Nam
3577 4259 3760 4329 gloria
3774 4254 3970 4328 quidem

2380 4349 2427 4417 ej
2442 4365 2507 4401 us
2521 4349 2578 4403 in
2596 4348 2725 4419 ipsa
2747 4353 2856 4413 est,
2874 4364 2993 4403 non
3008 4349 3067 4403 in
3085 4348 3277 4403 verbis
3292 4348 3521 4413 alienis,
3540 4350 3687 4403 sicut
3706 4340 3972 4417 Apostolus

2380 4437 2548 4492 dicit:
2567 4438 2725 4505 Opus
2743 4445 2937 4493 autem
2955 4453 3127 4492 suum
3140 4438 3344 4506 probet
3370 4438 3785 4509 unusquisque,
3800 4440 3847 4489 et
3868 4441 3972 4485 tunc

2382 4528 2443 4582 in
2461 4527 2762 4595 semetipso
2777 4528 3031 4595 gloriam
3048 4526 3304 4591 habebit,
3326 4534 3375 4583 et
3392 4543 3507 4582 non
3524 4527 3583 4580 in
3599 4520 3972 4611 altero(Galat.

2384 4632 2461 4683 vr,
2494 4618 2571 4684 4).
2602 4616 2711 4671 Sed
2742 4616 2974 4670 absitut
2999 4615 3192 4684 gloria
3206 4632 3314 4671 sua
3342 4617 3472 4687 ipsa
3490 4615 3583 4678 sit,
3607 4621 3660 4669 et
3682 4629 3793 4668 non
3814 4610 3892 4665 ille
3906 4620 3974 4661 cru

2384 4704 2596 4758 dicitur
2623 4704 2856 4760 :Gloria
2871 4720 3019 4769 mea,
3041 4711 3091 4760 et
3112 4704 3388 4760 eraltans
3415 4712 3591 4772 caput
3624 4718 3802 4758 meum
3827 4695 3973 4771 (Psal.
4062 4736 4063 4739 η

2386 4810 2464 4857 ur,
2493 4794 2547 4863 4)
2584 4793 2595 4848 !
2629 4797 2710 4848 ita
2742 4793 2964 4865 quippe
2996 4799 3083 4848 est
3122 4794 3183 4848 in
3216 4810 3287 4849 ea
3318 4792 3633 4850 salubriter
3662 4790 3836 4861 gloria
3859 4786 3971 4856 erS.

2384 4898 2518 4937 cum
2554 4883 2705 4937 Deus
2727 4883 2827 4953 qui
2853 4883 2909 4936 in
2942 4881 3042 4937 illa
3064 4888 3170 4947 est,
3198 4883 3324 4954 ipse
3355 4888 3441 4937 est
3463 4881 3648 4952 gloria
3677 4881 3815 4951 ejus,
3844 4886 3974 4967 aque

2382 4971 2563 5027 habet
2621 4972 2828 5027 omnia
2879 4970 3042 5027 bona
3073 4970 3293 5042 quibus
3342 4976 3429 5027 est
3462 4971 3623 5026 bona
3657 4991 3667 5035 ;
3708 4961 3975 5023 ethabebit

2383 5061 2587 5116 omnia
2626 5060 2847 5131 quibus
2890 5061 3096 5115 melior
3129 5061 3255 5125 erit,
3284 5061 3343 5115 in
3375 5065 3667 5131 quantum
3694 5059 3747 5111 in
3765 5057 3862 5111 hac
3884 5052 3975 5104 vita.

2385 5149 2591 5205 melior
2618 5166 2748 5203 esse
2773 5149 2985 5221 poterit
3006 5168 3017 5217 ;
3037 5148 3326 5220 etquibus
3348 5149 3605 5220 perfecta
3627 5147 3747 5215 erit,
3771 5138 3971 5216 quando

2384 5238 2555 5293 fuerit
2581 5237 2785 5292 divina
2834 5238 3043 5306 gratia,
3080 5253 3199 5292 non
3230 5237 3500 5293 humana
3526 5236 3701 5291 laude
3738 5231 3969 5306 perlecta.

2384 5328 2445 5381 In
2464 5328 2712 5383 Domino
2727 5327 2885 5381 enim
2902 5327 3244 5381 laudabitur
3258 5328 3460 5382 anima
3473 5329 3598 5396 ejus
3618 5325 3791 5397 (Psal.
3810 5332 3967 5378 xxxi”,

2380 5420 2457 5487 2),
2490 5418 2591 5488 qui
2624 5416 2855 5470 satiavit
2889 5416 2944 5470 in
2983 5417 3156 5471 bonis
3179 5416 3537 5471 desiderium
3564 5415 3688 5485 ejus
3716 5411 3962 5505 (Psaliclt',

2378 5507 2614 5578 5);quia
2641 5512 2693 5561 et
2720 5506 2833 5560 hoc
2856 5506 3217 5560 desiderium
3246 5506 3373 5577 ipse
3402 5504 3723 5577 inspiravit,
3750 5516 3813 5554 ne
3837 5508 3964 5590 Virg-0

2380 5596 2429 5665 ej
2441 5612 2507 5649 us
2524 5595 2605 5651 sic
2620 5594 2678 5650 in
2696 5594 2898 5666 aliquo
2913 5594 3073 5651 bono
3089 5594 3368 5666 glorietur
3379 5593 3550 5668 quasi
3566 5607 3682 5649 non
3697 5585 3959 5658 acceperit.

4061 320 4063 413 l
