4118 6164
125 160 246 220 853

211 289 298 344 10.
323 287 402 342 De
433 283 547 341 hoc
567 295 709 352 ergo
734 277 862 350 ejus
879 276 1093 334 affectu
1119 278 1318 332 utrum
1347 288 1469 330 non
1485 271 1788 334 fallamur,

123 378 278 433 inde
309 391 417 431 nos
431 373 524 429 fac
543 371 740 443 potius
759 365 1141 424 rescribendo
1162 364 1462 421 certiores.
1486 365 1628 418 Nam
1644 359 1788 415 illud

125 468 362 537 optime
381 462 676 526 novimus,
703 474 843 514 cum
869 455 1152 512 omnibus
1170 454 1379 509 vestris
1397 451 1652 507 cultores
1679 464 1786 504 vos

125 571 273 612 esse
295 560 352 609 et
378 552 554 608 fuisse
577 547 900 604 individum
927 544 1242 600 Trinitatis.
1265 541 1378 598 Sed
1400 557 1519 596 non
1538 540 1675 594 hinc
1698 554 1789 593 so-

125 644 266 699 lum
297 640 772 697 errorhumanus
786 634 1039 705 obrepit,
1065 631 1362 702 utaliquid
1380 646 1552 685 secus
1576 628 1788 682 sentia-

123 737 234 788 tur
265 732 340 787 de
363 728 670 785 individua
691 725 985 781 Trinitate.
1004 720 1327 778 Suntenim
1353 723 1409 774 et
1429 718 1548 773 alia
1569 718 1628 771 in
1653 716 1788 787 qui-

121 829 252 878 bus
306 816 810 892 perniciosissimo
855 817 1102 876 erratur,
1136 810 1288 864 sicut
1335 808 1449 862 hoc
1480 811 1585 869 est,
1631 804 1787 860 unde

125 911 360 966 diutius
376 907 626 964 fortasse
639 919 823 976 quam
847 903 992 957 satis
1016 903 1392 956 essetvestrm
1417 895 1789 950 ﬁdelicastm-

123 1015 256 1071 que
285 995 613 1070 prudentim
636 995 694 1048 in
727 993 837 1048 hac
851 989 1101 1062 epistola
1129 986 1308 1043 locuti
1337 1001 1565 1040 sumus.
1593 984 1788 1048 Quan-

124 1104 324 1161 quam
342 1085 444 1159 qui
464 1085 689 1140 bonum
706 1080 868 1154 quod
887 1096 959 1135 ex
973 1080 1090 1134 Deo
1102 1080 1398 1145 est,negat
1410 1091 1538 1129 esse
1561 1089 1628 1128 ex
1645 1073 1785 1142 Deo,

125 1178 441 1234 nescimus
463 1174 556 1229 cui
578 1169 1056 1240 faciatinjuriam
1071 1167 1186 1222 nisi
1208 1169 1343 1229 Deo,
1361 1180 1430 1219 ac
1443 1179 1548 1234 per
1569 1164 1682 1218 hoc
1705 1161 1788 1216 illi

126 1267 343 1338 utique
373 1262 640 1319 Trinitati
671 1277 684 1315 :
715 1259 881 1332 quod
914 1256 1140 1312 malum
1167 1254 1320 1310 absit
1344 1270 1379 1309 a
1408 1252 1602 1316 vobis,
1638 1251 1790 1305 sicut

123 1357 353 1412 abesse
380 1353 682 1409 credimus
711 1352 722 1406 l
761 1348 926 1404 Absit
951 1346 1199 1403 omnino
1231 1349 1293 1399 ut
1324 1343 1436 1398 tale
1467 1340 1696 1412 aliquid
1726 1340 1785 1394 in

125 1446 363 1513 animo,
383 1457 502 1497 non
517 1441 774 1496 dicimus
788 1445 907 1502 tuo,
923 1436 1012 1490 vel
1044 1450 1227 1490 sacrm
1246 1431 1490 1502 virginis
1505 1430 1635 1485 ﬁlim
1651 1436 1784 1494 tum,

127 1534 245 1590 sed
268 1534 329 1589 in
344 1532 513 1602 cujus
526 1545 712 1602 quam
730 1526 976 1584 extremi
999 1525 1188 1580 meriti
1217 1521 1424 1577 famuli
1439 1520 1527 1575 vel
1548 1518 1787 1574 famulm

125 1629 345 1679 vestrm
367 1621 516 1676 liber
541 1620 652 1674 iste
667 1616 886 1681 fecerit,
910 1631 978 1670 ex
999 1628 1119 1685 quo
1149 1609 1439 1667 nonnulla
1461 1608 1788 1679 verbaqum

125 1711 370 1768 facilius
392 1707 638 1778 intelligi
679 1711 920 1778 possent
950 1701 1232 1776 ponenda
1261 1697 1644 1755 credidimus.

208 1812 267 1864 11
285 1852 295 1863 .
314 1809 371 1866 Si
400 1813 599 1863 autem
613 1803 953 1872 diligentius
982 1799 1305 1855 intendatis
1321 1797 1497 1852 etiam
1521 1795 1787 1866 illa,qum

126 1899 218 1955 ibi
248 1897 478 1954 videtur
499 1895 653 1950 velut
677 1909 783 1964 pro
797 1891 984 1961 gratia
1003 1891 1126 1944 sive
1149 1887 1245 1957 adj
1259 1885 1447 1942 utorio
1464 1885 1558 1938 Dei
1577 1883 1785 1947 dicere,

127 1989 222 2043 sic
281 1984 593 2041 invenietis
624 1981 932 2048 ambigua,
966 1983 1028 2034 ut
1085 1975 1324 2048 possint
1355 1972 1556 2028 referri
1589 1971 1680 2026 vel
1711 1971 1788 2026 ad

123 2081 437 2139 naturam,
470 2072 563 2126 vel
611 2071 685 2125 ad
720 2069 1076 2130 doctrinam,
1131 2064 1220 2119 vel
1253 2063 1327 2118 ad
1371 2061 1789 2116 remissionem

127 2168 541 2238 peccatorum.
561 2162 710 2216 Nam
730 2166 782 2214 et
801 2157 966 2229 quod
987 2161 1284 2224 coguntur
1305 2149 1596 2212 conﬁteri,
1619 2163 1789 2203 orare

128 2236 247 2308 nos
276 2251 492 2307 debere
524 2249 902 2304 neintremus
932 2243 1413 2304 intentationem,
1444 2236 1791 2309 possuntad

127 2342 249 2397 hoc
297 2341 532 2404 referre,
566 2343 630 2393 ut
657 2338 948 2392 hactenus
999 2349 1112 2388 nos
1145 2331 1221 2386 ad
1275 2330 1335 2384 id
1385 2327 1794 2397 respondeant

133 2430 434 2500 adjuvari,
485 2433 784 2500 quatenus
837 2422 1152 2479 orantibus
1193 2425 1373 2490 atque
1404 2415 1790 2488 pulsantibus

133 2521 314 2576 nobis
338 2519 638 2590 aperiatur
659 2511 1051 2583 intelligentia
1073 2508 1357 2572 veritatis,
1377 2505 1795 2560 ubidiscamus

133 2608 287 2680 quid
307 2609 499 2663 facere
512 2607 763 2661 debeam
775 2617 991 2668 us,non
1010 2605 1070 2655 ut
1083 2599 1236 2653 vires
1251 2596 1504 2667 accipiat
1521 2593 1696 2648 volun
1708 2598 1795 2646 tas

136 2704 371 2760 nostra,
401 2694 697 2768 quibusid
727 2690 1192 2765 quoddiscimus
1215 2686 1529 2741 faciamus.
1554 2680 1793 2754 thuod

135 2785 317 2841 nobis
356 2784 415 2838 in
448 2784 636 2854 gratia
663 2781 750 2836 vel
778 2778 1072 2849 adjutorio
1107 2775 1207 2830 Dei
1240 2774 1445 2829 dicunt
1473 2771 1793 2826 Dominum

135 2876 435 2931 Christum
467 2874 619 2928 bene
647 2870 880 2926 vivendi
909 2866 1285 2940 propositum
1314 2860 1679 2931 exemplum,
1715 2858 1795 2913 ad

135 2963 418 3019 eamdem
449 2962 786 3017 doctrinam
817 2962 1130 3021 revocant;
1165 2953 1308 3026 quia
1331 2951 1553 3006 scilicet
1576 2951 1634 3003 in
1664 2948 1794 3026 ej‘us

133 3052 413 3124 exemplo
427 3051 712 3106 discimus
726 3045 1216 3122 quemadmodum
1235 3042 1430 3096 vivere
1444 3021 1786 3094 debeamus:

132 3158 259 3198 non
309 3149 507 3196 autem
541 3140 745 3194 volunt
783 3137 858 3194 ad
907 3137 1020 3191 hoc
1072 3150 1184 3189 nos
1235 3130 1455 3201 juvari,
1511 3135 1576 3182 ut
1625 3125 1791 3198 quod

131 3229 394 3284 dicendo
416 3227 857 3297 cognoscimus,
892 3227 1069 3278 etiam
1101 3220 1406 3289 diligendo
1453 3216 1778 3272 faciamus.

206 3329 294 3382 l2.
329 3329 441 3382 Ant
472 3329 626 3380 certe
652 3325 712 3379 in
741 3323 952 3378 eodem
983 3320 1135 3375 libro
1169 3316 1431 3372 invenite
1463 3311 1713 3384 aliquid,
1743 3310 1793 3364 si

131 3417 406 3489 potestis,
462 3415 563 3470 ubi
617 3418 862 3484 excepta
913 3417 1148 3473 natura,
1203 3410 1450 3475 excepto
1507 3401 1672 3474 quod
1714 3401 1792 3455 ad

128 3505 411 3561 eamdem
444 3510 719 3558 naturain
760 3500 1007 3579 pertinet
1035 3495 1278 3552 arbitrio
1311 3493 1656 3555 voluntatis,
1694 3505 1791 3544 ex-

128 3601 304 3665 cepta
331 3593 676 3648 remissione
700 3596 1084 3663 peccatorum
1111 3591 1166 3640 et
1188 3583 1547 3639 revelatione
1568 3579 1793 3634 doctri-

131 3700 248 3749 nm,
265 3682 376 3737 tale
391 3683 488 3736 Dei
505 3681 600 3750 adj
614 3679 875 3735 ntorium
889 3675 1262 3736 confiteatur,
1280 3670 1456 3743 quale
1479 3667 1792 3724 confitetur

130 3773 228 3828 ille
259 3772 361 3842 qui
392 3770 564 3824 dixit:
629 3769 774 3824 Cum
810 3768 1019 3822 scirem
1068 3763 1209 3834 quia
1251 3776 1415 3817 nemo
1458 3763 1644 3827 potest
1671 3771 1793 3811 esse

130 3861 459 3923 continens,
482 3858 598 3914 nisi
630 3859 782 3912 Deus
807 3855 924 3918 det,
959 3861 1011 3908 et
1043 3853 1151 3908 hoc
1176 3853 1371 3919 ipsum
1399 3851 1525 3904 erat
1548 3845 1785 3912 sapien-

130 3951 246 4013 tiae,
279 3950 429 4005 scire
463 3950 635 4016 cujus
674 3952 816 4002 esset
847 3946 955 4000 hoc
981 3943 1238 4007 donum,-
1270 3937 1392 3992 alii
1408 3936 1721 3991 Dominum
1743 3937 1792 3987 et

132 4040 484 4107 deprecatus
498 4053 622 4091 sum
651 4037 848 4089 illum.
863 4033 1062 4103 Neque
1089 4029 1248 4084 enim
1275 4029 1380 4081 iste
1394 4029 1496 4080 aut
1515 4028 1792 4077 naturam

135 4127 442 4200 precando
474 4125 711 4180 volebat
744 4124 1032 4192 accipere,
1069 4119 1127 4173 in
1159 4134 1282 4188 qua
1312 4114 1591 4170 conditus
1624 4117 1748 4166 erat
1777 4128 1789 4177 ;

137 4218 336 4272 autde
369 4213 626 4270 naturali
661 4210 982 4266 voluntatis
1014 4207 1257 4262 arbitrio
1284 4203 1617 4271 satagebat,
1651 4215 1790 4255 cum

137 4323 262 4377 quo
289 4305 560 4358 conditus
615 4308 776 4366 erat;
830 4304 930 4354 aut
963 4295 1376 4352 remissionem
1406 4295 1790 4362 peccatorum

138 4392 541 4456 desiderabat,
571 4392 670 4461 qui
704 4390 898 4460 potius
923 4385 1371 4446 continentiam,
1394 4397 1465 4434 ne
1493 4383 1786 4450 peccaret,

141 4482 424 4554 optabat;
460 4480 548 4535 vel
581 4479 723 4551 quid
759 4475 1101 4532 faciendum
1130 4477 1286 4526 esset
1311 4471 1457 4524 scire
1490 4468 1790 4539 cupiebat,

141 4589 280 4627 cum
309 4572 433 4642 jam
465 4587 525 4624 se
558 4570 704 4623 scire
731 4568 1008 4622 fateretur
1030 4562 1202 4632 cujus
1220 4565 1374 4615 esset
1397 4559 1508 4613 hoc
1537 4557 1791 4611 donum:

145 4660 250 4716 sed
282 4659 484 4731 utique
499 4661 691 4712 tantas
706 4654 1024 4709 voluntatis
1043 4651 1454 4712 vires,tautum
1468 4644 1798 4700 dilectionis

145 4750 426 4804 ardorem
459 4746 695 4800 volebat
743 4745 1012 4814 accipere
1046 4740 1265 4810 Spiritu
1311 4735 1638 4805 sapientiae,
1695 4733 1798 4802 qui

146 4838 446 4893 sufficeret
478 4837 553 4891 ad
581 4833 951 4904 implendam
988 4826 1464 4897 magnitudinem
1497 4823 1800 4877 continen-

145 4927 323 4983 tim.Si
351 4912 1610 4995 erg‘otalealiquidillicinvenirepotueritis,
1629 4910 1800 4964 uber-

143 5017 332 5072 rimas
370 5014 592 5084 gratias
627 5028 902 5082 agemus,
959 5012 1006 5064 si
1050 5004 1433 5062 rescribendo
1493 5002 1800 5057 insinuare

146 5105 501 5176 dignemini.

216 5205 300 5259 l3.
325 5202 480 5258 Satis
503 5201 660 5256 enim
685 5199 802 5254 dici
824 5214 940 5254 non
960 5196 1466 5268 potestquantum
1481 5191 1800 5260 cupiamus

143 5293 201 5347 in
218 5308 426 5347 eorum
446 5291 758 5345 hominum
775 5285 1137 5356 scriptis,qui
1154 5287 1392 5355 propter
1406 5277 1801 5335 acrimoniam

146 5389 327 5454 atque
388 5380 734 5436 facundiam
783 5382 1059 5446 leguntur
1109 5391 1143 5428 a
1178 5370 1471 5443 plurimis,
1533 5373 1802 5438 apertam

146 5470 578 5525 confessionem
595 5467 747 5522 illius
763 5467 966 5534 gratim
983 5462 1420 5534 reperiri,quam
1438 5457 1806 5511 vehementer

150 5575 282 5613 com
297 5557 541 5612 mendat
557 5556 898 5627 Apostolus,
927 5552 1030 5624 qui
1052 5551 1229 5605 etiam
1246 5548 1429 5619 ipsius
1457 5559 1804 5599 mensuram

147 5647 287 5704 ﬁdei
322 5647 475 5714 (sine
503 5661 626 5717 qua
658 5641 1028 5716 impossibile
1055 5645 1142 5695 est
1170 5638 1288 5693 Deo
1323 5635 1558 5707 placere
1588 5631 1802 5704 [θεὸν.

1383 111 1894 202 ΕριετοιᾸΗυΜ
1933 143 2228 205 CLASSIS
2270 150 2366 207 Ill.
2427 215 2430 220 ,

3439 144 3549 206 854

1895 286 1976 339 x1,
2013 272 2089 341 6],
2126 288 2198 329 ex
2226 291 2345 348 qua
2391 277 2589 347 justus
2631 275 2766 332 vivit
2793 274 2984 348 [Rom.
3043 291 3082 340 l,
3121 272 3230 349 i7],
3261 290 3399 348 qum
3445 290 3554 347 per

1896 359 2279 419 dilectionem
2311 370 2596 436 operatur
2629 366 2858 436 [Galat.
2918 380 2976 430 v,
3003 364 3080 434 6],
3114 370 3250 420 ante
3277 379 3465 436 quam
3497 368 3555 420 et

1899 448 2028 505 sine
2077 467 2262 522 quam
2293 455 2542 510 omnino
2572 454 2738 509 nulla
2769 454 3124 525 cujusquam
3165 452 3329 507 bona
3367 468 3553 523 opera

1896 538 2294 596 existimanda
2317 547 2478 608 unt,
2512 542 2806 614 quoniam
2833 557 3013 596 omne
3040 541 3201 612 quod
3231 555 3354 595 non
3377 547 3462 594 est
3481 557 3553 596 ex

1895 626 2014 680 ﬁde
2041 636 2350 698 peccatum
2375 636 2462 685 est
2492 631 2683 703 [Rom.
2713 647 2835 696 xw,
2868 630 3002 699 23]).
3037 631 3228 683 Deum
3259 629 3401 683 dicit
3428 631 3554 683 uni-

1897 717 2112 788 cuique
2143 719 2424 788 partitum
2456 720 2570 790 (Id.
2605 736 2706 782 xu,
2757 721 2808 788 3)
2839 740 2849 771 :
2892 733 3001 773 nec
3030 719 3157 772 sola
3197 719 3553 773 revelatione

1898 805 2156 862 scientiae
2188 823 2297 862 nos
2349 807 2637 863 divinitus
2689 807 2987 878 adjuvari,
3025 811 3085 860 ut
3132 806 3227 877 pie
3271 806 3553 877 justeque

1895 897 2195 960 vivamus,
2226 913 2364 968 qum
2400 898 2527 952 sine
2559 897 2846 952 charitate
2873 895 3040 950 inﬂat
3063 895 3106 965 (Ι
3139 895 3280 950 Cor.
3309 911 3428 959 Vill,
3460 895 3549 962 1);

1895 999 2104 1039 verum
2136 985 2315 1040 etiam
2369 986 2761 1057 inspiratione
2816 983 3122 1039 charitatis
3170 983 3382 1054 ipsius,
3414 998 3551 1054 qum

1894 1072 2204 1144 plenitudo
2231 1072 2378 1145 legis
2407 1082 2498 1129 est
2526 1075 2718 1143 (Rom.
2745 1089 2867 1142 xui,
2906 1073 3016 1144 10),
3048 1076 3103 1127 et
3124 1088 3261 1143 qum
3291 1087 3394 1126 cor
3415 1086 3552 1126 nos-

1897 1167 2074 1231 trum,
2132 1167 2195 1216 ut
2225 1164 2472 1218 scientia
2503 1177 2621 1218 non
2655 1163 2836 1228 inﬂet,
2869 1162 3149 1218 mdiﬁcat.
3184 1161 3298 1215 Sed
3351 1159 3552 1216 adhuc

1894 1267 2198 1348 nusquam
2250 1252 2366 1308 tale
2397 1251 2626 1324 aliquid
2655 1251 2716 1307 in
2748 1267 2958 1307 eorum
3013 1249 3215 1307 litteris
3246 1248 3554 1321 potuimus

1897 1355 2186 1395 invenire.

1967 1431 2052 1484 14.
2072 1429 2319 1485 Maxime
2345 1434 2546 1485 autem
2559 1429 2674 1485 hoc
2694 1429 2880 1485 inisto
2902 1429 3058 1484 libro
3089 1443 3220 1483 esse
3242 1427 3551 1491 vellemus,

1893 1533 1965 1572 ex
1994 1533 2117 1589 quo
2131 1518 2427 1589 descripta
2455 1518 2550 1573 illa
2572 1518 2758 1573 verba
2785 1518 3122 1590 posuimus,
3145 1516 3244 1572 ubi
3261 1517 3553 1586 virginem

1895 1605 2481 1662 Christaitalaudans
2508 1604 3153 1678 tanquam,spirituales
3168 1605 3407 1660 divitias
3424 1604 3556 1658 nul-

1893 1695 1987 1749 lus
2001 1694 2281 1765 eiprmter
2303 1695 2497 1765 ipsam
2527 1695 2793 1750 conferre
2809 1695 3015 1765 possit,
3056 1699 3111 1748 et
3130 1699 3429 1764 tanquam
3444 1691 3556 1746 nisi

1897 1799 1968 1839 ex
1997 1783 2129 1856 ipsa
2143 1798 2274 1839 esse
2299 1799 2416 1839 non
2450 1783 2705 1854 possint,
2732 1798 2854 1839 non
2885 1783 3009 1838 vult
3035 1797 3168 1837 eam
3201 1783 3262 1836 in
3293 1781 3555 1836 Domino

1899 1872 2158 1942 gloriari,
2179 1872 2283 1927 sed
2310 1873 2393 1927 sic
2420 1873 2658 1941 gloriari
2680 1873 2853 1943 quasi
2873 1887 2994 1926 non
3017 1870 3333 1941 acceperit.
3353 1871 3416 1924 In
3433 1885 3556 1940 quo

1899 1961 2050 2016 libro
2065 1960 2346 2032 quamvis
2362 1977 2470 2016 nec
2485 1961 2671 2033 ipsius
2693 1976 2800 2016 nec
2813 1964 2930 2015 tum
2956 1959 3316 2014 Reverentim
3332 1973 3554 2013 nomen

1899 2050 2270 2121 expresserit,
2300 2055 2500 2106 tamen
2523 2065 2558 2105 a
2583 2054 2768 2105 matre
2794 2048 3036 2118 virginis
3067 2053 3124 2102 ut
3157 2047 3234 2103 ad
3264 2063 3397 2102 eam
3415 2047 3560 2101 scri-

1898 2139 2124 2196 beret.a
2139 2155 2198 2192 se
2215 2138 2578 2206 postulatum
2594 2153 2723 2194 esse
2739 2141 3191 2193 commemorat.
3209 2138 3269 2190 In
3284 2134 3554 2207 quadam

1899 2244 2041 2283 vero
2055 2228 2304 2298 epistola
2323 2243 2432 2282 sua
2447 2227 2604 2282 idem
2626 2225 2912 2296 Pelagius,
2947 2225 3048 2280 ubi
3062 2233 3117 2280 et
3139 2239 3360 2279 nomen
3376 2239 3556 2278 suum

1902 2316 2273 2388 apertissime
2295 2316 2482 2388 ponit,
2517 2331 2626 2370 nec
2655 2329 2876 2369 nomen
2907 2329 3091 2368 sacrm
3111 2313 3357 2383 virginis
3381 2317 3556 2376 tacet,

1903 2405 2044 2460 dicit
2073 2407 2151 2460 ad
2178 2421 2312 2460 eam
2346 2421 2407 2458 se
2438 2404 2770 2474 scripsisse,
2825 2408 2880 2458 et
2911 2401 3185 2472 ejusdem
3219 2402 3310 2456 sui
3359 2401 3559 2471 operis

1905 2493 2249 2550 testimonio
2282 2492 2536 2564 probare
2566 2491 2768 2546 nititur
2786 2506 2848 2545 se
2863 2490 3120 2560 gratiam
3150 2490 3246 2544 Dei
3270 2504 3458 2560 quam
3473 2489 3559 2544 vel

1908 2589 2098 2638 tacere
2131 2581 2219 2637 vel
2257 2596 2475 2650 negare
2506 2580 2811 2644 asseritur,
2864 2578 3238 2648 apertissime
3271 2577 3560 2632 confiteri.

1908 2671 2022 2728 Sed
2055 2675 2252 2725 utrum
2301 2669 2429 2741 ipse
2461 2669 2533 2724 sit
2560 2667 2730 2732 liber,
2782 2667 2841 2722 in
2873 2682 2996 2739 quo
3044 2666 3118 2721 de
3150 2664 3559 2737 spiritualibus

1905 2761 2122 2815 divitiis
2155 2760 2253 2814 illa
2316 2758 2499 2814 verba
2529 2758 2745 2829 posuit,
2795 2756 2890 2811 vel
2943 2761 3138 2811 utrum
3195 2754 3271 2810 ad
3304 2759 3562 2810 vestram

1904 2849 2236 2920 pervenerit
2266 2847 2672 2910 Sanctitatem,
2713 2844 3008 2917 rescriptis
3061 2845 3276 2900 vestris
3305 2844 3566 2916 petimus

1903 2954 2012 2994 nos
2045 2937 2370 3008 dignemini
2407 2937 2597 2991 facere
2628 2934 2929 2989 certiores.

2321 3024 2653 3080 EPISTOLA
2675 3021 2975 3083 CLXXXIX
3009 3020 3148 3092 '(a).

1901 3115 2220 3183 Bonifacio
2271 3113 2335 3168 in
2409 3111 2628 3168 militia
2699 3110 2950 3166 merenti
3022 3107 3358 3178 praescribit
3429 3109 3562 3166 vitm

1973 3207 2298 3272 rationem,-
2331 3201 2642 3258 ostendens
2673 3200 2864 3255 obiter
2891 3199 3067 3255 licere
3093 3196 3423 3253 christiano
3447 3213 3560 3267 pro

1970 3294 2220 3362 publica
2246 3307 2391 3361 pace
2421 3305 2594 3346 arma
2627 3294 2916 3344 tractare.

1899 3382 2152 3438 Domino
2187 3381 2428 3448 eximio,
2459 3385 2513 3435 et
2544 3380 2751 3434 merito
2774 3377 2996 3446 insigni
3019 3379 3198 3448 atque
3217 3373 3563 3430 honorabili

1971 3473 2097 3527 ﬁlio
2131 3475 2450 3535 Bommcno,
2481 3475 2850 3532 Ancusrmus,
2885 3466 2947 3521 in
2982 3466 3232 3520 Domino
3267 3464 3554 3519 salutem.

1978 3566 2024 3615 l.
2077 3562 2213 3614 Jam
2255 3559 2679 3628 rescripseram
2735 3554 3014 3612 Charitati
3077 3558 3210 3619 tum,
3270 3552 3376 3608 sed
3424 3569 3560 3608 cum

1901 3650 2162 3720 epistolae
2182 3647 2511 3716 dirigendm
2540 3645 2776 3700 occasio
2803 3647 3189 3714 qumreretur,
3221 3642 3563 3713 supervenit

1900 3737 2319 3792 dilectissimus
2351 3735 2508 3788 ﬁlius
2534 3749 2701 3788 meus
2732 3731 3008 3793 Faustus,
3051 3745 3303 3801 pergens
3335 3731 3413 3786 ad
3432 3731 3561 3785 Exi-

1899 3827 2198 3881 mietatem
2217 3829 2406 3879 tuam.
2439 3823 2697 3887 Quicum
2718 3821 2878 3891 ipsas
2896 3819 3093 3875 literas
3109 3820 3396 3890 quasjam
3412 3818 3564 3874 fece-

1899 3932 2050 3980 ram,
2102 3914 2430 3984 accepisset
2486 3916 2600 3966 tum
2663 3907 3098 3964 Benevolentim
3149 3905 3560 3978 perferendas,

1901 4002 2202 4074 suggessit
2229 4000 2372 4055 mihi
2396 3999 2649 4055 multum
2675 4004 2729 4053 te
2750 3996 3089 4052 desiderare
3116 4002 3178 4050 ut
3203 3993 3434 4066 aliquid
3453 3993 3562 4049 tibi

1903 4093 2225 4147 scriberem
2256 4090 2420 4162 quod
2453 4093 2505 4143 te
2549 4086 2804 4142 mdiﬁcet
2833 4085 2910 4141 ad
2944 4085 3374 4156 sempiternam
3405 4083 3562 4137 salu-

1899 4181 2140 4251 tem,ch
2153 4197 2217 4235 us
2234 4180 2332 4235 tibi
2351 4193 2485 4250 spes
2501 4182 2589 4232 est
2604 4177 2660 4231 in
2681 4175 2930 4230 Domino
2945 4181 3146 4230 nostro
3160 4175 3294 4229 Jesn
3310 4172 3558 4227 Christo.

1901 4270 2256 4343 thuamvis
2288 4268 2431 4323 mihi
2458 4270 2754 4337 occupato
2787 4269 3018 4320 tantum
3048 4262 3332 4318 instititut
3369 4261 3562 4316 facere

1901 4377 2021 4417 non
2053 4359 2375 4421 differrem,
2422 4361 2722 4428 quantum
2777 4353 2894 4409 scis
2934 4353 3099 4425 quod
3156 4357 3210 4406 te
3253 4349 3562 4405 sinceriter

1903 4451 2129 4519 diligat.
2165 4445 2478 4502 Festinanti
2525 4459 2668 4514 ergo
2698 4447 2759 4497 ut
2785 4455 3182 4505 occurrerem,
3219 4437 3401 4492 malui
3436 4436 3560 4491 fes-

1905 4540 2159 4594 tinanter
2195 4534 2418 4606 aliquid
2461 4532 2738 4592 scribere,
2779 4545 2962 4600 quam
2997 4528 3339 4596 religiosum
3387 4530 3558 4580 tuum

1906 4625 2268 4682 desiderium
2308 4622 2632 4683 retardare,
2679 4618 2925 4674 domine
2976 4616 3208 4686 eximie,
3260 4620 3315 4671 et
3346 4613 3558 4669 merito

1906 4715 2155 4785 insignis
2189 4719 2365 4784 atque
2396 4708 2762 4765 honorabilis
2792 4706 2894 4761 fili.

1979 4811 2029 4859 2.
2053 4803 2221 4870 Quod
2239 4817 2378 4873 ergo
2401 4800 2654 4854 breviter
2667 4812 2914 4870 possum
2932 4796 3147 4854 dicere,
3161 4793 3561 4862 DitigeDomi—

1907 4912 2051 4950 num
2079 4895 2262 4949 Deum
2291 4896 2454 4946 tuum
2479 4891 2539 4944 in
2555 4894 2673 4944 toto
2705 4886 3012 4950 cordetuo,
3048 4885 3176 4940 etin
3213 4891 3337 4939 tota
3355 4883 3558 4938 anima

1911 4990 2092 5050 tua,et
2109 4985 2170 5036 in
2195 4988 2316 5036 tota
2331 4981 2784 5045 virtutetua;et,
2828 4975 3007 5044 dilige
3019 4974 3360 5042 proximum
3391 4979 3559 5024 tuum

1911 5081 2195 5144 tanquam
2212 5071 2478 5139 teipsum:
2499 5069 2611 5123 hoc
2624 5073 2708 5122 est
2723 5067 2881 5121 enim
2895 5063 3143 5120 verbum
3160 5061 3320 5133 quod
3337 5058 3564 5114 brevia-

1911 5164 1995 5217 vit
2017 5161 2302 5217 Dominus
2326 5174 2502 5230 super
2527 5163 2768 5220 terram,
2798 5155 3004 5209 dicens
3029 5152 3086 5205 in
3118 5147 3457 5217 Evangelio,
3491 5146 3564 5201 In

1913 5254 2002 5309 his
2025 5251 2249 5307 duobus
2277 5247 2589 5318 praeceptis
2622 5252 2745 5300 tota
2796 5245 2894 5299 lea:
2921 5240 3133 5310 pendet
3161 5244 3215 5294 et
3249 5236 3563 5303 Propheta:

1913 5342 2152 5413 (Matth.
2169 5356 2306 5404 xxu,
2327 5337 2517 5401 37,39,
2541 5338 2651 5402 40).
2684 5337 2743 5387 In
2762 5333 2874 5387 hac
2887 5345 3028 5400 ergo
3046 5327 3359 5382 dilectione
3373 5326 3568 5398 quoti-

1974 5451 1993 5468 ⁸
2027 5449 2270 5497 Correcta
2297 5445 2360 5494 ad
2386 5460 2437 5497 a.
2473 5445 2558 5505 bg.
2583 5457 2632 5495 c.
2658 5455 2735 5489 cc.
2761 5439 2813 5505 ff.
2844 5453 2894 5502 g.
2927 5451 3017 5501 gv.
3041 5437 3086 5498 j.
3125 5435 3158 5484 l.
3179 5449 3231 5483 n.
3259 5449 3299 5484 s.
3327 5433 3463 5481 duos
3483 5431 3562 5480 sb.

1917 5513 2051 5560 duos
2081 5515 2118 5557 t.
2153 5509 2290 5558 duos
2332 5522 2411 5554 vc.
2438 5503 2671 5569 quatuor
2693 5518 2747 5554 v.
2794 5503 2915 5569 boy.

1980 5575 2050 5634 (α)
2083 5572 2222 5620 Alias
2247 5573 2357 5634 205
2386 5585 2396 5617 :
2434 5560 2551 5634 quin
2577 5570 2758 5615 autem
2778 5565 2879 5634 18.9
2910 5565 3040 5618 erat,
3072 5574 3217 5611 nunc
3253 5560 3308 5608 in
3357 5561 3565 5622 Appen-

1917 5626 2045 5685 dice
2060 5638 2143 5684 est
2167 5636 2211 5682 8.
2241 5626 2464 5695 Scripta"
2481 5631 2621 5680 circa
2649 5639 2738 5676 an.
2769 5626 2878 5675 H8.
