4118 6164
562 126 666 182 355
1848 115 1907 173 s.
1948 114 2337 171 AUGUSTINI
2380 84 2700 173 EPlSCOPl
3826 126 3916 181 εδδ

561 250 660 305 die
686 248 930 322 proﬁce,
956 250 1013 303 et
1036 243 1285 308 orando,
1316 245 1371 297 et
1394 240 1548 298 bene
1578 241 1833 313 agendo,
1870 245 1935 296 ut
1956 242 2083 313 ipso
2098 240 2207 297 ad-

559 340 808 410 juvante
823 336 925 409 qui
942 335 1042 390 tibi
1062 349 1192 389 eam
1212 333 1494 403 praecepit
1514 336 1691 402 atque
1705 331 1972 397 donavit,
1995 330 2212 385 nutria-

565 436 657 483 tur
681 431 737 482 et
766 428 1005 487 crescat,
1038 422 1230 476 donec
1257 420 1383 475 haec
1415 425 1466 475 te
1494 420 1753 491 perfecta
1767 420 2053 491 perﬁciat.
2085 421 2217 490 Ipsa

565 521 651 570 est
675 515 827 569 enim
850 510 1132 575 Charitas,
1162 525 1321 580 quae,
1363 510 1518 563 sicut
1547 508 1865 579 Apostolus
1906 507 2070 576 dicit,
2102 506 2218 576 dif-

562 606 699 672 fusa
715 609 792 657 est
810 603 868 656 in
889 600 1163 655 cordibus
1179 600 1397 654 nostris
1408 614 1516 666 per
1527 598 1818 666 Spiritum
1834 610 2101 653 sanctum
2117 597 2221 667 qui

565 692 740 746 datus
771 696 851 746 est
878 689 1041 743 nobis
1073 689 1266 757 (Rom.
1302 703 1360 751 v,
1397 686 1489 757 5):
1525 687 1655 757 ipsa
1702 692 1791 742 est
1827 685 1896 740 de
1927 701 2049 757 qua
2078 687 2219 739 item

563 780 728 843 dicit,
756 777 1072 833 Plenitudo
1103 776 1240 846 legis
1256 775 1521 831 Charitas
1550 775 1659 845 (Id.
1678 793 1795 841 Xltl,
1822 776 1913 845 10)
1940 793 1949 829 :
1982 774 2113 846 ipsa
2133 777 2221 829 est

566 885 670 941 per
691 884 876 939 quam
909 866 1055 920 ﬁdes
1076 869 1386 937 operatur;
1425 864 1581 919 unde
1614 866 1828 920 iterum
1850 863 2222 932 dicit,Neque

568 957 940 1014 circumcisio
962 955 1287 1026 quidquam
1308 954 1484 1019 valet,
1510 970 1697 1025 neque
1720 953 2071 1023 praeputium
2087 969 2104 1017 ,'
2122 951 2224 1007 sed

564 1048 709 1115 ﬁdes
737 1061 867 1117 qua:
895 1061 1004 1113 per
1031 1043 1405 1099 dilectionem
1450 1049 1739 1111 operatur
1768 1042 1995 1114 (Galat.
2028 1057 2087 1107 v,
2132 1040 2213 1111 6).

641 1140 691 1191 3.
728 1139 786 1189 1n
806 1135 919 1188 hac
958 1147 1099 1202 ergo
1134 1147 1345 1187 omnes
1383 1132 1575 1186 sancti
1620 1138 1815 1203 patres
1840 1131 2096 1185 nostriet
2129 1132 2229 1184 Pa-

569 1224 840 1282 triarchaa
864 1228 919 1278 et
941 1222 1245 1293 Prophetas
1270 1220 1595 1292 etApostoli
1622 1220 1974 1292 placuerunt
1997 1222 2135 1274 Deo.
2164 1221 2226 1272 In

571 1319 681 1369 hac
695 1328 904 1368 omnes
918 1311 1039 1366 veri
1056 1315 1346 1382 martyres
1364 1326 1550 1381 usque
1566 1310 1643 1364 ad
1659 1309 2008 1379 sanguinem
2022 1313 2225 1363 contra

567 1402 879 1458 diabolum
906 1405 1320 1470 certaverunt;
1348 1405 1402 1455 et
1435 1400 1578 1470 quia
1611 1400 1666 1453 in
1703 1400 1786 1454 eis
1818 1415 1936 1454 non
1966 1396 2233 1467 refriguit

569 1508 679 1548 nec
693 1491 924 1556 defecit,
953 1490 1086 1545 ideo
1109 1490 1397 1544 vicerunt.
1416 1490 1478 1544 In
1496 1490 1607 1545 hac
1635 1504 1843 1543 omnes
1869 1487 2071 1541 ﬁdeles
2086 1474 2229 1541 boni

570 1581 833 1653 quotidie
853 1578 1189 1651 proﬁciunt,
1216 1579 1521 1649 pervenire
1543 1580 1848 1648 cupientes
1881 1592 2002 1631 non
2036 1576 2111 1630 ad
2145 1590 2232 1629 re-

576 1684 763 1739 gnum
783 1668 1149 1736 mortalium,
1172 1668 1275 1722 sed
1293 1667 1371 1723 ad
1394 1683 1645 1736 regnum
1672 1666 1955 1721 cmlorum
1976 1684 1988 1731 ;
2011 1680 2129 1720 non
2154 1664 2232 1719 ad

578 1756 1079 1829 temporalem,sed
1093 1757 1168 1812 ad
1184 1758 1587 1828 sempiternam
1600 1754 2103 1821 haereditatemgad
2117 1768 2233 1808 non

575 1862 791 1903 aurum
818 1850 1223 1914 etargentum,
1249 1845 1352 1899 sed
1380 1844 1459 1900 ad
1485 1844 1724 1899 divitias
1754 1841 2233 1913 incorruptibiles

575 1935 971 2004 Angelorum;
1007 1949 1126 1989 non
1161 1934 1238 1988 ad
1264 1933 1467 2005 aliqua
1498 1934 1661 1989 bona
1691 1933 1873 2003 hujus
1913 1931 2130 1997 smculi,
2172 1931 2234 1986 in

577 2025 801 2097 quibus
831 2039 966 2078 cum
985 2023 1192 2078 timore
1208 2022 1441 2087 vivitur,
1475 2038 1586 2078 nec
1603 2038 1673 2079 ea
1691 2023 2012 2094 quisquam
2030 2037 2233 2075 secum

576 2113 1009 2185 potestauferre
1023 2113 1167 2167 dum
1186 2112 1565 2180 moritur,sed
1583 2112 1658 2167 ad
1676 2111 2001 2166 videndum
2024 2113 2230 2165 Deum:

578 2205 670 2274 cuj
683 2220 749 2258 us
762 2202 1023 2258 suavitas
1037 2202 1415 2258 etdelectatio
1429 2203 1653 2257 excedit
1668 2217 1893 2257 omnem
1911 2216 2030 2256 non
2050 2199 2235 2255 solum

580 2291 964 2356 terrestrium,
989 2306 1198 2346 verum
1220 2292 1398 2347 etiam
1423 2291 1753 2347 cmlestium
1777 2305 2095 2362 corporum
2110 2287 2238 2359 pul-

582 2380 1003 2443 chritudinem,
1043 2379 1275 2434 excedit
1308 2395 1553 2435 omnem
1584 2379 1862 2434 decorem
1894 2378 2236 2433 animarum

585 2467 1349 2541 quantumlibetjustarum
1378 2473 1557 2539 atque
1595 2472 1973 2530 sanctarum;
2007 2466 2238 2520 excedit

589 2574 834 2614 omnem
886 2557 1145 2625 speciem
1188 2572 1585 2627 supernorum
1638 2556 2001 2624 Angelorum
2059 2559 2237 2624 atque

591 2648 923 2711 Virtutum;
958 2646 1189 2700 excedit
1209 2644 1594 2718 quidquidde
1616 2645 1712 2700 illo
1738 2660 1858 2699 non
1892 2643 2239 2700 solumdici-

593 2741 709 2802 tur,
744 2750 950 2789 verum
983 2734 1161 2789 etiam
1191 2736 1503 2804 cogitatur.
1543 2738 1740 2807 Neque
1770 2734 1927 2789 hanc
1955 2738 2078 2788 tam
2109 2748 2238 2787 ma-

596 2840 779 2895 gnam
807 2823 1292 2893 promissionem,
1329 2823 1473 2895 quia
1501 2822 1674 2878 valde
1724 2837 1945 2891 magna
1968 2828 2077 2885 est,
2108 2821 2241 2875 ideo

595 2913 1003 2984 desperemus,
1036 2911 1142 2966 sed
1184 2912 1399 2983 potius,
1434 2913 1576 2984 quia
1623 2911 1797 2966 valde
1826 2926 2082 2980 magnus
2109 2925 2243 2964 eam

595 3000 887 3074 promisit,
904 3005 1252 3072 accepturos
1266 3017 1383 3056 non
1408 3016 1536 3056 esse
1553 3000 1872 3056 credamus
1889 3017 1902 3055 :
1921 2999 2071 3054 sicut
2084 2999 2244 3054 enim

596 3092 737 3149 dicit
757 3090 969 3146 beatus
989 3093 1247 3146 Joannes
1273 3090 1599 3163 apostolus,
1628 3090 1772 3145 Filii
1803 3090 1901 3145 Dei
1934 3104 2157 3157 sumus,
2190 3095 2248 3145 et

596 3181 859 3238 nondum
887 3181 1171 3249 apparuit
1201 3180 1346 3250 quid
1368 3181 1631 3235 erimus:
1663 3179 1877 3235 scimus
1917 3181 2060 3250 quia
2114 3193 2245 3233 cum

597 3268 969 3340 apparuerit,
993 3268 1215 3324 similes
1245 3269 1295 3323 ei
1318 3268 1554 3331 erimus,
1589 3268 1870 3338 quoniam
1920 3268 2245 3323 videbimus

603 3374 733 3417 eum
766 3359 941 3415 sicuti
963 3362 1045 3412 est
1071 3356 1301 3428 (lJoan.
1322 3372 1404 3422 ιιι,
1436 3358 1511 3423 2).

673 3450 726 3501 4.
763 3445 885 3501 Noli
926 3445 1262 3500 existimare
1283 3445 1584 3500 neminem
1609 3447 1725 3501 Deo
1768 3444 2001 3517 placere
2047 3460 2247 3516 posse,

606 3536 711 3608 qui
759 3536 818 3589 in
848 3534 1032 3589 armis
1077 3533 1303 3590 bellicis
1331 3534 1560 3591 militat.
1606 3536 1668 3589 In
1716 3534 1809 3590 his
1846 3539 1971 3590 erat
2007 3539 2252 3589 sanctus

608 3622 813 3687 David,
848 3623 941 3678 cui
971 3622 1259 3678 Dominus
1292 3628 1411 3679 tam
1442 3639 1734 3694 magnum
1770 3623 2074 3695 perhibuit
2101 3624 2253 3678 testi-

598 3712 900 3768 monium:
932 3710 990 3765 in
1012 3711 1104 3766 bis
1126 3712 1303 3767 etiam
1330 3711 1571 3784 plurimi
1598 3712 1755 3768 illius
1786 3712 2247 3784 temporisjusti.

596 3802 663 3856 In
695 3800 785 3856 his
806 3804 931 3856 erat
955 3804 1009 3856 et
1060 3800 1154 3855 ille
1180 3801 1453 3856 Centurio
1484 3802 1585 3873 qui
1630 3801 1881 3857 Domino
1907 3802 2075 3867 dixit,
2116 3802 2250 3857 Non

593 3906 722 3945 sum
743 3889 959 3959 dignus
980 3890 1239 3944 utintres
1264 3890 1370 3944 sub
1387 3895 1601 3945 tectum
1625 3905 1815 3945 meum
1842 3890 1985 3960 ;sed
2013 3896 2247 3945 tantum

590 3979 686 4034 die
708 3976 1461 4045 verbo,etsanabiturpuer
1481 3992 1659 4033 meus.
1689 3979 1841 4033 Nam
1869 3986 1921 4033 et
1944 3994 2047 4047 ego
2078 3977 2248 4033 homo

590 4084 717 4123 sum
740 4066 846 4121 sub
858 4070 1142 4134 potestate
1153 4067 1527 4131 constitutus,
1547 4067 1769 4121 habens
1784 4066 1891 4121 sub
1906 4082 1995 4121 me
2012 4067 2246 4132 milites,

592 4162 645 4212 et
676 4154 807 4209 dico
839 4153 996 4218 huic,
1028 4154 1207 4220 Vade,
1235 4160 1289 4208 et
1311 4154 1508 4223 vadit;
1539 4162 1590 4209 et
1622 4155 1749 4221 alii,
1786 4156 1945 4224 Veni,
1972 4162 2021 4211 et
2052 4156 2249 4226 venit;

592 4249 645 4300 et
670 4257 837 4298 servo
863 4257 1006 4306 meo,
1040 4242 1163 4297 Fac
1190 4242 1317 4305 hoc,
1339 4248 1390 4297 et
1411 4242 1595 4310 facit:
1617 4242 1690 4297 de
1708 4259 1829 4313 quo
1857 4248 1910 4297 et
1939 4244 2244 4310 Dominus,

591 4334 769 4389 Amen
791 4331 922 4387 dico
945 4330 1123 4396 vobis,
1151 4346 1271 4385 non
1297 4330 1501 4387 inveni
1525 4333 1754 4387 tantam
1772 4333 1947 4400 ﬁdem
1976 4333 2037 4387 in
2064 4334 2247 4389 Israel

595 4421 826 4494 (Matth.
857 4437 978 4486 V111,
1010 4419 1183 4492 8-10).
1218 4422 1279 4474 In
1313 4419 1403 4474 his
1454 4424 1576 4476 erat
1603 4425 1657 4475 et
1687 4420 1785 4477 ille
1836 4421 2137 4477 Cornelius
2170 4422 2249 4478 ad

595 4528 775 4585 quem
811 4509 1027 4565 missus
1055 4509 1303 4579 angelus
1334 4509 1500 4576 dixit,
1534 4510 1793 4576 Corneli,
1831 4518 2086 4580 acceptas
2110 4517 2249 4567 sunt

598 4603 979 4669 elecmosynae
1007 4606 1141 4664 tute,
1191 4605 1243 4654 et
1275 4598 1575 4655 exaudita:
1604 4606 1741 4654 sunt
1772 4599 2067 4657 orationes
2095 4606 2247 4657 tum:

594 4688 699 4743 ubi
721 4704 856 4742 eum
881 4687 1361 4743 admonuitutad
1384 4687 1621 4743 beatum
1642 4689 1877 4743 Petrum
1903 4691 2247 4760 apostolum

597 4778 869 4844 mitteret,
899 4781 955 4831 et
979 4775 1055 4831 ab
1082 4775 1180 4831 illo
1208 4776 1439 4832 audiret
1470 4793 1604 4848 quae
1628 4777 1819 4833 facere
1852 4778 2131 4852 deberet;
2171 4782 2249 4837 ad

594 4880 775 4938 quem
808 4863 1168 4935 apostolum,
1190 4868 1251 4918 ut
1273 4864 1349 4919 ad
1377 4881 1515 4919 eum
1544 4865 1781 4931 veniret,
1808 4867 1986 4922 etiam
2011 4868 2249 4939 religio-

598 4972 733 5011 sum
766 4953 1011 5009 militem
1044 4953 1202 5008 misit
1233 4955 1387 5023 (Act.
1423 4970 1476 5022 χ,
1499 4954 1638 5025 4-8).
1676 4955 1737 5008 In
1769 4954 1862 5009 his
1894 4962 2064 5011 erant
2092 4964 2148 5012 et
2170 4959 2249 5014 illi

592 5045 697 5116 qui
713 5040 1055 5115 baptizandi
1069 5057 1205 5096 cum
1222 5042 1521 5096 venissent
1548 5042 1621 5096 ad
1637 5043 1952 5109 Joannem,
1975 5053 2247 5103 sanctum

592 5134 828 5190 Domini
877 5146 1304 5205 praecursorem
1336 5136 1390 5185 et
1445 5130 1707 5187 amicum
1742 5134 1967 5203 sponsi,
2011 5135 2085 5189 de
2125 5153 2249 5207 quo

594 5225 881 5279 Dominus
913 5223 1039 5291 ipse
1063 5220 1163 5285 ait,
1193 5220 1265 5274 In
1298 5220 1453 5275 natis
1494 5222 1811 5277 mulierum
1846 5238 1964 5277 non
1988 5227 2250 5281 surrexit

594 5315 793 5382 major
819 5314 1053 5367 Joanne
1081 5310 1351 5379 Baptista
1377 5310 1616 5381 (Matth.
1650 5327 1729 5373 ιι,
1762 5316 1866 5377 Η),
1897 5316 1951 5367 et
1984 5315 2250 5383 quaesiis-

598 5406 727 5455 sent
753 5400 829 5455 ab
858 5416 928 5455 eo
953 5400 1099 5470 quid
1132 5400 1391 5455 facerent
1418 5416 1430 5465 ;
1459 5400 1768 5470 respondit
1801 5400 1908 5465 eis,
1941 5401 2249 5460 Neminem

602 5488 1030 5553 concusseritis,
1059 5490 1219 5545 nulli
1262 5490 1628 5545 calumniam
1657 5490 1952 5559 feceritis,-
1983 5494 2251 5562 sufﬁciat

609 5573 766 5628 vobis
816 5577 1177 5644 stipendium
1208 5588 1463 5635 vestrum
1512 5579 1675 5651 (Luc.
1732 5594 1810 5648 ιιι,
1850 5579 1955 5653 14).
1990 5584 2116 5639 Non
2148 5600 2249 5644 eos

2328 242 2531 315 utique
2558 244 2670 298 sub
2698 243 2880 299 armis
2913 242 3163 299 militare
3188 242 3525 315 prohibuit;
3550 242 3758 315 quibus
3783 261 3927 305 suum

2328 331 2690 402 stipendium
2722 332 2993 388 sufﬁcere
3022 332 3243 388 debere
3272 331 3573 403 praecepit.

2476 420 2714 492 Majoris
2727 422 2974 494 quidem
2988 422 3100 477 loci
3119 426 3257 476 sunt
3277 421 3439 492 apud
3455 421 3661 484 Deum,
3676 422 3770 493 qui
3783 427 3930 479 omni-

2329 509 2442 565 bus
2476 512 2600 565 istis
2652 512 3040 567 saacularibus
3072 511 3409 567 actionibus
3455 511 3761 573 derelictis,
3788 515 3934 571 etiam

2330 616 2571 655 summa
2597 601 2960 656 continentia
2980 600 3269 657 castitatis
3291 600 3339 655 ei
3358 600 3648 667 serviunt;
3667 600 3776 654 Sed
3794 617 3936 657 unus-

2331 690 2750 760 quisque,sicut
2764 690 3080 761 Apostolus
3092 689 3252 758 dicit,
3260 689 3573 758 proprium
3588 688 3787 743 donum
3800 689 3939 747 habet

2332 792 2369 833 a
2400 779 2557 849 Deo;
2586 779 2743 834 alius
2768 779 2871 844 sic,
2900 779 3053 834 alius
3070 787 3266 835 autem
3289 779 3371 834 sic
3402 778 3449 848 (l
3488 776 3621 833 Cor.
3655 794 3745 842 vn,
3768 780 3835 848 7).
3855 780 3941 835 Alii

2333 881 2475 935 ergo
2508 882 2617 938 pro
2643 867 2816 923 vobis
2842 868 3072 923 orando
3116 872 3390 938 pugnant
3421 871 3635 921 contra
3663 865 3941 922 invisibiles

2334 953 2607 1010 inimicos
2629 972 2642 1021 ;
2660 972 2767 1010 vos
2790 971 2895 1027 pro
2917 956 2999 1011 eis
3019 954 3653 1027 pugnandolaboratis
3674 962 3860 1009 contra
3878 957 3943 1009 vi-

2336 1043 2534 1099 sibiles
2549 1044 2858 1101 barbaros.
2885 1045 3120 1100 Utinam
3138 1061 3257 1100 una
3271 1044 3421 1099 ﬁdes
3434 1049 3599 1098 esset
3614 1044 3670 1097 in
3685 1043 3940 1109 omnibus,

2336 1134 2478 1205 quia
2491 1136 2547 1187 et
2574 1133 2772 1188 minus
2803 1133 3194 1201 laboraretur,
3228 1132 3533 1188 etfacilius
3557 1130 3820 1186 diabolus
3838 1148 3942 1187 cum

2339 1222 2567 1291 angelis
2588 1221 2710 1276 suis
2734 1223 3089 1278 vinceretur!
3121 1222 3233 1278 Sed
3271 1221 3414 1293 quia
3431 1223 3494 1276 in
3507 1220 3623 1275 hoc
3651 1220 3850 1274 saeculo
3870 1236 3943 1275 ne-

2339 1326 2506 1366 cesse
2523 1316 2609 1367 est
2624 1315 2685 1366 ut
2704 1312 2862 1367 cives
2884 1312 3049 1381 regni
3066 1311 3790 1367 cmlorumintererrantes
3810 1310 3946 1364 etim-

2341 1402 2471 1471 pios
2493 1401 2917 1455 tentationibus
2942 1401 3257 1469 agitentur,
3287 1406 3347 1454 ut
3366 1402 3773 1462 exerceantur,
3790 1404 3838 1452 et
3854 1402 3947 1452 tan-

2342 1504 2525 1560 quam
2560 1489 2619 1543 in
2644 1489 2883 1545 fornace
2915 1490 3064 1545 sicut
3094 1505 3310 1545 aurum
3356 1489 3689 1560 probentur
3716 1486 3862 1557 (Sap.
3890 1502 3945 1550 ιιι,

2340 1578 2417 1647 6),
2436 1592 2553 1632 non
2568 1577 2860 1633 debemus
2885 1583 3020 1633 ante
3045 1583 3279 1650 tempus
3306 1577 3455 1633 velle
3471 1593 3611 1632 cum
3627 1576 3760 1630 solis
3774 1576 3948 1630 sanctis

2342 1670 2397 1720 et
2444 1663 2621 1734 justis
2660 1665 2873 1732 vivere,
2906 1671 2972 1720 ut
3010 1666 3124 1721 hoc
3179 1682 3290 1721 suo
3350 1669 3625 1737 tempore
3662 1679 3947 1720 mereamur

2344 1753 2632 1825 accipere.

2414 1842 2467 1897 6.
2496 1845 2613 1898 Hoc
2636 1858 2777 1913 ergo
2809 1844 3071 1915 primum
3099 1844 3315 1914 cogita,
3348 1843 3605 1915 quando
3645 1842 3869 1899 armaris
3890 1840 3947 1896 ad

2343 1947 2634 2004 pugnam,
2664 1932 2807 2002 quia
2833 1933 3018 1987 virtus
3054 1938 3152 1989 tua
3179 1934 3356 1989 etiam
3386 1932 3525 2004 ipsa
3546 1930 3848 2002 corporalis
3868 1930 3948 1984 do-

2342 2035 2488 2075 num
2524 2021 2619 2075 Dei
2652 2026 2757 2076 est.
2794 2023 2884 2078 Sic
2915 2023 3074 2077 enim
3105 2021 3408 2093 cogitabis
3436 2021 3514 2076 de
3548 2021 3708 2075 dono
3748 2019 3834 2074 Dei
3857 2033 3948 2073 non

2346 2108 2535 2165 facere
2551 2115 2757 2166 contra
2771 2111 2980 2166 Deum.
3000 2112 3166 2167 Fides
3179 2111 3338 2166 enim
3356 2110 3610 2182 quando
3625 2108 3946 2181 promittitur,

2346 2199 2523 2255 etiam
2536 2199 2693 2254 hosti
2709 2201 3007 2255 servanda
3021 2205 3106 2255 est
3120 2205 3517 2271 contraquem
3532 2197 3741 2253 bellum
3754 2196 3947 2265 geritur;

2345 2293 2572 2360 quanto
2623 2289 2813 2357 magis
2846 2292 3039 2345 amico
3096 2305 3203 2360 pro
3244 2304 3366 2361 quo
3394 2288 3731 2360 pugnaturi
3782 2287 3947 2340 Pacem

2346 2376 2567 2432 habere
2590 2377 2765 2432 debet
2782 2379 3079 2443 voluntas,
3111 2377 3336 2434 bellum
3362 2376 3709 2440 necessitas,
3726 2374 3951 2429 utliberet

2345 2465 2497 2519 Deus
2519 2482 2553 2520 a
2577 2467 2946 2530 necessitate,
2977 2474 3033 2520 et
3058 2470 3367 2522 conservet
3396 2467 3461 2520 in
3494 2480 3656 2537 pace.
3694 2466 3805 2519 Non
3826 2460 3947 2516 enim

2345 2570 2463 2625 pax
2477 2556 2761 2626 queritur
2778 2554 3517 2623 utbellumexcitetur,sed
3540 2552 3751 2608 bellum
3779 2550 3951 2619 geritur
4056 2612 4057 2615 η

2349 2648 2411 2698 ιιι
2442 2659 2559 2713 pax
2585 2644 2948 2714 acquiratur.
2984 2647 3115 2699 Esto
3137 2659 3277 2714 ergo
3291 2644 3475 2699 etiam
3503 2640 3769 2697 bellando
3791 2638 3949 2712 paciﬁ-

2347 2748 2473 2796 cus,
2502 2736 2565 2786 ut
2585 2749 2687 2787 eos
2706 2749 2859 2804 quos
2881 2749 3217 2805 expugnas,
3243 2732 3320 2788 ad
3350 2734 3524 2804 pacis
3548 2731 3836 2787 utilitatem
3856 2728 3950 2780 vin-

2349 2821 2541 2877 cendo
2574 2821 2897 2892 perducas:
2930 2823 3097 2878 Beati
3120 2821 3283 2876 enim
3305 2822 3568 2891 paciﬁci,
3600 2821 3675 2875 ait
3699 2817 3945 2877 Dominus,

2351 2912 2630 2982 quoniam
2668 2912 2916 2980 ipsi/itii
2945 2911 3051 2968 Dei
3073 2912 3448 2968 vocabuntur
3481 2910 3719 2979 (Matth.
3748 2923 3796 2972 v,
3823 2906 3883 2975 9).
3910 2903 3949 2958 Si

2352 3003 2550 3057 autem
2582 3015 2698 3071 pax
2728 2999 2998 3057 humana
3029 3006 3153 3056 tam
3184 3000 3377 3056 dulcis
3407 3006 3500 3056 est
3557 3015 3660 3071 pro
3692 2992 3948 3066 temporali

2355 3089 2544 3144 salute
2568 3090 2930 3154 mortalium,
2945 3096 3174 3162 quanto
3193 3094 3279 3146 est
3294 3090 3532 3145 dulcior
3553 3105 3665 3161 pax
3680 3085 3859 3140 divina
3870 3097 3947 3153 pro

2354 3184 2577 3235 aeterna
2595 3180 2782 3233 salute
2804 3180 3166 3249 Angelorum
3194 3180 3206 3232 !
3230 3180 3435 3251 Itaque
3460 3180 3703 3247 ,hostem
3729 3187 3948 3247 pugnan-

2355 3274 2473 3324 tem
2502 3269 2822 3324 necessitas
2852 3268 3126 3339 perimat,
3158 3283 3279 3325 non
3309 3268 3607 3324 voluntas.
3636 3267 3781 3320 Sicut
3802 3258 3947 3317 rebel-

2355 3357 2502 3413 lanti
2532 3362 2588 3413 et
2616 3358 2911 3413 resistenti
2943 3358 3221 3414 violentia
3258 3358 3547 3423 redditur,
3602 3356 3675 3411 ita
3726 3353 3856 3407 victo
3880 3347 3945 3403 vel

2356 3453 2530 3517 capto
2585 3446 2991 3502 misericordia
3013 3446 3138 3517 jam
3187 3447 3459 3517 debetur,
3507 3444 3756 3502 maxime
3784 3441 3943 3509 inquo

2358 3535 2527 3606 pacis
2553 3535 2921 3605 perturbatio
2954 3550 3075 3590 non
3102 3534 3360 3591 timetur.

2428 3630 2479 3678 7.
2513 3624 2689 3678 Ornet
2721 3639 2917 3679 mores
2950 3628 3083 3679 tuos
3114 3623 3402 3696 pudicitia
3448 3620 3791 3695 conjugalis,
3818 3618 3943 3672 ornet

2360 3712 2652 3767 sobrietas
2682 3718 2737 3767 et
2769 3711 3075 3782 frugalitas
3122 3731 3135 3768 :
3190 3711 3365 3768 valde
3395 3713 3560 3768 enim
3590 3717 3749 3781 turpe
3788 3710 3877 3767 est,
3903 3706 3945 3755 ul

2358 3817 2539 3873 quem
2572 3816 2692 3855 non
2724 3801 2906 3856 vincit
2929 3803 3132 3868 homo,
3160 3802 3359 3857 vincat
3387 3800 3574 3857 libido
3599 3819 3611 3868 ;
3640 3802 3693 3854 et
3716 3796 3944 3853 obruatur

2360 3891 2519 3955 vino,
2553 3891 2653 3961 qui
2704 3906 2826 3945 non
2860 3891 3110 3946 vincitur
3137 3890 3312 3946 ferro.
3358 3890 3583 3945 Divitias
3615 3884 3892 3943 saeculares
3910 3877 3944 3930 si

2358 3978 2591 4044 desunt,
2626 3995 2746 4035 non
2776 3996 2878 4052 per
2911 3980 3068 4036 mala
3093 3996 3276 4052 opera
3297 3984 3644 4052 quaerantur
3663 3977 3717 4032 in
3735 3969 3943 4029 mundo;

2360 4068 2407 4122 si
2431 4073 2630 4124 autem
2653 4069 2890 4135 adsunt,
2919 4085 3025 4141 per
3047 4069 3405 4141 bonaopera
3431 4064 3793 4125 serventuriu
3813 4056 3942 4114 coelo.

2357 4158 2639 4213 Animum
2693 4159 2917 4213 virilem
2964 4164 3019 4214 et
3071 4159 3457 4215 christianum
3513 4173 3621 4213 nec
3674 4152 3880 4212 debent.
3911 4143 3943 4195 εί

2359 4247 2669 4315 accedunt,
2704 4247 2999 4313 extollere,
3030 4263 3139 4303 nec
3182 4247 3401 4304 debent
3429 4247 3716 4316 frangere,
3763 4240 3804 4293 si
3828 4248 3945 4292 rece-

2359 4336 2529 4391 dunt.
2564 4336 2712 4390 Illud
2746 4337 2942 4407 potius
2998 4338 3328 4407 cogitemus
3376 4336 3542 4408 quod
3590 4331 3846 4389 Dominus
3870 4321 3944 4383 ait.

2363 4425 2469 4481 Ubi
2506 4431 2588 4481 est
2612 4424 2927 4482 thesaurus
2958 4432 3114 4489 tuus,
3147 4424 3232 4480 ibi
3261 4425 3368 4481 erit
3388 4431 3438 4479 et
3461 4440 3563 4480 cor
3585 4428 3737 4478 tuum
3767 4410 3941 4485 (Matth.

2357 4530 2438 4579 vn,
2460 4514 2549 4584 21)
2581 4531 2594 4581 ;
2625 4518 2681 4568 et
2707 4513 2912 4585 utique
2943 4530 3080 4568 cum
3107 4513 3384 4568 audimus
3416 4516 3478 4568 ut
3507 4529 3604 4568 cor
3633 4519 3845 4564 sursum
3868 4500 3942 4554 ha-

2358 4601 2632 4667 beamus,
2684 4618 2804 4657 non
2856 4602 3221 4657 mendaciter
3277 4601 3635 4674 respondere
3685 4594 3940 4651 debemus,

2359 4692 2521 4764 quod
2550 4691 2702 4747 nosti
2732 4691 2874 4763 quia
2905 4691 3366 4762 respondemus.

2431 4784 2485 4836 8.
2512 4783 2573 4835 Et
2591 4781 2649 4835 in
2670 4782 2761 4836 his
2776 4780 3020 4853 quidem
3034 4780 3185 4836 bene
3201 4781 3533 4836 studiosum
3561 4784 3610 4834 te
3624 4789 3740 4831 esse
3763 4778 3939 4859 cogun-

2361 4870 2434 4935 vi,
2463 4876 2517 4925 et
2539 4869 2701 4925 fama
2724 4876 2825 4925 tua
2850 4870 3105 4925 multum
3127 4870 3407 4933 delector,
3436 4869 3787 4935 multumque
3803 4855 3941 4948 tibiill

2360 4958 2612 5014 Domino
2643 4958 2928 5028 gratulor,
2963 4959 3041 5014 ita
3068 4963 3131 5014 ut
3156 4959 3277 5014 haec
3310 4958 3562 5029 epistola
3590 4952 3765 5022 magis
3784 4944 3863 5002 tibi
3890 4942 3943 4992 sit

2364 5047 2672 5119 speculum
2711 5048 2805 5101 ubi
2834 5048 3030 5118 qualis
3057 5048 3136 5101 sis
3192 5047 3421 5112 videas,
3454 5061 3632 5119 quam
3665 5041 3753 5096 ubi
3787 5034 3938 5125 discas

2361 5136 2555 5208 qualis
2587 5152 2717 5191 esse
2748 5136 2997 5192 debeas:
3031 5145 3443 5192 verumtamen
3471 5128 3747 5207 quidquid
3776 5125 3937 5211 sivetu

2362 5226 2474 5279 ista
2501 5229 2619 5279 sive
2673 5226 2730 5280 in
2762 5226 3074 5297 Scripturis
3105 5227 3327 5281 sanctis
3366 5223 3669 5287 inveneris,
3695 5211 3831 5289 quod
3860 5206 3935 5263 tibi

2362 5315 2438 5370 ad
2464 5316 2685 5370 bonam
2721 5317 2897 5369 vitam
2922 5315 3331 5370 adhucminus
3353 5320 3457 5385 est,
3475 5316 3625 5369 insta
3640 5315 3693 5365 ut
3717 5299 3934 5373 aequitas

2363 5412 2419 5459 et
2442 5405 2679 5473 agendo
2706 5410 2758 5459 et
2785 5405 3016 5460 orando
3051 5422 3064 5472 ;
3098 5410 3154 5459 et
3184 5420 3255 5459 ex
3304 5405 3373 5459 iis
3402 5421 3537 5477 quas
3566 5400 3732 5458 habes
3761 5386 3930 5462 gratiaS

2363 5510 2471 5564 age
2484 5494 2601 5549 Deo
2626 5500 2916 5565 tanquam
2939 5493 3078 5549 fonti
3105 5493 3387 5548 bonitatis
3409 5493 3563 5548 unde
3579 5481 3929 5547 liabes;t:tl(1ue

2361 5583 2421 5641 in
2448 5583 2731 5641 omnibus
2780 5583 2952 5644 bonis
2999 5583 3230 5643 actibus
3262 5582 3375 5641 tuis
3427 5583 3508 5640 illi
3536 5581 3611 5638 de
3653 5571 3923 5637 claritatem:

4055 110 4057 233 l
