  <div class='ocr_page' id='page_1' title='image "/cluster/home/n/w/nwhite01/storage/ocr_20150623/33/hvd.32044096580568/426.png"; bbox 0 0 4118 6164; ppageno 0'>
   <div class='ocr_carea' id='block_1_1' title="bbox 237 161 349 220">
    <p class='ocr_par' dir='ltr' id='par_1_1' title="bbox 237 161 349 220">
     <span class='ocr_line' id='line_1_1' title="bbox 237 161 349 220; baseline -0.036 0"><span class='ocrx_word' id='word_1_1' title='bbox 237 161 349 220; x_wconf 81' lang='lat'>857</span> 
     </span>
    </p>
   </div>
   <div class='ocr_carea' id='block_1_2' title="bbox 235 286 1896 363">
    <p class='ocr_par' dir='ltr' id='par_1_2' title="bbox 235 286 1896 363">
     <span class='ocr_line' id='line_1_2' title="bbox 235 286 1896 363; baseline 0.005 -21"><span class='ocrx_word' id='word_1_2' title='bbox 235 287 345 344; x_wconf 89' lang='lat' dir='ltr'>tibi</span> <span class='ocrx_word' id='word_1_3' title='bbox 374 286 792 343; x_wconf 81' lang='lat' dir='ltr'>humilitatem.</span> <span class='ocrx_word' id='word_1_4' title='bbox 845 288 1004 345; x_wconf 90' lang='lat' dir='ltr'>Sicut</span> <span class='ocrx_word' id='word_1_5' title='bbox 1029 289 1189 346; x_wconf 90' lang='lat' dir='ltr'>enim</span> <span class='ocrx_word' id='word_1_6' title='bbox 1241 290 1530 363; x_wconf 89' lang='lat' dir='ltr'>scriptum</span> <span class='ocrx_word' id='word_1_7' title='bbox 1561 295 1668 357; x_wconf 89' lang='lat' dir='ltr'>est,</span> <span class='ocrx_word' id='word_1_8' title='bbox 1713 293 1896 351; x_wconf 85' lang='lat' dir='ltr'>Omne</span> 
     </span>
    </p>
   </div>
   <div class='ocr_carea' id='block_1_3' title="bbox 235 377 1896 450">
    <p class='ocr_par' dir='ltr' id='par_1_3' title="bbox 235 377 1896 450">
     <span class='ocr_line' id='line_1_3' title="bbox 235 377 1896 450; baseline 0.004 -18"><span class='ocrx_word' id='word_1_9' title='bbox 235 378 446 432; x_wconf 85' lang='lat' dir='ltr'>datum</span> <span class='ocrx_word' id='word_1_10' title='bbox 479 377 766 446; x_wconf 84' lang='lat' dir='ltr'>optimum</span> <span class='ocrx_word' id='word_1_11' title='bbox 802 385 853 433; x_wconf 89' lang='lat' dir='ltr'>et</span> <span class='ocrx_word' id='word_1_12' title='bbox 882 394 1054 434; x_wconf 89' lang='lat' dir='ltr'>omne</span> <span class='ocrx_word' id='word_1_13' title='bbox 1081 379 1302 436; x_wconf 84' lang='lat' dir='ltr'><strong><em>donum</em></strong></span> <span class='ocrx_word' id='word_1_14' title='bbox 1331 382 1662 450; x_wconf 79' lang='lat' dir='ltr'>perfectum</span> <span class='ocrx_word' id='word_1_15' title='bbox 1693 383 1896 439; x_wconf 86' lang='lat' dir='ltr'>desur-</span> 
     </span>
    </p>
   </div>
   <div class='ocr_carea' id='block_1_4' title="bbox 234 465 1890 544">
    <p class='ocr_par' dir='ltr' id='par_1_4' title="bbox 234 465 1890 544">
     <span class='ocr_line' id='line_1_4' title="bbox 234 465 1890 544; baseline 0.002 -23"><span class='ocrx_word' id='word_1_16' title='bbox 234 482 368 522; x_wconf 85' lang='lat' dir='ltr'>sum</span> <span class='ocrx_word' id='word_1_17' title='bbox 394 473 496 531; x_wconf 90' lang='lat' dir='ltr'>est,</span> <span class='ocrx_word' id='word_1_18' title='bbox 525 465 880 521; x_wconf 82' lang='lat' dir='ltr'>descendens</span> <span class='ocrx_word' id='word_1_19' title='bbox 907 482 942 522; x_wconf 89' lang='lat' dir='ltr'>a</span> <span class='ocrx_word' id='word_1_20' title='bbox 966 467 1144 524; x_wconf 85' lang='lat' dir='ltr'>Patre</span> <span class='ocrx_word' id='word_1_21' title='bbox 1157 469 1450 525; x_wconf 86' lang='lat' dir='ltr'>luminum</span> <span class='ocrx_word' id='word_1_22' title='bbox 1474 471 1700 541; x_wconf 80' lang='lat' dir='ltr'>(Jacobi</span> <span class='ocrx_word' id='word_1_23' title='bbox 1721 487 1758 537; x_wconf 84' lang='lat'>1,</span> <span class='ocrx_word' id='word_1_24' title='bbox 1787 476 1890 544; x_wconf 86' lang='lat' dir='ltr'>t7).</span> 
     </span>
    </p>
   </div>
   <div class='ocr_carea' id='block_1_5' title="bbox 237 556 1894 630">
    <p class='ocr_par' dir='ltr' id='par_1_5' title="bbox 237 556 1894 630">
     <span class='ocr_line' id='line_1_5' title="bbox 237 556 1894 630; baseline 0.004 -20"><span class='ocrx_word' id='word_1_25' title='bbox 237 557 810 626; x_wconf 80' lang='lat' dir='ltr'>Quantumcumque</span> <span class='ocrx_word' id='word_1_26' title='bbox 834 560 1030 612; x_wconf 87' lang='lat' dir='ltr'>autem</span> <span class='ocrx_word' id='word_1_27' title='bbox 1048 556 1106 610; x_wconf 91' lang='lat' dir='ltr'>in</span> <span class='ocrx_word' id='word_1_28' title='bbox 1130 557 1229 612; x_wconf 86' lang='lat' dir='ltr'>Dei</span> <span class='ocrx_word' id='word_1_29' title='bbox 1249 562 1307 612; x_wconf 90' lang='lat' dir='ltr'>et</span> <span class='ocrx_word' id='word_1_30' title='bbox 1327 559 1584 630; x_wconf 81' lang='lat' dir='ltr'>proximi</span> <span class='ocrx_word' id='word_1_31' title='bbox 1610 559 1894 616; x_wconf 83' lang='lat' dir='ltr'>charitate</span> 
     </span>
    </p>
   </div>
   <div class='ocr_carea' id='block_1_6' title="bbox 233 643 1892 719">
    <p class='ocr_par' dir='ltr' id='par_1_6' title="bbox 233 643 1892 719">
     <span class='ocr_line' id='line_1_6' title="bbox 233 643 1892 719; baseline 0.003 -19"><span class='ocrx_word' id='word_1_32' title='bbox 233 648 420 716; x_wconf 86' lang='lat' dir='ltr'>atque</span> <span class='ocrx_word' id='word_1_33' title='bbox 451 643 512 698; x_wconf 92' lang='lat' dir='ltr'>in</span> <span class='ocrx_word' id='word_1_34' title='bbox 543 659 679 699; x_wconf 90' lang='lat' dir='ltr'>vera</span> <span class='ocrx_word' id='word_1_35' title='bbox 711 643 924 715; x_wconf 78' lang='lat' dir='ltr'>pietate</span> <span class='ocrx_word' id='word_1_36' title='bbox 979 644 1324 716; x_wconf 82' lang='lat' dir='ltr'>profeceris,</span> <span class='ocrx_word' id='word_1_37' title='bbox 1369 647 1663 719; x_wconf 84' lang='lat' dir='ltr'>quamdiu</span> <span class='ocrx_word' id='word_1_38' title='bbox 1694 648 1751 704; x_wconf 89' lang='lat' dir='ltr'>in</span> <span class='ocrx_word' id='word_1_39' title='bbox 1779 649 1892 704; x_wconf 89' lang='lat' dir='ltr'>hac</span> 
     </span>
    </p>
   </div>
   <div class='ocr_carea' id='block_1_7' title="bbox 231 731 1889 804">
    <p class='ocr_par' dir='ltr' id='par_1_7' title="bbox 231 731 1889 804">
     <span class='ocr_line' id='line_1_7' title="bbox 231 731 1889 804; baseline 0.003 -17"><span class='ocrx_word' id='word_1_40' title='bbox 231 732 352 788; x_wconf 90' lang='lat' dir='ltr'>vita</span> <span class='ocrx_word' id='word_1_41' title='bbox 377 731 772 796; x_wconf 79' lang='lat' dir='ltr'>conversaris,</span> <span class='ocrx_word' id='word_1_42' title='bbox 801 732 926 788; x_wconf 88' lang='lat' dir='ltr'>sine</span> <span class='ocrx_word' id='word_1_43' title='bbox 956 738 1202 804; x_wconf 91' lang='lat' dir='ltr'>peccato</span> <span class='ocrx_word' id='word_1_44' title='bbox 1241 738 1294 790; x_wconf 89' lang='lat' dir='ltr'><strong><em>te</em></strong></span> <span class='ocrx_word' id='word_1_45' title='bbox 1327 751 1458 791; x_wconf 90' lang='lat' dir='ltr'>esse</span> <span class='ocrx_word' id='word_1_46' title='bbox 1490 751 1610 792; x_wconf 91' lang='lat' dir='ltr'>non</span> <span class='ocrx_word' id='word_1_47' title='bbox 1642 737 1850 793; x_wconf 91' lang='lat' dir='ltr'>credas</span> <span class='ocrx_word' id='word_1_48' title='bbox 1876 754 1889 792; x_wconf 92' lang='lat'>:</span> 
     </span>
    </p>
   </div>
   <div class='ocr_carea' id='block_1_8' title="bbox 230 819 1894 897">
    <p class='ocr_par' dir='ltr' id='par_1_8' title="bbox 230 819 1894 897">
     <span class='ocr_line' id='line_1_8' title="bbox 230 819 1894 897; baseline 0.004 -22"><span class='ocrx_word' id='word_1_49' title='bbox 230 820 310 876; x_wconf 88' lang='lat' dir='ltr'>de</span> <span class='ocrx_word' id='word_1_50' title='bbox 340 821 472 893; x_wconf 90' lang='lat' dir='ltr'>ipsa</span> <span class='ocrx_word' id='word_1_51' title='bbox 485 819 710 892; x_wconf 85' lang='lat' dir='ltr'>quippe</span> <span class='ocrx_word' id='word_1_52' title='bbox 739 820 950 893; x_wconf 80' lang='lat' dir='ltr'>legitur</span> <span class='ocrx_word' id='word_1_53' title='bbox 975 823 1032 877; x_wconf 91' lang='lat' dir='ltr'>in</span> <span class='ocrx_word' id='word_1_54' title='bbox 1060 822 1285 879; x_wconf 78' lang='lat' dir='ltr'>Litteris</span> <span class='ocrx_word' id='word_1_55' title='bbox 1313 825 1562 888; x_wconf 82' lang='lat' dir='ltr'>sanctis,</span> <span class='ocrx_word' id='word_1_56' title='bbox 1584 826 1894 897; x_wconf 82' lang='lat' dir='ltr'>Numquid</span> 
     </span>
    </p>
   </div>
   <div class='ocr_carea' id='block_1_9' title="bbox 227 910 1891 986">
    <p class='ocr_par' dir='ltr' id='par_1_9' title="bbox 227 910 1891 986">
     <span class='ocr_line' id='line_1_9' title="bbox 227 910 1891 986; baseline 0.004 -21"><span class='ocrx_word' id='word_1_57' title='bbox 227 925 354 965; x_wconf 86' lang='lat' dir='ltr'>non</span> <span class='ocrx_word' id='word_1_58' title='bbox 412 910 653 966; x_wconf 86' lang='lat' dir='ltr'>tentatio</span> <span class='ocrx_word' id='word_1_59' title='bbox 685 917 765 966; x_wconf 89' lang='lat' dir='ltr'>est</span> <span class='ocrx_word' id='word_1_60' title='bbox 805 911 927 966; x_wconf 88' lang='lat' dir='ltr'>vita</span> <span class='ocrx_word' id='word_1_61' title='bbox 965 911 1231 968; x_wconf 86' lang='lat' dir='ltr'>humana</span> <span class='ocrx_word' id='word_1_62' title='bbox 1262 928 1443 982; x_wconf 84' lang='lat' dir='ltr'><strong><em>super</em></strong></span> <span class='ocrx_word' id='word_1_63' title='bbox 1469 921 1692 971; x_wconf 87' lang='lat' dir='ltr'>terram</span> <span class='ocrx_word' id='word_1_64' title='bbox 1740 915 1891 986; x_wconf 89' lang='lat' dir='ltr'>(Job.</span> 
     </span>
    </p>
   </div>
   <div class='ocr_carea' id='block_1_10' title="bbox 229 996 1894 1074">
    <p class='ocr_par' dir='ltr' id='par_1_10' title="bbox 229 996 1894 1074">
     <span class='ocr_line' id='line_1_10' title="bbox 229 996 1894 1074; baseline 0.005 -22"><span class='ocrx_word' id='word_1_65' title='bbox 229 1001 335 1064; x_wconf 82' lang='lat' dir='ltr'>vii,</span> <span class='ocrx_word' id='word_1_66' title='bbox 369 996 474 1070; x_wconf 81' lang='lat'>1)?</span> <span class='ocrx_word' id='word_1_67' title='bbox 508 998 758 1054; x_wconf 77' lang='lat' dir='ltr'>Proinde</span> <span class='ocrx_word' id='word_1_68' title='bbox 789 1000 1079 1071; x_wconf 88' lang='lat' dir='ltr'>quoniam</span> <span class='ocrx_word' id='word_1_69' title='bbox 1112 1017 1375 1072; x_wconf 86' lang='lat' dir='ltr'><strong><em>semper,</em></strong></span> <span class='ocrx_word' id='word_1_70' title='bbox 1407 1002 1704 1074; x_wconf 84' lang='lat' dir='ltr'>quamdiu</span> <span class='ocrx_word' id='word_1_71' title='bbox 1744 1020 1806 1059; x_wconf 92' lang='lat' dir='ltr'>es</span> <span class='ocrx_word' id='word_1_72' title='bbox 1832 1004 1894 1060; x_wconf 90' lang='lat' dir='ltr'>in</span> 
     </span>
    </p>
   </div>
   <div class='ocr_carea' id='block_1_11' title="bbox 227 1087 1892 1158">
    <p class='ocr_par' dir='ltr' id='par_1_11' title="bbox 227 1087 1892 1158">
     <span class='ocr_line' id='line_1_11' title="bbox 227 1087 1892 1158; baseline 0.004 -15"><span class='ocrx_word' id='word_1_73' title='bbox 227 1087 349 1143; x_wconf 90' lang='lat' dir='ltr'>hoc</span> <span class='ocrx_word' id='word_1_74' title='bbox 373 1102 644 1158; x_wconf 90' lang='lat' dir='ltr'>corpore,</span> <span class='ocrx_word' id='word_1_75' title='bbox 674 1089 1082 1144; x_wconf 88' lang='lat' dir='ltr'>necessarium</span> <span class='ocrx_word' id='word_1_76' title='bbox 1104 1095 1192 1145; x_wconf 91' lang='lat' dir='ltr'>est</span> <span class='ocrx_word' id='word_1_77' title='bbox 1214 1090 1386 1146; x_wconf 91' lang='lat' dir='ltr'>tibiin</span> <span class='ocrx_word' id='word_1_78' title='bbox 1412 1092 1682 1148; x_wconf 90' lang='lat' dir='ltr'>oratione</span> <span class='ocrx_word' id='word_1_79' title='bbox 1694 1092 1892 1149; x_wconf 90' lang='lat' dir='ltr'>dicere</span> 
     </span>
    </p>
   </div>
   <div class='ocr_carea' id='block_1_12' title="bbox 228 1175 1890 1247">
    <p class='ocr_par' dir='ltr' id='par_1_12' title="bbox 228 1175 1890 1247">
     <span class='ocr_line' id='line_1_12' title="bbox 228 1175 1890 1247; baseline 0.004 -16"><span class='ocrx_word' id='word_1_80' title='bbox 228 1176 395 1247; x_wconf 89' lang='lat' dir='ltr'>quod</span> <span class='ocrx_word' id='word_1_81' title='bbox 429 1175 718 1231; x_wconf 87' lang='lat' dir='ltr'>Dominus</span> <span class='ocrx_word' id='word_1_82' title='bbox 739 1177 960 1243; x_wconf 90' lang='lat' dir='ltr'>docuit,</span> <span class='ocrx_word' id='word_1_83' title='bbox 995 1177 1231 1235; x_wconf 78' lang='lat' dir='ltr'><strong><em>Dimitte</em></strong></span> <span class='ocrx_word' id='word_1_84' title='bbox 1256 1179 1420 1236; x_wconf 86' lang='lat' dir='ltr'>nobis</span> <span class='ocrx_word' id='word_1_85' title='bbox 1442 1181 1637 1237; x_wconf 90' lang='lat' dir='ltr'>debita</span> <span class='ocrx_word' id='word_1_86' title='bbox 1661 1189 1890 1246; x_wconf 87' lang='lat' dir='ltr'>nostra,</span> 
     </span>
    </p>
   </div>
   <div class='ocr_carea' id='block_1_13' title="bbox 227 1265 1879 1341">
    <p class='ocr_par' dir='ltr' id='par_1_13' title="bbox 227 1265 1879 1341">
     <span class='ocr_line' id='line_1_13' title="bbox 227 1265 1879 1341; baseline 0.004 -20"><span class='ocrx_word' id='word_1_87' title='bbox 227 1265 384 1321; x_wconf 81' lang='lat' dir='ltr'>sicut</span> <span class='ocrx_word' id='word_1_88' title='bbox 415 1272 468 1321; x_wconf 91' lang='lat' dir='ltr'>et</span> <span class='ocrx_word' id='word_1_89' title='bbox 497 1280 603 1320; x_wconf 89' lang='lat' dir='ltr'>nos</span> <span class='ocrx_word' id='word_1_90' title='bbox 634 1265 980 1322; x_wconf 80' lang='lat' dir='ltr'>dimittimus</span> <span class='ocrx_word' id='word_1_91' title='bbox 1003 1267 1364 1325; x_wconf 82' lang='lat' dir='ltr'>debitoribus</span> <span class='ocrx_word' id='word_1_92' title='bbox 1389 1271 1605 1326; x_wconf 82' lang='lat' dir='ltr'>nostris</span> <span class='ocrx_word' id='word_1_93' title='bbox 1638 1270 1879 1341; x_wconf 75' lang='lat' dir='ltr'>(Matth.</span> 
     </span>
    </p>
   </div>
   <div class='ocr_carea' id='block_1_14' title="bbox 228 1355 1891 1430">
    <p class='ocr_par' dir='ltr' id='par_1_14' title="bbox 228 1355 1891 1430">
     <span class='ocr_line' id='line_1_14' title="bbox 228 1355 1891 1430; baseline 0.004 -22"><span class='ocrx_word' id='word_1_94' title='bbox 228 1369 313 1420; x_wconf 86' lang='lat' dir='ltr'>v1,</span> <span class='ocrx_word' id='word_1_95' title='bbox 346 1355 462 1422; x_wconf 80' lang='lat' dir='ltr'>t2);</span> <span class='ocrx_word' id='word_1_96' title='bbox 499 1360 800 1410; x_wconf 90' lang='lat' dir='ltr'>memento</span> <span class='ocrx_word' id='word_1_97' title='bbox 832 1355 945 1410; x_wconf 92' lang='lat' dir='ltr'>cito</span> <span class='ocrx_word' id='word_1_98' title='bbox 977 1357 1308 1428; x_wconf 84' lang='lat' dir='ltr'>ignoscere,</span> <span class='ocrx_word' id='word_1_99' title='bbox 1344 1357 1393 1411; x_wconf 91' lang='lat' dir='ltr'>si</span> <span class='ocrx_word' id='word_1_100' title='bbox 1421 1358 1556 1430; x_wconf 91' lang='lat' dir='ltr'>quis</span> <span class='ocrx_word' id='word_1_101' title='bbox 1587 1359 1648 1413; x_wconf 92' lang='lat' dir='ltr'>in</span> <span class='ocrx_word' id='word_1_102' title='bbox 1673 1364 1727 1414; x_wconf 91' lang='lat' dir='ltr'>te</span> <span class='ocrx_word' id='word_1_103' title='bbox 1756 1375 1891 1430; x_wconf 88' lang='lat' dir='ltr'>pec-</span> 
     </span>
    </p>
   </div>
   <div class='ocr_carea' id='block_1_15' title="bbox 229 1443 1892 1516">
    <p class='ocr_par' dir='ltr' id='par_1_15' title="bbox 229 1443 1892 1516">
     <span class='ocr_line' id='line_1_15' title="bbox 229 1443 1892 1516; baseline 0.002 -18"><span class='ocrx_word' id='word_1_104' title='bbox 229 1443 470 1508; x_wconf 86' lang='lat' dir='ltr'>caverit,</span> <span class='ocrx_word' id='word_1_105' title='bbox 505 1446 563 1498; x_wconf 89' lang='lat' dir='ltr'>et</span> <span class='ocrx_word' id='word_1_106' title='bbox 594 1459 630 1498; x_wconf 88' lang='lat' dir='ltr'>a</span> <span class='ocrx_word' id='word_1_107' title='bbox 661 1446 714 1498; x_wconf 92' lang='lat' dir='ltr'><strong><em>te</em></strong></span> <span class='ocrx_word' id='word_1_108' title='bbox 753 1444 993 1499; x_wconf 85' lang='lat' dir='ltr'>veniam</span> <span class='ocrx_word' id='word_1_109' title='bbox 1048 1445 1449 1516; x_wconf 81' lang='lat' dir='ltr'>postulaverit,</span> <span class='ocrx_word' id='word_1_110' title='bbox 1509 1453 1571 1503; x_wconf 90' lang='lat' dir='ltr'>ut</span> <span class='ocrx_word' id='word_1_111' title='bbox 1606 1448 1892 1504; x_wconf 88' lang='lat' dir='ltr'>veraciter</span> 
     </span>
    </p>
   </div>
   <div class='ocr_carea' id='block_1_16' title="bbox 224 1532 1891 1608">
    <p class='ocr_par' dir='ltr' id='par_1_16' title="bbox 224 1532 1891 1608">
     <span class='ocr_line' id='line_1_16' title="bbox 224 1532 1891 1608; baseline 0.003 -21"><span class='ocrx_word' id='word_1_112' title='bbox 224 1532 427 1604; x_wconf 89' lang='lat' dir='ltr'>possis</span> <span class='ocrx_word' id='word_1_113' title='bbox 458 1547 649 1592; x_wconf 83' lang='lat' dir='ltr'>orare,</span> <span class='ocrx_word' id='word_1_114' title='bbox 683 1537 740 1587; x_wconf 92' lang='lat' dir='ltr'>et</span> <span class='ocrx_word' id='word_1_115' title='bbox 771 1533 1036 1603; x_wconf 84' lang='lat' dir='ltr'>peccatis</span> <span class='ocrx_word' id='word_1_116' title='bbox 1070 1535 1186 1589; x_wconf 86' lang='lat' dir='ltr'><strong><em>tuis</em></strong></span> <span class='ocrx_word' id='word_1_117' title='bbox 1209 1536 1450 1591; x_wconf 87' lang='lat' dir='ltr'>veniam</span> <span class='ocrx_word' id='word_1_118' title='bbox 1473 1536 1676 1592; x_wconf 87' lang='lat' dir='ltr'>valeas</span> <span class='ocrx_word' id='word_1_119' title='bbox 1705 1537 1891 1608; x_wconf 89' lang='lat' dir='ltr'>impe-</span> 
     </span>
    </p>
   </div>
   <div class='ocr_carea' id='block_1_17' title="bbox 226 1618 1890 1692">
    <p class='ocr_par' dir='ltr' id='par_1_17' title="bbox 226 1618 1890 1692">
     <span class='ocr_line' id='line_1_17' title="bbox 226 1618 1890 1692; baseline 0.002 -18"><span class='ocrx_word' id='word_1_120' title='bbox 226 1623 411 1675; x_wconf 89' lang='lat' dir='ltr'>trare.</span> <span class='ocrx_word' id='word_1_121' title='bbox 445 1620 578 1674; x_wconf 62' lang='lat' dir='ltr'>Haec</span> <span class='ocrx_word' id='word_1_122' title='bbox 609 1618 914 1675; x_wconf 89' lang='lat' dir='ltr'>Dilectioni</span> <span class='ocrx_word' id='word_1_123' title='bbox 940 1620 1188 1692; x_wconf 91' lang='lat' dir='ltr'>quidem</span> <span class='ocrx_word' id='word_1_124' title='bbox 1223 1627 1336 1676; x_wconf 73' lang='lat' dir='ltr'>tum</span> <span class='ocrx_word' id='word_1_125' title='bbox 1364 1621 1715 1679; x_wconf 86' lang='lat' dir='ltr'>festinanter</span> <span class='ocrx_word' id='word_1_126' title='bbox 1747 1624 1890 1678; x_wconf 90' lang='lat' dir='ltr'>scri-</span> 
     </span>
    </p>
   </div>
   <div class='ocr_carea' id='block_1_18' title="bbox 226 1704 1888 1780">
    <p class='ocr_par' dir='ltr' id='par_1_18' title="bbox 226 1704 1888 1780">
     <span class='ocr_line' id='line_1_18' title="bbox 226 1704 1888 1780; baseline 0.004 -20"><span class='ocrx_word' id='word_1_127' title='bbox 226 1704 346 1778; x_wconf 89' lang='lat' dir='ltr'>psi,</span> <span class='ocrx_word' id='word_1_128' title='bbox 379 1706 669 1778; x_wconf 90' lang='lat' dir='ltr'>quoniam</span> <span class='ocrx_word' id='word_1_129' title='bbox 694 1722 788 1762; x_wconf 92' lang='lat' dir='ltr'>me</span> <span class='ocrx_word' id='word_1_130' title='bbox 817 1706 1111 1763; x_wconf 86' lang='lat' dir='ltr'>festinatio</span> <span class='ocrx_word' id='word_1_131' title='bbox 1136 1709 1445 1780; x_wconf 88' lang='lat' dir='ltr'>perlatoris</span> <span class='ocrx_word' id='word_1_132' title='bbox 1477 1709 1747 1780; x_wconf 85' lang='lat' dir='ltr'>urgebat.</span> <span class='ocrx_word' id='word_1_133' title='bbox 1771 1710 1888 1766; x_wconf 89' lang='lat' dir='ltr'>Sed</span> 
     </span>
    </p>
   </div>
   <div class='ocr_carea' id='block_1_19' title="bbox 227 1795 1886 1872">
    <p class='ocr_par' dir='ltr' id='par_1_19' title="bbox 227 1795 1886 1872">
     <span class='ocr_line' id='line_1_19' title="bbox 227 1795 1886 1872; baseline 0.003 -23"><span class='ocrx_word' id='word_1_134' title='bbox 227 1795 354 1851; x_wconf 91' lang='lat' dir='ltr'>Deo</span> <span class='ocrx_word' id='word_1_135' title='bbox 372 1795 592 1864; x_wconf 80' lang='lat' dir='ltr'>gratias</span> <span class='ocrx_word' id='word_1_136' title='bbox 610 1809 745 1865; x_wconf 90' lang='lat' dir='ltr'>ago,</span> <span class='ocrx_word' id='word_1_137' title='bbox 765 1797 1055 1867; x_wconf 87' lang='lat' dir='ltr'>quoniam</span> <span class='ocrx_word' id='word_1_138' title='bbox 1080 1796 1242 1853; x_wconf 90' lang='lat' dir='ltr'>bono</span> <span class='ocrx_word' id='word_1_139' title='bbox 1261 1797 1559 1854; x_wconf 92' lang='lat' dir='ltr'>desiderio</span> <span class='ocrx_word' id='word_1_140' title='bbox 1579 1805 1680 1856; x_wconf 91' lang='lat' dir='ltr'>tuo</span> <span class='ocrx_word' id='word_1_141' title='bbox 1694 1799 1886 1872; x_wconf 91' lang='lat' dir='ltr'>quali-</span> 
     </span>
    </p>
   </div>
   <div class='ocr_carea' id='block_1_20' title="bbox 225 1884 1888 1958">
    <p class='ocr_par' dir='ltr' id='par_1_20' title="bbox 225 1884 1888 1958">
     <span class='ocr_line' id='line_1_20' title="bbox 225 1884 1888 1958; baseline 0.002 -18"><span class='ocrx_word' id='word_1_142' title='bbox 225 1888 583 1956; x_wconf 82' lang='lat' dir='ltr'>tercumque</span> <span class='ocrx_word' id='word_1_143' title='bbox 615 1901 735 1940; x_wconf 90' lang='lat' dir='ltr'>non</span> <span class='ocrx_word' id='word_1_144' title='bbox 757 1884 942 1943; x_wconf 87' lang='lat' dir='ltr'>defui.</span> <span class='ocrx_word' id='word_1_145' title='bbox 973 1887 1218 1958; x_wconf 91' lang='lat' dir='ltr'>Semper</span> <span class='ocrx_word' id='word_1_146' title='bbox 1250 1892 1302 1944; x_wconf 92' lang='lat' dir='ltr'>te</span> <span class='ocrx_word' id='word_1_147' title='bbox 1336 1888 1746 1946; x_wconf 84' lang='lat' dir='ltr'>misericordia</span> <span class='ocrx_word' id='word_1_148' title='bbox 1788 1890 1888 1944; x_wconf 91' lang='lat' dir='ltr'>Dei</span> 
     </span>
    </p>
   </div>
   <div class='ocr_carea' id='block_1_21' title="bbox 225 1972 1888 2049">
    <p class='ocr_par' dir='ltr' id='par_1_21' title="bbox 225 1972 1888 2049">
     <span class='ocr_line' id='line_1_21' title="bbox 225 1972 1888 2049; baseline 0.002 -20"><span class='ocrx_word' id='word_1_149' title='bbox 225 1977 523 2045; x_wconf 86' lang='lat' dir='ltr'>protegat,</span> <span class='ocrx_word' id='word_1_150' title='bbox 557 1972 800 2029; x_wconf 86' lang='lat' dir='ltr'>domine</span> <span class='ocrx_word' id='word_1_151' title='bbox 831 1974 1066 2042; x_wconf 83' lang='lat' dir='ltr'>eximie,</span> <span class='ocrx_word' id='word_1_152' title='bbox 1091 1981 1147 2031; x_wconf 90' lang='lat' dir='ltr'>et</span> <span class='ocrx_word' id='word_1_153' title='bbox 1180 1977 1388 2032; x_wconf 92' lang='lat' dir='ltr'>merito</span> <span class='ocrx_word' id='word_1_154' title='bbox 1419 1976 1677 2047; x_wconf 81' lang='lat' dir='ltr'>insignis</span> <span class='ocrx_word' id='word_1_155' title='bbox 1706 1983 1888 2049; x_wconf 89' lang='lat' dir='ltr'>atque</span> 
     </span>
    </p>
   </div>
   <div class='ocr_carea' id='block_1_22' title="bbox 225 2061 726 2118">
    <p class='ocr_par' dir='ltr' id='par_1_22' title="bbox 225 2061 726 2118">
     <span class='ocr_line' id='line_1_22' title="bbox 225 2061 726 2118; baseline 0 0"><span class='ocrx_word' id='word_1_156' title='bbox 225 2061 596 2118; x_wconf 87' lang='lat' dir='ltr'>honorabilis</span> <span class='ocrx_word' id='word_1_157' title='bbox 623 2061 726 2118; x_wconf 85' lang='lat' dir='ltr'>ﬁli.</span> 
     </span>
    </p>
   </div>
   <div class='ocr_carea' id='block_1_23' title="bbox 701 2133 1398 2207">
    <p class='ocr_par' dir='ltr' id='par_1_23' title="bbox 701 2133 1398 2207">
     <span class='ocr_line' id='line_1_23' title="bbox 701 2133 1398 2207; baseline 0.007 -18"><span class='ocrx_word' id='word_1_158' title='bbox 701 2133 1041 2191; x_wconf 80' lang='lat' dir='ltr'>EPISTOLA</span> <span class='ocrx_word' id='word_1_159' title='bbox 1079 2137 1208 2192; x_wconf 84' lang='lat' dir='ltr'>cxc</span> <span class='ocrx_word' id='word_1_160' title='bbox 1247 2138 1398 2207; x_wconf 91' lang='lat' dir='ltr'>&#39;(a).</span> 
     </span>
    </p>
   </div>
   <div class='ocr_carea' id='block_1_24' title="bbox 232 2221 1885 2296">
    <p class='ocr_par' dir='ltr' id='par_1_24' title="bbox 232 2221 1885 2296">
     <span class='ocr_line' id='line_1_24' title="bbox 232 2221 1885 2296; baseline 0.002 -20"><span class='ocrx_word' id='word_1_161' title='bbox 232 2221 451 2291; x_wconf 87' lang='lat' dir='ltr'>Optato</span> <span class='ocrx_word' id='word_1_162' title='bbox 463 2222 827 2280; x_wconf 84' lang='lat' dir='ltr'>demonstrat</span> <span class='ocrx_word' id='word_1_163' title='bbox 840 2223 986 2294; x_wconf 89' lang='lat' dir='ltr'>quid</span> <span class='ocrx_word' id='word_1_164' title='bbox 996 2223 1063 2279; x_wconf 85' lang='lat' dir='ltr'>de</span> <span class='ocrx_word' id='word_1_165' title='bbox 1074 2240 1106 2280; x_wconf 82' lang='grc' dir='ltr'><em>α</em></span> <span class='ocrx_word' id='word_1_166' title='bbox 1117 2225 1287 2280; x_wconf 66' lang='lat' dir='ltr'>nimie</span> <span class='ocrx_word' id='word_1_167' title='bbox 1306 2225 1536 2296; x_wconf 76' lang='lat' dir='ltr'>origine</span> <span class='ocrx_word' id='word_1_168' title='bbox 1549 2232 1774 2282; x_wconf 90' lang='lat' dir='ltr'>certum</span> <span class='ocrx_word' id='word_1_169' title='bbox 1789 2225 1885 2291; x_wconf 87' lang='lat' dir='ltr'>sit,</span> 
     </span>
    </p>
   </div>
   <div class='ocr_carea' id='block_1_25' title="bbox 303 2311 1889 2385">
    <p class='ocr_par' dir='ltr' id='par_1_25' title="bbox 303 2311 1889 2385">
     <span class='ocr_line' id='line_1_25' title="bbox 303 2311 1889 2385; baseline 0.003 -19"><span class='ocrx_word' id='word_1_170' title='bbox 303 2311 450 2383; x_wconf 87' lang='lat' dir='ltr'>quid</span> <span class='ocrx_word' id='word_1_171' title='bbox 478 2311 682 2368; x_wconf 88' lang='lat' dir='ltr'>merito</span> <span class='ocrx_word' id='word_1_172' title='bbox 707 2320 950 2369; x_wconf 88' lang='lat' dir='ltr'>vocetur</span> <span class='ocrx_word' id='word_1_173' title='bbox 977 2315 1046 2370; x_wconf 77' lang='lat' dir='ltr'>in&quot;</span> <span class='ocrx_word' id='word_1_174' title='bbox 1071 2315 1339 2378; x_wconf 87' lang='lat' dir='ltr'>dubium,</span> <span class='ocrx_word' id='word_1_175' title='bbox 1375 2316 1889 2385; x_wconf 87' lang='lat' dir='ltr'>satagendumque</span> 
     </span>
    </p>
   </div>
   <div class='ocr_carea' id='block_1_26' title="bbox 304 2400 1883 2474">
    <p class='ocr_par' dir='ltr' id='par_1_26' title="bbox 304 2400 1883 2474">
     <span class='ocr_line' id='line_1_26' title="bbox 304 2400 1883 2474; baseline 0.001 -18"><span class='ocrx_word' id='word_1_176' title='bbox 304 2415 421 2456; x_wconf 79' lang='lat' dir='ltr'>esse</span> <span class='ocrx_word' id='word_1_177' title='bbox 442 2400 556 2456; x_wconf 87' lang='lat' dir='ltr'>hac</span> <span class='ocrx_word' id='word_1_178' title='bbox 586 2401 647 2456; x_wconf 88' lang='lat' dir='ltr'>in</span> <span class='ocrx_word' id='word_1_179' title='bbox 668 2403 986 2472; x_wconf 63' lang='lat' dir='ltr'>quaestione</span> <span class='ocrx_word' id='word_1_180' title='bbox 1017 2409 1080 2458; x_wconf 87' lang='lat' dir='ltr'>ut</span> <span class='ocrx_word' id='word_1_181' title='bbox 1111 2405 1280 2460; x_wconf 84' lang='lat' dir='ltr'>salva</span> <span class='ocrx_word' id='word_1_182' title='bbox 1299 2404 1370 2460; x_wconf 88' lang='lat' dir='ltr'>sit</span> <span class='ocrx_word' id='word_1_183' title='bbox 1401 2405 1695 2474; x_wconf 86' lang='lat' dir='ltr'>imprimis</span> <span class='ocrx_word' id='word_1_184' title='bbox 1726 2405 1883 2474; x_wconf 85' lang='lat' dir='ltr'>ﬁdes,</span> 
     </span>
    </p>
   </div>
   <div class='ocr_carea' id='block_1_27' title="bbox 304 2491 1888 2560">
    <p class='ocr_par' dir='ltr' id='par_1_27' title="bbox 304 2491 1888 2560">
     <span class='ocr_line' id='line_1_27' title="bbox 304 2491 1888 2560; baseline 0.003 -16"><span class='ocrx_word' id='word_1_185' title='bbox 304 2505 424 2560; x_wconf 88' lang='lat' dir='ltr'>qua</span> <span class='ocrx_word' id='word_1_186' title='bbox 453 2491 744 2546; x_wconf 80' lang='lat' dir='ltr'>credimus</span> <span class='ocrx_word' id='word_1_187' title='bbox 776 2492 1063 2548; x_wconf 88' lang='lat' dir='ltr'>neminem</span> <span class='ocrx_word' id='word_1_188' title='bbox 1096 2495 1261 2548; x_wconf 84' lang='lat' dir='ltr'>nasci</span> <span class='ocrx_word' id='word_1_189' title='bbox 1297 2509 1371 2550; x_wconf 77' lang='lat' dir='ltr'>ex</span> <span class='ocrx_word' id='word_1_190' title='bbox 1399 2495 1589 2549; x_wconf 84' lang='lat' dir='ltr'>Adam</span> <span class='ocrx_word' id='word_1_191' title='bbox 1630 2493 1888 2549; x_wconf 88' lang='lat' dir='ltr'>nisivin-</span> 
     </span>
    </p>
   </div>
   <div class='ocr_carea' id='block_1_28' title="bbox 307 2578 1888 2654">
    <p class='ocr_par' dir='ltr' id='par_1_28' title="bbox 307 2578 1888 2654">
     <span class='ocr_line' id='line_1_28' title="bbox 307 2578 1888 2654; baseline 0.002 -21"><span class='ocrx_word' id='word_1_192' title='bbox 307 2578 437 2633; x_wconf 80' lang='lat' dir='ltr'>culo</span> <span class='ocrx_word' id='word_1_193' title='bbox 450 2579 846 2635; x_wconf 78' lang='lat' dir='ltr'>damnationis</span> <span class='ocrx_word' id='word_1_194' title='bbox 860 2581 1225 2645; x_wconf 82' lang='lat' dir='ltr'>obstrictum,</span> <span class='ocrx_word' id='word_1_195' title='bbox 1241 2583 1649 2654; x_wconf 84' lang='lat' dir='ltr'>neminemque</span> <span class='ocrx_word' id='word_1_196' title='bbox 1673 2582 1806 2638; x_wconf 87' lang='lat' dir='ltr'>inde</span> <span class='ocrx_word' id='word_1_197' title='bbox 1823 2582 1888 2637; x_wconf 85' lang='lat' dir='ltr'>li-</span> 
     </span>
    </p>
   </div>
   <div class='ocr_carea' id='block_1_29' title="bbox 309 2668 1522 2739">
    <p class='ocr_par' dir='ltr' id='par_1_29' title="bbox 309 2668 1522 2739">
     <span class='ocr_line' id='line_1_29' title="bbox 309 2668 1522 2739; baseline 0.003 -17"><span class='ocrx_word' id='word_1_198' title='bbox 309 2668 506 2722; x_wconf 87' lang='lat' dir='ltr'>berari</span> <span class='ocrx_word' id='word_1_199' title='bbox 536 2668 652 2723; x_wconf 85' lang='lat' dir='ltr'>nisi</span> <span class='ocrx_word' id='word_1_200' title='bbox 679 2671 1040 2726; x_wconf 89' lang='lat' dir='ltr'>renascendo</span> <span class='ocrx_word' id='word_1_201' title='bbox 1054 2686 1162 2739; x_wconf 86' lang='lat' dir='ltr'>per</span> <span class='ocrx_word' id='word_1_202' title='bbox 1189 2672 1492 2727; x_wconf 84' lang='lat' dir='ltr'>Christum</span> <span class='ocrx_word' id='word_1_203' title='bbox 1509 2713 1522 2726; x_wconf 94' lang='lat'>.</span> 
     </span>
    </p>
   </div>
   <div class='ocr_carea' id='block_1_30' title="bbox 234 2755 1889 2826">
    <p class='ocr_par' dir='ltr' id='par_1_30' title="bbox 234 2755 1889 2826">
     <span class='ocr_line' id='line_1_30' title="bbox 234 2755 1889 2826; baseline 0.001 -14"><span class='ocrx_word' id='word_1_204' title='bbox 234 2755 488 2812; x_wconf 91' lang='lat' dir='ltr'>Domino</span> <span class='ocrx_word' id='word_1_205' title='bbox 516 2756 886 2826; x_wconf 89' lang='lat' dir='ltr'>beatissimo,</span> <span class='ocrx_word' id='word_1_206' title='bbox 911 2765 966 2814; x_wconf 92' lang='lat' dir='ltr'>et</span> <span class='ocrx_word' id='word_1_207' title='bbox 991 2759 1221 2816; x_wconf 90' lang='lat' dir='ltr'>sincera</span> <span class='ocrx_word' id='word_1_208' title='bbox 1253 2761 1568 2817; x_wconf 91' lang='lat' dir='ltr'>dilectione</span> <span class='ocrx_word' id='word_1_209' title='bbox 1589 2760 1889 2815; x_wconf 88' lang='lat' dir='ltr'>desidera-</span> 
     </span>
    </p>
   </div>
   <div class='ocr_carea' id='block_1_31' title="bbox 303 2844 1886 2920">
    <p class='ocr_par' dir='ltr' id='par_1_31' title="bbox 303 2844 1886 2920">
     <span class='ocr_line' id='line_1_31' title="bbox 303 2844 1886 2920; baseline 0.003 -20"><span class='ocrx_word' id='word_1_210' title='bbox 303 2844 408 2900; x_wconf 91' lang='lat' dir='ltr'>bili</span> <span class='ocrx_word' id='word_1_211' title='bbox 427 2845 662 2902; x_wconf 80' lang='lat' dir='ltr'>fratriet</span> <span class='ocrx_word' id='word_1_212' title='bbox 678 2847 1041 2920; x_wconf 88' lang='lat' dir='ltr'>coepiscopo</span> <span class='ocrx_word' id='word_1_213' title='bbox 1063 2851 1306 2915; x_wconf 83' lang='lat' dir='ltr'>OPTATO,</span> <span class='ocrx_word' id='word_1_214' title='bbox 1324 2849 1761 2918; x_wconf 72' lang='lat' dir='ltr'>AUGUSTINUS,lD</span> <span class='ocrx_word' id='word_1_215' title='bbox 1777 2849 1886 2904; x_wconf 88' lang='lat' dir='ltr'>Do-</span> 
     </span>
    </p>
   </div>
   <div class='ocr_carea' id='block_1_32' title="bbox 305 2935 781 2991">
    <p class='ocr_par' dir='ltr' id='par_1_32' title="bbox 305 2935 781 2991">
     <span class='ocr_line' id='line_1_32' title="bbox 305 2935 781 2991; baseline 0.002 -1"><span class='ocrx_word' id='word_1_216' title='bbox 305 2935 472 2990; x_wconf 88' lang='lat' dir='ltr'>mino</span> <span class='ocrx_word' id='word_1_217' title='bbox 504 2935 781 2991; x_wconf 90' lang='lat' dir='ltr'>salutem.</span> 
     </span>
    </p>
   </div>
   <div class='ocr_carea' id='block_1_33' title="bbox 305 3024 1888 3092">
    <p class='ocr_par' dir='ltr' id='par_1_33' title="bbox 305 3024 1888 3092">
     <span class='ocr_line' id='line_1_33' title="bbox 305 3024 1888 3092; baseline 0.002 -13"><span class='ocrx_word' id='word_1_218' title='bbox 305 3025 530 3080; x_wconf 85' lang='lat' dir='ltr'>CAPUT</span> <span class='ocrx_word' id='word_1_219' title='bbox 560 3024 844 3082; x_wconf 83' lang='lat' dir='ltr'>PRIMUM.</span> <span class='ocrx_word' id='word_1_220' title='bbox 881 3057 952 3068; x_wconf 94' lang='lat'><strong><em>—</em></strong></span> <span class='ocrx_word' id='word_1_221' title='bbox 987 3029 1032 3081; x_wconf 89' lang='lat' dir='ltr'>l.</span> <span class='ocrx_word' id='word_1_222' title='bbox 1063 3028 1351 3092; x_wconf 89' lang='lat' dir='ltr'>Quamvis</span> <span class='ocrx_word' id='word_1_223' title='bbox 1383 3032 1498 3083; x_wconf 74' lang='lat' dir='ltr'>tum</span> <span class='ocrx_word' id='word_1_224' title='bbox 1550 3027 1888 3084; x_wconf 87' lang='lat' dir='ltr'>Sanctitatis</span> 
     </span>
    </p>
   </div>
   <div class='ocr_carea' id='block_1_34' title="bbox 233 3112 1888 3187">
    <p class='ocr_par' dir='ltr' id='par_1_34' title="bbox 233 3112 1888 3187">
     <span class='ocr_line' id='line_1_34' title="bbox 233 3112 1888 3187; baseline 0.001 -17"><span class='ocrx_word' id='word_1_225' title='bbox 233 3112 432 3170; x_wconf 88' lang='lat' dir='ltr'>nullas</span> <span class='ocrx_word' id='word_1_226' title='bbox 449 3113 527 3169; x_wconf 89' lang='lat' dir='ltr'>ad</span> <span class='ocrx_word' id='word_1_227' title='bbox 542 3131 635 3168; x_wconf 92' lang='lat' dir='ltr'>me</span> <span class='ocrx_word' id='word_1_228' title='bbox 655 3114 853 3186; x_wconf 86' lang='lat' dir='ltr'>ipsum</span> <span class='ocrx_word' id='word_1_229' title='bbox 867 3117 1039 3171; x_wconf 90' lang='lat' dir='ltr'>datas</span> <span class='ocrx_word' id='word_1_230' title='bbox 1061 3116 1394 3187; x_wconf 90' lang='lat' dir='ltr'>acceperim</span> <span class='ocrx_word' id='word_1_231' title='bbox 1413 3117 1668 3182; x_wconf 89' lang='lat' dir='ltr'>litteras;</span> <span class='ocrx_word' id='word_1_232' title='bbox 1685 3122 1888 3171; x_wconf 90' lang='lat' dir='ltr'>tamen</span> 
     </span>
    </p>
   </div>
   <div class='ocr_carea' id='block_1_35' title="bbox 235 3201 1885 3274">
    <p class='ocr_par' dir='ltr' id='par_1_35' title="bbox 235 3201 1885 3274">
     <span class='ocr_line' id='line_1_35' title="bbox 235 3201 1885 3274; baseline -0.001 -17"><span class='ocrx_word' id='word_1_233' title='bbox 235 3201 504 3274; x_wconf 69' lang='lat' dir='ltr'>quiaillae</span> <span class='ocrx_word' id='word_1_234' title='bbox 525 3218 674 3274; x_wconf 89' lang='lat' dir='ltr'>quas</span> <span class='ocrx_word' id='word_1_235' title='bbox 693 3202 768 3258; x_wconf 92' lang='lat' dir='ltr'>ad</span> <span class='ocrx_word' id='word_1_236' title='bbox 788 3203 1197 3260; x_wconf 85' lang='lat' dir='ltr'>Mauritaniam</span> <span class='ocrx_word' id='word_1_237' title='bbox 1211 3205 1629 3260; x_wconf 83' lang='lat' dir='ltr'>Caesariensem</span> <span class='ocrx_word' id='word_1_238' title='bbox 1656 3203 1885 3270; x_wconf 86' lang='lat' dir='ltr'>misisti,</span> 
     </span>
    </p>
   </div>
   <div class='ocr_carea' id='block_1_36' title="bbox 237 3290 1887 3364">
    <p class='ocr_par' dir='ltr' id='par_1_36' title="bbox 237 3290 1887 3364">
     <span class='ocr_line' id='line_1_36' title="bbox 237 3290 1887 3364; baseline 0 -18"><span class='ocrx_word' id='word_1_239' title='bbox 237 3306 332 3346; x_wconf 90' lang='lat' dir='ltr'>me</span> <span class='ocrx_word' id='word_1_240' title='bbox 353 3290 516 3362; x_wconf 89' lang='lat' dir='ltr'>apud</span> <span class='ocrx_word' id='word_1_241' title='bbox 549 3292 880 3347; x_wconf 75' lang='lat' dir='ltr'>Caesaream</span> <span class='ocrx_word' id='word_1_242' title='bbox 907 3297 1198 3364; x_wconf 72' lang='lat' dir='ltr'>praesente</span> <span class='ocrx_word' id='word_1_243' title='bbox 1215 3298 1520 3361; x_wconf 90' lang='lat' dir='ltr'>venerunt,</span> <span class='ocrx_word' id='word_1_244' title='bbox 1541 3308 1663 3364; x_wconf 93' lang='lat' dir='ltr'>quo</span> <span class='ocrx_word' id='word_1_245' title='bbox 1681 3309 1788 3348; x_wconf 88' lang='lat' dir='ltr'>nos</span> <span class='ocrx_word' id='word_1_246' title='bbox 1806 3293 1887 3346; x_wconf 88' lang='lat' dir='ltr'>in-</span> 
     </span>
    </p>
   </div>
   <div class='ocr_carea' id='block_1_37' title="bbox 232 3379 1888 3454">
    <p class='ocr_par' dir='ltr' id='par_1_37' title="bbox 232 3379 1888 3454">
     <span class='ocr_line' id='line_1_37' title="bbox 232 3379 1888 3454; baseline 0.001 -20"><span class='ocrx_word' id='word_1_247' title='bbox 232 3379 442 3450; x_wconf 89' lang='lat' dir='ltr'>juncta</span> <span class='ocrx_word' id='word_1_248' title='bbox 473 3379 647 3435; x_wconf 92' lang='lat' dir='ltr'>nobis</span> <span class='ocrx_word' id='word_1_249' title='bbox 669 3398 702 3435; x_wconf 88' lang='lat' dir='ltr'>a</span> <span class='ocrx_word' id='word_1_250' title='bbox 722 3381 1043 3437; x_wconf 87' lang='lat' dir='ltr'>venerabili</span> <span class='ocrx_word' id='word_1_251' title='bbox 1075 3398 1234 3454; x_wconf 89' lang='lat' dir='ltr'>papa</span> <span class='ocrx_word' id='word_1_252' title='bbox 1265 3383 1498 3438; x_wconf 91' lang='lat' dir='ltr'>Zosimo</span> <span class='ocrx_word' id='word_1_253' title='bbox 1537 3381 1888 3453; x_wconf 74' lang='lat' dir='ltr'>apostolicaa</span> 
     </span>
    </p>
   </div>
   <div class='ocr_carea' id='block_1_38' title="bbox 240 3467 1888 3540">
    <p class='ocr_par' dir='ltr' id='par_1_38' title="bbox 240 3467 1888 3540">
     <span class='ocr_line' id='line_1_38' title="bbox 240 3467 1888 3540; baseline 0.001 -16"><span class='ocrx_word' id='word_1_254' title='bbox 240 3467 404 3524; x_wconf 88' lang='lat' dir='ltr'>Sedis</span> <span class='ocrx_word' id='word_1_255' title='bbox 431 3468 719 3540; x_wconf 90' lang='lat' dir='ltr'>episcopo</span> <span class='ocrx_word' id='word_1_256' title='bbox 741 3469 1142 3527; x_wconf 88' lang='lat' dir='ltr'>ecclesiastica</span> <span class='ocrx_word' id='word_1_257' title='bbox 1164 3473 1487 3526; x_wconf 89' lang='lat' dir='ltr'>necessitas</span> <span class='ocrx_word' id='word_1_258' title='bbox 1504 3475 1786 3527; x_wconf 84' lang='lat' dir='ltr'>traxerat:</span> <span class='ocrx_word' id='word_1_259' title='bbox 1807 3469 1888 3525; x_wconf 86' lang='lat' dir='ltr'>fa-</span> 
     </span>
    </p>
   </div>
   <div class='ocr_carea' id='block_1_39' title="bbox 238 3559 1886 3632">
    <p class='ocr_par' dir='ltr' id='par_1_39' title="bbox 238 3559 1886 3632">
     <span class='ocr_line' id='line_1_39' title="bbox 238 3559 1886 3632; baseline 0.001 -20"><span class='ocrx_word' id='word_1_260' title='bbox 238 3562 401 3613; x_wconf 90' lang='lat' dir='ltr'>ctum</span> <span class='ocrx_word' id='word_1_261' title='bbox 418 3561 504 3612; x_wconf 90' lang='lat' dir='ltr'>est</span> <span class='ocrx_word' id='word_1_262' title='bbox 521 3563 663 3614; x_wconf 90' lang='lat' dir='ltr'>utea</span> <span class='ocrx_word' id='word_1_263' title='bbox 685 3574 820 3631; x_wconf 75' lang='lat' dir='ltr'>quas</span> <span class='ocrx_word' id='word_1_264' title='bbox 836 3559 1145 3631; x_wconf 90' lang='lat' dir='ltr'>scripsisti,</span> <span class='ocrx_word' id='word_1_265' title='bbox 1164 3561 1342 3616; x_wconf 89' lang='lat' dir='ltr'>etiam</span> <span class='ocrx_word' id='word_1_266' title='bbox 1358 3560 1485 3632; x_wconf 89' lang='lat' dir='ltr'>ipse</span> <span class='ocrx_word' id='word_1_267' title='bbox 1499 3559 1886 3631; x_wconf 87' lang='lat' dir='ltr'>perlegerem,</span> 
     </span>
    </p>
   </div>
   <div class='ocr_carea' id='block_1_40' title="bbox 238 3646 1888 3720">
    <p class='ocr_par' dir='ltr' id='par_1_40' title="bbox 238 3646 1888 3720">
     <span class='ocr_line' id='line_1_40' title="bbox 238 3646 1888 3720; baseline 0 -18"><span class='ocrx_word' id='word_1_268' title='bbox 238 3646 506 3702; x_wconf 87' lang='lat' dir='ltr'>tradente</span> <span class='ocrx_word' id='word_1_269' title='bbox 533 3646 678 3702; x_wconf 90' lang='lat' dir='ltr'>mihi</span> <span class='ocrx_word' id='word_1_270' title='bbox 709 3647 986 3703; x_wconf 87' lang='lat' dir='ltr'>eamdem</span> <span class='ocrx_word' id='word_1_271' title='bbox 1005 3649 1323 3720; x_wconf 88' lang='lat' dir='ltr'>epistolam</span> <span class='ocrx_word' id='word_1_272' title='bbox 1357 3653 1518 3704; x_wconf 90' lang='lat' dir='ltr'>tuam</span> <span class='ocrx_word' id='word_1_273' title='bbox 1541 3647 1766 3703; x_wconf 86' lang='lat' dir='ltr'>famulo</span> <span class='ocrx_word' id='word_1_274' title='bbox 1791 3647 1888 3702; x_wconf 91' lang='lat' dir='ltr'>Dei</span> 
     </span>
    </p>
   </div>
   <div class='ocr_carea' id='block_1_41' title="bbox 232 3737 1884 3806">
    <p class='ocr_par' dir='ltr' id='par_1_41' title="bbox 232 3737 1884 3806">
     <span class='ocr_line' id='line_1_41' title="bbox 232 3737 1884 3806; baseline 0.001 -16"><span class='ocrx_word' id='word_1_275' title='bbox 232 3740 442 3792; x_wconf 91' lang='lat' dir='ltr'>sancto</span> <span class='ocrx_word' id='word_1_276' title='bbox 474 3738 718 3803; x_wconf 80' lang='lat' dir='ltr'>Renato,</span> <span class='ocrx_word' id='word_1_277' title='bbox 753 3737 812 3792; x_wconf 92' lang='lat' dir='ltr'>in</span> <span class='ocrx_word' id='word_1_278' title='bbox 827 3737 1052 3793; x_wconf 83' lang='lat' dir='ltr'>Christo</span> <span class='ocrx_word' id='word_1_279' title='bbox 1087 3737 1260 3794; x_wconf 89' lang='lat' dir='ltr'>nobis</span> <span class='ocrx_word' id='word_1_280' title='bbox 1291 3738 1467 3794; x_wconf 83' lang='lat' dir='ltr'>fratre</span> <span class='ocrx_word' id='word_1_281' title='bbox 1495 3737 1848 3793; x_wconf 79' lang='lat' dir='ltr'>charissima</span> <span class='ocrx_word' id='word_1_282' title='bbox 1867 3754 1884 3806; x_wconf 85' lang='lat'><em>;</em></span> 
     </span>
    </p>
   </div>
   <div class='ocr_carea' id='block_1_42' title="bbox 231 3825 1889 3897">
    <p class='ocr_par' dir='ltr' id='par_1_42' title="bbox 231 3825 1889 3897">
     <span class='ocr_line' id='line_1_42' title="bbox 231 3825 1889 3897; baseline 0.001 -18"><span class='ocrx_word' id='word_1_283' title='bbox 231 3839 353 3896; x_wconf 89' lang='lat' dir='ltr'>quo</span> <span class='ocrx_word' id='word_1_284' title='bbox 367 3829 622 3896; x_wconf 90' lang='lat' dir='ltr'>petente,</span> <span class='ocrx_word' id='word_1_285' title='bbox 640 3830 693 3880; x_wconf 93' lang='lat' dir='ltr'>et</span> <span class='ocrx_word' id='word_1_286' title='bbox 710 3825 854 3882; x_wconf 88' lang='lat' dir='ltr'>mihi</span> <span class='ocrx_word' id='word_1_287' title='bbox 873 3825 1006 3881; x_wconf 91' lang='lat' dir='ltr'>licet</span> <span class='ocrx_word' id='word_1_288' title='bbox 1031 3826 1162 3881; x_wconf 89' lang='lat' dir='ltr'>aliis</span> <span class='ocrx_word' id='word_1_289' title='bbox 1189 3831 1483 3897; x_wconf 86' lang='lat' dir='ltr'>occupato</span> <span class='ocrx_word' id='word_1_290' title='bbox 1504 3827 1889 3881; x_wconf 86' lang='lat' dir='ltr'>vehementer</span> 
     </span>
    </p>
   </div>
   <div class='ocr_carea' id='block_1_43' title="bbox 230 3913 1889 3987">
    <p class='ocr_par' dir='ltr' id='par_1_43' title="bbox 230 3913 1889 3987">
     <span class='ocr_line' id='line_1_43' title="bbox 230 3913 1889 3987; baseline -0.001 -18"><span class='ocrx_word' id='word_1_291' title='bbox 230 3913 589 3981; x_wconf 87' lang='lat' dir='ltr'>instante,ad</span> <span class='ocrx_word' id='word_1_292' title='bbox 603 3930 673 3970; x_wconf 89' lang='lat' dir='ltr'>ea</span> <span class='ocrx_word' id='word_1_293' title='bbox 691 3913 1205 3987; x_wconf 46' lang='lat' dir='ltr'>snmIrespondere</span> <span class='ocrx_word' id='word_1_294' title='bbox 1219 3915 1592 3987; x_wconf 88' lang='lat' dir='ltr'>compulsus.</span> <span class='ocrx_word' id='word_1_295' title='bbox 1624 3915 1889 3970; x_wconf 85' lang='lat' dir='ltr'>Accessit</span> 
     </span>
    </p>
   </div>
   <div class='ocr_carea' id='block_1_44' title="bbox 230 4002 1887 4061">
    <p class='ocr_par' dir='ltr' id='par_1_44' title="bbox 230 4002 1887 4061">
     <span class='ocr_line' id='line_1_44' title="bbox 230 4002 1887 4061; baseline 0 -3"><span class='ocrx_word' id='word_1_296' title='bbox 230 4002 346 4058; x_wconf 90' lang='lat' dir='ltr'>huc</span> <span class='ocrx_word' id='word_1_297' title='bbox 367 4004 545 4059; x_wconf 89' lang='lat' dir='ltr'>etiam</span> <span class='ocrx_word' id='word_1_298' title='bbox 562 4002 802 4059; x_wconf 87' lang='lat' dir='ltr'>alterius</span> <span class='ocrx_word' id='word_1_299' title='bbox 850 4005 1038 4061; x_wconf 88' lang='lat' dir='ltr'>sancti</span> <span class='ocrx_word' id='word_1_300' title='bbox 1074 4009 1282 4060; x_wconf 90' lang='lat' dir='ltr'>etcum</span> <span class='ocrx_word' id='word_1_301' title='bbox 1306 4004 1509 4060; x_wconf 89' lang='lat' dir='ltr'>debito</span> <span class='ocrx_word' id='word_1_302' title='bbox 1532 4004 1757 4059; x_wconf 88' lang='lat' dir='ltr'>honore</span> <span class='ocrx_word' id='word_1_303' title='bbox 1784 4018 1887 4058; x_wconf 85' lang='lat' dir='ltr'>no-</span> 
     </span>
    </p>
   </div>
   <div class='ocr_carea' id='block_1_45' title="bbox 230 4091 1883 4165">
    <p class='ocr_par' dir='ltr' id='par_1_45' title="bbox 230 4091 1883 4165">
     <span class='ocr_line' id='line_1_45' title="bbox 230 4091 1883 4165; baseline 0 -19"><span class='ocrx_word' id='word_1_304' title='bbox 230 4091 499 4147; x_wconf 87' lang='lat' dir='ltr'>minandi</span> <span class='ocrx_word' id='word_1_305' title='bbox 521 4091 717 4148; x_wconf 83' lang='lat' dir='ltr'>fratris</span> <span class='ocrx_word' id='word_1_306' title='bbox 743 4094 945 4157; x_wconf 86' lang='lat' dir='ltr'>nostri,</span> <span class='ocrx_word' id='word_1_307' title='bbox 965 4098 1021 4149; x_wconf 89' lang='lat' dir='ltr'>et</span> <span class='ocrx_word' id='word_1_308' title='bbox 1050 4098 1347 4165; x_wconf 89' lang='lat' dir='ltr'>quantum</span> <span class='ocrx_word' id='word_1_309' title='bbox 1379 4093 1454 4148; x_wconf 89' lang='lat' dir='ltr'>ab</span> <span class='ocrx_word' id='word_1_310' title='bbox 1475 4093 1572 4148; x_wconf 91' lang='lat' dir='ltr'>illo</span> <span class='ocrx_word' id='word_1_311' title='bbox 1595 4092 1883 4164; x_wconf 90' lang='lat' dir='ltr'>comperi,</span> 
     </span>
    </p>
   </div>
   <div class='ocr_carea' id='block_1_46' title="bbox 226 4180 1885 4254">
    <p class='ocr_par' dir='ltr' id='par_1_46' title="bbox 226 4180 1885 4254">
     <span class='ocr_line' id='line_1_46' title="bbox 226 4180 1885 4254; baseline -0.001 -18"><span class='ocrx_word' id='word_1_312' title='bbox 226 4180 552 4236; x_wconf 88' lang='lat' dir='ltr'>necessarii</span> <span class='ocrx_word' id='word_1_313' title='bbox 573 4181 651 4236; x_wconf 90' lang='lat' dir='ltr'>tui</span> <span class='ocrx_word' id='word_1_314' title='bbox 676 4182 950 4238; x_wconf 84' lang='lat' dir='ltr'>Muressis</span> <span class='ocrx_word' id='word_1_315' title='bbox 983 4184 1022 4249; x_wconf 83' lang='grc'>¹,</span> <span class='ocrx_word' id='word_1_316' title='bbox 1041 4199 1177 4238; x_wconf 92' lang='lat' dir='ltr'>cum</span> <span class='ocrx_word' id='word_1_317' title='bbox 1193 4183 1252 4238; x_wconf 91' lang='lat' dir='ltr'>in</span> <span class='ocrx_word' id='word_1_318' title='bbox 1268 4198 1452 4254; x_wconf 89' lang='lat' dir='ltr'>supra</span> <span class='ocrx_word' id='word_1_319' title='bbox 1468 4181 1628 4238; x_wconf 90' lang='lat' dir='ltr'>dicto</span> <span class='ocrx_word' id='word_1_320' title='bbox 1659 4181 1885 4254; x_wconf 88' lang='lat' dir='ltr'>oppido</span> 
     </span>
    </p>
   </div>
   <div class='ocr_carea' id='block_1_47' title="bbox 223 4269 1885 4343">
    <p class='ocr_par' dir='ltr' id='par_1_47' title="bbox 223 4269 1885 4343">
     <span class='ocr_line' id='line_1_47' title="bbox 223 4269 1885 4343; baseline -0.001 -18"><span class='ocrx_word' id='word_1_321' title='bbox 223 4284 686 4335; x_wconf 88' lang='lat' dir='ltr'>remoraremur,</span> <span class='ocrx_word' id='word_1_322' title='bbox 703 4271 996 4327; x_wconf 86' lang='lat' dir='ltr'>adventus</span> <span class='ocrx_word' id='word_1_323' title='bbox 1026 4288 1038 4337; x_wconf 91' lang='lat'>;</span> <span class='ocrx_word' id='word_1_324' title='bbox 1062 4272 1166 4343; x_wconf 90' lang='lat' dir='ltr'>qui</span> <span class='ocrx_word' id='word_1_325' title='bbox 1192 4272 1336 4327; x_wconf 91' lang='lat' dir='ltr'>mihi</span> <span class='ocrx_word' id='word_1_326' title='bbox 1359 4272 1554 4328; x_wconf 92' lang='lat' dir='ltr'>retulit</span> <span class='ocrx_word' id='word_1_327' title='bbox 1575 4271 1755 4327; x_wconf 89' lang='lat' dir='ltr'>etiam</span> <span class='ocrx_word' id='word_1_328' title='bbox 1773 4269 1885 4325; x_wconf 88' lang='lat' dir='ltr'>sibi</span> 
     </span>
    </p>
   </div>
   <div class='ocr_carea' id='block_1_48' title="bbox 225 4359 1885 4431">
    <p class='ocr_par' dir='ltr' id='par_1_48' title="bbox 225 4359 1885 4431">
     <span class='ocr_line' id='line_1_48' title="bbox 225 4359 1885 4431; baseline 0 -17"><span class='ocrx_word' id='word_1_329' title='bbox 225 4359 442 4414; x_wconf 88' lang='lat' dir='ltr'>missas</span> <span class='ocrx_word' id='word_1_330' title='bbox 459 4359 534 4414; x_wconf 91' lang='lat' dir='ltr'>de</span> <span class='ocrx_word' id='word_1_331' title='bbox 554 4359 669 4415; x_wconf 90' lang='lat' dir='ltr'>hac</span> <span class='ocrx_word' id='word_1_332' title='bbox 683 4376 742 4416; x_wconf 90' lang='lat' dir='ltr'>re</span> <span class='ocrx_word' id='word_1_333' title='bbox 767 4360 988 4416; x_wconf 89' lang='lat' dir='ltr'>litteras</span> <span class='ocrx_word' id='word_1_334' title='bbox 1006 4360 1414 4417; x_wconf 90' lang='lat' dir='ltr'>Venerationis</span> <span class='ocrx_word' id='word_1_335' title='bbox 1439 4365 1574 4431; x_wconf 77' lang='lat' dir='ltr'>tuae,</span> <span class='ocrx_word' id='word_1_336' title='bbox 1601 4365 1656 4416; x_wconf 90' lang='lat' dir='ltr'>et</span> <span class='ocrx_word' id='word_1_337' title='bbox 1687 4376 1780 4415; x_wconf 91' lang='lat' dir='ltr'>me</span> <span class='ocrx_word' id='word_1_338' title='bbox 1811 4359 1885 4414; x_wconf 90' lang='lat' dir='ltr'>de</span> 
     </span>
    </p>
   </div>
   <div class='ocr_carea' id='block_1_49' title="bbox 223 4447 1881 4522">
    <p class='ocr_par' dir='ltr' id='par_1_49' title="bbox 223 4447 1881 4522">
     <span class='ocr_line' id='line_1_49' title="bbox 223 4447 1881 4522; baseline -0.001 -19"><span class='ocrx_word' id='word_1_339' title='bbox 223 4447 482 4518; x_wconf 86' lang='lat' dir='ltr'>hacipsa</span> <span class='ocrx_word' id='word_1_340' title='bbox 494 4448 825 4520; x_wconf 66' lang='lat' dir='ltr'>quaestione</span> <span class='ocrx_word' id='word_1_341' title='bbox 852 4448 1169 4515; x_wconf 88' lang='lat' dir='ltr'>consuluit,</span> <span class='ocrx_word' id='word_1_342' title='bbox 1188 4453 1251 4504; x_wconf 91' lang='lat' dir='ltr'>ut</span> <span class='ocrx_word' id='word_1_343' title='bbox 1271 4449 1567 4522; x_wconf 90' lang='lat' dir='ltr'>quidinde</span> <span class='ocrx_word' id='word_1_344' title='bbox 1581 4449 1881 4513; x_wconf 89' lang='lat' dir='ltr'>sentirem,</span> 
     </span>
    </p>
   </div>
   <div class='ocr_carea' id='block_1_50' title="bbox 224 4536 1876 4610">
    <p class='ocr_par' dir='ltr' id='par_1_50' title="bbox 224 4536 1876 4610">
     <span class='ocr_line' id='line_1_50' title="bbox 224 4536 1876 4610; baseline 0.002 -19"><span class='ocrx_word' id='word_1_345' title='bbox 224 4536 318 4592; x_wconf 85' lang='lat' dir='ltr'>vel</span> <span class='ocrx_word' id='word_1_346' title='bbox 351 4536 500 4592; x_wconf 88' lang='lat' dir='ltr'>meis</span> <span class='ocrx_word' id='word_1_347' title='bbox 530 4536 622 4592; x_wconf 89' lang='lat' dir='ltr'>vel</span> <span class='ocrx_word' id='word_1_348' title='bbox 648 4538 770 4592; x_wconf 91' lang='lat' dir='ltr'>suis</span> <span class='ocrx_word' id='word_1_349' title='bbox 791 4538 1092 4608; x_wconf 87' lang='lat' dir='ltr'>rescriptis</span> <span class='ocrx_word' id='word_1_350' title='bbox 1121 4539 1196 4593; x_wconf 91' lang='lat' dir='ltr'>ad</span> <span class='ocrx_word' id='word_1_351' title='bbox 1225 4544 1276 4594; x_wconf 90' lang='lat' dir='ltr'>te</span> <span class='ocrx_word' id='word_1_352' title='bbox 1300 4538 1514 4594; x_wconf 81' lang='lat' dir='ltr'>taceret</span> <span class='ocrx_word' id='word_1_353' title='bbox 1539 4537 1876 4610; x_wconf 89' lang='lat' dir='ltr'>pervenire:</span> 
     </span>
    </p>
   </div>
   <div class='ocr_carea' id='block_1_51' title="bbox 223 4625 1886 4700">
    <p class='ocr_par' dir='ltr' id='par_1_51' title="bbox 223 4625 1886 4700">
     <span class='ocr_line' id='line_1_51' title="bbox 223 4625 1886 4700; baseline -0.001 -20"><span class='ocrx_word' id='word_1_354' title='bbox 223 4626 433 4682; x_wconf 90' lang='lat' dir='ltr'>Utrum</span> <span class='ocrx_word' id='word_1_355' title='bbox 463 4626 684 4682; x_wconf 88' lang='lat' dir='ltr'>scilicet</span> <span class='ocrx_word' id='word_1_356' title='bbox 711 4627 929 4682; x_wconf 60' lang='lat' dir='ltr'>animas</span> <span class='ocrx_word' id='word_1_357' title='bbox 958 4632 1288 4699; x_wconf 91' lang='lat' dir='ltr'>utcorpora</span> <span class='ocrx_word' id='word_1_358' title='bbox 1301 4625 1738 4700; x_wconf 86' lang='lat' dir='ltr'>propagatione</span> <span class='ocrx_word' id='word_1_359' title='bbox 1753 4641 1886 4680; x_wconf 86' lang='lat' dir='ltr'>nas-</span> 
     </span>
    </p>
   </div>
   <div class='ocr_carea' id='block_1_52' title="bbox 221 4713 1885 4788">
    <p class='ocr_par' dir='ltr' id='par_1_52' title="bbox 221 4713 1885 4788">
     <span class='ocr_line' id='line_1_52' title="bbox 221 4713 1885 4788; baseline -0.001 -19"><span class='ocrx_word' id='word_1_360' title='bbox 221 4718 455 4781; x_wconf 87' lang='lat' dir='ltr'>cantur,</span> <span class='ocrx_word' id='word_1_361' title='bbox 471 4713 709 4787; x_wconf 91' lang='lat' dir='ltr'>sintque</span> <span class='ocrx_word' id='word_1_362' title='bbox 723 4731 794 4770; x_wconf 92' lang='lat' dir='ltr'>ex</span> <span class='ocrx_word' id='word_1_363' title='bbox 810 4715 909 4771; x_wconf 89' lang='lat' dir='ltr'>illa</span> <span class='ocrx_word' id='word_1_364' title='bbox 929 4731 1046 4771; x_wconf 84' lang='lat' dir='ltr'>una</span> <span class='ocrx_word' id='word_1_365' title='bbox 1068 4732 1209 4788; x_wconf 70' lang='lat' dir='ltr'>quae</span> <span class='ocrx_word' id='word_1_366' title='bbox 1225 4717 1418 4787; x_wconf 90' lang='lat' dir='ltr'>primo</span> <span class='ocrx_word' id='word_1_367' title='bbox 1442 4714 1670 4770; x_wconf 88' lang='lat' dir='ltr'>homini</span> <span class='ocrx_word' id='word_1_368' title='bbox 1685 4720 1885 4769; x_wconf 90' lang='lat' dir='ltr'>creata</span> 
     </span>
    </p>
   </div>
   <div class='ocr_carea' id='block_1_53' title="bbox 139 4794 1884 4876">
    <p class='ocr_par' dir='ltr' id='par_1_53' title="bbox 139 4794 1884 4876">
     <span class='ocr_line' id='line_1_53' title="bbox 139 4794 1884 4876; baseline -0.002 -17"><span class='ocrx_word' id='word_1_369' title='bbox 139 4794 154 4800; x_wconf 73' lang='grc'><strong>’</strong></span> <span class='ocrx_word' id='word_1_370' title='bbox 221 4809 308 4859; x_wconf 87' lang='lat' dir='ltr'>est</span> <span class='ocrx_word' id='word_1_371' title='bbox 329 4818 436 4868; x_wconf 90' lang='lat' dir='ltr'>;an</span> <span class='ocrx_word' id='word_1_372' title='bbox 467 4804 1113 4876; x_wconf 88' lang='lat' dir='ltr'>Creatoromnipotens,</span> <span class='ocrx_word' id='word_1_373' title='bbox 1137 4805 1241 4875; x_wconf 90' lang='lat' dir='ltr'>qui</span> <span class='ocrx_word' id='word_1_374' title='bbox 1281 4805 1481 4875; x_wconf 89' lang='lat' dir='ltr'>utique</span> <span class='ocrx_word' id='word_1_375' title='bbox 1507 4819 1698 4874; x_wconf 87' lang='lat' dir='ltr'>usque</span> <span class='ocrx_word' id='word_1_376' title='bbox 1725 4817 1884 4857; x_wconf 90' lang='lat' dir='ltr'>nunc</span> 
     </span>
    </p>
   </div>
   <div class='ocr_carea' id='block_1_54' title="bbox 221 4891 1886 4966">
    <p class='ocr_par' dir='ltr' id='par_1_54' title="bbox 221 4891 1886 4966">
     <span class='ocr_line' id='line_1_54' title="bbox 221 4891 1886 4966; baseline -0.001 -18"><span class='ocrx_word' id='word_1_377' title='bbox 221 4896 526 4964; x_wconf 90' lang='lat' dir='ltr'>operatur,</span> <span class='ocrx_word' id='word_1_378' title='bbox 544 4892 670 4948; x_wconf 91' lang='lat' dir='ltr'>sine</span> <span class='ocrx_word' id='word_1_379' title='bbox 693 4892 813 4948; x_wconf 88' lang='lat' dir='ltr'>ulla</span> <span class='ocrx_word' id='word_1_380' title='bbox 830 4893 1267 4966; x_wconf 85' lang='lat' dir='ltr'>propagatione</span> <span class='ocrx_word' id='word_1_381' title='bbox 1286 4908 1474 4948; x_wconf 89' lang='lat' dir='ltr'>novas</span> <span class='ocrx_word' id='word_1_382' title='bbox 1489 4892 1663 4948; x_wconf 81' lang='lat' dir='ltr'>iaciat</span> <span class='ocrx_word' id='word_1_383' title='bbox 1678 4891 1886 4961; x_wconf 86' lang='lat' dir='ltr'>singu-</span> 
     </span>
    </p>
   </div>
   <div class='ocr_carea' id='block_1_55' title="bbox 219 4981 612 5054">
    <p class='ocr_par' dir='ltr' id='par_1_55' title="bbox 219 4981 612 5054">
     <span class='ocr_line' id='line_1_55' title="bbox 219 4981 612 5054; baseline 0 -18"><span class='ocrx_word' id='word_1_384' title='bbox 219 4981 294 5037; x_wconf 90' lang='lat' dir='ltr'>lis</span> <span class='ocrx_word' id='word_1_385' title='bbox 316 4981 612 5054; x_wconf 89' lang='lat' dir='ltr'>proprias.</span> 
     </span>
    </p>
   </div>
   <div class='ocr_carea' id='block_1_56' title="bbox 291 5069 1883 5144">
    <p class='ocr_par' dir='ltr' id='par_1_56' title="bbox 291 5069 1883 5144">
     <span class='ocr_line' id='line_1_56' title="bbox 291 5069 1883 5144; baseline -0.001 -20"><span class='ocrx_word' id='word_1_386' title='bbox 291 5073 343 5125; x_wconf 86' lang='lat'>2.</span> <span class='ocrx_word' id='word_1_387' title='bbox 357 5073 431 5126; x_wconf 92' lang='lat' dir='ltr'>De</span> <span class='ocrx_word' id='word_1_388' title='bbox 447 5086 570 5142; x_wconf 89' lang='lat' dir='ltr'>qua</span> <span class='ocrx_word' id='word_1_389' title='bbox 584 5087 643 5126; x_wconf 91' lang='lat' dir='ltr'>re</span> <span class='ocrx_word' id='word_1_390' title='bbox 659 5076 985 5144; x_wconf 87' lang='lat' dir='ltr'>antequam</span> <span class='ocrx_word' id='word_1_391' title='bbox 1001 5071 1231 5144; x_wconf 86' lang='lat' dir='ltr'>aliquid</span> <span class='ocrx_word' id='word_1_392' title='bbox 1245 5071 1614 5127; x_wconf 90' lang='lat' dir='ltr'>admoneam</span> <span class='ocrx_word' id='word_1_393' title='bbox 1641 5069 1883 5124; x_wconf 90' lang='lat' dir='ltr'>sinceri-</span> 
     </span>
    </p>
   </div>
   <div class='ocr_carea' id='block_1_57' title="bbox 219 5159 1882 5231">
    <p class='ocr_par' dir='ltr' id='par_1_57' title="bbox 219 5159 1882 5231">
     <span class='ocr_line' id='line_1_57' title="bbox 219 5159 1882 5231; baseline -0.002 -16"><span class='ocrx_word' id='word_1_394' title='bbox 219 5163 404 5215; x_wconf 86' lang='lat' dir='ltr'>tatem</span> <span class='ocrx_word' id='word_1_395' title='bbox 421 5160 763 5223; x_wconf 89' lang='lat' dir='ltr'>tuam,scire</span> <span class='ocrx_word' id='word_1_396' title='bbox 780 5165 830 5215; x_wconf 92' lang='lat' dir='ltr'><strong><em>te</em></strong></span> <span class='ocrx_word' id='word_1_397' title='bbox 847 5162 978 5216; x_wconf 93' lang='lat' dir='ltr'>volo</span> <span class='ocrx_word' id='word_1_398' title='bbox 991 5162 1050 5216; x_wconf 89' lang='lat' dir='ltr'>in</span> <span class='ocrx_word' id='word_1_399' title='bbox 1066 5166 1184 5216; x_wconf 90' lang='lat' dir='ltr'>tam</span> <span class='ocrx_word' id='word_1_400' title='bbox 1203 5160 1402 5216; x_wconf 92' lang='lat' dir='ltr'>multis</span> <span class='ocrx_word' id='word_1_401' title='bbox 1415 5159 1720 5231; x_wconf 90' lang='lat' dir='ltr'>opusculis</span> <span class='ocrx_word' id='word_1_402' title='bbox 1736 5160 1882 5214; x_wconf 89' lang='lat' dir='ltr'>meis</span> 
     </span>
    </p>
   </div>
   <div class='ocr_carea' id='block_1_58' title="bbox 281 5282 1878 5392">
    <p class='ocr_par' dir='ltr' id='par_1_58' title="bbox 281 5282 1878 5392">
     <span class='ocr_line' id='line_1_58' title="bbox 281 5282 1878 5338; baseline -0.001 -7"><span class='ocrx_word' id='word_1_403' title='bbox 281 5285 296 5315; x_wconf 87' lang='grc'>¹</span> <span class='ocrx_word' id='word_1_404' title='bbox 335 5282 483 5332; x_wconf 91' lang='lat' dir='ltr'>Unus</span> <span class='ocrx_word' id='word_1_405' title='bbox 504 5297 549 5331; x_wconf 90' lang='lat' dir='ltr'>e.</span> <span class='ocrx_word' id='word_1_406' title='bbox 569 5283 739 5332; x_wconf 87' lang='lat' dir='ltr'>Vatic.</span> <span class='ocrx_word' id='word_1_407' title='bbox 763 5283 908 5338; x_wconf 89' lang='lat' dir='ltr'>Mss.,</span> <span class='ocrx_word' id='word_1_408' title='bbox 947 5283 1252 5332; x_wconf 72' lang='lat' dir='ltr'>Maurensis.</span> <span class='ocrx_word' id='word_1_409' title='bbox 1281 5284 1425 5332; x_wconf 88' lang='lat' dir='ltr'>Alter</span> <span class='ocrx_word' id='word_1_410' title='bbox 1448 5284 1567 5332; x_wconf 85' lang='lat' dir='ltr'>Vat.</span> <span class='ocrx_word' id='word_1_411' title='bbox 1624 5286 1675 5331; x_wconf 89' lang='lat' dir='ltr'><strong><em>et</em></strong></span> <span class='ocrx_word' id='word_1_412' title='bbox 1699 5282 1878 5331; x_wconf 88' lang='lat' dir='ltr'>Gallic.</span> 
     </span>
     <span class='ocr_line' id='line_1_59' title="bbox 281 5345 1566 5392; baseline 0 0"><span class='ocrx_word' id='word_1_413' title='bbox 281 5348 470 5392; x_wconf 85' lang='lat' dir='ltr'>latuor.</span> <span class='ocrx_word' id='word_1_414' title='bbox 511 5345 788 5392; x_wconf 78' lang='lat' dir='ltr'>Murensis.</span> <span class='ocrx_word' id='word_1_415' title='bbox 817 5347 915 5392; x_wconf 86' lang='lat' dir='ltr'>Alii</span> <span class='ocrx_word' id='word_1_416' title='bbox 944 5347 1050 5392; x_wconf 91' lang='lat' dir='ltr'>duo</span> <span class='ocrx_word' id='word_1_417' title='bbox 1089 5347 1292 5392; x_wconf 83' lang='lat' dir='ltr'>Gallic..</span> <span class='ocrx_word' id='word_1_418' title='bbox 1323 5345 1566 5392; x_wconf 79' lang='lat' dir='ltr'>Min-usis.</span> 
     </span>
    </p>
   </div>
   <div class='ocr_carea' id='block_1_59' title="bbox 219 5345 1878 5468">
    <p class='ocr_par' dir='ltr' id='par_1_59' title="bbox 219 5345 1878 5468">
     <span class='ocr_line' id='line_1_60' title="bbox 219 5345 1566 5409; baseline 0 -17"><span class='ocrx_word' id='word_1_419' title='bbox 219 5348 470 5409; x_wconf 89' lang='lat' dir='ltr'>quatuor,</span> <span class='ocrx_word' id='word_1_420' title='bbox 511 5345 788 5395; x_wconf 78' lang='lat' dir='ltr'>Murensis.</span> <span class='ocrx_word' id='word_1_421' title='bbox 817 5347 915 5394; x_wconf 88' lang='lat' dir='ltr'>Alii</span> <span class='ocrx_word' id='word_1_422' title='bbox 944 5347 1050 5395; x_wconf 93' lang='lat' dir='ltr'>duo</span> <span class='ocrx_word' id='word_1_423' title='bbox 1089 5347 1292 5405; x_wconf 88' lang='lat' dir='ltr'>Gallic.,</span> <span class='ocrx_word' id='word_1_424' title='bbox 1323 5345 1566 5394; x_wconf 76' lang='lat' dir='ltr'>Min-usis.</span> 
     </span>
     <span class='ocr_line' id='line_1_61' title="bbox 282 5407 1878 5468; baseline 0 -14"><span class='ocrx_word' id='word_1_425' title='bbox 282 5409 313 5438; x_wconf 78' lang='grc'>¹¹</span> <span class='ocrx_word' id='word_1_426' title='bbox 347 5408 481 5456; x_wconf 83' lang='lat' dir='ltr'>Huic</span> <span class='ocrx_word' id='word_1_427' title='bbox 499 5408 864 5457; x_wconf 77' lang='lat' dir='ltr'>cmaculandm</span> <span class='ocrx_word' id='word_1_428' title='bbox 889 5407 1416 5468; x_wconf 66' lang='lat' dir='ltr'>adhibitisuntabg.</span> <span class='ocrx_word' id='word_1_429' title='bbox 1444 5407 1512 5456; x_wconf 92' lang='lat' dir='ltr'>bl.</span> <span class='ocrx_word' id='word_1_430' title='bbox 1534 5407 1683 5455; x_wconf 88' lang='lat' dir='ltr'>bn.c.</span> <span class='ocrx_word' id='word_1_431' title='bbox 1701 5420 1776 5456; x_wconf 89' lang='lat' dir='ltr'>cc.</span> <span class='ocrx_word' id='word_1_432' title='bbox 1796 5407 1878 5454; x_wconf 90' lang='lat' dir='ltr'>cb.</span> 
     </span>
    </p>
   </div>
   <div class='ocr_carea' id='block_1_60' title="bbox 221 5469 1884 5532">
    <p class='ocr_par' dir='ltr' id='par_1_60' title="bbox 221 5469 1884 5532">
     <span class='ocr_line' id='line_1_62' title="bbox 221 5469 1884 5532; baseline -0.001 -14"><span class='ocrx_word' id='word_1_433' title='bbox 221 5469 277 5518; x_wconf 73' lang='grc' dir='ltr'>α.</span> <span class='ocrx_word' id='word_1_434' title='bbox 306 5482 357 5532; x_wconf 90' lang='lat' dir='ltr'>g.</span> <span class='ocrx_word' id='word_1_435' title='bbox 387 5483 579 5532; x_wconf 81' lang='lat' dir='ltr'>gg.gv.</span> <span class='ocrx_word' id='word_1_436' title='bbox 617 5485 668 5518; x_wconf 83' lang='grc' dir='ltr'>η.</span> <span class='ocrx_word' id='word_1_437' title='bbox 698 5486 738 5519; x_wconf 89' lang='lat' dir='ltr'>r.</span> <span class='ocrx_word' id='word_1_438' title='bbox 759 5471 914 5520; x_wconf 85' lang='lat' dir='ltr'>s.duo</span> <span class='ocrx_word' id='word_1_439' title='bbox 951 5485 996 5520; x_wconf 89' lang='lat' dir='ltr'>e.</span> <span class='ocrx_word' id='word_1_440' title='bbox 1029 5472 1136 5521; x_wconf 91' lang='lat' dir='ltr'>duo</span> <span class='ocrx_word' id='word_1_441' title='bbox 1162 5471 1240 5520; x_wconf 91' lang='lat' dir='ltr'>sb.</span> <span class='ocrx_word' id='word_1_442' title='bbox 1268 5470 1374 5518; x_wconf 91' lang='lat' dir='ltr'>duo</span> <span class='ocrx_word' id='word_1_443' title='bbox 1410 5473 1444 5517; x_wconf 91' lang='lat' dir='ltr'>t.</span> <span class='ocrx_word' id='word_1_444' title='bbox 1474 5469 1582 5518; x_wconf 88' lang='lat' dir='ltr'>duo</span> <span class='ocrx_word' id='word_1_445' title='bbox 1615 5483 1696 5517; x_wconf 92' lang='lat' dir='ltr'>vc.</span> <span class='ocrx_word' id='word_1_446' title='bbox 1730 5470 1884 5532; x_wconf 86' lang='lat' dir='ltr'>quin-</span> 
     </span>
    </p>
   </div>
   <div class='ocr_carea' id='block_1_61' title="bbox 222 5533 1001 5595">
    <p class='ocr_par' dir='ltr' id='par_1_61' title="bbox 222 5533 1001 5595">
     <span class='ocr_line' id='line_1_63' title="bbox 222 5533 1001 5595; baseline 0.009 -16"><span class='ocrx_word' id='word_1_447' title='bbox 222 5545 328 5595; x_wconf 88' lang='lat' dir='ltr'>que</span> <span class='ocrx_word' id='word_1_448' title='bbox 361 5547 410 5580; x_wconf 92' lang='lat' dir='ltr'>v.</span> <span class='ocrx_word' id='word_1_449' title='bbox 433 5537 560 5595; x_wconf 78' lang='lat' dir='ltr'>Am.</span> <span class='ocrx_word' id='word_1_450' title='bbox 601 5533 724 5582; x_wconf 83' lang='lat' dir='ltr'>Bad.</span> <span class='ocrx_word' id='word_1_451' title='bbox 755 5534 836 5582; x_wconf 86' lang='lat' dir='ltr'>Er.</span> <span class='ocrx_word' id='word_1_452' title='bbox 871 5535 1001 5586; x_wconf 85' lang='lat' dir='ltr'>Lov.</span> 
     </span>
    </p>
   </div>
   <div class='ocr_carea' id='block_1_62' title="bbox 284 5593 1879 5658">
    <p class='ocr_par' dir='ltr' id='par_1_62' title="bbox 284 5593 1879 5658">
     <span class='ocr_line' id='line_1_64' title="bbox 284 5593 1879 5658; baseline 0.002 -18"><span class='ocrx_word' id='word_1_453' title='bbox 284 5595 359 5653; x_wconf 89' lang='lat' dir='ltr'>(a)</span> <span class='ocrx_word' id='word_1_454' title='bbox 387 5593 527 5658; x_wconf 81' lang='lat' dir='ltr'>Alias</span> <span class='ocrx_word' id='word_1_455' title='bbox 552 5596 636 5643; x_wconf 77' lang='grc'>157</span> <span class='ocrx_word' id='word_1_456' title='bbox 661 5611 672 5641; x_wconf 93' lang='lat'>:</span> <span class='ocrx_word' id='word_1_457' title='bbox 705 5607 824 5658; x_wconf 68' lang='lat' dir='ltr'>quae</span> <span class='ocrx_word' id='word_1_458' title='bbox 864 5599 1043 5645; x_wconf 87' lang='lat' dir='ltr'>autem</span> <span class='ocrx_word' id='word_1_459' title='bbox 1067 5597 1155 5644; x_wconf 86' lang='grc'>190</span> <span class='ocrx_word' id='word_1_460' title='bbox 1174 5598 1302 5648; x_wconf 87' lang='lat' dir='ltr'>erat.</span> <span class='ocrx_word' id='word_1_461' title='bbox 1323 5607 1468 5643; x_wconf 90' lang='lat' dir='ltr'>nunc</span> <span class='ocrx_word' id='word_1_462' title='bbox 1499 5594 1552 5643; x_wconf 93' lang='lat' dir='ltr'>in</span> <span class='ocrx_word' id='word_1_463' title='bbox 1572 5593 1879 5658; x_wconf 85' lang='lat' dir='ltr'>Appendice</span> 
     </span>
    </p>
   </div>
   <div class='ocr_carea' id='block_1_63' title="bbox 222 5657 1502 5726">
    <p class='ocr_par' dir='ltr' id='par_1_63' title="bbox 222 5657 1502 5726">
     <span class='ocr_line' id='line_1_65' title="bbox 222 5657 1502 5726; baseline 0.004 -21"><span class='ocrx_word' id='word_1_464' title='bbox 222 5660 305 5710; x_wconf 86' lang='lat' dir='ltr'>est</span> <span class='ocrx_word' id='word_1_465' title='bbox 337 5659 390 5713; x_wconf 85' lang='lat'>9.</span> <span class='ocrx_word' id='word_1_466' title='bbox 423 5657 629 5726; x_wconf 88' lang='lat' dir='ltr'>Scripta</span> <span class='ocrx_word' id='word_1_467' title='bbox 657 5657 820 5725; x_wconf 77' lang='lat' dir='ltr'>paulo</span> <span class='ocrx_word' id='word_1_468' title='bbox 852 5662 972 5724; x_wconf 84' lang='lat' dir='ltr'>post</span> <span class='ocrx_word' id='word_1_469' title='bbox 1004 5659 1242 5714; x_wconf 83' lang='lat' dir='ltr'>medium</span> <span class='ocrx_word' id='word_1_470' title='bbox 1272 5670 1358 5710; x_wconf 85' lang='lat' dir='ltr'>an.</span> <span class='ocrx_word' id='word_1_471' title='bbox 1392 5658 1502 5711; x_wconf 73' lang='grc'>418.</span> 
     </span>
    </p>
   </div>
   <div class='ocr_carea' id='block_1_64' title="bbox 1492 165 2441 230">
    <p class='ocr_par' dir='ltr' id='par_1_64' title="bbox 1492 165 2441 230">
     <span class='ocr_line' id='line_1_66' title="bbox 1492 165 2441 230; baseline 0.005 -8"><span class='ocrx_word' id='word_1_472' title='bbox 1492 165 1995 225; x_wconf 81' lang='lat' dir='ltr'>EPISTOLARUM</span> <span class='ocrx_word' id='word_1_473' title='bbox 2024 170 2314 230; x_wconf 84' lang='lat' dir='ltr'>CLASSIS</span> <span class='ocrx_word' id='word_1_474' title='bbox 2343 173 2441 228; x_wconf 80' lang='grc' dir='ltr'>ΙΙΙ.</span> 
     </span>
    </p>
   </div>
   <div class='ocr_carea' id='block_1_65' title="bbox 3550 171 3655 225">
    <p class='ocr_par' dir='ltr' id='par_1_65' title="bbox 3550 171 3655 225">
     <span class='ocr_line' id='line_1_67' title="bbox 3550 171 3655 225; baseline 0 0"><span class='ocrx_word' id='word_1_475' title='bbox 3550 171 3655 225; x_wconf 81' lang='grc'>858</span> 
     </span>
    </p>
   </div>
   <div class='ocr_carea' id='block_1_66' title="bbox 2007 288 3670 370">
    <p class='ocr_par' dir='ltr' id='par_1_66' title="bbox 2007 288 3670 370">
     <span class='ocr_line' id='line_1_68' title="bbox 2007 288 3670 370; baseline 0 -19"><span class='ocrx_word' id='word_1_476' title='bbox 2007 288 2324 370; x_wconf 86' lang='lat' dir='ltr'>nunquam</span> <span class='ocrx_word' id='word_1_477' title='bbox 2350 315 2444 355; x_wconf 90' lang='lat' dir='ltr'>me</span> <span class='ocrx_word' id='word_1_478' title='bbox 2461 298 2639 355; x_wconf 88' lang='lat' dir='ltr'>fuisse</span> <span class='ocrx_word' id='word_1_479' title='bbox 2656 311 2872 353; x_wconf 89' lang='lat' dir='ltr'>ausum</span> <span class='ocrx_word' id='word_1_480' title='bbox 2887 295 2961 350; x_wconf 91' lang='lat' dir='ltr'>de</span> <span class='ocrx_word' id='word_1_481' title='bbox 2977 294 3090 350; x_wconf 90' lang='lat' dir='ltr'>hac</span> <span class='ocrx_word' id='word_1_482' title='bbox 3114 295 3448 367; x_wconf 77' lang='lat' dir='ltr'>quaestione</span> <span class='ocrx_word' id='word_1_483' title='bbox 3461 294 3670 351; x_wconf 86' lang='lat' dir='ltr'>deﬁni-</span> 
     </span>
    </p>
   </div>
   <div class='ocr_carea' id='block_1_67' title="bbox 2003 383 3668 458">
    <p class='ocr_par' dir='ltr' id='par_1_67' title="bbox 2003 383 3668 458">
     <span class='ocr_line' id='line_1_69' title="bbox 2003 383 3668 458; baseline -0.002 -16"><span class='ocrx_word' id='word_1_484' title='bbox 2003 391 2122 442; x_wconf 88' lang='lat' dir='ltr'>tam</span> <span class='ocrx_word' id='word_1_485' title='bbox 2147 388 2410 458; x_wconf 85' lang='lat' dir='ltr'>proferre</span> <span class='ocrx_word' id='word_1_486' title='bbox 2423 387 2859 447; x_wconf 87' lang='lat' dir='ltr'>sententiam,et</span> <span class='ocrx_word' id='word_1_487' title='bbox 2880 385 2960 439; x_wconf 89' lang='lat' dir='ltr'>im</span> <span class='ocrx_word' id='word_1_488' title='bbox 2972 383 3668 455; x_wconf 84' lang='lat' dir='ltr'>pudenterreferreinlit-</span> 
     </span>
    </p>
   </div>
   <div class='ocr_carea' id='block_1_68' title="bbox 2006 472 3664 545">
    <p class='ocr_par' dir='ltr' id='par_1_68' title="bbox 2006 472 3664 545">
     <span class='ocr_line' id='line_1_70' title="bbox 2006 472 3664 545; baseline -0.001 -15"><span class='ocrx_word' id='word_1_489' title='bbox 2006 479 2161 531; x_wconf 90' lang='lat' dir='ltr'>teras</span> <span class='ocrx_word' id='word_1_490' title='bbox 2177 476 2253 532; x_wconf 88' lang='lat' dir='ltr'>ad</span> <span class='ocrx_word' id='word_1_491' title='bbox 2271 477 2419 532; x_wconf 88' lang='lat' dir='ltr'>alios</span> <span class='ocrx_word' id='word_1_492' title='bbox 2440 473 3037 545; x_wconf 82' lang='lat' dir='ltr'>informandos,quod</span> <span class='ocrx_word' id='word_1_493' title='bbox 3064 472 3228 542; x_wconf 90' lang='lat' dir='ltr'>apud</span> <span class='ocrx_word' id='word_1_494' title='bbox 3249 488 3342 527; x_wconf 91' lang='lat' dir='ltr'>me</span> <span class='ocrx_word' id='word_1_495' title='bbox 3357 488 3477 527; x_wconf 92' lang='lat' dir='ltr'>non</span> <span class='ocrx_word' id='word_1_496' title='bbox 3492 472 3664 529; x_wconf 89' lang='lat' dir='ltr'>fuerit</span> 
     </span>
    </p>
   </div>
   <div class='ocr_carea' id='block_1_69' title="bbox 2001 564 3660 635">
    <p class='ocr_par' dir='ltr' id='par_1_69' title="bbox 2001 564 3660 635">
     <span class='ocr_line' id='line_1_71' title="bbox 2001 564 3660 635; baseline -0.001 -17"><span class='ocrx_word' id='word_1_497' title='bbox 2001 564 2386 635; x_wconf 88' lang='lat' dir='ltr'>explicatum.</span> <span class='ocrx_word' id='word_1_498' title='bbox 2406 567 2673 630; x_wconf 87' lang='lat' dir='ltr'>Quarum</span> <span class='ocrx_word' id='word_1_499' title='bbox 2689 569 2890 620; x_wconf 88' lang='lat' dir='ltr'>autem</span> <span class='ocrx_word' id='word_1_500' title='bbox 2921 578 3120 616; x_wconf 89' lang='lat' dir='ltr'>rerum</span> <span class='ocrx_word' id='word_1_501' title='bbox 3142 566 3322 631; x_wconf 90' lang='lat' dir='ltr'>atque</span> <span class='ocrx_word' id='word_1_502' title='bbox 3339 577 3660 616; x_wconf 87' lang='lat' dir='ltr'>causarum</span> 
     </span>
    </p>
   </div>
   <div class='ocr_carea' id='block_1_70' title="bbox 2003 650 3662 724">
    <p class='ocr_par' dir='ltr' id='par_1_70' title="bbox 2003 650 3662 724">
     <span class='ocr_line' id='line_1_72' title="bbox 2003 650 3662 724; baseline -0.001 -16"><span class='ocrx_word' id='word_1_503' title='bbox 2003 653 2479 710; x_wconf 82' lang='lat' dir='ltr'>consideratione</span> <span class='ocrx_word' id='word_1_504' title='bbox 2510 669 2883 724; x_wconf 88' lang='lat' dir='ltr'>pcrmovear,</span> <span class='ocrx_word' id='word_1_505' title='bbox 2916 655 2978 706; x_wconf 82' lang='lat' dir='ltr'>ut</span> <span class='ocrx_word' id='word_1_506' title='bbox 3008 651 3066 705; x_wconf 93' lang='lat' dir='ltr'>in</span> <span class='ocrx_word' id='word_1_507' title='bbox 3101 655 3374 706; x_wconf 87' lang='lat' dir='ltr'>neutram</span> <span class='ocrx_word' id='word_1_508' title='bbox 3390 650 3662 707; x_wconf 89' lang='lat' dir='ltr'>assertio-</span> 
     </span>
    </p>
   </div>
   <div class='ocr_carea' id='block_1_71' title="bbox 2002 739 3661 808">
    <p class='ocr_par' dir='ltr' id='par_1_71' title="bbox 2002 739 3661 808">
     <span class='ocr_line' id='line_1_73' title="bbox 2002 739 3661 808; baseline -0.002 -11"><span class='ocrx_word' id='word_1_509' title='bbox 2002 758 2138 797; x_wconf 90' lang='lat' dir='ltr'>nem</span> <span class='ocrx_word' id='word_1_510' title='bbox 2188 759 2356 799; x_wconf 90' lang='lat' dir='ltr'>meus</span> <span class='ocrx_word' id='word_1_511' title='bbox 2406 743 2721 798; x_wconf 88' lang='lat' dir='ltr'>inclinetur</span> <span class='ocrx_word' id='word_1_512' title='bbox 2780 757 3088 808; x_wconf 86' lang='lat' dir='ltr'>assensus,</span> <span class='ocrx_word' id='word_1_513' title='bbox 3119 739 3226 794; x_wconf 89' lang='lat' dir='ltr'>sed</span> <span class='ocrx_word' id='word_1_514' title='bbox 3280 739 3478 794; x_wconf 88' lang='lat' dir='ltr'>adhuc</span> <span class='ocrx_word' id='word_1_515' title='bbox 3512 740 3661 794; x_wconf 91' lang='lat' dir='ltr'>inter</span> 
     </span>
    </p>
   </div>
   <div class='ocr_carea' id='block_1_72' title="bbox 2003 827 3661 904">
    <p class='ocr_par' dir='ltr' id='par_1_72' title="bbox 2003 827 3661 904">
     <span class='ocr_line' id='line_1_74' title="bbox 2003 827 3661 904; baseline 0 -20"><span class='ocrx_word' id='word_1_516' title='bbox 2003 835 2317 903; x_wconf 89' lang='lat' dir='ltr'>utramque</span> <span class='ocrx_word' id='word_1_517' title='bbox 2332 832 2682 904; x_wconf 87' lang='lat' dir='ltr'>disceptem,</span> <span class='ocrx_word' id='word_1_518' title='bbox 2703 831 2879 885; x_wconf 90' lang='lat' dir='ltr'>nimis</span> <span class='ocrx_word' id='word_1_519' title='bbox 2894 829 3140 898; x_wconf 87' lang='lat' dir='ltr'>longum</span> <span class='ocrx_word' id='word_1_520' title='bbox 3155 833 3242 882; x_wconf 85' lang='lat' dir='ltr'>est</span> <span class='ocrx_word' id='word_1_521' title='bbox 3266 827 3379 883; x_wconf 89' lang='lat' dir='ltr'>hac</span> <span class='ocrx_word' id='word_1_522' title='bbox 3411 828 3661 898; x_wconf 88' lang='lat' dir='ltr'>epistola</span> 
     </span>
    </p>
   </div>
   <div class='ocr_carea' id='block_1_73' title="bbox 2003 915 3660 992">
    <p class='ocr_par' dir='ltr' id='par_1_73' title="bbox 2003 915 3660 992">
     <span class='ocr_line' id='line_1_75' title="bbox 2003 915 3660 992; baseline -0.001 -18"><span class='ocrx_word' id='word_1_523' title='bbox 2003 935 2384 992; x_wconf 83' lang='lat' dir='ltr'>expromere;</span> <span class='ocrx_word' id='word_1_524' title='bbox 2412 937 2518 976; x_wconf 90' lang='lat' dir='ltr'>nec</span> <span class='ocrx_word' id='word_1_525' title='bbox 2534 927 2654 976; x_wconf 90' lang='lat' dir='ltr'>tam</span> <span class='ocrx_word' id='word_1_526' title='bbox 2670 915 3289 985; x_wconf 88' lang='lat' dir='ltr'>necessarium,uthoc</span> <span class='ocrx_word' id='word_1_527' title='bbox 3304 917 3524 970; x_wconf 90' lang='lat' dir='ltr'>omisso</span> <span class='ocrx_word' id='word_1_528' title='bbox 3540 931 3660 972; x_wconf 90' lang='lat' dir='ltr'>non</span> 
     </span>
    </p>
   </div>
   <div class='ocr_carea' id='block_1_74' title="bbox 2003 1005 3652 1082">
    <p class='ocr_par' dir='ltr' id='par_1_74' title="bbox 2003 1005 3652 1082">
     <span class='ocr_line' id='line_1_76' title="bbox 2003 1005 3652 1082; baseline -0.003 -18"><span class='ocrx_word' id='word_1_529' title='bbox 2003 1010 2193 1080; x_wconf 91' lang='lat' dir='ltr'>possit</span> <span class='ocrx_word' id='word_1_530' title='bbox 2222 1011 2296 1066; x_wconf 91' lang='lat' dir='ltr'>de</span> <span class='ocrx_word' id='word_1_531' title='bbox 2327 1011 2438 1067; x_wconf 88' lang='lat' dir='ltr'>hac</span> <span class='ocrx_word' id='word_1_532' title='bbox 2463 1010 2795 1082; x_wconf 74' lang='lat' dir='ltr'>quaestione</span> <span class='ocrx_word' id='word_1_533' title='bbox 2823 1007 2988 1079; x_wconf 88' lang='lat' dir='ltr'>quod</span> <span class='ocrx_word' id='word_1_534' title='bbox 3013 1005 3154 1062; x_wconf 79' lang='lat' dir='ltr'>satis</span> <span class='ocrx_word' id='word_1_535' title='bbox 3210 1009 3301 1060; x_wconf 89' lang='lat' dir='ltr'>est</span> <span class='ocrx_word' id='word_1_536' title='bbox 3342 1005 3652 1076; x_wconf 90' lang='lat' dir='ltr'>disputari,</span> 
     </span>
    </p>
   </div>
   <div class='ocr_carea' id='block_1_75' title="bbox 2002 1094 3656 1162">
    <p class='ocr_par' dir='ltr' id='par_1_75' title="bbox 2002 1094 3656 1162">
     <span class='ocr_line' id='line_1_77' title="bbox 2002 1094 3656 1162; baseline -0.003 -9"><span class='ocrx_word' id='word_1_537' title='bbox 2002 1099 2107 1154; x_wconf 92' lang='lat' dir='ltr'>etsi</span> <span class='ocrx_word' id='word_1_538' title='bbox 2142 1115 2259 1154; x_wconf 89' lang='lat' dir='ltr'>non</span> <span class='ocrx_word' id='word_1_539' title='bbox 2320 1100 2397 1155; x_wconf 89' lang='lat' dir='ltr'>ad</span> <span class='ocrx_word' id='word_1_540' title='bbox 2433 1098 2823 1156; x_wconf 84' lang='lat' dir='ltr'>auferendam</span> <span class='ocrx_word' id='word_1_541' title='bbox 2864 1095 3327 1162; x_wconf 89' lang='lat' dir='ltr'>cunctationem,</span> <span class='ocrx_word' id='word_1_542' title='bbox 3379 1100 3534 1149; x_wconf 87' lang='lat' dir='ltr'>certe</span> <span class='ocrx_word' id='word_1_543' title='bbox 3579 1094 3656 1149; x_wconf 89' lang='lat' dir='ltr'>ad</span> 
     </span>
    </p>
   </div>
   <div class='ocr_carea' id='block_1_76' title="bbox 2001 1188 2779 1244">
    <p class='ocr_par' dir='ltr' id='par_1_76' title="bbox 2001 1188 2779 1244">
     <span class='ocr_line' id='line_1_78' title="bbox 2001 1188 2779 1244; baseline -0.004 -2"><span class='ocrx_word' id='word_1_544' title='bbox 2001 1188 2334 1243; x_wconf 85' lang='lat' dir='ltr'>cavendam</span> <span class='ocrx_word' id='word_1_545' title='bbox 2370 1189 2779 1244; x_wconf 86' lang='lat' dir='ltr'>temeritatem.</span> 
     </span>
    </p>
   </div>
   <div class='ocr_carea' id='block_1_77' title="bbox 2072 1269 3656 1332">
    <p class='ocr_par' dir='ltr' id='par_1_77' title="bbox 2072 1269 3656 1332">
     <span class='ocr_line' id='line_1_79' title="bbox 2072 1269 3656 1332; baseline -0.003 -1"><span class='ocrx_word' id='word_1_546' title='bbox 2072 1279 2121 1331; x_wconf 88' lang='lat'>3.</span> <span class='ocrx_word' id='word_1_547' title='bbox 2160 1275 2310 1331; x_wconf 86' lang='lat' dir='ltr'>Illud</span> <span class='ocrx_word' id='word_1_548' title='bbox 2373 1278 2530 1332; x_wconf 89' lang='lat' dir='ltr'>enim</span> <span class='ocrx_word' id='word_1_549' title='bbox 2585 1276 2684 1331; x_wconf 93' lang='lat' dir='ltr'>ubi</span> <span class='ocrx_word' id='word_1_550' title='bbox 2715 1276 2804 1330; x_wconf 89' lang='lat' dir='ltr'>vel</span> <span class='ocrx_word' id='word_1_551' title='bbox 2845 1273 3107 1328; x_wconf 88' lang='lat' dir='ltr'>maxime</span> <span class='ocrx_word' id='word_1_552' title='bbox 3138 1272 3285 1326; x_wconf 87' lang='lat' dir='ltr'>ﬁdes</span> <span class='ocrx_word' id='word_1_553' title='bbox 3327 1269 3656 1327; x_wconf 88' lang='lat' dir='ltr'>christiana</span> 
     </span>
    </p>
   </div>
   <div class='ocr_carea' id='block_1_78' title="bbox 1999 1361 3651 1437">
    <p class='ocr_par' dir='ltr' id='par_1_78' title="bbox 1999 1361 3651 1437">
     <span class='ocr_line' id='line_1_80' title="bbox 1999 1361 3651 1437; baseline -0.003 -17"><span class='ocrx_word' id='word_1_554' title='bbox 1999 1365 2454 1437; x_wconf 89' lang='lat' dir='ltr'>consistit,quod</span> <span class='ocrx_word' id='word_1_555' title='bbox 2489 1367 2604 1422; x_wconf 83' lang='lat' dir='ltr'>Per</span> <span class='ocrx_word' id='word_1_556' title='bbox 2632 1365 2921 1422; x_wconf 86' lang='lat' dir='ltr'>hominem</span> <span class='ocrx_word' id='word_1_557' title='bbox 2953 1378 3107 1418; x_wconf 89' lang='lat' dir='ltr'>mors</span> <span class='ocrx_word' id='word_1_558' title='bbox 3139 1370 3191 1417; x_wconf 90' lang='lat' dir='ltr'>et</span> <span class='ocrx_word' id='word_1_559' title='bbox 3215 1377 3325 1430; x_wconf 86' lang='lat' dir='ltr'>per</span> <span class='ocrx_word' id='word_1_560' title='bbox 3359 1361 3651 1416; x_wconf 83' lang='lat' dir='ltr'>hominem</span> 
     </span>
    </p>
   </div>
   <div class='ocr_carea' id='block_1_79' title="bbox 1999 1451 3654 1510">
    <p class='ocr_par' dir='ltr' id='par_1_79' title="bbox 1999 1451 3654 1510">
     <span class='ocr_line' id='line_1_81' title="bbox 1999 1451 3654 1510; baseline -0.004 0"><span class='ocrx_word' id='word_1_561' title='bbox 1999 1454 2351 1510; x_wconf 85' lang='lat' dir='ltr'>resurrectio</span> <span class='ocrx_word' id='word_1_562' title='bbox 2379 1461 2742 1510; x_wconf 84' lang='lat' dir='ltr'>mortuorum</span> <span class='ocrx_word' id='word_1_563' title='bbox 2764 1473 2783 1509; x_wconf 92' lang='lat'><em>:</em></span> <span class='ocrx_word' id='word_1_564' title='bbox 2808 1453 2958 1507; x_wconf 82' lang='lat' dir='ltr'>sicut</span> <span class='ocrx_word' id='word_1_565' title='bbox 2985 1451 3136 1507; x_wconf 87' lang='lat' dir='ltr'>enim</span> <span class='ocrx_word' id='word_1_566' title='bbox 3163 1451 3225 1506; x_wconf 88' lang='lat' dir='ltr'>in</span> <span class='ocrx_word' id='word_1_567' title='bbox 3246 1451 3438 1505; x_wconf 81' lang='lat' dir='ltr'>Adam</span> <span class='ocrx_word' id='word_1_568' title='bbox 3461 1465 3654 1506; x_wconf 88' lang='lat' dir='ltr'>omnes</span> 
     </span>
    </p>
   </div>
   <div class='ocr_carea' id='block_1_80' title="bbox 1999 1538 3654 1608">
    <p class='ocr_par' dir='ltr' id='par_1_80' title="bbox 1999 1538 3654 1608">
     <span class='ocr_line' id='line_1_82' title="bbox 1999 1538 3654 1608; baseline -0.004 -11"><span class='ocrx_word' id='word_1_569' title='bbox 1999 1545 2366 1608; x_wconf 83' lang='lat' dir='ltr'>moriuntur,</span> <span class='ocrx_word' id='word_1_570' title='bbox 2399 1543 2486 1598; x_wconf 89' lang='lat' dir='ltr'>ita</span> <span class='ocrx_word' id='word_1_571' title='bbox 2527 1549 2579 1598; x_wconf 89' lang='lat' dir='ltr'>et</span> <span class='ocrx_word' id='word_1_572' title='bbox 2620 1543 2852 1598; x_wconf 82' lang='lat' dir='ltr'>Christo</span> <span class='ocrx_word' id='word_1_573' title='bbox 2879 1555 3076 1595; x_wconf 88' lang='lat' dir='ltr'>omnes</span> <span class='ocrx_word' id='word_1_574' title='bbox 3125 1539 3578 1606; x_wconf 83' lang='lat' dir='ltr'>viviﬁcabuntur</span> <span class='ocrx_word' id='word_1_575' title='bbox 3610 1538 3654 1607; x_wconf 91' lang='grc' dir='ltr'>(Ι</span> 
     </span>
    </p>
   </div>
   <div class='ocr_carea' id='block_1_81' title="bbox 2000 1628 3656 1702">
    <p class='ocr_par' dir='ltr' id='par_1_81' title="bbox 2000 1628 3656 1702">
     <span class='ocr_line' id='line_1_83' title="bbox 2000 1628 3656 1702; baseline -0.004 -16"><span class='ocrx_word' id='word_1_576' title='bbox 2000 1630 2128 1687; x_wconf 85' lang='lat' dir='ltr'>Cor.</span> <span class='ocrx_word' id='word_1_577' title='bbox 2157 1647 2256 1700; x_wconf 86' lang='lat' dir='ltr'>xv,</span> <span class='ocrx_word' id='word_1_578' title='bbox 2288 1635 2374 1696; x_wconf 83' lang='lat' dir='ltr'>2t,</span> <span class='ocrx_word' id='word_1_579' title='bbox 2409 1630 2500 1698; x_wconf 75' lang='lat'>2&#39;2)</span> <span class='ocrx_word' id='word_1_580' title='bbox 2525 1647 2538 1695; x_wconf 92' lang='lat'><strong>;</strong></span> <span class='ocrx_word' id='word_1_581' title='bbox 2566 1637 2621 1686; x_wconf 89' lang='lat' dir='ltr'>et</span> <span class='ocrx_word' id='word_1_582' title='bbox 2649 1631 2814 1702; x_wconf 91' lang='lat' dir='ltr'>quod</span> <span class='ocrx_word' id='word_1_583' title='bbox 2845 1632 2963 1684; x_wconf 87' lang='lat' dir='ltr'>Per</span> <span class='ocrx_word' id='word_1_584' title='bbox 2988 1644 3172 1683; x_wconf 85' lang='lat' dir='ltr'>unum</span> <span class='ocrx_word' id='word_1_585' title='bbox 3203 1628 3495 1682; x_wconf 86' lang='lat' dir='ltr'>hominem</span> <span class='ocrx_word' id='word_1_586' title='bbox 3523 1641 3656 1694; x_wconf 78' lang='lat' dir='ltr'>pec-</span> 
     </span>
    </p>
   </div>
   <div class='ocr_carea' id='block_1_82' title="bbox 1999 1717 3654 1785">
    <p class='ocr_par' dir='ltr' id='par_1_82' title="bbox 1999 1717 3654 1785">
     <span class='ocr_line' id='line_1_84' title="bbox 1999 1717 3654 1785; baseline -0.004 -10"><span class='ocrx_word' id='word_1_587' title='bbox 1999 1725 2190 1775; x_wconf 87' lang='lat' dir='ltr'>catum</span> <span class='ocrx_word' id='word_1_588' title='bbox 2221 1719 2284 1775; x_wconf 89' lang='lat' dir='ltr'>in</span> <span class='ocrx_word' id='word_1_589' title='bbox 2328 1720 2488 1776; x_wconf 83' lang='lat' dir='ltr'>hunc</span> <span class='ocrx_word' id='word_1_590' title='bbox 2513 1720 2795 1775; x_wconf 85' lang='lat' dir='ltr'>mundum</span> <span class='ocrx_word' id='word_1_591' title='bbox 2829 1717 3104 1784; x_wconf 86' lang='lat' dir='ltr'>intravit,</span> <span class='ocrx_word' id='word_1_592' title='bbox 3136 1722 3191 1772; x_wconf 88' lang='lat' dir='ltr'>et</span> <span class='ocrx_word' id='word_1_593' title='bbox 3209 1731 3320 1785; x_wconf 87' lang='lat' dir='ltr'>per</span> <span class='ocrx_word' id='word_1_594' title='bbox 3343 1721 3654 1783; x_wconf 85' lang='lat' dir='ltr'>peccatum</span> 
     </span>
    </p>
   </div>
   <div class='ocr_carea' id='block_1_83' title="bbox 1997 1803 3654 1875">
    <p class='ocr_par' dir='ltr' id='par_1_83' title="bbox 1997 1803 3654 1875">
     <span class='ocr_line' id='line_1_85' title="bbox 1997 1803 3654 1875; baseline -0.004 -10"><span class='ocrx_word' id='word_1_595' title='bbox 1997 1825 2156 1865; x_wconf 89' lang='lat' dir='ltr'>mors</span> <span class='ocrx_word' id='word_1_596' title='bbox 2187 1827 2205 1864; x_wconf 92' lang='lat'><em>:</em></span> <span class='ocrx_word' id='word_1_597' title='bbox 2239 1816 2288 1865; x_wconf 90' lang='lat' dir='ltr'>et</span> <span class='ocrx_word' id='word_1_598' title='bbox 2315 1811 2401 1865; x_wconf 90' lang='lat' dir='ltr'>ita</span> <span class='ocrx_word' id='word_1_599' title='bbox 2434 1811 2494 1864; x_wconf 86' lang='lat' dir='ltr'>in</span> <span class='ocrx_word' id='word_1_600' title='bbox 2525 1824 2719 1864; x_wconf 88' lang='lat' dir='ltr'>omnes</span> <span class='ocrx_word' id='word_1_601' title='bbox 2744 1807 3006 1862; x_wconf 88' lang='lat' dir='ltr'>homines</span> <span class='ocrx_word' id='word_1_602' title='bbox 3040 1821 3191 1861; x_wconf 88' lang='lat' dir='ltr'>mors</span> <span class='ocrx_word' id='word_1_603' title='bbox 3221 1803 3562 1875; x_wconf 86' lang='lat' dir='ltr'>pertransiit</span> <span class='ocrx_word' id='word_1_604' title='bbox 3591 1804 3654 1859; x_wconf 86' lang='lat' dir='ltr'>in</span> 
     </span>
    </p>
   </div>
   <div class='ocr_carea' id='block_1_84' title="bbox 1997 1893 3652 1970">
    <p class='ocr_par' dir='ltr' id='par_1_84' title="bbox 1997 1893 3652 1970">
     <span class='ocr_line' id='line_1_86' title="bbox 1997 1893 3652 1970; baseline -0.005 -16"><span class='ocrx_word' id='word_1_605' title='bbox 1997 1914 2112 1970; x_wconf 89' lang='lat' dir='ltr'>quo</span> <span class='ocrx_word' id='word_1_606' title='bbox 2143 1914 2339 1956; x_wconf 81' lang='lat' dir='ltr'>omnes</span> <span class='ocrx_word' id='word_1_607' title='bbox 2354 1905 2784 1967; x_wconf 85' lang='lat' dir='ltr'>peccaverunt;</span> <span class='ocrx_word' id='word_1_608' title='bbox 2816 1901 2871 1952; x_wconf 90' lang='lat' dir='ltr'><strong><em>et</em></strong></span> <span class='ocrx_word' id='word_1_609' title='bbox 2902 1895 3065 1968; x_wconf 92' lang='lat' dir='ltr'>quod</span> <span class='ocrx_word' id='word_1_610' title='bbox 3096 1895 3397 1950; x_wconf 84' lang='lat' dir='ltr'>Judicium</span> <span class='ocrx_word' id='word_1_611' title='bbox 3423 1893 3652 1963; x_wconf 88' lang='lat' dir='ltr'>quidem</span> 
     </span>
    </p>
   </div>
   <div class='ocr_carea' id='block_1_85' title="bbox 1999 1983 3650 2057">
    <p class='ocr_par' dir='ltr' id='par_1_85' title="bbox 1999 1983 3650 2057">
     <span class='ocr_line' id='line_1_87' title="bbox 1999 1983 3650 2057; baseline -0.005 -12"><span class='ocrx_word' id='word_1_612' title='bbox 1999 2003 2074 2046; x_wconf 75' lang='lat' dir='ltr'>ex</span> <span class='ocrx_word' id='word_1_613' title='bbox 2103 2004 2219 2045; x_wconf 86' lang='lat' dir='ltr'>uno</span> <span class='ocrx_word' id='word_1_614' title='bbox 2251 1990 2314 2044; x_wconf 81' lang='lat' dir='ltr'>in</span> <span class='ocrx_word' id='word_1_615' title='bbox 2337 1988 2874 2044; x_wconf 84' lang='lat' dir='ltr'>condemnationem</span> <span class='ocrx_word' id='word_1_616' title='bbox 2904 2004 2920 2041; x_wconf 91' lang='lat'><strong><em>:</em></strong></span> <span class='ocrx_word' id='word_1_617' title='bbox 2951 1987 3144 2057; x_wconf 83' lang='lat' dir='ltr'>gratia</span> <span class='ocrx_word' id='word_1_618' title='bbox 3173 1991 3367 2040; x_wconf 87' lang='lat' dir='ltr'>autem</span> <span class='ocrx_word' id='word_1_619' title='bbox 3399 1998 3474 2038; x_wconf 76' lang='lat' dir='ltr'>ea:</span> <span class='ocrx_word' id='word_1_620' title='bbox 3499 1983 3650 2037; x_wconf 79' lang='lat' dir='ltr'>mul-</span> 
     </span>
    </p>
   </div>
   <div class='ocr_carea' id='block_1_86' title="bbox 2000 2070 3652 2148">
    <p class='ocr_par' dir='ltr' id='par_1_86' title="bbox 2000 2070 3652 2148">
     <span class='ocr_line' id='line_1_88' title="bbox 2000 2070 3652 2148; baseline -0.006 -15"><span class='ocrx_word' id='word_1_621' title='bbox 2000 2077 2072 2133; x_wconf 87' lang='lat' dir='ltr'>tis</span> <span class='ocrx_word' id='word_1_622' title='bbox 2101 2077 2393 2134; x_wconf 84' lang='lat' dir='ltr'>delictisin</span> <span class='ocrx_word' id='word_1_623' title='bbox 2408 2077 2892 2148; x_wconf 78' lang='lat' dir='ltr'>justiﬁcationem</span> <span class='ocrx_word' id='word_1_624' title='bbox 2919 2076 3082 2143; x_wconf 74' lang='lat' dir='ltr'>vitae;</span> <span class='ocrx_word' id='word_1_625' title='bbox 3107 2071 3336 2144; x_wconf 89' lang='lat' dir='ltr'>etquod</span> <span class='ocrx_word' id='word_1_626' title='bbox 3352 2074 3463 2127; x_wconf 87' lang='lat' dir='ltr'>Per</span> <span class='ocrx_word' id='word_1_627' title='bbox 3478 2070 3652 2125; x_wconf 85' lang='lat' dir='ltr'>unius</span> 
     </span>
    </p>
   </div>
   <div class='ocr_carea' id='block_1_87' title="bbox 1998 2162 3648 2225">
    <p class='ocr_par' dir='ltr' id='par_1_87' title="bbox 1998 2162 3648 2225">
     <span class='ocr_line' id='line_1_89' title="bbox 1998 2162 3648 2225; baseline -0.005 -3"><span class='ocrx_word' id='word_1_628' title='bbox 1998 2166 2279 2223; x_wconf 86' lang='lat' dir='ltr'>delictum</span> <span class='ocrx_word' id='word_1_629' title='bbox 2308 2167 2366 2221; x_wconf 87' lang='lat' dir='ltr'>in</span> <span class='ocrx_word' id='word_1_630' title='bbox 2413 2181 2610 2221; x_wconf 92' lang='lat' dir='ltr'>omnes</span> <span class='ocrx_word' id='word_1_631' title='bbox 2651 2165 2902 2220; x_wconf 81' lang='lat' dir='ltr'>homines</span> <span class='ocrx_word' id='word_1_632' title='bbox 2951 2164 3031 2220; x_wconf 90' lang='lat' dir='ltr'>ad</span> <span class='ocrx_word' id='word_1_633' title='bbox 3088 2162 3648 2225; x_wconf 85' lang='lat' dir='ltr'>condemnationem,</span> 
     </span>
    </p>
   </div>
   <div class='ocr_carea' id='block_1_88' title="bbox 1997 2248 3648 2324">
    <p class='ocr_par' dir='ltr' id='par_1_88' title="bbox 1997 2248 3648 2324">
     <span class='ocr_line' id='line_1_90' title="bbox 1997 2248 3648 2324; baseline -0.006 -12"><span class='ocrx_word' id='word_1_634' title='bbox 1997 2261 2050 2312; x_wconf 87' lang='lat' dir='ltr'>et</span> <span class='ocrx_word' id='word_1_635' title='bbox 2086 2270 2194 2324; x_wconf 79' lang='lat' dir='ltr'>per</span> <span class='ocrx_word' id='word_1_636' title='bbox 2223 2256 2400 2310; x_wconf 86' lang='lat' dir='ltr'>unius</span> <span class='ocrx_word' id='word_1_637' title='bbox 2417 2254 2910 2324; x_wconf 80' lang='lat' dir='ltr'>justiﬁcationem</span> <span class='ocrx_word' id='word_1_638' title='bbox 2955 2253 3017 2307; x_wconf 86' lang='lat' dir='ltr'>in</span> <span class='ocrx_word' id='word_1_639' title='bbox 3049 2267 3246 2308; x_wconf 87' lang='lat' dir='ltr'>omnes</span> <span class='ocrx_word' id='word_1_640' title='bbox 3293 2248 3556 2305; x_wconf 87' lang='lat' dir='ltr'>homines</span> <span class='ocrx_word' id='word_1_641' title='bbox 3584 2248 3648 2302; x_wconf 87' lang='lat' dir='ltr'>in</span> 
     </span>
    </p>
   </div>
   <div class='ocr_carea' id='block_1_89' title="bbox 1987 2338 3652 2415">
    <p class='ocr_par' dir='ltr' id='par_1_89' title="bbox 1987 2338 3652 2415">
     <span class='ocr_line' id='line_1_91' title="bbox 1987 2338 3652 2415; baseline -0.004 -17"><span class='ocrx_word' id='word_1_642' title='bbox 1987 2343 2479 2415; x_wconf 80' lang='lat' dir='ltr'>justiﬁcationem</span> <span class='ocrx_word' id='word_1_643' title='bbox 2505 2344 2637 2398; x_wconf 62' lang='lat' dir='ltr'>vita</span> <span class='ocrx_word' id='word_1_644' title='bbox 2673 2345 2854 2411; x_wconf 77' lang='lat' dir='ltr'>(Rom.</span> <span class='ocrx_word' id='word_1_645' title='bbox 2885 2358 2938 2406; x_wconf 91' lang='lat' dir='ltr'>v,</span> <span class='ocrx_word' id='word_1_646' title='bbox 2978 2343 3175 2405; x_wconf 73' lang='lat'>12,16,</span> <span class='ocrx_word' id='word_1_647' title='bbox 3206 2338 3292 2409; x_wconf 88' lang='grc'>18)</span> <span class='ocrx_word' id='word_1_648' title='bbox 3318 2355 3332 2394; x_wconf 90' lang='lat'><strong>:</strong></span> <span class='ocrx_word' id='word_1_649' title='bbox 3356 2343 3409 2393; x_wconf 87' lang='lat' dir='ltr'>et</span> <span class='ocrx_word' id='word_1_650' title='bbox 3443 2338 3489 2392; x_wconf 85' lang='lat' dir='ltr'>si</span> <span class='ocrx_word' id='word_1_651' title='bbox 3529 2352 3652 2409; x_wconf 85' lang='lat' dir='ltr'>qua</span> 
     </span>
    </p>
   </div>
   <div class='ocr_carea' id='block_1_90' title="bbox 1999 2426 3649 2493">
    <p class='ocr_par' dir='ltr' id='par_1_90' title="bbox 1999 2426 3649 2493">
     <span class='ocr_line' id='line_1_92' title="bbox 1999 2426 3649 2493; baseline -0.005 -5"><span class='ocrx_word' id='word_1_652' title='bbox 1999 2432 2115 2489; x_wconf 89' lang='lat' dir='ltr'>alia</span> <span class='ocrx_word' id='word_1_653' title='bbox 2137 2433 2471 2487; x_wconf 89' lang='lat' dir='ltr'>testimonia</span> <span class='ocrx_word' id='word_1_654' title='bbox 2493 2431 2798 2487; x_wconf 84' lang='lat' dir='ltr'>declarant</span> <span class='ocrx_word' id='word_1_655' title='bbox 2824 2431 3123 2484; x_wconf 88' lang='lat' dir='ltr'>neminem</span> <span class='ocrx_word' id='word_1_656' title='bbox 3158 2427 3324 2483; x_wconf 89' lang='lat' dir='ltr'>nasci</span> <span class='ocrx_word' id='word_1_657' title='bbox 3350 2443 3419 2481; x_wconf 89' lang='lat' dir='ltr'>ex</span> <span class='ocrx_word' id='word_1_658' title='bbox 3436 2426 3649 2493; x_wconf 81' lang='lat' dir='ltr'>Adam,</span> 
     </span>
    </p>
   </div>
   <div class='ocr_carea' id='block_1_91' title="bbox 1998 2515 3656 2594">
    <p class='ocr_par' dir='ltr' id='par_1_91' title="bbox 1998 2515 3656 2594">
     <span class='ocr_line' id='line_1_93' title="bbox 1998 2515 3656 2594; baseline -0.004 -19"><span class='ocrx_word' id='word_1_659' title='bbox 1998 2520 2111 2576; x_wconf 90' lang='lat' dir='ltr'>nisi</span> <span class='ocrx_word' id='word_1_660' title='bbox 2135 2519 2371 2594; x_wconf 90' lang='lat' dir='ltr'>vinculo</span> <span class='ocrx_word' id='word_1_661' title='bbox 2397 2520 2592 2575; x_wconf 87' lang='lat' dir='ltr'>delicti</span> <span class='ocrx_word' id='word_1_662' title='bbox 2623 2525 2678 2575; x_wconf 92' lang='lat' dir='ltr'>et</span> <span class='ocrx_word' id='word_1_663' title='bbox 2709 2518 3117 2574; x_wconf 88' lang='lat' dir='ltr'>damnationis</span> <span class='ocrx_word' id='word_1_664' title='bbox 3151 2515 3524 2583; x_wconf 86' lang='lat' dir='ltr'>obstrictum,</span> <span class='ocrx_word' id='word_1_665' title='bbox 3557 2529 3656 2569; x_wconf 86' lang='lat' dir='ltr'>ne-</span> 
     </span>
    </p>
   </div>
   <div class='ocr_carea' id='block_1_92' title="bbox 1999 2603 3648 2681">
    <p class='ocr_par' dir='ltr' id='par_1_92' title="bbox 1999 2603 3648 2681">
     <span class='ocr_line' id='line_1_94' title="bbox 1999 2603 3648 2681; baseline -0.005 -17"><span class='ocrx_word' id='word_1_666' title='bbox 1999 2608 2494 2681; x_wconf 89' lang='lat' dir='ltr'>minemqueinde</span> <span class='ocrx_word' id='word_1_667' title='bbox 2522 2607 2758 2663; x_wconf 87' lang='lat' dir='ltr'>liberari</span> <span class='ocrx_word' id='word_1_668' title='bbox 2782 2605 3287 2661; x_wconf 88' lang='lat' dir='ltr'>nisirenascendo</span> <span class='ocrx_word' id='word_1_669' title='bbox 3321 2619 3425 2675; x_wconf 90' lang='lat' dir='ltr'>per</span> <span class='ocrx_word' id='word_1_670' title='bbox 3457 2603 3648 2658; x_wconf 87' lang='lat' dir='ltr'>Chris—</span> 
     </span>
    </p>
   </div>
   <div class='ocr_carea' id='block_1_93' title="bbox 1999 2691 3650 2764">
    <p class='ocr_par' dir='ltr' id='par_1_93' title="bbox 1999 2691 3650 2764">
     <span class='ocr_line' id='line_1_95' title="bbox 1999 2691 3650 2764; baseline -0.005 -11"><span class='ocrx_word' id='word_1_671' title='bbox 1999 2705 2120 2753; x_wconf 91' lang='lat' dir='ltr'>tum</span> <span class='ocrx_word' id='word_1_672' title='bbox 2153 2704 2304 2764; x_wconf 90' lang='lat' dir='ltr'>;tam</span> <span class='ocrx_word' id='word_1_673' title='bbox 2329 2698 2684 2753; x_wconf 90' lang='lat' dir='ltr'>inconcusse</span> <span class='ocrx_word' id='word_1_674' title='bbox 2717 2702 2913 2751; x_wconf 91' lang='lat' dir='ltr'>tenere</span> <span class='ocrx_word' id='word_1_675' title='bbox 2942 2695 3254 2757; x_wconf 89' lang='lat' dir='ltr'>debemus,</span> <span class='ocrx_word' id='word_1_676' title='bbox 3292 2699 3355 2748; x_wconf 93' lang='lat' dir='ltr'>ut</span> <span class='ocrx_word' id='word_1_677' title='bbox 3387 2691 3650 2746; x_wconf 87' lang='lat' dir='ltr'>sciamus</span> 
     </span>
    </p>
   </div>
   <div class='ocr_carea' id='block_1_94' title="bbox 1997 2779 3653 2859">
    <p class='ocr_par' dir='ltr' id='par_1_94' title="bbox 1997 2779 3653 2859">
     <span class='ocr_line' id='line_1_96' title="bbox 1997 2779 3653 2859; baseline -0.005 -17"><span class='ocrx_word' id='word_1_678' title='bbox 1997 2803 2134 2842; x_wconf 89' lang='lat' dir='ltr'>eum</span> <span class='ocrx_word' id='word_1_679' title='bbox 2166 2787 2268 2859; x_wconf 89' lang='lat' dir='ltr'>qui</span> <span class='ocrx_word' id='word_1_680' title='bbox 2322 2788 2435 2842; x_wconf 92' lang='lat' dir='ltr'>hoc</span> <span class='ocrx_word' id='word_1_681' title='bbox 2488 2785 2812 2856; x_wconf 86' lang='lat' dir='ltr'>negaverit,</span> <span class='ocrx_word' id='word_1_682' title='bbox 2869 2783 3031 2838; x_wconf 90' lang='lat' dir='ltr'>nullo</span> <span class='ocrx_word' id='word_1_683' title='bbox 3091 2782 3276 2838; x_wconf 88' lang='lat' dir='ltr'>modo</span> <span class='ocrx_word' id='word_1_684' title='bbox 3323 2781 3400 2836; x_wconf 89' lang='lat' dir='ltr'>ad</span> <span class='ocrx_word' id='word_1_685' title='bbox 3437 2779 3653 2835; x_wconf 88' lang='lat' dir='ltr'>Christi</span> 
     </span>
    </p>
   </div>
   <div class='ocr_carea' id='block_1_95' title="bbox 1996 2867 3647 2946">
    <p class='ocr_par' dir='ltr' id='par_1_95' title="bbox 1996 2867 3647 2946">
     <span class='ocr_line' id='line_1_97' title="bbox 1996 2867 3647 2946; baseline -0.004 -16"><span class='ocrx_word' id='word_1_686' title='bbox 1996 2875 2200 2941; x_wconf 87' lang='lat' dir='ltr'>ﬁdem,</span> <span class='ocrx_word' id='word_1_687' title='bbox 2235 2874 2378 2930; x_wconf 90' lang='lat' dir='ltr'>etad</span> <span class='ocrx_word' id='word_1_688' title='bbox 2405 2890 2687 2946; x_wconf 69' lang='lat' dir='ltr'>eamquaa</span> <span class='ocrx_word' id='word_1_689' title='bbox 2702 2872 3111 2944; x_wconf 87' lang='lat' dir='ltr'>perChristum</span> <span class='ocrx_word' id='word_1_690' title='bbox 3139 2871 3317 2925; x_wconf 91' lang='lat' dir='ltr'>datur</span> <span class='ocrx_word' id='word_1_691' title='bbox 3334 2867 3562 2940; x_wconf 88' lang='lat' dir='ltr'>pusillis</span> <span class='ocrx_word' id='word_1_692' title='bbox 3590 2873 3647 2924; x_wconf 91' lang='lat' dir='ltr'>et</span> 
     </span>
    </p>
   </div>
   <div class='ocr_carea' id='block_1_96' title="bbox 1999 2957 3653 3032">
    <p class='ocr_par' dir='ltr' id='par_1_96' title="bbox 1999 2957 3653 3032">
     <span class='ocr_line' id='line_1_98' title="bbox 1999 2957 3653 3032; baseline -0.005 -13"><span class='ocrx_word' id='word_1_693' title='bbox 1999 2965 2258 3032; x_wconf 85' lang='lat' dir='ltr'>magnis,</span> <span class='ocrx_word' id='word_1_694' title='bbox 2297 2963 2392 3018; x_wconf 89' lang='lat' dir='ltr'>Dei</span> <span class='ocrx_word' id='word_1_695' title='bbox 2424 2964 2676 3032; x_wconf 87' lang='lat' dir='ltr'>gratiam</span> <span class='ocrx_word' id='word_1_696' title='bbox 2705 2962 3020 3032; x_wconf 88' lang='lat' dir='ltr'>pertinere.</span> <span class='ocrx_word' id='word_1_697' title='bbox 3063 2960 3228 3015; x_wconf 91' lang='lat' dir='ltr'>Unde</span> <span class='ocrx_word' id='word_1_698' title='bbox 3262 2959 3309 3012; x_wconf 92' lang='lat' dir='ltr'>si</span> <span class='ocrx_word' id='word_1_699' title='bbox 3331 2958 3500 3026; x_wconf 90' lang='lat' dir='ltr'>origo</span> <span class='ocrx_word' id='word_1_700' title='bbox 3528 2957 3653 3011; x_wconf 89' lang='lat' dir='ltr'>ani-</span> 
     </span>
    </p>
   </div>
   <div class='ocr_carea' id='block_1_97' title="bbox 1998 3046 3650 3120">
    <p class='ocr_par' dir='ltr' id='par_1_97' title="bbox 1998 3046 3650 3120">
     <span class='ocr_line' id='line_1_99' title="bbox 1998 3046 3650 3120; baseline -0.005 -13"><span class='ocrx_word' id='word_1_701' title='bbox 1998 3069 2111 3107; x_wconf 75' lang='lat' dir='ltr'>mae</span> <span class='ocrx_word' id='word_1_702' title='bbox 2142 3053 2338 3117; x_wconf 88' lang='lat' dir='ltr'>lateat,</span> <span class='ocrx_word' id='word_1_703' title='bbox 2371 3051 2516 3106; x_wconf 88' lang='lat' dir='ltr'>dum</span> <span class='ocrx_word' id='word_1_704' title='bbox 2553 3055 2749 3105; x_wconf 90' lang='lat' dir='ltr'>tamen</span> <span class='ocrx_word' id='word_1_705' title='bbox 2785 3048 3114 3120; x_wconf 89' lang='lat' dir='ltr'>redemptio</span> <span class='ocrx_word' id='word_1_706' title='bbox 3139 3046 3379 3112; x_wconf 75' lang='lat' dir='ltr'>clareat,</span> <span class='ocrx_word' id='word_1_707' title='bbox 3415 3046 3650 3116; x_wconf 89' lang='lat' dir='ltr'>pericu-</span> 
     </span>
    </p>
   </div>
   <div class='ocr_carea' id='block_1_98' title="bbox 1997 3135 3650 3211">
    <p class='ocr_par' dir='ltr' id='par_1_98' title="bbox 1997 3135 3650 3211">
     <span class='ocr_line' id='line_1_100' title="bbox 1997 3135 3650 3211; baseline -0.004 -14"><span class='ocrx_word' id='word_1_708' title='bbox 1997 3140 2122 3196; x_wconf 90' lang='lat' dir='ltr'>lum</span> <span class='ocrx_word' id='word_1_709' title='bbox 2154 3157 2273 3196; x_wconf 90' lang='lat' dir='ltr'>non</span> <span class='ocrx_word' id='word_1_710' title='bbox 2305 3147 2391 3196; x_wconf 89' lang='lat' dir='ltr'>est</span> <span class='ocrx_word' id='word_1_711' title='bbox 2425 3157 2437 3195; x_wconf 88' lang='lat'><strong>:</strong></span> <span class='ocrx_word' id='word_1_712' title='bbox 2473 3155 2668 3211; x_wconf 89' lang='lat' dir='ltr'>neque</span> <span class='ocrx_word' id='word_1_713' title='bbox 2684 3138 2841 3194; x_wconf 90' lang='lat' dir='ltr'>enim</span> <span class='ocrx_word' id='word_1_714' title='bbox 2865 3138 2920 3192; x_wconf 89' lang='lat' dir='ltr'>in</span> <span class='ocrx_word' id='word_1_715' title='bbox 2957 3136 3254 3193; x_wconf 88' lang='lat' dir='ltr'>Christum</span> <span class='ocrx_word' id='word_1_716' title='bbox 3272 3135 3650 3190; x_wconf 89' lang='lat' dir='ltr'>credimusut</span> 
     </span>
    </p>
   </div>
   <div class='ocr_carea' id='block_1_99' title="bbox 1998 3223 3648 3297">
    <p class='ocr_par' dir='ltr' id='par_1_99' title="bbox 1998 3223 3648 3297">
     <span class='ocr_line' id='line_1_101' title="bbox 1998 3223 3648 3297; baseline -0.005 -11"><span class='ocrx_word' id='word_1_717' title='bbox 1998 3246 2342 3290; x_wconf 88' lang='lat' dir='ltr'>nascamur,</span> <span class='ocrx_word' id='word_1_718' title='bbox 2380 3228 2486 3284; x_wconf 88' lang='lat' dir='ltr'>sed</span> <span class='ocrx_word' id='word_1_719' title='bbox 2525 3234 2588 3284; x_wconf 91' lang='lat' dir='ltr'>ut</span> <span class='ocrx_word' id='word_1_720' title='bbox 2614 3242 3030 3295; x_wconf 87' lang='lat' dir='ltr'>renascamur,</span> <span class='ocrx_word' id='word_1_721' title='bbox 3068 3223 3648 3297; x_wconf 87' lang='lat' dir='ltr'>quomodocumque</span> 
     </span>
    </p>
   </div>
   <div class='ocr_carea' id='block_1_100' title="bbox 1998 3319 2468 3376">
    <p class='ocr_par' dir='ltr' id='par_1_100' title="bbox 1998 3319 2468 3376">
     <span class='ocr_line' id='line_1_102' title="bbox 1998 3319 2468 3376; baseline -0.006 -1"><span class='ocrx_word' id='word_1_722' title='bbox 1998 3320 2118 3376; x_wconf 89' lang='lat' dir='ltr'>nati</span> <span class='ocrx_word' id='word_1_723' title='bbox 2155 3319 2468 3375; x_wconf 83' lang='lat' dir='ltr'>fuerimus.</span> 
     </span>
    </p>
   </div>
   <div class='ocr_carea' id='block_1_101' title="bbox 2068 3400 3646 3474">
    <p class='ocr_par' dir='ltr' id='par_1_101' title="bbox 2068 3400 3646 3474">
     <span class='ocr_line' id='line_1_103' title="bbox 2068 3400 3646 3474; baseline -0.006 -10"><span class='ocrx_word' id='word_1_724' title='bbox 2068 3409 2121 3464; x_wconf 74' lang='grc'>4.</span> <span class='ocrx_word' id='word_1_725' title='bbox 2159 3411 2448 3464; x_wconf 88' lang='lat' dir='ltr'>Hactenus</span> <span class='ocrx_word' id='word_1_726' title='bbox 2475 3411 2675 3464; x_wconf 87' lang='lat' dir='ltr'>autem</span> <span class='ocrx_word' id='word_1_727' title='bbox 2708 3405 2967 3462; x_wconf 87' lang='lat' dir='ltr'>dicimus</span> <span class='ocrx_word' id='word_1_728' title='bbox 3007 3405 3133 3460; x_wconf 89' lang='lat' dir='ltr'>sine</span> <span class='ocrx_word' id='word_1_729' title='bbox 3167 3401 3429 3474; x_wconf 90' lang='lat' dir='ltr'>periculo</span> <span class='ocrx_word' id='word_1_730' title='bbox 3463 3400 3646 3456; x_wconf 84' lang='lat' dir='ltr'>latere</span> 
     </span>
    </p>
   </div>
   <div class='ocr_carea' id='block_1_102' title="bbox 1998 3487 3648 3568">
    <p class='ocr_par' dir='ltr' id='par_1_102' title="bbox 1998 3487 3648 3568">
     <span class='ocr_line' id='line_1_104' title="bbox 1998 3487 3648 3568; baseline -0.007 -15"><span class='ocrx_word' id='word_1_731' title='bbox 1998 3497 2215 3554; x_wconf 66' lang='lat' dir='ltr'>animae</span> <span class='ocrx_word' id='word_1_732' title='bbox 2250 3498 2561 3568; x_wconf 88' lang='lat' dir='ltr'>originem,</span> <span class='ocrx_word' id='word_1_733' title='bbox 2611 3500 2673 3551; x_wconf 91' lang='lat' dir='ltr'>ut</span> <span class='ocrx_word' id='word_1_734' title='bbox 2711 3511 2830 3551; x_wconf 93' lang='lat' dir='ltr'>non</span> <span class='ocrx_word' id='word_1_735' title='bbox 2866 3499 3063 3550; x_wconf 91' lang='lat' dir='ltr'>tamen</span> <span class='ocrx_word' id='word_1_736' title='bbox 3099 3508 3232 3548; x_wconf 89' lang='lat' dir='ltr'>eam</span> <span class='ocrx_word' id='word_1_737' title='bbox 3274 3497 3502 3563; x_wconf 90' lang='lat' dir='ltr'>partem</span> <span class='ocrx_word' id='word_1_738' title='bbox 3553 3487 3648 3544; x_wconf 91' lang='lat' dir='ltr'>Dei</span> 
     </span>
    </p>
   </div>
   <div class='ocr_carea' id='block_1_103' title="bbox 1999 3583 3645 3650">
    <p class='ocr_par' dir='ltr' id='par_1_103' title="bbox 1999 3583 3645 3650">
     <span class='ocr_line' id='line_1_105' title="bbox 1999 3583 3645 3650; baseline -0.006 -7"><span class='ocrx_word' id='word_1_739' title='bbox 1999 3603 2129 3643; x_wconf 92' lang='lat' dir='ltr'>esse</span> <span class='ocrx_word' id='word_1_740' title='bbox 2155 3586 2492 3650; x_wconf 88' lang='lat' dir='ltr'>credamus,</span> <span class='ocrx_word' id='word_1_741' title='bbox 2537 3585 2636 3640; x_wconf 91' lang='lat' dir='ltr'>sed</span> <span class='ocrx_word' id='word_1_742' title='bbox 2669 3590 3026 3640; x_wconf 88' lang='lat' dir='ltr'>creaturam.</span> <span class='ocrx_word' id='word_1_743' title='bbox 3045 3586 3158 3638; x_wconf 82' lang='lat' dir='ltr'>Nec</span> <span class='ocrx_word' id='word_1_744' title='bbox 3181 3583 3254 3636; x_wconf 88' lang='lat' dir='ltr'>de</span> <span class='ocrx_word' id='word_1_745' title='bbox 3277 3585 3391 3636; x_wconf 89' lang='lat' dir='ltr'>Deo</span> <span class='ocrx_word' id='word_1_746' title='bbox 3418 3584 3645 3644; x_wconf 88' lang='lat' dir='ltr'>natam,</span> 
     </span>
    </p>
   </div>
   <div class='ocr_carea' id='block_1_104' title="bbox 1999 3669 3652 3746">
    <p class='ocr_par' dir='ltr' id='par_1_104' title="bbox 1999 3669 3652 3746">
     <span class='ocr_line' id='line_1_106' title="bbox 1999 3669 3652 3746; baseline -0.005 -14"><span class='ocrx_word' id='word_1_747' title='bbox 1999 3677 2103 3732; x_wconf 89' lang='lat' dir='ltr'>sed</span> <span class='ocrx_word' id='word_1_748' title='bbox 2130 3675 2327 3732; x_wconf 91' lang='lat' dir='ltr'>abillo</span> <span class='ocrx_word' id='word_1_749' title='bbox 2367 3674 2612 3739; x_wconf 84' lang='lat' dir='ltr'>factam,</span> <span class='ocrx_word' id='word_1_750' title='bbox 2655 3679 2832 3746; x_wconf 87' lang='lat' dir='ltr'>atque</span> <span class='ocrx_word' id='word_1_751' title='bbox 2867 3673 2925 3728; x_wconf 90' lang='lat' dir='ltr'>iu</span> <span class='ocrx_word' id='word_1_752' title='bbox 2963 3673 3094 3743; x_wconf 89' lang='lat' dir='ltr'>ejus</span> <span class='ocrx_word' id='word_1_753' title='bbox 3133 3687 3325 3741; x_wconf 87' lang='lat' dir='ltr'>genus</span> <span class='ocrx_word' id='word_1_754' title='bbox 3357 3669 3652 3740; x_wconf 86' lang='lat' dir='ltr'>adoptan-</span> 
     </span>
    </p>
   </div>
   <div class='ocr_carea' id='block_1_105' title="bbox 1998 3757 3650 3834">
    <p class='ocr_par' dir='ltr' id='par_1_105' title="bbox 1998 3757 3650 3834">
     <span class='ocr_line' id='line_1_107' title="bbox 1998 3757 3650 3834; baseline -0.006 -14"><span class='ocrx_word' id='word_1_755' title='bbox 1998 3766 2139 3821; x_wconf 88' lang='lat' dir='ltr'>dam</span> <span class='ocrx_word' id='word_1_756' title='bbox 2175 3764 2428 3819; x_wconf 89' lang='lat' dir='ltr'>mirabili</span> <span class='ocrx_word' id='word_1_757' title='bbox 2460 3763 2805 3834; x_wconf 88' lang='lat' dir='ltr'>dignatione</span> <span class='ocrx_word' id='word_1_758' title='bbox 2835 3761 3057 3831; x_wconf 75' lang='lat' dir='ltr'>gratiae,</span> <span class='ocrx_word' id='word_1_759' title='bbox 3092 3775 3211 3815; x_wconf 87' lang='lat' dir='ltr'>non</span> <span class='ocrx_word' id='word_1_760' title='bbox 3242 3759 3412 3829; x_wconf 88' lang='lat' dir='ltr'>parili</span> <span class='ocrx_word' id='word_1_761' title='bbox 3457 3757 3650 3826; x_wconf 89' lang='lat' dir='ltr'>digni-</span> 
     </span>
    </p>
   </div>
   <div class='ocr_carea' id='block_1_106' title="bbox 1999 3846 3644 3921">
    <p class='ocr_par' dir='ltr' id='par_1_106' title="bbox 1999 3846 3644 3921">
     <span class='ocr_line' id='line_1_108' title="bbox 1999 3846 3644 3921; baseline -0.007 -12"><span class='ocrx_word' id='word_1_762' title='bbox 1999 3859 2116 3910; x_wconf 90' lang='lat' dir='ltr'>tate</span> <span class='ocrx_word' id='word_1_763' title='bbox 2148 3859 2394 3908; x_wconf 79' lang='lat' dir='ltr'>naturoe.</span> <span class='ocrx_word' id='word_1_764' title='bbox 2453 3856 2565 3908; x_wconf 83' lang='lat' dir='ltr'>Nec</span> <span class='ocrx_word' id='word_1_765' title='bbox 2589 3868 2720 3906; x_wconf 89' lang='lat' dir='ltr'>eam</span> <span class='ocrx_word' id='word_1_766' title='bbox 2765 3867 2983 3921; x_wconf 90' lang='lat' dir='ltr'>corpus</span> <span class='ocrx_word' id='word_1_767' title='bbox 3015 3864 3162 3913; x_wconf 86' lang='lat' dir='ltr'>esse,</span> <span class='ocrx_word' id='word_1_768' title='bbox 3199 3847 3301 3902; x_wconf 86' lang='lat' dir='ltr'>sed</span> <span class='ocrx_word' id='word_1_769' title='bbox 3335 3846 3644 3917; x_wconf 86' lang='lat' dir='ltr'>spiritum;</span> 
     </span>
    </p>
   </div>
   <div class='ocr_carea' id='block_1_107' title="bbox 1998 3934 3647 4013">
    <p class='ocr_par' dir='ltr' id='par_1_107' title="bbox 1998 3934 3647 4013">
     <span class='ocr_line' id='line_1_109' title="bbox 1998 3934 3647 4013; baseline -0.007 -15"><span class='ocrx_word' id='word_1_770' title='bbox 1998 3959 2119 3999; x_wconf 91' lang='lat' dir='ltr'>non</span> <span class='ocrx_word' id='word_1_771' title='bbox 2152 3945 2486 4000; x_wconf 89' lang='lat' dir='ltr'>Creatorem</span> <span class='ocrx_word' id='word_1_772' title='bbox 2518 3942 2741 4013; x_wconf 89' lang='lat' dir='ltr'>utique,</span> <span class='ocrx_word' id='word_1_773' title='bbox 2765 3941 2869 3995; x_wconf 90' lang='lat' dir='ltr'>sed</span> <span class='ocrx_word' id='word_1_774' title='bbox 2893 3942 3182 3994; x_wconf 89' lang='lat' dir='ltr'>creatum.</span> <span class='ocrx_word' id='word_1_775' title='bbox 3218 3936 3334 3990; x_wconf 89' lang='lat' dir='ltr'>Nec</span> <span class='ocrx_word' id='word_1_776' title='bbox 3389 3934 3523 3989; x_wconf 89' lang='lat' dir='ltr'>ideo</span> <span class='ocrx_word' id='word_1_777' title='bbox 3555 3947 3647 3986; x_wconf 88' lang='lat' dir='ltr'>ve-</span> 
     </span>
    </p>
   </div>
   <div class='ocr_carea' id='block_1_108' title="bbox 1996 4022 3648 4103">
    <p class='ocr_par' dir='ltr' id='par_1_108' title="bbox 1996 4022 3648 4103">
     <span class='ocr_line' id='line_1_110' title="bbox 1996 4022 3648 4103; baseline -0.008 -13"><span class='ocrx_word' id='word_1_778' title='bbox 1996 4035 2157 4090; x_wconf 89' lang='lat' dir='ltr'>nisse</span> <span class='ocrx_word' id='word_1_779' title='bbox 2184 4033 2241 4088; x_wconf 91' lang='lat' dir='ltr'>iu</span> <span class='ocrx_word' id='word_1_780' title='bbox 2259 4033 2369 4088; x_wconf 91' lang='lat' dir='ltr'>hoc</span> <span class='ocrx_word' id='word_1_781' title='bbox 2397 4048 2610 4103; x_wconf 90' lang='lat' dir='ltr'>corpus</span> <span class='ocrx_word' id='word_1_782' title='bbox 2624 4029 3006 4102; x_wconf 90' lang='lat' dir='ltr'>corruptibile</span> <span class='ocrx_word' id='word_1_783' title='bbox 3020 4043 3141 4101; x_wconf 93' lang='lat' dir='ltr'>quo</span> <span class='ocrx_word' id='word_1_784' title='bbox 3165 4031 3466 4096; x_wconf 85' lang='lat' dir='ltr'>gravatur,</span> <span class='ocrx_word' id='word_1_785' title='bbox 3483 4022 3648 4094; x_wconf 90' lang='lat' dir='ltr'>quod</span> 
     </span>
    </p>
   </div>
   <div class='ocr_carea' id='block_1_109' title="bbox 1996 4111 3649 4187">
    <p class='ocr_par' dir='ltr' id='par_1_109' title="bbox 1996 4111 3649 4187">
     <span class='ocr_line' id='line_1_111' title="bbox 1996 4111 3649 4187; baseline -0.008 -8"><span class='ocrx_word' id='word_1_786' title='bbox 1996 4123 2231 4179; x_wconf 89' lang='lat' dir='ltr'>adillud</span> <span class='ocrx_word' id='word_1_787' title='bbox 2262 4137 2395 4178; x_wconf 89' lang='lat' dir='ltr'>eam</span> <span class='ocrx_word' id='word_1_788' title='bbox 2422 4122 2555 4176; x_wconf 83' lang='lat' dir='ltr'>vitae</span> <span class='ocrx_word' id='word_1_789' title='bbox 2589 4120 2646 4176; x_wconf 93' lang='lat' dir='ltr'>in</span> <span class='ocrx_word' id='word_1_790' title='bbox 2680 4119 3026 4176; x_wconf 64' lang='lat' dir='ltr'>caelestibus</span> <span class='ocrx_word' id='word_1_791' title='bbox 3050 4117 3141 4172; x_wconf 92' lang='lat' dir='ltr'>vel</span> <span class='ocrx_word' id='word_1_792' title='bbox 3172 4118 3230 4171; x_wconf 88' lang='lat' dir='ltr'>in</span> <span class='ocrx_word' id='word_1_793' title='bbox 3281 4111 3649 4187; x_wconf 84' lang='lat' dir='ltr'>quibuslibet</span> 
     </span>
    </p>
   </div>
   <div class='ocr_carea' id='block_1_110' title="bbox 1995 4204 3650 4284">
    <p class='ocr_par' dir='ltr' id='par_1_110' title="bbox 1995 4204 3650 4284">
     <span class='ocr_line' id='line_1_112' title="bbox 1995 4204 3650 4284; baseline -0.008 -16"><span class='ocrx_word' id='word_1_794' title='bbox 1995 4212 2124 4268; x_wconf 88' lang='lat' dir='ltr'>aliis</span> <span class='ocrx_word' id='word_1_795' title='bbox 2151 4211 2415 4284; x_wconf 90' lang='lat' dir='ltr'>partibus</span> <span class='ocrx_word' id='word_1_796' title='bbox 2450 4209 2656 4265; x_wconf 89' lang='lat' dir='ltr'>mundi</span> <span class='ocrx_word' id='word_1_797' title='bbox 2676 4215 2850 4265; x_wconf 89' lang='lat' dir='ltr'>antea</span> <span class='ocrx_word' id='word_1_798' title='bbox 2867 4208 3019 4263; x_wconf 88' lang='lat' dir='ltr'>male</span> <span class='ocrx_word' id='word_1_799' title='bbox 3050 4211 3229 4276; x_wconf 78' lang='lat' dir='ltr'>gestae</span> <span class='ocrx_word' id='word_1_800' title='bbox 3254 4204 3462 4260; x_wconf 87' lang='lat' dir='ltr'>merita</span> <span class='ocrx_word' id='word_1_801' title='bbox 3488 4217 3650 4257; x_wconf 91' lang='lat' dir='ltr'>com-</span> 
     </span>
    </p>
   </div>
   <div class='ocr_carea' id='block_1_111' title="bbox 1994 4291 3651 4374">
    <p class='ocr_par' dir='ltr' id='par_1_111' title="bbox 1994 4291 3651 4374">
     <span class='ocr_line' id='line_1_113' title="bbox 1994 4291 3651 4374; baseline -0.007 -19"><span class='ocrx_word' id='word_1_802' title='bbox 1994 4299 2553 4374; x_wconf 86' lang='lat' dir='ltr'>pulerint.Nondum</span> <span class='ocrx_word' id='word_1_803' title='bbox 2579 4298 2737 4353; x_wconf 91' lang='lat' dir='ltr'>enim</span> <span class='ocrx_word' id='word_1_804' title='bbox 2756 4301 2922 4352; x_wconf 91' lang='lat' dir='ltr'>natos</span> <span class='ocrx_word' id='word_1_805' title='bbox 2949 4294 3433 4367; x_wconf 87' lang='lat' dir='ltr'>Apostolus,cum</span> <span class='ocrx_word' id='word_1_806' title='bbox 3458 4291 3530 4345; x_wconf 91' lang='lat' dir='ltr'>de</span> <span class='ocrx_word' id='word_1_807' title='bbox 3547 4293 3651 4345; x_wconf 83' lang='lat' dir='ltr'>Re-</span> 
     </span>
    </p>
   </div>
   <div class='ocr_carea' id='block_1_112' title="bbox 1993 4378 3643 4458">
    <p class='ocr_par' dir='ltr' id='par_1_112' title="bbox 1993 4378 3643 4458">
     <span class='ocr_line' id='line_1_114' title="bbox 1993 4378 3643 4458; baseline -0.009 -12"><span class='ocrx_word' id='word_1_808' title='bbox 1993 4391 2190 4446; x_wconf 72' lang='lat' dir='ltr'>baccae</span> <span class='ocrx_word' id='word_1_809' title='bbox 2223 4387 2476 4458; x_wconf 90' lang='lat' dir='ltr'>geminis</span> <span class='ocrx_word' id='word_1_810' title='bbox 2506 4387 2868 4458; x_wconf 89' lang='lat' dir='ltr'>loqueretur,</span> <span class='ocrx_word' id='word_1_811' title='bbox 2909 4384 3059 4439; x_wconf 89' lang='lat' dir='ltr'>nihil</span> <span class='ocrx_word' id='word_1_812' title='bbox 3091 4385 3284 4453; x_wconf 89' lang='lat' dir='ltr'>egisse</span> <span class='ocrx_word' id='word_1_813' title='bbox 3331 4381 3472 4434; x_wconf 86' lang='lat' dir='ltr'>dicit</span> <span class='ocrx_word' id='word_1_814' title='bbox 3502 4378 3643 4432; x_wconf 90' lang='lat' dir='ltr'>boui</span> 
     </span>
    </p>
   </div>
   <div class='ocr_carea' id='block_1_113' title="bbox 1995 4465 3646 4544">
    <p class='ocr_par' dir='ltr' id='par_1_113' title="bbox 1995 4465 3646 4544">
     <span class='ocr_line' id='line_1_115' title="bbox 1995 4465 3646 4544; baseline -0.007 -12"><span class='ocrx_word' id='word_1_815' title='bbox 1995 4478 2085 4532; x_wconf 89' lang='lat' dir='ltr'>vel</span> <span class='ocrx_word' id='word_1_816' title='bbox 2113 4477 2255 4532; x_wconf 89' lang='lat' dir='ltr'>mali</span> <span class='ocrx_word' id='word_1_817' title='bbox 2283 4493 2295 4542; x_wconf 94' lang='lat'>;</span> <span class='ocrx_word' id='word_1_818' title='bbox 2326 4483 2386 4531; x_wconf 91' lang='lat' dir='ltr'>ut</span> <span class='ocrx_word' id='word_1_819' title='bbox 2417 4491 2534 4530; x_wconf 90' lang='lat' dir='ltr'>non</span> <span class='ocrx_word' id='word_1_820' title='bbox 2568 4491 2638 4529; x_wconf 89' lang='lat' dir='ltr'>ex</span> <span class='ocrx_word' id='word_1_821' title='bbox 2670 4474 2974 4544; x_wconf 87' lang='lat' dir='ltr'>operibus,</span> <span class='ocrx_word' id='word_1_822' title='bbox 3011 4471 3234 4542; x_wconf 89' lang='lat' dir='ltr'>quibus</span> <span class='ocrx_word' id='word_1_823' title='bbox 3270 4467 3447 4523; x_wconf 91' lang='lat' dir='ltr'>nullis</span> <span class='ocrx_word' id='word_1_824' title='bbox 3498 4465 3646 4522; x_wconf 89' lang='lat' dir='ltr'>alter</span> 
     </span>
    </p>
   </div>
   <div class='ocr_carea' id='block_1_114' title="bbox 1994 4556 3640 4634">
    <p class='ocr_par' dir='ltr' id='par_1_114' title="bbox 1994 4556 3640 4634">
     <span class='ocr_line' id='line_1_116' title="bbox 1994 4556 3640 4634; baseline -0.008 -14"><span class='ocrx_word' id='word_1_825' title='bbox 1994 4565 2474 4634; x_wconf 83' lang='lat' dir='ltr'>distinguebatur</span> <span class='ocrx_word' id='word_1_826' title='bbox 2501 4563 2578 4618; x_wconf 91' lang='lat' dir='ltr'>ab</span> <span class='ocrx_word' id='word_1_827' title='bbox 2610 4561 2810 4626; x_wconf 90' lang='lat' dir='ltr'>altero,</span> <span class='ocrx_word' id='word_1_828' title='bbox 2834 4561 2940 4614; x_wconf 91' lang='lat' dir='ltr'>sed</span> <span class='ocrx_word' id='word_1_829' title='bbox 2963 4575 3030 4613; x_wconf 88' lang='lat' dir='ltr'>ex</span> <span class='ocrx_word' id='word_1_830' title='bbox 3056 4563 3302 4613; x_wconf 90' lang='lat' dir='ltr'>vocante</span> <span class='ocrx_word' id='word_1_831' title='bbox 3329 4556 3640 4619; x_wconf 86' lang='lat' dir='ltr'>diceretur,</span> 
     </span>
    </p>
   </div>
   <div class='ocr_carea' id='block_1_115' title="bbox 1996 4643 3570 4720">
    <p class='ocr_par' dir='ltr' id='par_1_115' title="bbox 1996 4643 3570 4720">
     <span class='ocr_line' id='line_1_117' title="bbox 1996 4643 3570 4720; baseline -0.008 -11"><span class='ocrx_word' id='word_1_832' title='bbox 1996 4654 2209 4710; x_wconf 90' lang='lat' dir='ltr'>minori</span> <span class='ocrx_word' id='word_1_833' title='bbox 2242 4654 2599 4708; x_wconf 88' lang='lat' dir='ltr'>serviturum</span> <span class='ocrx_word' id='word_1_834' title='bbox 2631 4665 2759 4705; x_wconf 89' lang='lat' dir='ltr'>esse</span> <span class='ocrx_word' id='word_1_835' title='bbox 2787 4649 3079 4720; x_wconf 88' lang='lat' dir='ltr'>majorem</span> <span class='ocrx_word' id='word_1_836' title='bbox 3115 4647 3229 4719; x_wconf 86' lang='lat' dir='ltr'>(Id.</span> <span class='ocrx_word' id='word_1_837' title='bbox 3262 4661 3337 4710; x_wconf 81' lang='lat' dir='ltr'>ix,</span> <span class='ocrx_word' id='word_1_838' title='bbox 3372 4643 3570 4715; x_wconf 86' lang='grc'>11-13).</span> 
     </span>
    </p>
   </div>
   <div class='ocr_carea' id='block_1_116' title="bbox 2065 4741 3640 4818">
    <p class='ocr_par' dir='ltr' id='par_1_116' title="bbox 2065 4741 3640 4818">
     <span class='ocr_line' id='line_1_118' title="bbox 2065 4741 3640 4818; baseline -0.008 -12"><span class='ocrx_word' id='word_1_839' title='bbox 2065 4751 2294 4807; x_wconf 84' lang='lat' dir='ltr'>CAPUT</span> <span class='ocrx_word' id='word_1_840' title='bbox 2328 4751 2393 4804; x_wconf 94' lang='lat' dir='ltr'>II.</span> <span class='ocrx_word' id='word_1_841' title='bbox 2441 4782 2492 4790; x_wconf 77' lang='lat'><em>—</em></span> <span class='ocrx_word' id='word_1_842' title='bbox 2522 4755 2572 4805; x_wconf 85' lang='lat'>5.</span> <span class='ocrx_word' id='word_1_843' title='bbox 2596 4749 2692 4804; x_wconf 83' lang='lat' dir='ltr'>His</span> <span class='ocrx_word' id='word_1_844' title='bbox 2715 4748 2892 4818; x_wconf 88' lang='lat' dir='ltr'>igitur</span> <span class='ocrx_word' id='word_1_845' title='bbox 2919 4745 3256 4801; x_wconf 87' lang='lat' dir='ltr'>firmissime</span> <span class='ocrx_word' id='word_1_846' title='bbox 3284 4741 3640 4805; x_wconf 87' lang='lat' dir='ltr'>constitutis,</span> 
     </span>
    </p>
   </div>
   <div class='ocr_carea' id='block_1_117' title="bbox 1994 4830 3643 4908">
    <p class='ocr_par' dir='ltr' id='par_1_117' title="bbox 1994 4830 3643 4908">
     <span class='ocr_line' id='line_1_119' title="bbox 1994 4830 3643 4908; baseline -0.008 -12"><span class='ocrx_word' id='word_1_847' title='bbox 1994 4841 2041 4897; x_wconf 91' lang='lat' dir='ltr'>si</span> <span class='ocrx_word' id='word_1_848' title='bbox 2074 4847 2197 4896; x_wconf 85' lang='lat' dir='ltr'>tam</span> <span class='ocrx_word' id='word_1_849' title='bbox 2222 4839 2593 4895; x_wconf 89' lang='lat' dir='ltr'>reconditum</span> <span class='ocrx_word' id='word_1_850' title='bbox 2635 4851 2813 4908; x_wconf 83' lang='lat' dir='ltr'>atque</span> <span class='ocrx_word' id='word_1_851' title='bbox 2841 4836 3113 4892; x_wconf 78' lang='lat' dir='ltr'>additum</span> <span class='ocrx_word' id='word_1_852' title='bbox 3161 4839 3249 4888; x_wconf 90' lang='lat' dir='ltr'>est</span> <span class='ocrx_word' id='word_1_853' title='bbox 3287 4833 3344 4887; x_wconf 91' lang='lat' dir='ltr'>in</span> <span class='ocrx_word' id='word_1_854' title='bbox 3387 4830 3643 4887; x_wconf 89' lang='lat' dir='ltr'>occultis</span> 
     </span>
    </p>
   </div>
   <div class='ocr_carea' id='block_1_118' title="bbox 1993 4923 3643 5003">
    <p class='ocr_par' dir='ltr' id='par_1_118' title="bbox 1993 4923 3643 5003">
     <span class='ocr_line' id='line_1_120' title="bbox 1993 4923 3643 5003; baseline -0.009 -16"><span class='ocrx_word' id='word_1_855' title='bbox 1993 4930 2274 5003; x_wconf 90' lang='lat' dir='ltr'>operibus</span> <span class='ocrx_word' id='word_1_856' title='bbox 2297 4929 2416 4995; x_wconf 92' lang='lat' dir='ltr'>Dei,</span> <span class='ocrx_word' id='word_1_857' title='bbox 2447 4932 2508 4983; x_wconf 94' lang='lat' dir='ltr'>ut</span> <span class='ocrx_word' id='word_1_858' title='bbox 2542 4943 2649 4982; x_wconf 91' lang='lat' dir='ltr'>nec</span> <span class='ocrx_word' id='word_1_859' title='bbox 2687 4927 3124 4997; x_wconf 89' lang='lat' dir='ltr'>Scripturarum</span> <span class='ocrx_word' id='word_1_860' title='bbox 3153 4923 3486 4978; x_wconf 89' lang='lat' dir='ltr'>divinarum</span> <span class='ocrx_word' id='word_1_861' title='bbox 3512 4933 3643 4973; x_wconf 87' lang='lat' dir='ltr'>ma-</span> 
     </span>
    </p>
   </div>
   <div class='ocr_carea' id='block_1_119' title="bbox 1993 5005 3642 5089">
    <p class='ocr_par' dir='ltr' id='par_1_119' title="bbox 1993 5005 3642 5089">
     <span class='ocr_line' id='line_1_121' title="bbox 1993 5005 3642 5089; baseline -0.01 -13"><span class='ocrx_word' id='word_1_862' title='bbox 1993 5019 2208 5076; x_wconf 86' lang='lat' dir='ltr'>nifesto</span> <span class='ocrx_word' id='word_1_863' title='bbox 2249 5017 2488 5089; x_wconf 89' lang='lat' dir='ltr'>eloquio</span> <span class='ocrx_word' id='word_1_864' title='bbox 2519 5015 2867 5084; x_wconf 86' lang='lat' dir='ltr'>declaretur,</span> <span class='ocrx_word' id='word_1_865' title='bbox 2913 5019 3110 5069; x_wconf 91' lang='lat' dir='ltr'>utrum</span> <span class='ocrx_word' id='word_1_866' title='bbox 3145 5015 3456 5083; x_wconf 89' lang='lat' dir='ltr'>propterea</span> <span class='ocrx_word' id='word_1_867' title='bbox 3495 5005 3642 5061; x_wconf 87' lang='lat' dir='ltr'>nihil</span> 
     </span>
    </p>
   </div>
   <div class='ocr_carea' id='block_1_120' title="bbox 1993 5096 3637 5171">
    <p class='ocr_par' dir='ltr' id='par_1_120' title="bbox 1993 5096 3637 5171">
     <span class='ocr_line' id='line_1_122' title="bbox 1993 5096 3637 5171; baseline -0.01 -8"><span class='ocrx_word' id='word_1_868' title='bbox 1993 5108 2135 5164; x_wconf 91' lang='lat' dir='ltr'>boni</span> <span class='ocrx_word' id='word_1_869' title='bbox 2187 5107 2274 5162; x_wconf 89' lang='lat' dir='ltr'>vel</span> <span class='ocrx_word' id='word_1_870' title='bbox 2306 5105 2445 5161; x_wconf 89' lang='lat' dir='ltr'>mali</span> <span class='ocrx_word' id='word_1_871' title='bbox 2480 5105 2749 5160; x_wconf 88' lang='lat' dir='ltr'>nondum</span> <span class='ocrx_word' id='word_1_872' title='bbox 2783 5103 2904 5159; x_wconf 84' lang='lat' dir='ltr'>nati</span> <span class='ocrx_word' id='word_1_873' title='bbox 2957 5103 3147 5171; x_wconf 84' lang='lat' dir='ltr'>egisse</span> <span class='ocrx_word' id='word_1_874' title='bbox 3187 5096 3468 5154; x_wconf 89' lang='lat' dir='ltr'>credendi</span> <span class='ocrx_word' id='word_1_875' title='bbox 3501 5097 3637 5161; x_wconf 88' lang='lat' dir='ltr'>sint,</span> 
     </span>
    </p>
   </div>
   <div class='ocr_carea' id='block_1_121' title="bbox 1992 5185 3640 5271">
    <p class='ocr_par' dir='ltr' id='par_1_121' title="bbox 1992 5185 3640 5271">
     <span class='ocr_line' id='line_1_123' title="bbox 1992 5185 3640 5271; baseline -0.008 -21"><span class='ocrx_word' id='word_1_876' title='bbox 1992 5198 2268 5271; x_wconf 88' lang='lat' dir='ltr'>quianon</span> <span class='ocrx_word' id='word_1_877' title='bbox 2289 5213 2357 5251; x_wconf 79' lang='lat' dir='ltr'>ex</span> <span class='ocrx_word' id='word_1_878' title='bbox 2379 5195 2508 5250; x_wconf 89' lang='lat' dir='ltr'>aliis</span> <span class='ocrx_word' id='word_1_879' title='bbox 2527 5191 3028 5265; x_wconf 86' lang='lat' dir='ltr'>propagatas,sed</span> <span class='ocrx_word' id='word_1_880' title='bbox 3046 5205 3181 5242; x_wconf 90' lang='lat' dir='ltr'>mox</span> <span class='ocrx_word' id='word_1_881' title='bbox 3198 5204 3266 5242; x_wconf 87' lang='lat' dir='ltr'>ex</span> <span class='ocrx_word' id='word_1_882' title='bbox 3285 5185 3464 5240; x_wconf 89' lang='lat' dir='ltr'>nihilo</span> <span class='ocrx_word' id='word_1_883' title='bbox 3480 5200 3640 5239; x_wconf 88' lang='lat' dir='ltr'>crea-</span> 
     </span>
    </p>
   </div>
   <div class='ocr_carea' id='block_1_122' title="bbox 1995 5277 3640 5351">
    <p class='ocr_par' dir='ltr' id='par_1_122' title="bbox 1995 5277 3640 5351">
     <span class='ocr_line' id='line_1_124' title="bbox 1995 5277 3640 5351; baseline -0.007 -10"><span class='ocrx_word' id='word_1_884' title='bbox 1995 5293 2082 5342; x_wconf 89' lang='lat' dir='ltr'>tas</span> <span class='ocrx_word' id='word_1_885' title='bbox 2105 5287 2340 5341; x_wconf 89' lang='lat' dir='ltr'>animas</span> <span class='ocrx_word' id='word_1_886' title='bbox 2375 5283 2592 5351; x_wconf 88' lang='lat' dir='ltr'>singuli</span> <span class='ocrx_word' id='word_1_887' title='bbox 2620 5281 2918 5351; x_wconf 84' lang='lat' dir='ltr'>accipiunt</span> <span class='ocrx_word' id='word_1_888' title='bbox 2950 5297 2964 5346; x_wconf 92' lang='lat'>;</span> <span class='ocrx_word' id='word_1_889' title='bbox 2999 5294 3075 5332; x_wconf 92' lang='lat' dir='ltr'>an</span> <span class='ocrx_word' id='word_1_890' title='bbox 3107 5277 3248 5347; x_wconf 89' lang='lat' dir='ltr'>quia</span> <span class='ocrx_word' id='word_1_891' title='bbox 3279 5292 3416 5330; x_wconf 86' lang='lat' dir='ltr'>cum</span> <span class='ocrx_word' id='word_1_892' title='bbox 3443 5279 3640 5330; x_wconf 87' lang='lat' dir='ltr'>essent</span> 
     </span>
    </p>
   </div>
   <div class='ocr_carea' id='block_1_123' title="bbox 1991 5363 3638 5442">
    <p class='ocr_par' dir='ltr' id='par_1_123' title="bbox 1991 5363 3638 5442">
     <span class='ocr_line' id='line_1_125' title="bbox 1991 5363 3638 5442; baseline -0.008 -12"><span class='ocrx_word' id='word_1_893' title='bbox 1991 5375 2354 5442; x_wconf 81' lang='lat' dir='ltr'>originaliter</span> <span class='ocrx_word' id='word_1_894' title='bbox 2373 5374 2426 5426; x_wconf 92' lang='lat' dir='ltr'>in</span> <span class='ocrx_word' id='word_1_895' title='bbox 2457 5368 3036 5442; x_wconf 83' lang='lat' dir='ltr'>parentibus,adhuc</span> <span class='ocrx_word' id='word_1_896' title='bbox 3060 5365 3168 5436; x_wconf 91' lang='lat' dir='ltr'>ipsi</span> <span class='ocrx_word' id='word_1_897' title='bbox 3185 5363 3510 5419; x_wconf 86' lang='lat' dir='ltr'>nullierant</span> <span class='ocrx_word' id='word_1_898' title='bbox 3531 5363 3638 5434; x_wconf 90' lang='lat' dir='ltr'>qui</span> 
     </span>
    </p>
   </div>
   <div class='ocr_carea' id='block_1_124' title="bbox 1994 5453 3638 5534">
    <p class='ocr_par' dir='ltr' id='par_1_124' title="bbox 1994 5453 3638 5534">
     <span class='ocr_line' id='line_1_126' title="bbox 1994 5453 3638 5534; baseline -0.009 -14"><span class='ocrx_word' id='word_1_899' title='bbox 1994 5481 2135 5520; x_wconf 87' lang='lat' dir='ltr'>suas</span> <span class='ocrx_word' id='word_1_900' title='bbox 2161 5470 2214 5518; x_wconf 90' lang='lat' dir='ltr'>et</span> <span class='ocrx_word' id='word_1_901' title='bbox 2240 5462 2509 5534; x_wconf 85' lang='lat' dir='ltr'>prOprias</span> <span class='ocrx_word' id='word_1_902' title='bbox 2543 5460 2692 5514; x_wconf 90' lang='lat' dir='ltr'>vitas</span> <span class='ocrx_word' id='word_1_903' title='bbox 2717 5461 2959 5526; x_wconf 88' lang='lat' dir='ltr'>agerent</span> <span class='ocrx_word' id='word_1_904' title='bbox 2988 5475 3000 5511; x_wconf 87' lang='lat'><strong>:</strong></span> <span class='ocrx_word' id='word_1_905' title='bbox 3035 5454 3133 5509; x_wconf 86' lang='lat' dir='ltr'>illa</span> <span class='ocrx_word' id='word_1_906' title='bbox 3163 5460 3360 5510; x_wconf 85' lang='lat' dir='ltr'>tamen</span> <span class='ocrx_word' id='word_1_907' title='bbox 3392 5454 3463 5509; x_wconf 91' lang='lat' dir='ltr'>sit</span> <span class='ocrx_word' id='word_1_908' title='bbox 3488 5453 3638 5507; x_wconf 85' lang='lat' dir='ltr'>ﬁdes</span> 
     </span>
    </p>
   </div>
   <div class='ocr_carea' id='block_1_125' title="bbox 1993 5540 3634 5623">
    <p class='ocr_par' dir='ltr' id='par_1_125' title="bbox 1993 5540 3634 5623">
     <span class='ocr_line' id='line_1_127' title="bbox 1993 5540 3634 5623; baseline -0.01 -14"><span class='ocrx_word' id='word_1_909' title='bbox 1993 5553 2304 5623; x_wconf 88' lang='lat' dir='ltr'>salva,qua</span> <span class='ocrx_word' id='word_1_910' title='bbox 2322 5548 2623 5605; x_wconf 90' lang='lat' dir='ltr'>credimus</span> <span class='ocrx_word' id='word_1_911' title='bbox 2637 5546 2866 5601; x_wconf 91' lang='lat' dir='ltr'>nullum</span> <span class='ocrx_word' id='word_1_912' title='bbox 2885 5542 3356 5612; x_wconf 89' lang='lat' dir='ltr'>hominum,sive</span> <span class='ocrx_word' id='word_1_913' title='bbox 3371 5540 3634 5615; x_wconf 86' lang='lat' dir='ltr'>majoris,</span> 
     </span>
    </p>
   </div>
   <div class='ocr_carea' id='block_1_126' title="bbox 1991 5628 3631 5718">
    <p class='ocr_par' dir='ltr' id='par_1_126' title="bbox 1991 5628 3631 5718">
     <span class='ocr_line' id='line_1_128' title="bbox 1991 5628 3631 5718; baseline -0.01 -19"><span class='ocrx_word' id='word_1_914' title='bbox 1991 5642 2114 5699; x_wconf 88' lang='lat' dir='ltr'>sive</span> <span class='ocrx_word' id='word_1_915' title='bbox 2126 5639 2388 5718; x_wconf 70' lang='lat' dir='ltr'>parvulae</span> <span class='ocrx_word' id='word_1_916' title='bbox 2403 5635 2734 5712; x_wconf 89' lang='lat' dir='ltr'>quamlibet</span> <span class='ocrx_word' id='word_1_917' title='bbox 2758 5638 2811 5696; x_wconf 87' lang='lat' dir='ltr'>et</span> <span class='ocrx_word' id='word_1_918' title='bbox 2835 5632 3086 5693; x_wconf 87' lang='lat' dir='ltr'>recentis</span> <span class='ocrx_word' id='word_1_919' title='bbox 3113 5628 3577 5699; x_wconf 57' lang='lat' dir='ltr'>mtatisdiberari</span> <span class='ocrx_word' id='word_1_920' title='bbox 3597 5645 3631 5683; x_wconf 88' lang='lat' dir='ltr'>a</span> 
     </span>
    </p>
   </div>
  </div>
