4118 6164
398 163 506 220 859

393 289 750 360 contagione
783 287 990 345 mortis
1019 285 1284 357 antiquas
1315 287 1372 340 et
1409 283 1776 356 obligatione
1817 280 2044 354 peccati

399 378 562 450 quod
585 378 781 450 prima
795 373 1538 438 nativitaiecontraxit,nisi
1573 389 1676 444 per
1708 387 1896 428 unum
1919 386 2046 426 me-

398 469 690 524 diatorem
739 465 838 520 Dei
895 469 950 518 et
1005 463 1344 528 hominum,
1395 463 1699 518 hominem
1751 461 2044 518 Christum

395 557 594 611 Jesum
635 555 676 624 (l
717 553 861 608 Tim.
892 569 948 618 ιι,
987 553 1060 624 5).

465 646 518 697 6.
551 643 731 712 Cujus
781 641 1040 696 hominis
1089 641 1484 712 ejusdemque
1513 639 1610 696 Dei
1655 639 2048 694 saluberrima

393 732 532 796 ﬁde,
562 733 742 787 etiam
781 731 1014 801 illijusti
1037 731 1184 785 salvi
1211 730 1348 786 facti
1379 731 1674 801 sunt,qui,
1695 729 2048 800 priusquam

391 820 618 875 veniret
643 821 702 875 in
733 835 910 876 carne
935 822 974 889 ι,
1003 820 1382 874 crediderunt
1415 819 1474 873 in
1493 833 1670 874 carne
1709 823 2044 872 venturum.

395 909 616 965 Eadem
647 925 912 980 namque
943 907 1092 962 ﬁdes
1115 911 1204 962 est
1227 913 1282 962 et
1305 913 1512 962 nostra
1531 912 1587 962 et
1617 907 1873 970 illorum,
1895 920 2050 976 quo-

394 998 559 1053 niam
589 999 703 1052 hoc
731 998 808 1052 illi
830 997 1204 1052 crediderunt
1226 996 1510 1061 futurum,
1543 995 1708 1067 quod
1737 1011 1840 1050 nos
1865 993 2050 1048 credi-

399 1103 533 1141 mus
553 1086 812 1144 factum:
843 1086 998 1140 unde
1033 1085 1170 1140 dicit
1193 1085 1495 1156 apostolus
1529 1085 1762 1150 Paulus,
1815 1083 2049 1138 Haben-

397 1181 480 1231 tes
521 1183 716 1230 autem
744 1174 1304 1242 eunzdemSpiritum
1345 1174 1508 1241 ﬁdei,
1539 1173 1864 1230 secundum
1891 1171 2050 1242 quod

391 1265 672 1335 scriptum
714 1271 818 1328 est,
853 1263 1116 1326 Credidi,
1149 1269 1394 1333 prapter
1435 1263 1592 1332 quod
1641 1264 1867 1316 locutus
1895 1276 2045 1326 sum,

395 1361 446 1410 et
475 1369 590 1408 non
625 1353 942 1416 credimus,
965 1361 1209 1421 propter
1235 1353 1392 1423 quod
1422 1359 1474 1406 et
1505 1351 1886 1422 loquimurUl
1917 1351 2046 1406 Cor.

401 1459 478 1507 iv,
513 1441 618 1513 t3).
647 1442 702 1498 Si
730 1457 873 1510 ergo
899 1441 1178 1496 eumdem
1205 1441 1484 1513 Spiritum
1517 1440 1652 1496 ﬁdei
1686 1445 1741 1495 et
1765 1439 1840 1494 illi
1867 1440 2048 1494 habe-

399 1530 546 1586 bant
576 1531 677 1603 qui
723 1535 1040 1584 venturum
1069 1531 1126 1583 iu
1159 1545 1336 1584 carne
1367 1530 1665 1586 Christum
1697 1529 2050 1600 praenuntia-

399 1625 558 1684 runt,
593 1634 774 1690 quem
797 1619 972 1673 etiam
1007 1617 1085 1672 illi
1118 1619 1220 1689 qui
1246 1634 1384 1673 eum
1416 1619 1643 1673 venisse
1675 1617 2048 1683 nuntiarunt;

401 1713 779 1762 sacramenta
807 1723 935 1762 esse
961 1712 1276 1778 potuerunt
1303 1721 1411 1777 pro
1447 1711 1780 1776 temporum
1808 1706 2051 1762 diversi-

401 1801 517 1852 tate
549 1797 802 1862 diversa,
863 1796 940 1850 ad
983 1797 1271 1850 unitatem
1327 1800 1526 1850 tamen
1586 1795 1858 1866 ejusdem
1910 1795 2050 1850 fidei

403 1885 862 1942 concordissime
891 1885 1574 1956 recurrentia.Scriptum
1607 1889 1693 1940 est
1722 1885 1784 1940 iu
1806 1885 2050 1942 Actibus

401 1973 844 2046 Apostolorum,
877 1975 1156 2046 loquente
1176 1974 1449 2046 apostolo
1475 1978 1672 2030 Petro:
1701 1976 1878 2031 Nunc
1911 1991 2050 2046 ergo

401 2063 541 2134 quid
572 2064 808 2118 tentatis
848 2063 1026 2119 Deum
1057 2065 1359 2130 imponere
1372 2065 1590 2134 jugum
1615 2079 1802 2134 supra
1830 2065 2052 2120 collum

401 2151 1030 2224 discipulorum,quod
1057 2167 1242 2222 neque
1265 2160 1464 2222 patres
1491 2153 1700 2218 nostri,
1733 2169 1920 2224 neque
1949 2169 2053 2208 nos

397 2248 643 2310 portare
687 2242 976 2312 potuimus
1001 2243 1028 2298 ?
1063 2242 1178 2296 Sed
1205 2257 1312 2310 per
1341 2242 1604 2312 gratiam
1637 2243 1873 2298 Domini
1915 2243 2052 2299 Jesu

403 2330 697 2386 credimus
713 2331 1680 2401 nossalvosﬁeri.quemadmodum
1710 2339 1760 2388 et
1781 2333 1870 2388 illi
1901 2335 2051 2402 (Act.

401 2435 498 2484 xv,
530 2421 617 2484 10,
653 2421 762 2486 ll).
815 2419 872 2474 Si
899 2436 1040 2486 ergo
1071 2427 1126 2474 et
1173 2420 1272 2484 illi,
1315 2420 1372 2474 il
1405 2425 1512 2484 est,
1549 2427 1765 2491 patres,
1817 2427 2054 2492 portare

396 2508 616 2580 jugum
643 2507 790 2576 legis
833 2509 1044 2562 veteris
1078 2525 1196 2562 non
1231 2507 1514 2572 valentes,
1533 2524 1636 2580 per
1659 2511 1910 2578 gratiam
1945 2513 2050 2564 Do-

403 2597 548 2650 mini
579 2597 714 2650 Jesu
743 2595 940 2651 salvos
971 2615 1031 2651 se
1059 2597 1182 2651 ﬁeri
1209 2597 1628 2662 crediderunt;
1667 2599 2052 2654 manifestum

404 2690 494 2740 est
521 2685 687 2755 quod
717 2685 844 2740 haec
875 2686 1066 2754 gratia
1117 2687 1296 2740 etiam
1329 2687 1608 2758 antiquos
1630 2687 1822 2756 juslos
1863 2689 2054 2744 vivere

404 2771 540 2827 fecit
567 2789 638 2827 ex
667 2771 808 2828 ﬁde:
833 2773 1031 2844 justus
1047 2773 1204 2828 enim
1237 2791 1306 2829 ex
1335 2775 1450 2828 tide
1479 2775 1885 2846 vivit(Habac.
1905 2778 2052 2844 11,4).

477 2867 532 2918 7.
565 2863 675 2916 Lex
701 2867 902 2917 autem
923 2863 1354 2919 subintravitut
1375 2863 1712 2920 abundaret
1745 2865 2052 2934 delictum;

404 2953 469 3006 ut
499 2951 1017 3023 superabundaret
1042 2954 1233 3022 gratia
1274 2953 1459 3024 (Rom.
1495 2971 1546 3018 ν,
1599 2957 1710 3024 20),
1737 2971 1844 3026 per
1868 2972 2054 3028 quam

406 3047 716 3095 sanaretur
745 3040 940 3096 delicti
980 3041 1373 3098 abundantia.
1420 3043 1476 3098 Si
1503 3043 1662 3098 enim
1693 3043 1835 3100 data
1901 3051 2058 3101 esset

403 3129 496 3184 lex
526 3145 662 3201 quae
697 3129 993 3184 viviﬁcare
1052 3137 1274 3201 posset,
1309 3132 1560 3186 omnino
1611 3149 1680 3187 ex
1737 3133 1864 3204 lege
1905 3138 2058 3189 esset

401 3218 648 3289 justitia.
680 3220 780 3275 Cui
813 3223 1012 3274 tamen
1045 3219 1202 3276 bono
1221 3221 1333 3274 Lex
1365 3221 1506 3276 data
1529 3223 1601 3276 sit
1623 3227 1664 3286 ³,
1691 3239 2058 3294 consequen-

406 3313 492 3362 ter
521 3308 614 3377 adj
629 3309 794 3364 unxit
822 3307 1172 3366 dicens:Sed
1200 3311 1480 3364 conclusit
1511 3311 1826 3376 Scriptura
1859 3313 2058 3367 omnia

405 3398 510 3452 sub
533 3403 783 3467 peccatu,
817 3403 876 3450 ut
905 3397 1210 3464 promissio
1239 3413 1312 3454 ea:
1335 3398 1449 3466 ﬁde
1477 3401 1614 3454 Jesu
1649 3400 1872 3456 Chritis
1899 3401 2060 3457 dare-

407 3491 504 3538 tur
554 3485 921 3540 crcdentibus
971 3483 1197 3556 (Galat.
1233 3502 1312 3548 ιιι,
1355 3489 1442 3550 21,
1477 3491 1585 3554 2'2).
1625 3488 1828 3544 Danda
1855 3487 2058 3560 itaque

406 3573 594 3629 fuerat
625 3573 760 3636 Lex,
790 3590 924 3644 quas
956 3575 1330 3630 manifestius
1365 3577 1476 3630 sibi
1507 3577 1702 3648 ipsum
1723 3578 2061 3634 ostenderet

404 3660 734 3726 hominem,
779 3677 850 3716 ne
881 3663 1176 3733 superbus
1207 3665 1446 3719 animus
1467 3665 1771 3721 humanus
1805 3681 1842 3720 a
1863 3667 2059 3738 seipso

411 3765 473 3804 se
505 3765 684 3820 posse
709 3765 840 3806 esse
861 3749 1090 3821 justum
1116 3757 1366 3823 putaret,
1393 3759 1448 3808 et
1471 3753 1755 3822 ignorans
1786 3755 2059 3825 Deijusti-

407 3841 570 3904 tiam,
595 3839 653 3894 id
691 3845 783 3895 est
811 3855 946 3911 quae
973 3841 1288 3896 hominiex
1317 3845 1432 3898 Deo
1453 3849 1558 3908 est,
1586 3849 1830 3900 etsuam
1855 3845 2060 3900 volens

406 3930 782 3994 constituere,
817 3929 876 3984 id
900 3934 986 3985 est
1011 3931 1184 4002 quasi
1207 3931 1332 3985 suis
1363 3931 1862 4004 viribusipartam,
1893 3935 2061 4004 justi-

405 4017 498 4072 tite
525 4019 620 4072 Dei
649 4018 954 4087 subjectus
989 4035 1108 4074 non
1137 4019 1300 4074 ﬁeret
1325 4021 1514 4090 (ltom.
1537 4037 1594 4086 x,
1615 4027 1689 4080 3).
1729 4024 2063 4093 Oportebat

407 4106 608 4177 itaque
641 4111 703 4160 ut
740 4107 947 4161 addito
979 4107 1264 4163 mandato
1299 4109 1468 4178 cujus
1493 4125 1610 4164 vox
1639 4112 1894 4174 est,Non
1923 4127 2056 4168 con-

410 4195 668 4262 cupiscet
701 4195 1040 4264 (Βαβαῖ-ιιι,
1099 4201 1198 4264 17),
1243 4197 1500 4266 superbo
1533 4200 1827 4268 peccatori
1881 4201 2060 4256 etiam

409 4282 926 4354 praevaricationis
952 4285 1174 4338 crimen
1208 4285 1515 4340 accederet
1545 4301 1558 4352 ;
1601 4293 1781 4358 atque
1813 4289 1894 4344 ita
1925 4305 2056 4357 gra-

411 4371 506 4428 tias
523 4371 876 4427 medicinam
903 4389 1024 4428 non
1048 4379 1261 4430 sanata
1283 4389 1387 4446 per
1403 4376 1636 4445 Legem,
1663 4377 1768 4432 sed
1792 4378 2063 4434 convicta

409 4461 722 4517 inﬁrmitas
753 4468 1063 4534 quaereret.

482 4555 533 4606 8.
569 4550 840 4618 Proinde,
865 4567 1001 4607 cum
1021 4567 1234 4608 omnes
1259 4551 1423 4623 justi,
1457 4553 1572 4608 hoc
1594 4563 1680 4610 est
1709 4573 1948 4612 veraces
1963 4557 2062 4613 Dei

412 4639 687 4702 cultores,
722 4641 843 4695 sive
873 4647 1010 4697 ante
1040 4643 1540 4712 incarnationem,
1569 4645 1689 4700 sive
1719 4652 1849 4718 post
1877 4649 2062 4702 incar-

415 4727 716 4782 nationem
749 4729 978 4792 Christi,
1007 4746 1114 4786 nec
1149 4731 1418 4799 vixerint,
1453 4747 1560 4788 nec
1592 4733 1810 4796 vivant,
1837 4734 1948 4788 nisi
1991 4749 2062 4788 ex

413 4815 526 4870 ﬁde
566 4815 998 4874 incarnationis
1027 4819 1256 4882 Christi,
1287 4821 1344 4874 in
1376 4837 1498 4890 quo
1525 4829 1610 4875 est
1639 4823 1844 4889 gratiae
1877 4821 2064 4892 pleni-

413 4905 596 4971 tudo;
625 4903 888 4976 profecto
915 4907 1080 4979 quod
1113 4909 1400 4978 scriptum
1430 4913 1537 4976 est,
1565 4911 1698 4964 Non
1733 4925 1862 4964 esse
1892 4911 2064 4966 aliud

413 5009 617 5051 nomen
647 4995 756 5050 sub
772 4995 1004 5058 ccelo,in
1019 5011 1130 5066 quo
1151 5003 1404 5068 oporteat
1421 4999 1616 5053 salvos
1629 4999 1760 5065 ﬁeri
1786 5015 1888 5054 nos
1905 4998 1972 5069 (A
1984 5007 2059 5055 et.

413 5099 490 5152 iv,
525 5085 639 5154 l2),
675 5099 746 5138 ex
770 5083 867 5138 illo
895 5089 1162 5154 tempore
1199 5085 1350 5140 valet
1371 5087 1448 5142 ad
1481 5085 1838 5142 salvaudum
1874 5105 2063 5156 genus

413 5173 858 5232 humanum.ex
891 5173 1083 5245 quoin
1115 5173 1304 5230 Adam
1335 5175 1607 5230 vitiatum
1635 5181 1924 5243 estgenus
1957 5176 2064 5232 hu-

421 5276 690 5316 manum.
725 5263 876 5316 Sicut
923 5265 1076 5318 enim
1135 5264 1194 5318 in
1229 5263 1416 5319 Adam
1455 5279 1654 5320 omnes
1699 5265 2064 5330 moriuntur,

415 5349 500 5404 ita
531 5359 582 5405 et
609 5352 670 5406 in
707 5351 934 5406 Christo
965 5367 1162 5408 omnes
1201 5353 1680 5420 viviﬁcabuntur.
1725 5353 1874 5419 Quia
1915 5355 2066 5411 sicut

479 5500 908 5570 :lttsszplerique
933 5509 1242 5570 constanter
1263 5505 1477 5562 habent,
1511 5507 1566 5554 in
1599 5521 1819 5570 carnem.

479 5559 601 5626 'Sic
633 5559 748 5626 ales.
785 5559 962 5626 plures
993 5569 1226 5618 melioris
1265 5573 1422 5626 notas,
1463 5559 1670 5618 necnon
1701 5569 1824 5619 Bad.
1863 5571 1976 5619 Am.
2016 5575 2068 5620 et

419 5621 502 5670 Er.
535 5623 600 5670 At
629 5623 760 5673 Lov.
787 5621 954 5676 habet
991 5645 1000 5676 :
1035 5631 1132 5690 Qui
1161 5632 1330 5682 tamin
1361 5621 1518 5696 quare
1553 5633 1630 5684 lea:
1661 5633 1798 5684 bona
1827 5633 1948 5682 data
1980 5633 2064 5684 sit.

1673 155 1736 214 S.
1774 153 2163 215 AUGUSTINI
2201 154 2522 213 EPISCOPl

3700 155 3804 214 860

2149 281 2210 338 in
2241 297 2426 352 regno
2455 281 2664 338 mortis
2707 297 2887 340 nemo
2921 281 3050 338 sine
3079 283 3295 349 Adam,
3317 283 3401 344 ita
3425 284 3490 341 in
3513 300 3706 356 regno
3738 285 3824 340 vi-

2151 375 2224 426 tie
2255 387 2432 426 nemo
2467 371 2594 427 sine
2625 371 2877 428 Christo.
2909 372 3074 428 Sicut
3105 387 3214 444 per
3263 373 3456 430 Adam
3482 389 3698 430 omnes
3727 375 3830 430 in-

2148 459 2308 530 justi,
2351 461 2433 516 ita
2463 475 2568 531 per
2599 459 2902 516 Christum
2929 463 3626 534 omnesjustihomines.
3659 464 3828 520 Sicut

2153 565 2258 620 per
2297 549 2484 604 Adam
2517 566 2730 604 omnes
2771 545 3130 606 mortalesin
3161 567 3354 622 paena
3379 552 3516 607 facti
3539 559 3679 608 sunt
3717 551 3832 608 ﬁlii

2155 639 2374 704 sseculi,
2409 639 2486 694 ita
2523 645 2580 694 et
2621 656 2726 710 per
2757 640 3056 698 Christum
3084 656 3186 696 om
3205 657 3310 696 nes
3357 641 3730 697 immortales
3759 641 3830 698 in

2155 728 2342 798 gratia
2365 728 2512 782 ﬁunt
2531 729 2628 782 lilii
2669 729 2790 784 Dei.

2227 818 2455 874 CAPle
2479 817 2572 874 ΙΙΙ.
2605 847 2671 858 -
2705 817 2758 872 9.
2791 819 2902 873 Cur
2937 821 3138 874 autem
3193 823 3472 874 creentur
3499 818 3690 874 etiam
3739 819 3830 874 illi

2154 923 2308 979 quos
2339 907 2578 962 Creator
2603 907 2898 978 prmscivit
2927 909 2942 943 ¹
2985 907 3064 962 ad
3095 907 3550 964 damnationem
3579 923 3704 964 non
3743 907 3826 963 ad

2157 997 2408 1066 gratiam
2443 996 2753 1066 pertinere,
2785 996 2996 1052 beatus
3023 997 3347 1068 Apostolus
3361 1003 3524 1052 tanto
3547 997 3828 1052 succinc-

2155 1084 2302 1140 tiore
2321 1085 2629 1154 brevitate,
2657 1091 2884 1156 quanto
2919 1085 3144 1156 majore
3169 1087 3520 1142 auctoritate
3541 1100 3826 1141 comme-

2155 1179 2372 1228 morat.
2405 1175 2586 1228 Deum
2627 1172 2788 1228 enim
2817 1172 2958 1228 dicit
2983 1172 3282 1229 volentem
3307 1174 3607 1230 ostendere
3629 1173 3826 1236 iram,

2157 1267 2209 1318 et
2233 1247 2634 1317 demonstrare
2659 1263 2982 1330 potentiam
3013 1277 3204 1328 suam,
3252 1262 3524 1317 attulisse
3563 1265 3620 1317 in
3637 1263 3830 1316 multa

2155 1351 2446 1420 patientia
2475 1366 2612 1406 vasa
2651 1351 2774 1414 irae,
2808 1365 2938 1422 quae
2961 1353 3224 1420 perfecta
3280 1357 3420 1406 sunt
3453 1352 3510 1405 in
3541 1351 3832 1421 perditio-

2157 1456 2307 1508 nem,
2335 1447 2388 1496 et
2417 1446 2479 1494 ut
2505 1447 2674 1496 notas
2699 1441 2922 1509 faceret
2947 1440 3186 1496 divitias
3207 1441 3415 1511 glorias
3435 1456 3556 1496 suae
3585 1441 3646 1494 in
3677 1455 3828 1496 vasa

2157 1529 2569 1584 misericordias
2596 1541 2618 1599 ;
2669 1545 2852 1600 quem
2893 1529 3167 1600 superius
3225 1530 3457 1584 dixerat
3525 1534 3828 1602 tanquam

2157 1617 2408 1688 ﬁgulum
2441 1617 2546 1673 luti
2589 1633 2664 1674 ex
2689 1618 2880 1674 eadem
2913 1633 3104 1673 massa
3149 1620 3346 1678 facere
3395 1617 3568 1674 aliud
3607 1633 3710 1674 vas
3759 1620 3828 1672 in

2160 1709 2462 1772 honorem,
2495 1707 2666 1764 aliud
2693 1707 2758 1762 in
2787 1707 3199 1762 contumeliam
3242 1707 3432 1778 (Rom.
3461 1723 3538 1771 ix,
3579 1710 3670 1772 22,
3705 1709 3822 1775 2t).

2159 1799 2358 1852 Ms-rito
2391 1801 2590 1852 autem
2625 1797 2924 1851 videretur
2961 1796 3452 1867 injustum,quod
3487 1797 3638 1852 ﬁunt
3675 1811 3832 1852 vasa

2160 1887 2262 1942 iraa
2295 1885 2372 1941 ad
2407 1885 2820 1956 perditionem,
2853 1885 2900 1940 si
2935 1901 3054 1940 non
3085 1889 3240 1940 esset
3265 1886 3398 1956 ipsa
3441 1887 3720 1941 universa
3749 1901 3830 1942 ex

2163 1977 2350 2031 Adam
2385 1991 2581 2030 massa
2619 1974 2928 2030 damnata.
2979 1973 3150 2040 Quod
3183 1989 3322 2042 ergo
3345 1974 3490 2028 ﬁunt
3515 1975 3656 2030 inde
3689 1989 3832 2030 nas-

2162 2065 2352 2120 cendo
2383 2064 2658 2128 vasairte,
2693 2063 2940 2134 pertinet
2963 2063 3036 2118 ad
3069 2063 3332 2118 debitam
3349 2079 3626 2134 prauam:
3657 2064 3830 2136 quod

2163 2161 2360 2209 autem
2407 2155 2560 2207 ﬁunt
2589 2151 2962 2206 reuascendo
2995 2167 3143 2207 vasa
3171 2151 3614 2218 misericordiae,
3651 2154 3832 2225 perti-

2163 2249 2262 2299 net
2287 2241 2364 2297 ad
2397 2241 2722 2296 indebitam
2758 2241 3034 2309 gratiam.

2237 2333 2321 2386 10,
2347 2329 2765 2398 Ostenditergo
2791 2331 2940 2384 Deus
2955 2329 3104 2384 iram
3121 2343 3293 2384 suam
3313 2345 3326 2394 ;
3345 2344 3464 2384 non
3481 2329 3686 2402 utique
3704 2331 3834 2385 ani-

2167 2421 2248 2476 mi
2271 2419 2798 2492 perturbationem,
2819 2417 2970 2472 sicut
2993 2423 3232 2489 estquae
3261 2419 3346 2473 ira
3376 2418 3642 2474 hominis
3673 2435 3832 2474 nun-

2161 2515 2436 2580 cupatur,
2470 2507 2573 2562 sed
2599 2507 2828 2578 justam
2867 2505 3171 2578 ﬁxamque
3201 2507 3549 2574 vindictam,
3577 2509 3724 2580 quia
3753 2507 3834 2564 de

2162 2599 2340 2668 stirpe
2367 2597 2782 2652 inobedientias
2813 2595 3050 2651 ducitur
3073 2611 3345 2668 propago
3375 2599 3601 2668 peccati
3629 2603 3822 2668 atque

2161 2687 2528 2758 suppliciiJit
2546 2685 2712 2740 homo
2727 2691 2900 2740 natus
2913 2701 2988 2740 e1:
3005 2685 3432 2753 muliere,sicut
3453 2687 3510 2740 in
3529 2685 3682 2741 libro
3699 2687 3824 2742 Job

2163 2777 2444 2850 scriptum
2461 2775 2764 2838 cst,brevis
2776 2781 2858 2830 est
2883 2774 3012 2828 vitae
3026 2782 3076 2829 et
3089 2775 3648 2842 plenusiracundia’
3665 2775 3800 2846 (Job
3813 2819 3826 2830 .

2163 2883 2278 2932 xxv,
2317 2871 2361 2930 l,
2393 2881 2503 2920 sec.
2531 2865 2856 2934 l.XX).Ejus
2889 2863 3048 2918 enim
3081 2863 3164 2918 rei
3185 2879 3287 2919 vas
3319 2869 3424 2928 est,
3450 2879 3572 2934 qua
3605 2865 3828 2935 plenus

2164 2961 2287 3010 est:
2316 2953 2471 3008 unde
2499 2953 2598 3007 irae
2629 2968 2770 3007 vasa
2795 2951 3098 3006 dicuntur.
3135 2951 3830 3023 Ostenditetpotentiam

2165 3059 2358 3106 suam,
2388 3057 2506 3114 qua
2525 3041 2672 3096 bene
2707 3043 2882 3094 etiam
2901 3041 3080 3095 utitur
3113 3040 3283 3094 malis
3312 3039 3496 3095 multa
3515 3040 3628 3095 illis
3651 3049 3834 3098 natu-

2163 3131 2308 3186 ralia
2338 3135 2394 3186 et
2423 3128 2773 3201 temporalia
2797 3131 2956 3184 bona
2985 3129 3263 3198 largiens,
3299 3145 3630 3201 eorumque
3655 3130 3834 3186 mali-

2165 3225 2308 3274 tiam
2341 3219 2416 3274 ad
2438 3217 2796 3272 exercendos
2825 3225 2878 3272 et
2911 3218 3358 3288 comparatione
3401 3217 3834 3272 admonendos

2165 3309 2357 3364 bonos
2389 3307 2881 3375 accommodans,
2910 3311 2972 3360 ut
2999 3305 3058 3360 in
3089 3307 3178 3361 eis
3203 3305 3438 3360 discant
3471 3321 3646 3375 agere
3697 3321 3834 3375 gra-

2167 3399 2279 3452 tias
2297 3401 2412 3452 Deo
2429 3395 2586 3467 quod
2605 3395 2683 3449 ab
2707 3395 2814 3462 eis,
2837 3409 2954 3449 non
2977 3393 3099 3448 suis
3119 3395 3366 3460 meritis,
3383 3411 3518 3466 quae
3536 3395 3596 3449 in
3613 3395 3840 3450 eadem

2167 3501 2370 3540 massa
2403 3485 2566 3555 paria
2605 3485 2840 3538 fuerunt
2865 3488 2907 3548 ί,
2941 3483 3042 3538 sed
3075 3482 3230 3537 illius
3280 3483 3660 3538 miseratione
3717 3483 3840 3538 dis-

2167 3576 2302 3631 creti
2339 3581 2492 3628 sunt.
2529 3573 2696 3638 Quod
2731 3572 2988 3627 maxime
3011 3577 3262 3643 apparet
3313 3572 3372 3626 in
3423 3573 3710 3643 parvulis,
3757 3571 3838 3626 de

2167 3665 2406 3736 quibus,
2431 3679 2568 3718 cum
2604 3677 2706 3732 per
2737 3661 2947 3716 Christi
3014 3661 3271 3730 gratiam
3314 3665 3740 3724 renascuntur,
3775 3667 3840 3718 et

2167 3755 2340 3809 istam
2373 3752 2558 3807 vitam
2589 3751 2646 3806 in
2671 3749 2772 3806 illa
2809 3755 3009 3806 tenera
3040 3755 3212 3806 aetate
3245 3750 3520 3805 ﬁnientes
3549 3750 3608 3804 in
3657 3755 3840 3805 aster-

2167 3859 2312 3898 nam
2343 3845 2652 3896 transeunt
2685 3845 2740 3894 et
2773 3839 3034 3906 beatam,
3079 3839 3199 3894 dici
3237 3855 3354 3894 non
3411 3843 3606 3910 potest
3663 3839 3836 3911 quod

2168 3931 2356 3986 libero
2395 3929 2814 3984 discernuntur
2843 3927 3086 3984 arbitrio
3115 3928 3192 3982 ab
3215 3928 3345 3982 aliis
3369 3927 3702 3984 infantibus
3731 3931 3842 4000 qui

2169 4021 2294 4074 sine
2323 4019 2437 4074 hac
2465 4019 2655 4088 gratia
2681 4017 2739 4072 in
2799 4017 2990 4088 ipsius
3032 4033 3250 4072 massae
3279 4015 3676 4072 damnatione
3709 4033 3840 4073 mos

2169 4111 2424 4163 riuntur.

2245 4199 2328 4252 lt.
2363 4197 2416 4252 Si
2447 4199 2646 4250 autem
2673 4195 2731 4250 hi
2758 4193 2868 4250 soli
2889 4197 3232 4249 crearentur
3261 4211 3332 4249 ex
3359 4193 3572 4260 Adam,
3607 4193 3710 4266 qui
3739 4211 3840 4250 es-

2171 4285 2678 4358 sentpergratiam
2696 4283 3090 4352 recreandi,et
3113 4289 3324 4354 praeter
3345 4282 3474 4338 illos
3505 4283 3608 4354 qui
3636 4285 3696 4338 in
3731 4283 3834 4338 Dei

2169 4376 2322 4431 ﬁlios
2336 4372 2986 4446 adoptantur,nullialii
3007 4373 3282 4428 homines
3313 4377 3716 4436 nascerentur,
3743 4371 3838 4428 la-

2171 4463 2685 4521 teretheneticium
2700 4463 2860 4534 quod
2875 4461 3474 4530 donareturindignis
3493 4481 3504 4528 ;
3522 4462 3664 4532 quia
3699 4459 3838 4516 nul-

2170 4555 2239 4610 lis
2273 4571 2343 4609 ex
2365 4553 2575 4608 eadem
2593 4551 2923 4608 damnabili
2953 4551 3134 4622 stirpe
3162 4549 3828 4606 venientib-isdebitum

2172 4643 2530 4714 supplicium
2565 4641 2928 4696 redderetur.
2974 4641 3117 4694 Cum
3155 4655 3294 4695 vero
3325 4639 3512 4695 attulit
3545 4639 3602 4694 in
3635 4639 3832 4696 multa

2171 4731 2456 4803 patientia
2491 4747 2636 4786 vasa
2659 4731 2780 4800 iraa,
2809 4747 2944 4802 quas
2987 4729 3250 4800 perfecta
3285 4733 3422 4784 sunt
3451 4729 3508 4783 in
3543 4728 3832 4798 perditio-

2171 4837 2458 4886 nem,non
2473 4821 2664 4875 solum
2679 4817 3098 4876 ostenditiram
3116 4819 3804 4890 etdemonstravitpoten
3817 4849 3836 4859 -

2173 4912 2314 4966 tiam
2348 4927 2518 4966 suam
2549 4909 2924 4964 redhibendo
2953 4907 3299 4973 vindictam,
3329 4913 3385 4962 et
3413 4907 3565 4962 bene
3605 4907 3834 4962 utendo

2171 5017 2294 5055 non
2317 5001 2510 5062 bonis,
2531 4999 2632 5053 sed
2667 4999 2844 5052 etiam
2871 5003 3042 5052 notas
3065 4997 3199 5052 fecit
3225 4996 3459 5052 divitias
3483 4995 3682 5068 glorise
3709 5013 3835 5052 suae

2172 5091 2230 5144 iu
2263 5105 2404 5143 vasa
2435 5087 2972 5142 misericordimJta
3003 5088 3160 5140 enim
3191 5087 3335 5157 quid
3369 5089 3678 5156 praestetur
3719 5087 3834 5139 sibi

2173 5179 2316 5233 dicit
2341 5177 2517 5245 gratis
2542 5177 2932 5246 justilicatus,
2967 5175 3114 5230 dum
3149 5190 3266 5230 non
3299 5189 3408 5228 suo
3433 5173 3667 5240 merito,
3724 5173 3836 5229 sed

2175 5267 2364 5338 gloria
2393 5265 2744 5336 largissimae
2777 5265 2878 5320 Dei
2928 5263 3352 5319 misericordiae
3407 5263 3768 5318 discernitur
3799 5279 3838 5318 a

2237 5440 2248 5469 ¹
2287 5435 2552 5484 Victorius
2579 5435 2748 5484 codex
2779 5435 2958 5482 voluit.
2989 5435 3169 5483 Germ.
3215 5437 3264 5482 et
3299 5433 3472 5490 Corb.,
3499 5433 3665 5480 novit.

2237 5501 2254 5528 ³
2277 5500 2422 5548 Unus
2453 5501 2564 5548 Vat.
2595 5498 2760 5546 codex
2797 5515 2806 5546 :
2830 5497 2926 5556 Qui
2955 5499 3008 5544 in
3039 5497 3208 5544 eadem
3237 5511 3402 5544 massa
3427 5511 3578 5557 pares
3595 5497 3834 5607 gues-unt-

2245 5567 2322 5607 ter
2353 5563 2490 5607 Vat"
2524 5577 2706 5607 ante-.-
2751 5561 2966 5607 pariter.
2991 5565 3090 5607 etc.
3123 5559 3242 5607 Ed..
3264 5560 3350 5607 aui
3385 5560 3556 5607 paria.
3633 5559 3694 5606 ed
3727 5574 3831 5607 me.

2177 5561 2322 5610 Alter
2353 5563 2490 5618 Vat,
2524 5577 2706 5622 quis...
2749 5561 2966 5622 pariter,
2991 5565 3090 5608 etc.
3123 5559 3242 5614 Ed.,
3264 5560 3350 5622 qui
3383 5560 3556 5620 paria.
3595 5559 3694 5607 Sed
3727 5574 3831 5608 me.

2177 5625 2280 5674 lius
2307 5623 2430 5672 Mss.
2468 5621 2843 5688 quaiuplures,
2879 5636 2986 5688 quis
3013 5623 3168 5686 paria
3199 5637 3215 5678 ;
3241 5621 3458 5678 scilicet,
3494 5622 3700 5671 merita.
