4118 6164
226 159 333 218 861

226 287 537 352 damnato,
567 301 705 342 cum
738 302 861 360 quo
893 287 1102 346 eadem
1133 290 1365 362 justitia
1410 293 1606 352 fuerat
1643 299 1699 352 et
1755 298 1884 367 ipse

228 374 637 431 damnandus.

308 468 390 519 l2.
421 467 561 520 Tam
581 466 798 521 multos
814 471 1011 523 autem
1046 471 1306 526 creando
1324 474 1488 529 nasci
1505 474 1707 540 voluit,
1732 491 1886 547 quos

230 553 309 609 ad
325 570 495 609 suam
508 554 763 623 gratiam
779 571 897 610 non
916 558 1205 629 pertinere
1222 564 1605 632 prmscivit,ut
1628 564 1884 620 multitu-

228 642 841 715 dineincomparabili
864 646 1064 714 plures
1091 648 1208 704 sint
1232 650 1509 722 illisquos
1538 653 1595 707 in
1614 654 1883 721 suiregni

226 731 481 803 gloriam
512 732 668 788 ﬁlios
702 735 1117 805 promissionis
1146 740 1572 810 praedestinare
1602 743 1885 812 dignatus

224 825 318 875 est
348 836 362 885 ;
398 820 656 875 utetiam
684 822 815 892 ipsa
837 823 1191 893 rejectorum
1218 827 1596 884 multitudine
1610 831 1883 885 ostende-

225 914 410 974 retur,
434 924 617 980 quam
660 910 882 965 nullius
916 916 1202 969 momenti
1238 917 1310 970 sit
1339 918 1501 988 apud
1533 919 1720 975 Deum
1755 920 1885 991 jus-

230 1005 359 1053 tum
387 998 761 1069 quantalibet
791 1002 1193 1058 numerositas
1214 1004 1544 1075 justissima
1569 1008 1885 1065 damnato-

228 1101 390 1140 rum.
422 1089 615 1159 Atque
650 1093 710 1142 ut
739 1088 879 1144 hinc
900 1093 1493 1163 quoqueintelligant
1523 1097 1625 1168 qui
1648 1113 1721 1152 ex
1750 1098 1887 1168 ipsa

229 1175 619 1231 damnatione
641 1177 1039 1245 redimuntur,
1060 1181 1169 1236 hoc
1186 1182 1366 1237 fuisse
1380 1183 1647 1239 debitum
1668 1201 1885 1241 massaa

230 1263 316 1319 illi
350 1264 661 1331 universae,
690 1268 854 1338 quod
889 1274 1008 1324 tam
1041 1286 1277 1342 magna
1328 1274 1481 1343 parti
1512 1275 1643 1344 ejus
1686 1274 1888 1330 reddi-

231 1357 364 1408 tum
396 1361 722 1421 cernerent,
747 1372 865 1412 non
893 1356 1086 1412 solum
1121 1361 1181 1414 in
1213 1360 1295 1415 eis
1322 1363 1423 1432 qui
1452 1362 1724 1431 originali
1755 1380 1887 1435 pec-

232 1448 372 1497 cato
388 1443 572 1499 multa
595 1444 824 1501 addunt
847 1446 1018 1501 malae
1042 1448 1366 1505 voluntatis
1390 1451 1653 1517 arbitrio,
1677 1468 1884 1509 verum

231 1530 415 1586 etiam
442 1531 505 1586 in
537 1538 659 1589 tam
681 1535 878 1589 multis
904 1538 1169 1607 parvulis
1194 1538 1294 1610 qui
1320 1542 1738 1597 tantummodo
1766 1543 1887 1598 vin-

231 1619 371 1675 culo
402 1622 627 1692 peccati
659 1622 964 1691 originalis
993 1624 1275 1692 obstricti,
1306 1627 1430 1683 sine
1457 1630 1649 1698 gratia
1676 1630 1888 1687 Media-

232 1709 382 1763 toris
403 1724 473 1763 ex
498 1710 610 1765 hac
632 1710 761 1765 luce
784 1713 1115 1783 rapiuntur.
1145 1717 1287 1770 Tota
1312 1718 1535 1788 quippe
1552 1718 1666 1774 ista
1686 1735 1888 1775 massa

227 1797 414 1867 justas
440 1799 845 1855 damnationis
876 1802 1162 1873 reciperet
1183 1804 1472 1870 debitum,
1499 1807 1607 1862 nisi
1631 1824 1702 1863 ex
1719 1825 1788 1864 ea
1806 1809 1888 1865 fa-

232 1892 393 1942 ceret
426 1903 546 1943 non
579 1888 769 1944 solum
803 1891 1023 1961 justus,
1043 1894 1139 1947 sed
1166 1894 1344 1948 etiam
1374 1896 1708 1953 misericors
1740 1897 1888 1969 ﬁgu-

231 1974 333 2030 lus
374 1975 490 2031 alia
520 1992 669 2032 vasa
699 1978 757 2032 in
784 1978 1075 2035 honorem
1100 1984 1430 2045 secundum
1458 1985 1734 2053 gratiam,
1764 2002 1887 2042 non

234 2064 573 2119 secundum
618 2066 888 2123 debitum
928 2087 944 2139 ;
988 2069 1135 2125 dum
1189 2076 1245 2127 et
1286 2072 1548 2142 parvulis
1594 2076 1884 2143 subvenit,

234 2169 495 2225 quorum
525 2155 686 2210 nulla
713 2157 921 2213 merita
942 2158 1057 2213 dici
1081 2167 1355 2230 possunt,
1388 2163 1719 2235 etmajores
1738 2181 1884 2236 prm-

234 2242 422 2306 venit,
456 2246 521 2297 ut
550 2243 772 2299 habere
803 2245 1005 2317 aliqua
1036 2248 1245 2303 merita
1275 2250 1528 2321 possint.

312 2331 539 2387 CAPUT
570 2332 659 2387 IV.
688 2363 754 2373 —
784 2334 872 2389 13.
908 2334 1049 2401 Quae
1099 2352 1235 2391 cum
1268 2340 1348 2393 ita
1379 2338 1513 2407 sint,
1550 2340 1595 2394 si
1643 2342 1888 2398 assertio

238 2422 341 2474 tua
371 2434 492 2474 non
520 2436 590 2475 eo
633 2421 837 2489 tendit,
873 2428 934 2477 ut
963 2439 1150 2478 novas
1183 2424 1419 2481 animas
1451 2426 1616 2481 dicas
1649 2434 1889 2500 propter

236 2507 641 2564 innocentiam
656 2512 928 2566 novitatis
942 2519 1418 2585 sum,antequam
1433 2516 1507 2571 ad
1525 2519 1891 2587 peccandum

237 2596 427 2652 libero
454 2603 693 2653 utantur
715 2601 979 2666 arbitrio,
1001 2601 1373 2659 damnationi
1406 2606 1679 2675 originali
1704 2608 1890 2664 obno-

229 2685 363 2740 xias
379 2701 508 2741 esse
522 2703 641 2743 non
658 2704 833 2759 posse
854 2706 867 2755 ;
883 2690 983 2745 sed
1000 2706 1101 2745 eas
1116 2691 1231 2746 ﬁde
1246 2692 1539 2750 catholica
1561 2696 1886 2765 conﬁteris,

230 2776 466 2830 etiamsi
495 2777 553 2830 in
579 2776 679 2832 illa
702 2783 902 2834 tenera
928 2784 1099 2835 aetate
1126 2780 1199 2835 de
1235 2796 1486 2853 corpore
1519 2785 1783 2851 exierint,
1830 2788 1890 2842 in

230 2863 685 2920 damnationem
731 2866 1083 2938 perditionis
1110 2869 1315 2933 ituras,
1346 2870 1459 2925 nisi
1507 2873 1890 2930 Sacramento

231 2953 593 3018 Mediatoris,
611 2955 712 3026 qui
739 2957 1177 3028 venitquaarere
1193 2965 1248 3013 et
1276 2958 1505 3015 salvum
1524 2962 1892 3034 facerequod

230 3042 484 3113 perierat
512 3043 677 3113 (Luc.
713 3062 826 3107 nx,
856 3047 966 3118 10),
1002 3047 1329 3103 liberentur
1366 3065 1377 3104 :
1409 3065 1607 3121 quaere
1640 3052 1764 3118 ubi,
1800 3052 1892 3109 vel

234 3131 416 3200 unde,
456 3132 545 3187 vel
576 3136 824 3204 quando
854 3136 1143 3207 coeperint
1170 3136 1581 3194 damnationis
1614 3142 1893 3198 meritum

234 3219 476 3290 habere,
507 3222 553 3276 si
581 3238 749 3277 nova;
768 3230 925 3290 sunt,
955 3226 1035 3279 ita
1063 3242 1212 3280 sane
1242 3232 1305 3281 ut
1332 3230 1515 3282 Deum
1548 3244 1665 3284 non
1686 3230 1892 3296 facias,

236 3323 345 3363 nec
368 3309 633 3382 aliquam
656 3316 933 3368 naturam
951 3330 1137 3385 quam
1168 3331 1287 3370 non
1320 3317 1585 3372 condidit
1607 3319 1778 3385 Deus,
1806 3319 1897 3376 vel

234 3400 455 3469 peccati
489 3415 697 3456 earum
724 3402 813 3457 vel
842 3403 1228 3459 innocentum
1264 3405 1669 3462 damnationis
1696 3415 1898 3465 aucto-

235 3502 384 3542 rem.
402 3490 524 3543 Etsi
543 3489 1015 3563 invenerisquod
1030 3497 1082 3547 te
1104 3509 1372 3564 quaerere
1391 3494 1703 3563 admonui,
1731 3500 1897 3569 quod

234 3577 364 3647 ipse
377 3577 938 3645 adhuc,fateor,non
956 3582 1439 3647 inveni,dcfende
1469 3590 1760 3655 quantum
1794 3604 1898 3659 po-

236 3671 529 3738 tes,atque
544 3684 743 3724 assere
758 3670 1096 3726 animarum
1116 3672 1437 3727 infantium
1452 3674 1749 3744 ejusmodi
1769 3692 1897 3733 esse

235 3756 653 3824 novitatem,ut
668 3757 831 3813 nulla
848 3761 1278 3830 propagatione
1293 3760 1591 3817 ducantur
1606 3768 1682 3827 ;et
1695 3765 1898 3820 nobis.

237 3859 373 3898 cum
390 3846 549 3915 quod
563 3846 859 3901 inveneris
874 3847 1134 3903 fraterna
1147 3848 1460 3904 dilectione
1490 3854 1897 3910 communica.

309 3935 395 3988 14.
429 3935 483 3989 Si
507 3940 707 3991 autem
741 3951 858 3990 non
892 3937 1188 3992 inveneris
1226 3953 1413 4009 quare
1447 3939 1536 3993 vel
1583 3942 1894 4011 quomodo

236 4022 611 4078 ﬁantanimae
635 4025 951 4080 infantium
971 4028 1354 4096 peccatrices,
1372 4032 1425 4081 et
1449 4028 1894 4102 nihilinseipsis

235 4109 525 4167 habentes
554 4113 861 4179 malitias,a
879 4131 1000 4185 quo
1021 4122 1314 4187 cogantur
1338 4132 1411 4171 ex
1445 4118 1635 4173 Adam
1658 4121 1893 4177 trahere

237 4201 396 4255 unde
426 4201 959 4267 damnentur,cum
976 4220 1075 4260 eas
1099 4206 1307 4261 credas
1326 4221 1445 4261 non
1475 4223 1545 4261 ex
1573 4207 1670 4263 illa
1697 4210 1893 4280 prima

234 4291 562 4359 peccatrice
594 4297 979 4364 propagatas,
1027 4294 1130 4348 sed
1190 4310 1377 4351 novas
1410 4300 1591 4367 atque
1622 4297 1892 4354 insontes

234 4377 458 4433 includi
491 4396 665 4435 carne
690 4382 913 4453 peccati
946 4399 960 4447 ;
990 4398 1097 4437 nec
1131 4384 1353 4453 sicjam
1377 4390 1595 4440 temere
1622 4386 1679 4440 in
1706 4387 1889 4443 aliam

234 4469 589 4523 sententiam
624 4475 722 4525 tua
744 4469 1090 4526 deﬂectatur
1122 4473 1408 4538 assensio,
1468 4481 1529 4528 ut
1558 4489 1659 4529 eas
1686 4490 1756 4530 ex
1787 4475 1889 4533 illa

234 4571 358 4612 una
405 4557 616 4613 credas
672 4560 1070 4630 propagando
1104 4561 1330 4615 traduci
1376 4579 1389 4626 ;
1434 4578 1508 4617 ne
1551 4562 1700 4618 forte
1733 4563 1886 4619 alius

233 4644 500 4701 invenire
516 4648 881 4719 possitquod
899 4650 1021 4720 ipse
1042 4666 1161 4705 non
1192 4651 1402 4721 possis,
1425 4656 1525 4705 aut
1555 4652 1886 4721 aliquando

235 4733 504 4790 invenias
530 4736 693 4807 quod
731 4753 889 4793 nunc
923 4754 1040 4794 non
1070 4739 1357 4809 potueris.
1391 4742 1536 4794 Nam
1568 4745 1623 4795 et
1654 4740 1739 4795 illi
1784 4742 1887 4812 qui

235 4822 473 4878 animas
517 4841 586 4879 ex
636 4842 756 4881 una
795 4827 1113 4898 propagari
1174 4833 1465 4892 asserunt,
1499 4844 1684 4899 quam
1732 4833 1884 4886 Deus

232 4912 430 4983 primo
470 4914 697 4969 homini
748 4915 926 4985 dedit,
963 4921 1142 4987 atque
1175 4916 1254 4971 ita
1295 4931 1395 4971 eas
1422 4934 1493 4971 ex
1538 4918 1885 4989 parentibus

237 5001 390 5056 trahi
419 5003 644 5069 dicunt,
686 5004 731 5058 si
785 5005 1127 5060 Tertulliani
1158 5006 1501 5077 opinionem
1534 5013 1885 5078 sequuntur,

235 5090 501 5160 profecto
531 5108 631 5147 eas
653 5108 772 5147 non
795 5094 1055 5164 spiritus,
1079 5095 1185 5150 sed
1214 5111 1463 5165 corpora
1496 5111 1627 5151 esse
1650 5101 1888 5152 conten-

238 5178 409 5244 dunt,
442 5185 497 5235 et
527 5182 889 5252 corpulentis
930 5184 1257 5238 seminibus
1303 5185 1518 5240 exoriri
1559 5201 1571 5239 :
1607 5202 1727 5256 quo
1759 5202 1890 5257 per-

239 5270 467 5323 versius
495 5271 641 5340 quid
681 5271 798 5326 dici
833 5273 1076 5343 potest?
1107 5276 1303 5344 Neque
1334 5275 1446 5329 hoc
1468 5275 1888 5331 Tertullianum

240 5359 572 5413 somniasse
590 5361 929 5416 mirandum
944 5362 1160 5433 est,qui
1174 5363 1347 5417 etiam
1365 5365 1557 5433 ipsum
1573 5370 1889 5419 creatorem

242 5446 429 5499 Deum
460 5462 581 5501 non
603 5464 729 5501 esse
760 5448 876 5502 nisi
915 5465 1135 5519 corpus
1165 5452 1442 5521 opinatur
1468 5452 1569 5521 (α).

307 5578 377 5645 (α)
412 5578 630 5645 Tertull.
662 5579 931 5645 libucont.
973 5580 1242 5638 Praxeam,
1281 5596 1325 5631 c.
1366 5583 1413 5631 7.
1446 5581 1576 5632 Vide
1606 5582 1743 5645 Aug.
1787 5581 1883 5633 lib.

244 5641 302 5689 10
339 5641 403 5690 de
438 5642 629 5690 Genesi
660 5642 727 5692 ad
766 5643 898 5699 litt.,
935 5657 979 5692 c.
1016 5645 1094 5691 25.

1495 168 1998 227 EPISTOLARUM
2038 171 2327 231 CLASSIS
2365 172 2472 233 III.

3545 175 3652 235 862

2063 300 2149 354 15.
2183 302 2311 365 Qua
2334 298 2892 372 dementiarepulsa
2915 315 2951 356 a
2977 300 3154 357 corde
3181 305 3357 374 atque
3378 317 3479 359 ore
3499 304 3650 362 chri-

1992 387 2205 453 stiano,
2222 388 2493 461 quisquis
2505 389 2794 455 animam,
2817 389 2986 445 sicuti
3010 396 3118 455 est,
3140 406 3261 446 non
3284 406 3412 446 esse
3430 408 3649 464 corpus

1993 476 2098 530 sed
2115 477 2389 548 spiritum
2414 479 2749 544 conﬁtetur,
2782 484 2841 532 et
2864 483 3060 534 tamen
3084 478 3144 534 in
3175 479 3323 535 ﬁlios
3351 496 3421 536 ex
3437 496 3649 551 paren-

1993 564 2150 620 tibus
2163 565 2300 622 duci
2316 585 2329 633 ;
2354 567 2415 622 in
2428 582 2497 622 eo
2523 567 2767 638 quidem
2784 568 2962 622 nullis
2984 570 3646 637 coarctaturangnstiis,

1990 653 2156 724 quod
2203 670 2414 709 omnes
2472 655 2728 720 animas,
2786 656 2961 710 etiam
3021 656 3430 727 parvulorum,
3494 673 3648 728 quos

1994 742 2258 798 Ecclesia
2288 759 2408 799 non
2441 743 2646 815 utique
2676 745 2735 798 in
2768 744 3003 809 falsam,
3039 745 3145 799 sed
3172 746 3229 799 in
3282 761 3482 801 veram
3517 762 3650 816 pec-

1992 835 2262 886 catorum
2282 833 2695 888 remissionem
2716 832 2996 904 baptizat,
3028 849 3166 887 vera
3187 833 3336 887 ﬁdes
3363 834 3649 905 praedicat

1994 920 2223 975 trahere
2246 921 2530 990 originale
2560 927 2871 992 peccatum
2909 923 3151 992 prOpria
3180 922 3357 992 primi
3387 922 3650 977 hominis

1992 1008 2298 1064 voluntate
2321 1011 2738 1074 commissum,
2768 1010 2902 1065 etin
2935 1026 3146 1065 omnes
3178 1016 3447 1081 posteros
3477 1026 3651 1080 gene-

1990 1097 2215 1153 ratione
2232 1098 2641 1153 transmissum
2657 1098 2783 1153 sola
2798 1098 3241 1167 regeneratione
3256 1099 3523 1169 purgand
3535 1114 3643 1154 um:

1993 1187 2096 1241 sed
2134 1202 2271 1241 cum
2325 1186 2689 1242 considerari
2738 1192 2793 1241 et
2841 1187 3185 1258 pertractari
3227 1188 3470 1258 coeperit
3500 1187 3649 1258 quid

1992 1274 2242 1340 dicatur,
2279 1275 2497 1330 mirum
2524 1276 2572 1329 si
2607 1275 2762 1329 ullus
2796 1291 3018 1330 sensus
3066 1276 3516 1347 comprehendit
3543 1275 3653 1330 hu-

1993 1379 2211 1418 manus
2226 1379 2495 1434 quonam
2512 1363 2694 1419 modo
2716 1368 3003 1436 tanquam
3026 1363 3270 1419 lucerna
3288 1364 3652 1420 accendatur

1992 1456 2051 1507 et
2072 1452 2197 1507 sine
2226 1451 2584 1507 detrimento
2617 1452 2858 1507 alterius
2888 1452 3036 1508 alter
3061 1453 3199 1507 inde
3232 1453 3384 1521 ignis
3415 1453 3647 1518 existat,

1992 1540 2077 1594 sic
2102 1540 2306 1595 anima
2336 1540 2409 1595 de
2441 1540 2648 1596 anima
2676 1541 2941 1611 parentis
2975 1541 3077 1596 ﬁat
3107 1541 3165 1595 in
3208 1541 3392 1611 prole,
3428 1541 3512 1595 vel
3540 1546 3651 1597 tra-

1991 1628 2248 1683 ducatur
2292 1629 2350 1681 in
2384 1627 2612 1699 prolem
2660 1645 2674 1693 ;
2719 1633 2919 1684 utrum
2972 1628 3394 1699 incorporeum
3440 1644 3648 1684 semen

1992 1716 2233 1782 animae,
2265 1732 2373 1772 sua
2400 1717 2669 1787 quadam
2694 1717 2961 1773 'occulta
2979 1722 3035 1773 et
3062 1716 3343 1772 invisibili
3368 1716 3464 1772 via
3495 1733 3653 1772 seor-

1994 1823 2128 1862 sum
2162 1822 2233 1861 ex
2265 1811 2430 1877 patre
2461 1810 2659 1862 currat
2690 1806 2751 1861 in
2784 1812 3035 1861 matrem
3066 1822 3202 1861 cum
3228 1806 3294 1861 ﬁt
3322 1811 3648 1877 conceptus

1990 1896 2052 1951 in
2084 1895 2305 1951 femina
2339 1912 2352 1960 ;
2386 1909 2483 1959 an,
2516 1894 2682 1967 quod
2713 1900 2799 1950 est
2830 1894 3258 1960 incredibilius,
3314 1895 3375 1949 in
3423 1896 3650 1949 semine

1992 1984 2255 2056 corporis
2288 1985 2486 2039 lateat.
2521 1988 2669 2040 Cum
2697 1987 2899 2039 autem
2924 1983 3119 2039 ﬂuunt
3171 1984 3333 2037 irrita
3358 1983 3486 2037 sine
3514 1982 3649 2037 ullis

1992 2073 2381 2143 conceptibus
2413 2073 2664 2137 semina,
2712 2076 2912 2127 utrum
2944 2088 3149 2127 semen
3176 2071 3393 2128 animas
3428 2086 3549 2126 non
3578 2071 3654 2125 si-

1991 2162 2117 2217 mul
2142 2165 2332 2227 exeat,
2362 2176 2440 2216 an
2471 2177 2713 2216 summa
2746 2159 3038 2216 celeritate
3063 2166 3242 2231 atque
3273 2167 3477 2215 atomo
3507 2164 3651 2214 tem-

1992 2249 2156 2323 poris
2182 2250 2342 2305 unde
2367 2249 2588 2304 exierat
2606 2254 2894 2317 recurrat,
2928 2265 3006 2305 an
3034 2254 3238 2321 pereat
3272 2265 3285 2303 :
3319 2254 3375 2304 et
3398 2248 3446 2302 si
3478 2249 3644 2319 perit,

1994 2339 2302 2409 quomodo
2330 2339 2459 2410 ipsa
2486 2338 2658 2409 cujus
2675 2338 2924 2393 mortale
2947 2354 3151 2393 semen
3173 2343 3281 2403 est,
3299 2336 3651 2392 immortalis

1995 2435 2081 2483 est
2106 2428 2309 2483 anima
2332 2444 2347 2493 ;
2368 2443 2445 2482 an
2464 2427 2976 2483 immortalitatem
2994 2434 3131 2482 tunc
3155 2427 3387 2497 accipit,
3403 2426 3651 2498 quando

1996 2516 2287 2573 formatur
2328 2520 2391 2570 ut
2420 2516 2603 2579 vivat,
2660 2515 2807 2571 sicut
2831 2516 3123 2585 justitiam
3157 2515 3405 2586 quando
3437 2514 3653 2569 forma-

1997 2611 2091 2662 tur
2146 2610 2207 2660 ut
2260 2604 2473 2675 sapiat.
2512 2607 2575 2659 Et
2607 2620 2727 2675 quo
2784 2608 2955 2674 pacto
2999 2620 3133 2660 eam
3179 2604 3332 2658 Deus
3362 2604 3551 2670 ﬁngat
3591 2602 3652 2657 in

1995 2694 2259 2758 homine,
2306 2692 2540 2749 etiamsi
2588 2693 2793 2749 anima
2852 2692 3215 2749 seminaliter
3258 2692 3524 2748 trahatur
3580 2707 3654 2745 ex

1998 2784 2223 2847 anima,
2257 2782 2409 2837 sicut
2450 2782 2624 2851 ﬁngit
2657 2782 2717 2836 in
2749 2782 2992 2837 homine
3023 2780 3291 2852 corporis
3354 2780 3649 2844 membra,

1998 2872 2277 2943 quamvis
2290 2886 2510 2942 corpus
2525 2870 2890 2926 seminaliter
2915 2872 3181 2926 trahatur
3203 2887 3275 2925 ex
3302 2884 3571 2940 corpore.
3595 2867 3654 2923 Si

1999 2962 2157 3015 enim
2210 2976 2331 3015 non
2362 2960 2541 3014 etiam
2574 2958 2901 3030 spiritualis
2942 2964 3218 3014 creatura
3266 2958 3589 3026 ﬁngeretur
3618 2973 3655 3011 a

2002 3052 2140 3117 Deo,
2171 3064 2291 3105 non
2334 3048 2625 3119 scriptum
2659 3051 2837 3114 esset,
2874 3048 2987 3114 Qui
3021 3048 3195 3116 ﬁngit
3237 3047 3514 3115 Spiritum
3556 3046 3656 3100 ho-

2001 3138 2176 3193 minis
2202 3138 2264 3192 in
2295 3136 2420 3206 ipso
2452 3136 2655 3207 (Zach.
2688 3152 2790 3202 xu,
2824 3136 2874 3207 t)
2910 3153 2922 3191 :
2958 3141 3013 3191 et
3044 3136 3105 3190 in
3136 3151 3205 3191 eo
3232 3135 3396 3206 quod
3416 3134 3650 3203 legitur,

2007 3228 2119 3294 Qui
2142 3228 2319 3296 ﬁngit
2347 3224 2700 3295 singillatim
2732 3225 2911 3281 corda
2944 3225 3247 3281 hominum
3270 3222 3447 3293 (Psal.
3472 3238 3651 3286 xxxn,

2010 3315 2094 3381 15)
2121 3334 2139 3385 ;
2176 3316 2349 3387 siper
2374 3315 2554 3370 corda
2582 3314 2926 3383 signiﬁcatae
2956 3320 3095 3369 sunt
3116 3313 3355 3379 animae,
3384 3312 3531 3381 ﬁngi
3552 3327 3655 3366 eas

2005 3420 2188 3476 posse
2218 3405 2352 3476 quis
2382 3404 2613 3459 dubitet
2649 3402 2677 3457 7
2713 3403 2817 3458 sed
2854 3403 3141 3475 quaeritur
3172 3407 3369 3456 utrum
3429 3417 3500 3455 ex
3531 3416 3655 3456 una

2006 3493 2213 3549 anima
2234 3492 2493 3548 hominis
2515 3491 2721 3563 primi;
2744 3492 2895 3546 sicut
2911 3491 3083 3560 ﬁngit
3105 3489 3445 3559 singillatim
3472 3487 3655 3543 facies

2005 3583 2342 3647 hominum,
2389 3597 2460 3637 ex
2492 3598 2613 3637 uno
2641 3588 2843 3637 tamen
2874 3596 3121 3652 corpore
3150 3579 3412 3635 hominis
3452 3579 3652 3650 primi.

2078 3673 2300 3726 CAPUT
2330 3671 2398 3725 V.
2447 3671 2627 3725 -16.
2661 3673 2807 3726 Cum
2837 3670 2963 3725 haec
2993 3675 3172 3741 atque
3202 3667 3553 3739 hujusmodi
3581 3667 3656 3723 de

2004 3760 2119 3815 hac
2148 3774 2208 3813 re
2242 3758 2427 3814 multa
2457 3763 2819 3831 quaerantur,
2872 3774 3007 3829 quae
3039 3757 3203 3813 nullo
3236 3772 3414 3811 sensu
3460 3757 3655 3812 carnis

2004 3849 2299 3920 explorari
2354 3853 2625 3917 possunt,
2659 3851 2715 3901 et
2771 3863 2806 3901 a
2850 3854 3051 3902 nostra
3084 3845 3447 3916 experientia
3478 3844 3655 3913 longe

2003 3941 2234 3993 remota
2261 3942 2419 4001 sunt,
2453 3940 2629 4005 atque
2661 3936 2721 3990 in
2751 3934 3138 3991 abditissimis
3164 3938 3392 3989 naturae
3425 3932 3653 3987 sinibus

2002 4027 2182 4081 latent
2217 4041 2230 4091 ;
2281 4039 2402 4079 non
2434 4024 2915 4079 erubescendum
2965 4028 3053 4079 est
3099 4021 3330 4078 homini
3363 4021 3651 4086 conﬁter;

2003 4132 2064 4171 se
2092 4115 2316 4171 nescire
2349 4113 2513 4185 quod
2562 4114 2771 4180 nescit,
2798 4128 2872 4169 ne
2902 4113 3049 4168 dum
3080 4128 3142 4166 se
3169 4112 3315 4166 scire
3350 4111 3653 4177 mentitur,

2000 4220 2315 4276 nunquam
2346 4204 2494 4259 scire
2540 4208 2857 4259 mereatur.
2913 4202 3023 4269 Qui
3068 4206 3268 4258 autem
3300 4204 3479 4269 negat
3530 4214 3653 4254 non

1999 4296 2176 4350 unius
2204 4298 2456 4361 tantum,
2492 4293 2598 4349 sed
2628 4292 2827 4348 omnis
2853 4292 3071 4348 animae
3105 4297 3431 4347 creatorem
3466 4290 3651 4343 Deum

1997 4389 2176 4456 atque
2209 4384 2516 4445 factorem,
2549 4382 2662 4437 nisi
2693 4382 2794 4452 qui
2841 4382 2970 4451 ejus
2998 4380 3247 4451 eloquiis
3278 4377 3651 4449 apertissime

1996 4474 2328 4541 refragatur
2379 4472 2409 4523 ‘?
2463 4471 2597 4526 Sine
2658 4470 2776 4524 ulla
2817 4470 3043 4540 quippe
3095 4467 3481 4536 ambiguitate
3548 4480 3653 4535 per

1996 4561 2351 4633 prophetam
2380 4559 2794 4622 dicit,0mnem
2811 4558 3023 4626 ﬂatum
3051 4571 3155 4626 ego
3180 4556 3302 4623 feci
3333 4554 3494 4623 ([sai.
3514 4569 3647 4615 Lvn,

2000 4654 2088 4720 l6)
2124 4666 2136 4715 ;
2166 4649 2401 4704 animas
2434 4647 2707 4701 videlicet
2736 4646 2983 4715 intelligi
3017 4646 3242 4705 volens,
3277 4643 3439 4715 quod
3475 4642 3652 4698 verba

1994 4737 2422 4808 consequentia
2448 4734 3217 4806 manifestant.Nonitaque
3250 4749 3437 4788 unum
3468 4748 3649 4803 quem

1995 4827 2153 4882 facto
2174 4842 2244 4881 ex
2272 4832 2426 4881 terra
2447 4825 2673 4880 homini
2700 4823 2896 4895 primo
2922 4822 3253 4893 inspiravit,
3282 4823 3386 4877 sed
3407 4836 3646 4876 omnem

1992 4915 2201 4971 ﬂatum
2228 4914 2356 4986 ipse
2386 4914 2540 4978 fecit,
2574 4914 2699 4984 ipse
2732 4912 2928 4968 adhuc
2956 4912 3112 4967 facit.
3136 4912 3424 4977 Quaeritur
3446 4916 3646 4963 tamen

1998 5010 2195 5060 utrum
2226 5019 2469 5058 omnem
2500 5004 2707 5058 ﬂatum
2731 5018 2802 5057 ex
2825 5001 2924 5056 illo
2953 5018 3070 5055 uno
3093 5001 3259 5063 ﬂatu,
3296 5001 3443 5053 sicut
3469 5012 3646 5052 omne

1996 5082 2486 5164 corpushominis
2502 5107 2574 5147 ex
2598 5107 2717 5147 uno
2735 5090 2833 5146 illo
2854 5105 3125 5159 corpore,
3157 5088 3332 5143 faciat
3357 5102 3369 5140 :
3404 5101 3481 5139 an
3508 5099 3644 5139 vero

1997 5182 2413 5253 novaqnidem
2429 5197 2681 5251 corpora
2709 5180 2887 5235 faciat
2906 5194 2976 5233 ex
3009 5193 3149 5242 uno,
3186 5177 3419 5230 animas
3445 5180 3646 5228 autem

1998 5288 2186 5327 novas
2208 5286 2279 5325 ex
2309 5270 2511 5325 nihilo.
2546 5269 2686 5333 Quis
2712 5268 2869 5321 enim
2896 5281 3159 5333 congrua
3177 5264 3295 5318 suis
3317 5261 3647 5331 originibus

1997 5376 2215 5432 genera
2266 5375 2464 5413 rerum
2509 5357 2688 5412 etiam
2718 5358 2791 5410 de
2823 5354 3151 5409 seminibus
3202 5353 3361 5415 facit,
3397 5352 3506 5405 nisi
3542 5352 3647 5422 qui

2001 5451 2129 5521 ipsa
2162 5450 2392 5503 semina
2423 5447 2549 5501 sine
2578 5444 2906 5500 seminibus
2938 5443 3071 5497 fecit
3101 5444 3129 5499 ?
3160 5443 3269 5499 Sed
3297 5442 3396 5496 ubi
3426 5457 3519 5495 res
3544 5456 3649 5495 na-

2000 5537 2263 5593 turaliter
2277 5536 2539 5590 obscura
2552 5538 2826 5588 nostrum
2848 5531 3162 5587 modulum
3182 5530 3379 5597 vincit,
3396 5536 3450 5585 et
3471 5546 3647 5601 aper-

2059 5645 2078 5676 ²
2102 5642 2230 5693 Mss.
2265 5643 2487 5704 septem,
2519 5640 2705 5688 animus
2725 5652 2844 5698 sum,
2867 5637 3104 5701 quadam,
3132 5640 3235 5691 etc.
