4122 6170
511 162 621 218 863
1712 206 1713 211 η
1784 151 1851 207 S.
1894 148 2284 207 AUGUSTINI
2323 148 2642 207 EPISCOPI
3776 166 3853 223 364

509 289 569 343 ta
607 286 812 341 divina
868 285 1169 356 Scriptura
1211 294 1334 337 non
1390 277 1689 347 subvenit,
1743 280 1963 333 temere
2017 275 2160 329 hinc

509 376 734 449 aliquid
758 375 1003 430 delinire
1033 372 1301 425 humana
1332 369 1675 440 conjectura
1711 364 2036 438 prmsumit.
2065 366 2159 419 Se-

508 465 775 519 cundum
828 463 979 517 vitas
1011 464 1212 515 autem
1259 474 1413 530 quas
1448 456 1720 529 proprias
1768 455 1990 510 habere
2018 453 2157 508 inci-

509 555 698 624 piunt,
729 566 918 606 novos
948 549 1227 603 homines
1259 547 1522 602 dicimus
1554 545 1740 611 nasci,
1774 546 1895 598 sive
1934 542 2155 609 anima,

511 641 633 696 sive
654 641 1001 710 corpore.At
1020 654 1159 692 vero
1186 637 1522 691 secundum
1538 634 1825 704 originale
1844 637 2157 706 peccatum

506 735 729 785 veteres
752 732 1108 794 nascuntur;
1142 725 1275 781 ideo
1304 725 1667 795 Baptismate
1699 725 2082 777 renovantur.

582 822 664 871 17.
697 816 935 888 Aliquid
962 831 1103 885 ergo
1139 818 1365 870 certum
1397 814 1470 868 de
1509 813 1724 867 animm
1756 811 1981 880 origine
2014 825 2159 864 non-

505 906 652 962 dum
687 906 745 961 in
791 905 1111 976 Scripturis
1142 903 1448 959 canonicis
1487 902 1771 973 comperi.
1806 904 1951 956 Nam
1986 899 2020 953 ii
2055 898 2158 970 qui

503 1012 696 1051 novas
726 996 851 1050 sine
893 995 1012 1049 ulla
1045 994 1374 1065 propagine
1414 996 1688 1047 asserunt
1726 989 1958 1045 animas
2006 987 2154 1053 ﬁeri,

506 1083 655 1139 inter
680 1084 1021 1138 testimonia
1047 1081 1266 1153 quibus
1296 1080 1355 1135 id
1398 1081 1661 1135 nituntur
1691 1077 2020 1146 ostendere,
2055 1092 2159 1147 po-

507 1178 657 1228 nunt
683 1173 861 1227 etiam
893 1172 991 1227 illa
1011 1171 1132 1225 duo
1150 1186 1285 1242 quae
1312 1169 1494 1240 paulo
1507 1174 1644 1223 ante
1664 1166 2153 1235 commemoravi,

510 1262 622 1329 Qui
649 1261 821 1330 ﬁngit
848 1260 1115 1331 spiritum
1146 1258 1396 1313 hominis
1423 1259 1483 1312 in
1515 1257 1636 1325 ipso
1662 1278 1683 1326 ,-
1713 1260 1786 1319 et,
1832 1256 1946 1321 Qui
1977 1256 2156 1323 ﬁnxit

500 1349 860 1419 singillatim
886 1349 1067 1403 corda
1085 1348 1379 1402 hominum
1404 1364 1423 1411 ;
1453 1345 1526 1400 de
1557 1344 1777 1416 quibus
1810 1344 1974 1398 vides
2015 1360 2157 1414 que-

504 1439 902 1494 madmodum
957 1437 1144 1509 pOSsit
1190 1454 1225 1491 a
1274 1436 1684 1492 resistentibus
1728 1434 2078 1506 responderi
2137 1450 2149 1488 :

507 1535 704 1583 utrum
729 1528 888 1583 enim
918 1543 1055 1581 cum
1084 1525 1266 1594 ﬁngit.
1292 1543 1363 1580 ex
1391 1525 1503 1580 alio
1526 1526 1735 1592 ﬁngat,
1767 1539 1844 1577 an
1875 1539 1947 1578 ex
1974 1521 2155 1577 nihilo

498 1617 790 1673 incertum
840 1622 945 1671 est.
1011 1616 1149 1670 Illud
1204 1621 1403 1671 tamen
1457 1614 1609 1668 inter
1639 1616 1853 1667 caetera
1892 1612 2152 1667 testimo-

500 1707 668 1762 nium
698 1706 927 1761 videtur
948 1721 1082 1759 esse
1114 1704 1508 1775 praecipuum,
1537 1702 1778 1774 quodin
1809 1700 1959 1757 libro
1987 1699 2154 1756 Salo-

502 1795 696 1850 monis
726 1794 1096 1849 Ecclesiastm
1126 1792 1340 1861 legitur
1374 1809 1385 1845 :
1415 1793 1494 1847 Et
1516 1796 1844 1847 revertetur
1869 1790 2068 1859 pulvis
2088 1789 2150 1844 in

502 1892 747 1949 terram,
780 1884 1107 1946 sicuterat;
1133 1889 1183 1937 et
1214 1883 1454 1951 spiritus
1477 1888 1807 1937 revertetur
1835 1880 1917 1935 ad
1943 1882 2147 1943 Deum,

501 1974 605 2046 qui
627 1974 784 2029 dedit
816 1989 947 2029 eum
974 1972 1186 2038 (Eccle.
1212 1989 1306 2037 xu,
1342 1974 1419 2040 7).
1454 1971 1567 2026 Sed
1598 1970 1873 2025 facillime
1900 1984 2149 2039 respon-

501 2064 687 2132 detur,
724 2066 951 2133 Corpus
983 2062 1041 2116 in
1067 2067 1283 2117 terram
1302 2062 1374 2115 de
1401 2076 1523 2132 qua
1541 2059 1761 2115 factum
1780 2064 1867 2113 est
1886 2058 2149 2130 primum

498 2151 763 2208 hominis
807 2167 1046 2221 corpus,
1078 2158 1134 2205 et
1159 2150 1400 2221 spiritus
1433 2150 1511 2204 ad
1544 2151 1727 2203 Deum
1761 2164 1797 2204 a
1834 2162 1955 2219 quo
1994 2146 2150 2203 facta

498 2246 587 2296 est
618 2240 812 2312 prima
851 2239 1115 2295 hominis
1169 2240 1373 2295 anima
1430 2255 1441 2293 :
1495 2238 1645 2294 sicut
1677 2237 1836 2292 enim
1876 2240 2149 2291 nostrum

498 2345 737 2399 corpus,
769 2329 1069 2399 inquiunt,
1106 2329 1386 2400 quamvis
1432 2343 1497 2383 ex
1530 2327 1725 2398 primo
1757 2325 1856 2381 illo
1900 2339 2147 2396 corpore

496 2423 900 2489 propagatum
931 2418 1026 2484 sit,
1068 2433 1137 2471 eo
1188 2423 1387 2472 tamen
1434 2416 1583 2471 redit
1616 2416 1773 2469 unde
1802 2415 2001 2484 ipsum
2034 2412 2150 2484 pri-

500 2523 665 2561 mum
681 2522 899 2578 corpus
922 2505 1196 2560 effectum
1213 2510 1327 2569 est;
1362 2504 1444 2559 sic
1467 2504 1909 2564 animanostra,
1938 2517 2149 2572 quam-

498 2597 584 2650 vis
616 2612 688 2651 ex
720 2596 815 2651 illa
847 2596 1050 2650 anima
1073 2598 1427 2664 propagata,
1460 2592 1678 2648 nonad
1708 2592 1981 2656 nihilum,
2007 2592 2150 2663 quia

491 2684 848 2739 immortalis
879 2688 984 2747 est,
1020 2682 1123 2736 sed
1154 2683 1230 2737 ad
1263 2683 1429 2737 illum
1468 2683 1676 2737 redita
1707 2697 1828 2753 quo
1869 2681 2001 2752 ipsa
2032 2681 2148 2753 pri-

497 2790 596 2828 ma
637 2772 792 2828 facta
832 2777 938 2827 est.
973 2773 1052 2827 Ac
1084 2788 1188 2843 per
1216 2771 1329 2827 hoc
1369 2772 1513 2827 illud
1544 2771 1711 2843 quod
1737 2772 2026 2843 scriptum
2060 2774 2149 2825 est

495 2862 568 2917 de
588 2863 793 2932 spiritu
824 2862 1115 2933 cujusque
1140 2861 1400 2916 hominis
1430 2860 1596 2933 quod
1623 2860 1823 2916 redeat
1850 2859 1927 2914 ad
1959 2861 2146 2914 Deum

493 2951 598 3023 qui
638 2949 801 3007 dedit
847 2968 1006 3017 eum,
1059 2966 1180 3005 non
1214 2949 1388 3005 solvit
1438 2951 1615 3005 istam
1651 2948 2146 3005 obscurissimam

493 3040 891 3111 qumstionem
936 3057 950 3106 ;
983 3038 1125 3111 quia
1155 3039 1277 3094 sive
1304 3055 1373 3093 ex
1415 3038 1513 3095 illo
1547 3054 1687 3102 uno,
1720 3038 1839 3093 sive
1884 3053 1952 3092 ex
1981 3036 2145 3091 nullo

494 3129 632 3191 alio,
663 3132 811 3182 Deus
846 3129 1045 3199 utique
1070 3127 1233 3182 dedit
1262 3143 1421 3183 eum.

565 3217 651 3270 18.
692 3220 953 3287 Itemque
984 3216 1064 3270 illi
1104 3216 1205 3287 qui
1260 3216 1649 3286 prOpaginem
1682 3214 2021 3269 animarum
2056 3213 2147 3267 in-

490 3305 871 3360 considerata
916 3304 1239 3359 temeritate
1266 3303 1615 3367 defendunt,
1650 3302 1800 3356 inter
1831 3301 1949 3357 alia
1976 3301 2143 3356 testi-

492 3394 695 3449 monia
718 3410 852 3464 qum
877 3410 999 3447 sum
1026 3409 1223 3447 causm
1256 3391 1570 3461 suffragari
1600 3391 1983 3458 arbitrantur,
2017 3390 2146 3445 nul-

487 3484 612 3538 lum
629 3484 804 3554 quasi
828 3482 1201 3536 manifestius
1224 3486 1281 3535 et
1302 3481 1642 3551 expressius
1668 3496 1777 3551 pro
1803 3495 1864 3533 se
1887 3483 2145 3550 possunt

489 3570 1159 3641 putareproferendum,
1184 3586 1368 3642 quam
1393 3571 1450 3624 id
1463 3569 1623 3642 quod
1648 3570 1705 3623 in
1730 3569 1936 3625 Genesi
1954 3556 2145 3639 'scripn

487 3662 616 3715 tum
644 3664 728 3714 est
763 3676 776 3712 :
808 3659 1015 3714 Omnes
1047 3668 1237 3715 autem
1262 3662 1472 3715 animm
1494 3675 1621 3730 quae
1637 3658 1993 3714 introierunt
2011 3673 2143 3715 eum

486 3748 664 3802 Jacob
694 3748 755 3803 in
771 3749 1134 3819 ngyptum,
1155 3749 1259 3820 qui
1275 3749 1549 3805 exierunt
1581 3748 1651 3804 de
1676 3747 1997 3818 femoribus
2015 3749 2139 3817 ejus

487 3836 655 3907 (Gen.
688 3846 834 3901 XLvi,
877 3838 990 3909 26).
1024 3838 1143 3893 Hoc
1175 3839 1332 3892 enim
1366 3839 1523 3893 velut
1548 3836 1997 3893 evidentissimo
2030 3841 2142 3891 tes-

488 3926 735 3981 timonio
771 3933 1028 3996 possunt
1067 3927 1224 3982 credi
1260 3928 1476 3981 animm
1508 3927 1565 3981 in
1598 3927 1750 3981 ﬁlios
1782 3942 1853 3980 ex
1885 3940 2139 3997 prmsen-

483 4014 641 4068 tibus
675 4016 999 4084 prOpagari
1037 4035 1048 4083 ;
1084 4015 1377 4086 quoniam
1407 4017 1550 4071 satis
1579 4022 1781 4086 aperte
1803 4014 2033 4069 dictum
2055 4014 2137 4069 vi-

483 4101 674 4166 detur,
710 4104 945 4157 animas
972 4104 1152 4157 etiam
1176 4103 1249 4157 de
1280 4102 1609 4158 femoribus
1633 4103 1837 4167 Jacob,
1864 4118 1981 4158 non
2010 4102 2139 4159 sola

482 4188 693 4243 exiisse
724 4205 978 4259 corpora
1010 4191 1290 4246 ﬁliorum.
1340 4193 1406 4245 Ut
1436 4208 1506 4245 eo
1550 4192 1730 4245 modo
1771 4192 1949 4246 etiam
1991 4191 2137 4247 illud

483 4277 726 4347 intelligi
761 4279 986 4334 velinta
1006 4285 1173 4351 parte
1199 4280 1580 4351 totum,quod
1607 4280 1754 4334 dixit
1780 4279 2135 4346 Adam,cum

480 4366 558 4421 illi
594 4367 804 4421 mulier
843 4369 970 4438 ejus
999 4368 1435 4433 ostenderetur,
1488 4370 1601 4424 Hoc
1625 4384 1788 4424 nunc
1818 4384 1878 4423 os
1910 4384 1982 4425 ex
2003 4370 2136 4423 ossi-

481 4456 582 4511 bus
623 4457 785 4527 meis,
818 4465 869 4512 et
901 4473 1043 4514 caro
1088 4459 1160 4514 de
1198 4473 1380 4513 carne
1410 4474 1536 4514 mea
1592 4458 1706 4528 (Id.
1742 4475 1800 4523 ιι,
1843 4459 1933 4527 23)
1964 4475 1976 4512 :
2013 4474 2134 4514 non

479 4546 640 4599 enim
672 4546 836 4608 dixit,
870 4551 934 4602 Et
963 4548 1168 4602 anima
1198 4547 1271 4602 de
1303 4548 1506 4603 anima
1538 4563 1671 4602 mea
1706 4565 1719 4613 ;
1762 4546 1867 4602 sed
1897 4548 1980 4603 ita
2008 4546 2132 4601 ﬁeri

481 4640 679 4703 potest
732 4642 790 4691 ut
820 4653 999 4692 carne
1032 4637 1340 4692 nominata
1383 4644 1703 4708 utrumque
1748 4636 2130 4707 intelligatur,

485 4723 638 4777 sicut
666 4723 760 4778 hic
792 4726 1023 4780 animas
1056 4725 1407 4791 nominavit,
1441 4730 1500 4780 et
1553 4732 1753 4781 tamen
1787 4726 1966 4780 etiam
2007 4742 2133 4781 cor-

484 4826 629 4882 pora
661 4813 717 4865 in
760 4813 894 4866 tiliis
936 4814 1180 4882 intelligi
1215 4814 1418 4868 voluit.

552 4900 644 4956 19.
673 4901 785 4955 Sed
811 4902 923 4955 hoc
944 4902 1347 4957 testimonium
1368 4909 1522 4958 certe
1545 4903 1723 4975 quasi
1751 4908 1869 4958 tam
1900 4902 2129 4958 clarum

478 4995 657 5060 atque
689 4990 1072 5045 manifestum
1110 4991 1445 5046 enodandm
1478 4992 1616 5046 huic
1660 4991 1977 5062 qumstioni
2006 5007 2129 5046 non

477 5076 791 5143 sufﬁceret,
846 5095 953 5134 nec
1008 5080 1055 5134 si
1089 5080 1167 5134 ita
1204 5080 1499 5144 legeretur
1562 5096 1777 5149 genere
1818 5080 2125 5147 feminino,

476 5181 603 5235 qua:
634 5170 905 5223 exierunt
938 5169 1009 5224 de
1033 5169 1359 5238 femoribus
1389 5170 1537 5237 ejus,
1571 5174 1631 5224 ut
1660 5169 1896 5224 animas
1922 5168 2127 5223 intelli-

476 5270 751 5321 geremus
774 5274 907 5329 qum
927 5259 1193 5312 exierunt
1223 5260 1262 5313 ¹.
1288 5257 1421 5311 Ideo
1440 5261 1640 5312 autem
1667 5273 1781 5312 non
1807 5257 2121 5322 sufﬁceret,

474 5345 760 5414 quoniam
781 5354 836 5400 et
860 5348 1074 5401 animm
1096 5347 1335 5401 nomine
1365 5362 1583 5417 corpus
1617 5346 1811 5401 solum
1846 5362 2019 5418 posse
2052 5347 2126 5401 si-

472 5431 763 5500 gniﬁcari,
799 5435 977 5491 modo
1008 5436 1273 5507 quodam
1304 5435 1617 5491 locutionis
1648 5435 1981 5490 ostenditur
2002 5452 2122 5508 quo

529 5579 548 5622 ἶ
585 5590 667 5639 Sic
704 5591 831 5641 Bad.
863 5595 979 5643 Arn.
1014 5594 1096 5642 Er.
1128 5597 1179 5666 et
1206 5595 1385 5658 plures
1419 5595 1542 5645 Mss.
1576 5596 1661 5647 At.
1696 5594 1844 5655 Lov.,
1872 5596 2121 5663 intellige-

467 5668 638 5713 remus
674 5668 1021 5721 usquequaque
1057 5671 1209 5709 extre.

2267 274 2640 344 signiﬁcatur
2666 291 2769 348 per
2784 276 2842 333 id
2861 276 3027 349 quod
3053 278 3392 335 continetur
3416 280 3557 337 illud
3581 285 3730 355 quod
3754 304 3864 346 con~

2264 362 2437 432 tinet;
2456 364 2605 420 sicut
2620 366 2982 438 aitquidam,
3002 369 3141 422 Vina
3162 378 3446 424 coronant
3464 372 3480 441 (
3501 372 3865 441 Vii'g.inzeid.

2264 452 2340 523 7),
2376 468 2514 508 cum
2558 460 2985 511 coronarentur
3023 473 3169 511 vasa
3213 457 3439 514 vinaria
3473 476 3483 513 :
3519 460 3708 517 vinum
3737 466 3869 522 enim

2265 541 2621 609 continetur,
2646 547 2703 598 et
2743 560 2849 599 vas
2872 546 3154 600 continet.
3188 546 3346 601 Sicut
3371 562 3509 616 ergo
3539 552 3871 620 appellamus

2264 629 2577 687 ecclesiam
2607 632 2939 698 basilicam,
2983 651 3105 705 qua
3137 636 3473 691 continetur
3521 640 3763 709 populus
3790 643 3874 714 qui

2263 733 2397 773 vere
2440 720 2775 791 appellatur
2814 723 3071 778 Ecclesia
3106 739 3119 789 ;
3166 730 3224 780 ut
3255 725 3499 780 nomine
3540 727 3801 797 ecclesim,
3827 732 3875 786 id

2264 812 2371 874 est,
2401 809 2605 879 p0puli
2633 810 2738 882 qui
2768 811 3124 877 continetur,
3156 812 3565 882 signiﬁcemus
3589 815 3769 872 locum
3792 821 3874 891 qui

2264 897 2525 953 continet
2550 915 2560 953 :
2587 899 2663 954 ita
2690 900 2855 971 quod
2887 904 3105 956 animm
3134 902 3488 974 corporibus
3517 905 3873 975 continentur,

2262 985 2503 1056 intelligi
2545 1004 2798 1060 corpora
2843 990 3100 1046 ﬁliorum
3141 1007 3248 1062 per
3290 993 3628 1048 nominatas
3675 997 3875 1052 animas

2262 1081 2534 1147 possunt.
2554 1076 2644 1133 Sic
2658 1079 2817 1133 enim
2835 1080 3045 1135 melius
3065 1081 3355 1152 accipitur
3376 1083 3553 1137 etiam
3577 1084 3714 1139 illud
3742 1087 3876 1156 quod

2266 1164 2377 1218 Lex
2410 1165 2709 1237 inquinari
2740 1167 2881 1222 dicit
2912 1185 3049 1224 eum
3094 1169 3197 1241 qui
3230 1170 3539 1226 intraverit
3578 1189 3746 1244 super
3779 1175 3877 1228 ani-

2262 1269 2426 1308 mam
2455 1259 2753 1310 mortuam
2779 1257 2980 1326 (Num.
3010 1274 3086 1321 1x,
3105 1258 3214 1329 10),
3250 1257 3363 1313 hoc
3391 1265 3479 1314 est
3507 1276 3684 1332 super
3704 1262 3878 1318 defun-

2263 1342 2334 1395 cti
2354 1342 2628 1409 cadaver,
2677 1350 2737 1399 ut
2776 1345 3019 1400 nomine
3051 1349 3266 1402 animm
3301 1354 3571 1412 mortum.
3610 1355 3876 1407 mortuum

2262 1431 2868 1503 corpusintelligalur,
2891 1434 3054 1505 quod
3079 1436 3344 1491 animam
3379 1438 3740 1503 continebat;
3763 1440 3879 1511 quia

2261 1524 2317 1574 et
2346 1519 2590 1576 absente
2608 1522 2854 1594 populo,
2877 1524 3060 1590 idest,
3096 1524 3374 1589 Ecclesia,
3404 1525 3575 1581 locus
3594 1533 3777 1583 tamen
3804 1529 3877 1584 ille

2259 1607 2649 1665 nihilominus
2695 1612 2944 1668 ecclesia
2976 1619 3387 1685 nuncupatur.
3434 1618 3568 1670 time
3598 1618 3877 1688 responde-

2258 1703 2482 1762 rentur,
2511 1698 2579 1764 si,
2614 1703 2674 1755 ut
2700 1699 2843 1764 dixi.
2879 1702 3167 1757 feminino
3202 1718 3419 1772 genere
3448 1706 3706 1774 positum
3734 1712 3875 1772 esset,

2259 1801 2388 1857 qum
2418 1788 2691 1866 exierunt
2720 1789 2793 1844 de
2820 1788 3141 1859 femoribus
3171 1792 3376 1857 Jacob,
3402 1793 3461 1848 id
3493 1799 3600 1859 est,
3627 1811 3751 1866 qum
3774 1796 3875 1850 ani-

2259 1877 2567 1931 mm.Nunc
2585 1864 2873 1933 verocum
2893 1879 3294 1935 masculinum
3321 1897 3516 1951 genus
3547 1864 3873 1955 sitpositum,

2256 1962 2318 2018 id
2348 1970 2454 2028 est,
2486 1965 2589 2035 qui
2616 1967 2890 2022 exierunt
2922 1969 2993 2023 de
3013 1969 3342 2037 femoribus
3365 1971 3551 2027 Jacob
3582 1988 3607 2037 ;
3630 1973 3752 2043 quis
3780 1988 3875 2027 non

2255 2052 2669 2123 itaintelligere
2698 2055 2883 2125 malit,
2917 2058 3137 2113 Omnes
3160 2059 3379 2114 animm
3406 2075 3616 2115 eorum
3638 2062 3734 2133 qui
3758 2062 3875 2117 exie-

2255 2146 2393 2197 runt
2422 2141 2495 2197 de
2535 2142 2888 2208 femoribus,
2929 2145 2988 2200 id
3041 2151 3145 2211 est,
3195 2148 3412 2203 animm
3463 2149 3799 2205 hominum:
3828 2154 3875 2204 ut

2255 2230 2430 2286 etiam
2447 2232 2773 2302 sic'possint
2789 2234 3033 2303 intelligi
3057 2237 3393 2292 secundum
3414 2254 3636 2311 corpus
3657 2244 3873 2296 tantum-

2254 2319 2438 2375 modo
2460 2321 2671 2377 exiisse
2689 2322 2960 2377 homines
2983 2324 3056 2378 de
3071 2324 3399 2380 femoribus
3421 2327 3628 2398 patris,
3656 2344 3872 2399 quorum

2254 2415 2420 2464 erant
2449 2409 2560 2464 illm
2609 2410 2846 2479 animm,
2880 2428 2985 2482 per
3016 2429 3272 2485 quarum
3319 2432 3643 2472 numerum
3696 2417 3870 2472 intelli-

2259 2503 2482 2566 guntur
2504 2503 2585 2554 tot
2610 2500 2884 2555 homines
2908 2502 2937 2553 ‘I

2329 2586 2555 2643 CAPUT
2588 2588 2678 2642 Vl.
2708 2619 2773 2628 —
2808 2593 2892 2644 20.
2926 2589 3145 2644 Vellem
3188 2596 3384 2647 autem
3419 2592 3613 2664 legere
3644 2593 3868 2649 libellum

2256 2676 2423 2729 tuum
2480 2677 2651 2745 cujus
2680 2679 3042 2735 mentionem
3079 2679 3266 2735 fecisti
3320 2682 3375 2736 in
3423 2682 3631 2738 litteris
3659 2684 3776 2749 tuis,
3813 2699 3868 2737 ne

2256 2764 2401 2822 forte
2432 2767 2635 2839 aliqua
2665 2768 2746 2823 ibi
2779 2770 3118 2826 testimonia
3148 2787 3269 2826 non
3308 2773 3599 2843 ambigua
3631 2773 3864 2846 posuisti.

2254 2856 2299 2908 A
2332 2871 2427 2911 me
2452 2862 2649 2911 autem
2675 2874 2812 2913 cum
2840 2860 3177 2929 qumsiisset
3199 2862 3430 2916 amicus
3464 2863 3609 2919 mihi
3631 2864 3868 2919 charissi-

2255 2960 2390 2999 mus
2412 2949 2467 2999 et
2493 2944 2833 3001 divinarum
2868 2946 3341 3003 studiosissimus
3371 2949 3720 3016 litterarum,
3752 2951 3867 3024 quid

2252 3031 2327 3087 de
2348 3032 2461 3087 hac
2477 3034 2807 3103 qumstione
2839 3034 3142 3101 sentirem,
3167 3037 3340 3109 eique
3370 3045 3604 3095 remota
3624 3054 3869 3095 verecun-

2251 3120 2518 3185 dia,hinc
2532 3128 2712 3177 mstus
2730 3139 2887 3178 meos
2900 3130 2955 3179 et
2969 3124 3372 3193 ignorantiam
3392 3126 3591 3183 fassus
3606 3128 3867 3199 essem(a),

2251 3208 2489 3279 scripsit
2530 3210 2668 3265 inde
2719 3210 2895 3281 longe
2946 3217 3109 3269 trans
3156 3230 3321 3269 mare
3360 3216 3437 3271 ad
3496 3216 3868 3272 doctissimum

2252 3298 2445 3352 virum
2463 3299 2579 3354 :cui
2606 3301 2908 3372 rescripsit
2930 3301 3023 3357 ille
3042 3307 3102 3357 ut
3117 3304 3315 3374 potius
3332 3321 3424 3359 me
3450 3304 3863 3374 consuleret(b),

2250 3386 2525 3442 nesciens
2583 3389 2749 3460 quod
2801 3390 2927 3460 jam
2967 3391 3205 3458 fecerat,
3268 3408 3377 3448 nec
3437 3394 3664 3466 aliquid
3712 3411 3744 3449 a
3792 3408 3866 3448 me

2251 3479 2477 3531 certum
2506 3492 2575 3531 ac
2603 3476 2916 3534 deﬁnitum
2966 3480 3174 3535 audire
3214 3487 3515 3552 potuerat.
3548 3481 3868 3552 Signiﬁcavit

2252 3567 2452 3619 tamen
2477 3565 2537 3620 in
2571 3566 2782 3622 eadem
2811 3567 2976 3624 brevi
3007 3569 3260 3640 epistola
3292 3588 3421 3634 sua,
3468 3589 3534 3629 se
3565 3572 3746 3644 potius
3767 3570 3864 3625 ﬁeri

2249 3668 2434 3723 quam
2476 3657 2799 3725 propagari
2831 3656 3064 3713 animas
3096 3658 3375 3715 credere:
3413 3660 3771 3716 simuletiam
3786 3657 3864 3712 ad-

2249 3756 2503 3795 monens
2521 3743 2861 3799 animarum
2880 3746 3275 3816 propaginem
3293 3748 3459 3819 (quia
3474 3750 3603 3821 ipse
3618 3750 3672 3804 in
3699 3747 3863 3805 Orien-

2248 3834 2300 3884 te
2327 3832 2437 3899 est)
2465 3831 2899 3888 occidentalem
2941 3836 3262 3891 Ecclesiam
3296 3838 3485 3893 solere
3517 3839 3741 3893 sentire.
3770 3839 3862 3891 Hac

2248 3932 2359 3987 ego
2387 3920 2614 3989 majore
2646 3922 2961 3977 occasione
3000 3934 3329 3995 comperta,
3384 3927 3595 3999 scripsi
3643 3926 3715 3982 ad
3752 3940 3861 3980 eum

2246 4022 2366 4062 non
2416 4008 2658 4064 brevem
2696 4010 2937 4077 librum,
2970 4013 3293 4068 consulens
3325 4031 3486 4081 eum,
3519 4023 3575 4071 et
3608 4020 3792 4086 petens
3815 4015 3862 4066 ut

2245 4096 2410 4167 prius
2427 4112 2521 4151 me
2536 4097 2830 4163 doceat,et
2847 4105 2977 4155 tunc
2992 4100 3069 4156 ad
3083 4118 3177 4157 me
3194 4102 3859 4175 mittatquosdoceam(c).

2317 4187 2404 4239 21.
2441 4187 2549 4250 Qui
2580 4186 2729 4242 liber
2753 4204 2926 4243 meus
2953 4193 3014 4244 ut
3033 4206 3153 4245 non
3179 4190 3437 4247 doctoris
3472 4191 3860 4264 sedinquisito

2242 4272 2341 4336 ris,
2371 4278 2427 4328 et
2447 4275 2643 4345 potius
2659 4276 2886 4332 discere
2908 4277 3226 4349 cupientis,
3248 4281 3413 4351 apud
3438 4281 3659 4351 melegi
3674 4282 3857 4352 potest:

2244 4361 2393 4416 mitti
2436 4379 2578 4418 vero
2611 4366 2845 4435 uspiam
2898 4381 3014 4420 non
3046 4367 3243 4431 debet,
3288 4368 3378 4423 vel
3410 4372 3688 4441 cuiquam
3726 4368 3857 4423 foras

2242 4448 2392 4519 dari,
2427 4451 2537 4505 nisi
2567 4468 2704 4508 cum
2733 4454 3019 4526 rescripta
3053 4456 3304 4512 Domino
3337 4457 3656 4527 adjuvante
3692 4470 3858 4527 perce-

2243 4553 2387 4610 pero
2422 4556 2435 4605 ;
2480 4540 2541 4595 id
2571 4542 2734 4611 quod
2768 4542 2861 4599 ille
2893 4545 3087 4610 sentit,
3122 4547 3566 4617 promptissime
3606 4563 3673 4602 ac
3702 4546 3857 4600 liben-

2239 4627 2464 4683 tissime
2481 4628 2856 4695 defensurus,
2877 4632 2925 4687 si
2949 4649 3042 4688 me
3060 4633 3276 4690 docere
3303 4636 3558 4706 potuerit
3580 4632 3855 4708 quomodo

2239 4717 2456 4772 animm
2488 4734 2611 4773 non
2640 4736 2710 4775 ex
2733 4724 2923 4777 Adam
2950 4723 3208 4789 veniant,
3231 4730 3287 4780 et
3316 4730 3513 4780 tamen
3546 4742 3613 4781 ex
3645 4722 3856 4794 illojus—

2238 4810 2362 4862 tam
2385 4814 2605 4863 sortem
2629 4809 3033 4866 damnationis
3064 4811 3389 4878 inveniant,
3427 4813 3540 4868 nisi
3572 4812 3646 4868 ad
3678 4810 3855 4866 remis-

2238 4894 2468 4951 sionem
2500 4904 2883 4968 peccatorum
2914 4901 3286 4957 renascendo
3327 4903 3683 4973 perveniant.
3715 4898 3853 4954 Absit

2235 4984 2395 5039 enim
2428 4990 2488 5039 ut
2518 4986 2835 5042 credamus
2867 4988 2957 5043 vel
3000 4989 3235 5047 animas
3285 4990 3672 5061 parvulorum
3696 4989 3749 5042 in
3773 4987 3849 5040 la-

2234 5087 2414 5127 vacro
2445 5076 2911 5144 regenerationis
2943 5077 3158 5133 falsam
3200 5080 3471 5151 accipere
3500 5084 3849 5151 peccatorum

2236 5162 2711 5229 inundationem,
2744 5165 2834 5219 vel
2882 5166 3068 5221 Deum
3102 5183 3253 5235 esse,
3286 5174 3389 5223 aut
3418 5169 3675 5239 aliquam
3701 5170 3848 5219 natu-

2232 5265 2360 5306 ram
2393 5268 2579 5322 quam
2611 5269 2733 5308 non
2765 5255 3030 5311 condidit
3061 5259 3231 5320 Deus,
3262 5257 3417 5311 illius
3449 5273 3517 5312 ex
3556 5272 3673 5328 qua
3702 5265 3848 5308 mun-

2231 5339 2453 5395 dantur
2480 5342 2912 5413 inquinationis
2963 5356 3289 5405 auctorem.
3346 5347 3541 5402 Donec
3593 5358 3724 5413 ergo
3761 5342 3846 5395 aut

2229 5429 2325 5485 ille
2357 5431 2661 5500 rescribat,
2695 5438 2796 5488 aut
2817 5449 2950 5503 ego,
2976 5435 3020 5488 si
3049 5437 3199 5490 Deus
3228 5435 3490 5500 voluerit,
3518 5434 3709 5505 aliquo
3734 5442 3841 5485 mo-

2291 5537 2361 5600 (a)
2398 5536 2451 5584 In
2488 5537 2611 5600 pist.
2641 5539 2808 5595 “38.,
2836 5539 2903 5589 ad
2928 5541 3317 5595 Marcellinum.

2291 5599 2360 5669 (b)
2389 5599 2815 5669 yier‘on.‘s_upra,
2839 5603 2894 5651 in
2926 5604 3080 5669 epist.
3119 5606 3225 5669 165.

2293 5661 2354 5727 (ο)
2387 5661 2552 5731 Epist.
2591 5661 2719 5719 166.’
2955 5661 2973 5669 ’
3192 5664 3201 5673 ”
