4118 6164
273 190 379 248 865

269 313 349 370 do
378 312 628 379 discam,
660 313 709 370 si
740 314 967 370 nullam
1015 315 1089 373 de
1130 317 1231 375 illa
1263 322 1591 392 peccatrice
1621 319 1913 391 originem

266 402 450 470 ducit,
491 419 627 475 quae
678 418 864 459 causa
896 404 972 461 sit
1017 405 1233 463 animae
1278 409 1569 466 subeundi
1627 406 1913 479 originale

265 496 598 564 peccatum,
634 492 796 563 quod
828 508 1070 550 necesse
1100 501 1188 552 est
1218 512 1348 553 esse
1380 499 1439 554 in
1466 499 1749 555 omnibus
1774 511 1915 567 par-

265 579 419 635 vulis
445 597 457 645 ;
488 586 542 636 et
571 597 692 652 quo
736 598 867 637 eam
903 599 1011 639 nec
1043 584 1198 640 Deus
1230 587 1390 655 cogit
1420 588 1736 651 insontem,
1770 585 1914 656 quia

260 668 551 739 peccandi
574 674 782 725 auctor
807 686 927 726 non
960 677 1065 737 est,
1084 689 1187 729 nec
1216 674 1332 730 ulla
1354 676 1493 731 mali
1517 681 1752 743 natura,
1771 674 1913 746 quia

259 772 379 821 non
407 763 492 814 est
527 776 540 825 ;
568 759 714 813 nihil
738 759 849 815 tale
876 761 1071 817 audeo
1089 763 1439 833 praedicare.

331 850 419 901 22.
452 850 526 903 Te
558 852 778 913 autem,
813 849 859 903 si
888 848 1138 906 libenter
1168 852 1261 907 vel
1300 852 1595 924 patienter
1624 851 1909 917 admittis,

256 934 607 991 charissime
634 935 832 1003 frater,
861 937 1158 995 admoneo
1178 955 1250 995 ne
1274 940 1542 996 haeresim
1562 956 1782 997 novam
1806 940 1912 995 mi-

256 1039 372 1078 nus
403 1029 612 1080 cautus
637 1025 930 1091 incurras,
959 1042 1093 1099 quas
1115 1028 1545 1101 antiquissimus
1575 1028 1912 1085 fideistabi-

252 1112 362 1168 lita
387 1113 626 1169 molitur
674 1113 1071 1171 fundamenta
1117 1117 1447 1174 convellere
1489 1118 1779 1175 adversus
1813 1119 1912 1175 Dei

252 1201 508 1271 gratiam
539 1202 929 1273 disputando,
978 1220 1163 1277 quam
1200 1208 1486 1263 Dominus
1514 1207 1775 1264 Christus
1804 1224 1911 1279 pu-

253 1288 406 1345 sillis
433 1295 490 1347 et
520 1291 753 1361 magnis
784 1291 1068 1348 ineffabili
1094 1294 1360 1351 bonitate
1412 1296 1659 1365 largitur
1692 1320 1704 1351 :
1739 1296 1910 1367 cujus

253 1378 344 1434 vel
377 1384 649 1435 auctores
705 1381 792 1435 vel
829 1385 983 1437 certe
1018 1384 1289 1439 acerrimi
1339 1385 1751 1457 notissimique
1778 1401 1912 1441 sua-

250 1484 438 1536 sores,
474 1485 609 1524 cum
644 1467 920 1539 Pelagius
949 1478 1005 1526 et
1038 1472 1317 1528 Celestius
1352 1474 1730 1538 exstitissent,
1773 1490 1910 1529 con-

249 1556 522 1612 ciliorum
550 1558 981 1629 episcopalium
1014 1560 1321 1629 vigilantia
1358 1562 1416 1617 in
1449 1562 1745 1632 adjutorio
1790 1561 1911 1617 Sal-

247 1646 475 1700 vatoris
495 1646 791 1717 quisnam
814 1652 1007 1703 tuetur
1035 1648 1375 1716 Ecclesiam,
1403 1651 1583 1715 etiam
1608 1665 1644 1705 a
1673 1649 1909 1705 duobus

246 1733 695 1790 venerabilihus
725 1736 1089 1792 antistitibus
1132 1739 1473 1809 apostolicae
1505 1738 1693 1806 Sedis,
1749 1755 1909 1810 papa

250 1823 602 1879 Innocentio
626 1829 683 1879 et
708 1840 869 1897 papa
901 1826 1158 1891 Zosimo,
1181 1827 1294 1882 nisi
1313 1828 1558 1883 correcti
1577 1828 1754 1883 etiam
1779 1843 1909 1899 ege-

248 1910 371 1967 rint
413 1912 844 1983 poenitentiam,
907 1919 1027 1970 toto
1077 1915 1401 1971 christiano
1453 1915 1596 1971 orbe
1636 1916 1909 1972 damnati

252 2004 412 2057 sunt.
433 2002 509 2056 De
527 2001 746 2072 quibus
768 2002 1043 2073 exempla
1064 2004 1389 2060 recentium
1405 2003 1759 2071 litterarum,
1784 2006 1907 2061 sive

253 2106 393 2162 quae
423 2091 755 2161 specialiter
783 2092 858 2147 ad
877 2093 1065 2162 Afros,
1092 2094 1213 2148 sive
1240 2110 1373 2166 quae
1399 2094 1809 2150 universaliter
1830 2094 1907 2149 ad

258 2193 472 2235 omnes
497 2179 813 2251 episcopos
834 2179 907 2235 de
930 2186 1261 2237 memorata
1290 2182 1437 2237 Sede
1468 2187 1806 2247 manarunt,
1833 2199 1907 2238 ne

254 2266 407 2323 forte
434 2268 511 2323 ad
535 2274 792 2324 vestram
808 2268 1193 2326 Sanctitatem
1220 2270 1486 2326 nondum
1508 2272 1905 2342 pervenerint,

252 2355 428 2411 vobis
457 2357 801 2413 curavimus
834 2358 983 2413 mitti
1035 2358 1111 2413 ab
1137 2359 1224 2413 eis
1269 2358 1543 2415 fratribus
1583 2361 1805 2433 quibus
1852 2364 1909 2417 et

251 2445 366 2501 has
396 2444 639 2510 litteras,
674 2450 740 2500 ut
788 2452 901 2502 tuae
934 2447 1310 2505 Venerationi
1363 2448 1703 2519 dirigerent,
1745 2448 1906 2505 dedi-

254 2551 411 2589 mus.
443 2535 504 2589 tli
537 2542 738 2590 autem
760 2551 881 2591 non
904 2536 1037 2591 ideo
1062 2543 1200 2592 sunt
1229 2537 1508 2601 haeretici,
1537 2539 1680 2610 quia
1702 2539 1908 2595 dicunt

254 2624 489 2680 animas
511 2625 803 2694 originem
834 2625 908 2681 de
934 2625 1033 2680 illa
1054 2626 1249 2696 prima
1278 2629 1605 2698 peccatrice
1635 2644 1758 2683 non
1801 2628 1908 2683 du-

254 2728 406 2778 cere,
438 2714 603 2784 quod
626 2713 718 2769 vel
749 2713 953 2785 aliqua
971 2714 1222 2770 fortasse
1247 2715 1476 2771 ratione
1494 2730 1634 2772 vera
1660 2715 1777 2772 dici
1806 2732 1905 2788 po-

255 2808 389 2870 test,
413 2802 506 2857 vel
535 2802 660 2857 sine
690 2802 829 2857 ﬁdei
857 2802 989 2858 labe
1016 2803 1232 2858 nesciri
1265 2821 1278 2858 :
1314 2804 1418 2859 sed
1450 2804 1589 2860 hinc
1616 2812 1908 2861 conantur

253 2891 484 2947 efﬁcere
507 2891 690 2962 (unde
711 2892 961 2947 omnino
986 2893 1345 2964 apertissimi
1364 2894 1907 2965 haereticijudican-

253 2981 367 3052 tur)
414 2981 648 3036 animas
679 2980 1066 3053 parvulorum
1098 2982 1245 3036 nihil
1278 2981 1417 3038 mali
1461 2998 1531 3037 ex
1570 2983 1760 3039 Adam
1792 2989 1908 3040 tra-

251 3068 413 3135 here,
444 3069 609 3142 quod
653 3070 726 3125 sit
754 3069 994 3125 lavacro
1024 3071 1487 3139 regenerationis
1518 3071 1903 3143 expiandum.

251 3160 400 3213 Nam
428 3158 642 3229 Pelagii
666 3158 738 3213 de
761 3157 874 3213 hac
900 3175 960 3213 re
985 3160 1445 3231 argumentatio,
1468 3176 1597 3232 quac
1617 3160 1767 3216 inter
1789 3160 1905 3218 alia

251 3248 381 3318 ejus
401 3247 777 3303 damnabilia
797 3248 974 3303 etiam
997 3247 1203 3304 litteris
1229 3248 1581 3319 apostolicae
1612 3248 1783 3305 Sedis
1802 3250 1903 3306 ad-

244 3336 456 3407 juncta
486 3340 593 3403 est,
623 3337 704 3391 ita
734 3352 795 3392 se
827 3336 1040 3392 habet:
1087 3337 1155 3394 Si
1183 3338 1411 3407 anima,
1442 3338 1654 3410 inquit,
1689 3355 1763 3396 ex
1789 3346 1905 3395 tra-

248 3424 399 3481 duce
428 3431 662 3490 nonest,
691 3424 791 3480 sed
808 3426 938 3481 sola
967 3439 1107 3481 caro
1134 3430 1365 3481 tantum
1391 3426 1565 3482 habet
1594 3428 1901 3484 traducem

244 3515 479 3582 peccati
511 3515 685 3583 ;sola
724 3529 863 3583 ergo
898 3529 1128 3582 pernam
1160 3522 1439 3571 meretur.
1472 3516 1777 3584 Injustum
1820 3521 1903 3573 est

245 3602 400 3657 enim
434 3608 497 3657 ut
524 3602 695 3658 hodie
724 3608 869 3658 nata
897 3601 1101 3658 anima
1115 3618 1231 3658 non
1260 3618 1335 3659 ex
1364 3619 1560 3660 massa
1589 3604 1756 3669 Adet,
1782 3612 1899 3661 tam

245 3694 558 3762 antiquum
589 3698 894 3761 peccatum
939 3696 1137 3761 portet
1191 3694 1459 3749 alienum
1500 3710 1519 3759 ;
1554 3694 1695 3765 quia
1730 3694 1903 3751 nulla

245 3780 481 3836 ratione
502 3780 839 3836 conceditur
868 3788 931 3836 ut
962 3782 1119 3837 Deus
1144 3783 1249 3852 qui
1261 3783 1510 3851 propria
1539 3790 1784 3851 peccata
1815 3784 1898 3837 di-

242 3869 449 3934 mittit,
484 3885 668 3925 unum
691 3870 941 3938 imputet
972 3870 1259 3926 alienum.

317 3961 404 4012 23.
435 3958 490 4014 Si
518 3973 658 4029 ergo
681 3958 762 4014 ita
784 3963 951 4029 potes
979 3959 1318 4015 animarum
1350 3974 1612 4015 asserere
1635 3960 1760 4015 sine
1784 3959 1902 4016 ulla

243 4047 580 4118 propagine
628 4048 975 4113 novitatem,
1009 4053 1072 4103 ut
1118 4048 1347 4105 ratione
1384 4049 1555 4121 justa
1593 4055 1650 4105 et
1702 4066 1737 4105 a
1784 4049 1902 4105 ﬁde

241 4135 537 4192 catholica
576 4152 696 4193 non
743 4137 960 4203 aliena,
993 4136 1173 4194 etiam
1204 4138 1286 4193 sic
1318 4143 1564 4210 peccato
1595 4138 1769 4210 primi
1798 4138 1904 4194 ho-

238 4225 424 4282 minis
456 4226 847 4282 ostendantur
877 4227 1155 4283 obnoxiae
1191 4246 1204 4295 ;
1248 4242 1445 4283 assere
1488 4227 1654 4300 quod
1695 4228 1899 4297 sentis,

240 4320 307 4371 ut
332 4321 521 4386 potes.
555 4316 610 4371 Si
642 4320 842 4371 autem
872 4330 993 4371 non
1016 4331 1118 4372 eas
1147 4315 1314 4371 aliter
1339 4322 1505 4388 potes
1537 4333 1572 4372 a
1594 4332 1902 4388 propaga-

238 4404 399 4460 tione
429 4404 624 4460 facere
653 4404 904 4471 alienas,
946 4404 1063 4460 nisi
1094 4410 1156 4461 ut
1189 4404 1367 4460 simul
1397 4404 1583 4461 facias
1613 4406 1690 4461 ab
1736 4406 1901 4461 omni

238 4493 467 4566 peccati
494 4492 731 4548 vinculo
748 4493 970 4549 liberas
992 4510 1005 4560 ;
1022 4494 1234 4549 cohibe
1260 4503 1312 4549 te
1328 4494 1405 4549 ab
1422 4493 1901 4565 hujusmodidis-

238 4582 553 4655 putatione
581 4581 954 4639 omnimodo.
989 4582 1113 4639 Non
1148 4587 1233 4639 est
1264 4583 1422 4638 enim
1453 4582 1603 4638 falsa
1632 4584 1809 4638 etiam
1841 4583 1902 4639 in

240 4671 636 4744 parvulorum
666 4670 1030 4743 baptismate
1056 4671 1331 4727 remissio
1357 4676 1765 4743 peccatorum,
1794 4687 1904 4727 nec

237 4760 424 4816 verbo
456 4766 630 4815 tenus
658 4760 895 4827 dicitur,
938 4760 1041 4815 sed
1073 4761 1360 4816 veraciter
1406 4761 1621 4830 agitur.
1657 4759 1807 4815 Nam
1840 4764 1903 4815 ut

234 4850 363 4919 jam
411 4849 609 4905 verbis
639 4854 793 4915 utar,
852 4866 988 4921 quas
1040 4850 1098 4905 in
1130 4853 1262 4921 ipsa
1296 4848 1546 4921 epistola
1572 4848 1903 4905 beatissimi

238 4938 514 4994 antistitis
543 4939 757 4995 Zosimi
777 4939 1056 5009 leguntur
1085 4954 1097 4991 :
1127 4938 1349 4994 Fidelis
1380 4938 1665 4994 Dominus
1688 4938 1747 4993 in
1778 4954 1903 4994 ver-

242 5026 327 5082 bis
348 5028 491 5092 suis,
514 5029 755 5098 ejusque
777 5028 1101 5097 baptismus
1115 5043 1179 5083 re
1193 5043 1266 5084 ac
1279 5027 1491 5092 verbis,
1507 5026 1570 5081 id
1581 5034 1684 5096 est,
1704 5042 1897 5096 opere,

240 5115 609 5185 confessione
628 5123 680 5172 et
704 5118 1045 5173 remissione
1066 5132 1205 5173 vera
1227 5122 1627 5186 peccatorum,
1656 5116 1717 5172 in
1740 5116 1902 5172 omni

238 5220 407 5270 sexu,
442 5211 633 5270 aetate,
670 5206 1007 5263 conditione
1052 5207 1287 5277 generis
1333 5206 1584 5262 humani
1634 5207 1898 5262 eamdem

236 5295 671 5364 plenitudinem
705 5302 881 5351 tenet.
914 5296 1136 5351 Nullus
1179 5296 1332 5351 enim
1380 5296 1496 5351 nisi
1539 5295 1643 5367 qui
1666 5296 1901 5365 peccati

238 5399 445 5440 servus
468 5390 550 5440 est
560 5425 573 5448 ,
592 5384 743 5439 liber
764 5385 1048 5454 efﬁcitur,
1072 5400 1179 5441 nec
1201 5385 1531 5454 redemptus
1555 5385 1675 5441 dici
1685 5388 1896 5454 potest,

238 5474 355 5529 nisi
385 5476 490 5544 qui
522 5489 654 5529 vere
696 5490 805 5543 per
839 5479 1145 5544 peccatum
1196 5474 1389 5543 fuerit
1437 5480 1575 5529 ante
1604 5474 1893 5542 captivus,

236 5562 389 5617 sicut
421 5562 709 5632 scriptum
734 5570 857 5620 est:
882 5583 910 5615 ‹‹
931 5564 999 5620 Si
1022 5579 1119 5619 vos
1148 5563 1340 5618 Filius
1362 5563 1723 5627 liberaverit,
1762 5577 1897 5618 vere

239 5652 413 5708 liberi
432 5652 596 5708 eritis
612 5672 640 5705 »
672 5652 868 5724 (Joan.
895 5669 1011 5718 Vill,
1031 5654 1140 5723 36).
1164 5653 1281 5709 Per
1306 5652 1499 5722 ipsum
1523 5653 1675 5708 enim
1695 5665 1895 5708 renas-

1521 185 2019 252 EPISTOLARUM
2063 184 2354 246 CLASSIS
2395 189 2488 245 Ill.

3576 202 3681 257 866

2023 314 2217 370 cimur
2240 315 2654 385 spiritualiter,
2671 331 2781 386 per
2801 316 2990 387 ipsum
3013 320 3679 392 cruciﬁgimurmundo.

2023 404 2217 472 Ipsius
2252 411 2457 469 morte.
2502 406 2707 461 mortis
2746 406 2820 461 ab
2867 407 3058 463 Adam
3093 410 3361 465 omnibus
3392 413 3553 467 nobis
3584 416 3681 468 in-

2023 493 2309 549 troducta
2357 499 2532 564 atque
2571 495 2931 551 transmissae
2960 498 3251 553 universae
3278 501 3492 556 anima:
3522 502 3682 557 illud

2016 582 2352 651 propagine
2378 587 2746 639 contractum
2772 584 3237 655 chirographum
3263 590 3583 659 rumpitur,
3614 592 3678 647 in

2020 686 2135 740 quo
2178 672 2385 726 nullus
2414 671 2651 726 omnino
2681 679 2982 738 natorum,
3016 679 3331 746 antequam
3370 694 3477 745 per
3516 680 3681 748 Bap-

2022 759 2258 815 tismum
2284 761 2587 826 liberetur,
2622 777 2739 815 non
2773 767 3004 817 tenetur
3032 764 3322 820 obnoxius
3354 767 3455 837 (a).
3494 768 3554 821 in
3587 768 3681 822 his

2018 848 2219 903 verbis
2244 848 2586 920 apostolicae
2610 849 2777 903 Sedis
2796 855 2916 905 tam
2941 851 3191 923 antiqua
3204 859 3382 925 atque
3407 856 3676 921 fundata.

2023 940 2182 992 certa
2200 941 2256 992 et
2281 936 2443 992 clara
2473 942 2561 993 est
2582 938 2880 994 catholica
2907 940 3079 1006 fides,
3112 947 3174 996 ut
3194 943 3363 998 nefas
3385 944 3454 999 sit
3476 945 3549 1001 de
3581 946 3680 1001 illa

2026 1024 2301 1081 dubitare
2330 1025 2679 1083 christiano.

2090 1116 2179 1168 24.
2214 1114 2511 1179 Quoniam
2542 1132 2683 1187 ergo
2717 1121 2904 1171 morte
2934 1118 3167 1183 Christi,
3202 1135 3324 1175 non
3356 1121 3535 1175 unius
3568 1126 3673 1177 aut

2023 1201 2389 1273 aliquarum,
2444 1202 2545 1259 sed
2600 1204 2890 1259 universae
2932 1206 3148 1261 animae
3181 1209 3512 1279 propagine
3541 1225 3678 1265 con-

2024 1293 2279 1345 tractum
2312 1291 2519 1345 mortis
2554 1291 3019 1363 chirographum
3052 1296 3348 1366 rumpitur
3383 1314 3394 1351 :
3431 1298 3477 1351 si
3507 1305 3675 1368 potes

2023 1379 2259 1433 animas
2279 1379 2361 1434 sic
2378 1379 2607 1436 alienas
2630 1396 2666 1435 a
2683 1382 3015 1452 pr0pagine
3038 1383 3374 1450 defendere,
3399 1391 3673 1443 uttamen

2018 1466 2133 1521 hoc
2164 1467 2584 1539 chirographo,
2614 1469 2779 1540 quod
2803 1470 2927 1525 sola
2955 1472 3160 1526 Christi
3191 1480 3371 1529 morte
3396 1492 3677 1547 rumpen-

2020 1554 2168 1609 dum
2195 1560 2301 1620 est,
2321 1556 2653 1612 rectissima
2672 1557 2903 1613 ratione
2926 1559 3412 1617 demonstrentur
3434 1565 3677 1620 obstric-

2021 1648 2112 1710 tae,
2143 1659 2251 1699 nec
2278 1661 2386 1700 sua
2411 1646 2764 1716 propagine,
2796 1646 2899 1700 sed
2930 1648 3126 1702 carnis
3158 1650 3270 1704 hoc
3297 1650 3676 1722 debitojuste

2019 1732 2680 1804 appareantobligatae:
2710 1750 2829 1789 non
2854 1735 3043 1790 solum
3058 1738 3297 1793 nemine
3322 1740 3675 1810 prohibente

2020 1820 2293 1884 defende,
2315 1837 2519 1876 verum
2546 1823 2725 1878 etiam
2748 1822 2805 1877 id
2826 1823 2997 1879 nobis
3025 1827 3335 1897 quomodo
3360 1834 3551 1884 tecum
3576 1832 3675 1886 de-

2018 1908 2267 1964 fendere
2316 1911 2623 1981 possimus
2671 1913 2940 1967 ostende.
2973 1914 3030 1969 Si
3072 1921 3274 1971 autem
3323 1917 3491 1973 aliter
3541 1935 3666 1975 non

2019 2003 2216 2069 potest
2244 1999 2406 2070 quod
2424 2000 2496 2054 de
2527 2000 2866 2056 animarum
2882 2003 3141 2058 novitate
3157 2006 3358 2075 sentis,
3380 2023 3671 2076 asserere,

2018 2088 2132 2142 nisi
2164 2092 2228 2143 ut
2253 2104 2353 2144 eas
2379 2088 2543 2145 dicas
2566 2096 2811 2161 peccato
2834 2092 3009 2163 primi
3038 2092 3300 2149 hominis
3318 2111 3437 2152 non
3456 2098 3669 2166 teneri;

2020 2183 2122 2232 aut
2151 2193 2255 2247 per
2285 2178 2679 2249 propaginem
2726 2195 2846 2235 non
2888 2198 3080 2247 suam,
3121 2184 3225 2237 sed
3266 2185 3486 2255 carnis,
3529 2203 3674 2241 auc-

2022 2270 2143 2321 tore
2169 2268 2305 2327 Deo,
2339 2266 2429 2321 vel
2459 2268 2658 2322 nescio
2685 2284 2807 2339 qua
2824 2270 2962 2325 mali
2992 2276 3225 2338 natura,
3252 2272 3672 2331 innocentissi-

2020 2371 2151 2409 mas
2182 2354 2307 2409 ﬁeri
2340 2357 2696 2426 peccatrices
2732 2373 2743 2411 :
2792 2358 3003 2413 melius
3050 2361 3216 2430 origo
3249 2363 3466 2419 animae
3505 2364 3666 2428 latet,

2019 2444 2165 2499 dum
2212 2448 2412 2499 tamen
2449 2460 2581 2499 eam
2630 2460 2751 2500 non
2799 2446 3140 2503 dubitemus
3189 2450 3290 2504 Dei
3340 2468 3469 2506 esse
3509 2470 3669 2510 crea-

2019 2538 2238 2597 turam,
2268 2548 2452 2603 quam
2482 2532 2574 2588 vel
2604 2534 2758 2589 Deus
2786 2537 3013 2606 peccati
3040 2542 3248 2593 auctor
3277 2539 3528 2608 dicatur,
3576 2544 3669 2599 vel

2016 2626 2225 2677 contra
2256 2624 2440 2677 Deum
2475 2621 2670 2678 aliena
2700 2624 2840 2678 mali
2871 2631 3083 2681 natura
3114 2626 3543 2695 introducatur,
3579 2632 3670 2687 vel

2016 2710 2327 2782 baptisma
2354 2712 2747 2783 parvulorum
2776 2713 3005 2769 irritum
3033 2715 3309 2773 ducatur.

2086 2800 2174 2853 25.
2204 2802 2274 2855 Ut
2291 2804 2491 2855 autem
2506 2806 2559 2856 et
2586 2818 2621 2856 a
2636 2818 2729 2857 me
2744 2809 2844 2857 tua
2860 2803 3097 2859 Dilectio
3111 2805 3184 2860 de
3202 2805 3325 2861 haec
3339 2809 3669 2879 quaestione

2016 2887 2245 2959 aliquid
2277 2889 2482 2944 audiat
2516 2888 2850 2954 deﬁnitum,
2875 2907 2995 2946 non
3024 2894 3187 2963 parvi
3222 2895 3667 2964 aestimandum,

2013 2976 2136 3031 imo
2167 2978 2468 3049 praecipue
2484 2980 2887 3034 necessarium
2902 2985 3080 3051 atque
3095 2982 3490 3046 retinendum,
3515 3002 3667 3056 quo-

2014 3065 2345 3121 modolibet
2378 3082 2439 3121 se
2471 3066 2638 3136 origo
2677 3066 2897 3123 habeat
2935 3069 3297 3135 animarum,
3332 3072 3449 3126 sive
3472 3091 3537 3129 ex
3570 3075 3669 3131 illa

2014 3170 2156 3221 una,
2198 3155 2321 3211 sive
2344 3171 2416 3210 ex
2460 3154 2627 3211 nulla
2666 3155 2785 3211 alia
2840 3163 3251 3229 prOpagentur
3286 3178 3298 3227 ;
3335 3161 3668 3219 Mediatoris

2014 3248 2212 3299 tamen
2246 3244 2515 3299 animam
2549 3243 2780 3301 nullum
2821 3261 2893 3301 ex
2932 3246 3120 3302 Adam
3175 3250 3421 3305 traxisse
3454 3268 3667 3322 pecca—

2012 3337 2139 3389 tum
2166 3332 2442 3388 dubitare
2465 3332 2556 3389 fas
2584 3349 2704 3389 non
2732 3341 2837 3389 est.
2870 3334 2926 3391 Si
2957 3336 3115 3391 enim
3163 3336 3325 3393 nulla
3366 3356 3663 3411 propaga-

2012 3426 2107 3478 tur
2136 3438 2208 3479 ex
2234 3421 2441 3488 altera,
2467 3423 2568 3479 ubi
2590 3439 2802 3479 omnes
2835 3428 3105 3481 tenentur
3130 3434 3465 3498 propagata
3488 3446 3666 3486 carne

2011 3512 2239 3583 peccati
2268 3514 2283 3547 ¹
2324 3528 2335 3566 :
2365 3518 2591 3583 quanto
2622 3513 2820 3567 minus
2840 3513 3206 3570 credendum
3232 3522 3319 3571 est
3348 3533 3418 3572 ex
3453 3534 3668 3592 propa-

2012 3600 2148 3670 gine
2181 3601 2525 3671 peccatricis
2549 3602 2815 3656 animam
2843 3602 3041 3657 venire
3062 3606 3353 3675 potuisse,
3378 3607 3551 3678 cujus
3574 3625 3667 3665 ca-

2010 3704 2077 3745 ro
2110 3689 2269 3745 venit
2294 3706 2362 3745 ex
2396 3690 2639 3759 virgine,
2664 3706 2785 3745 non
2816 3690 3063 3747 libidine
3090 3700 3379 3765 concepta
3406 3697 3505 3751 sed
3524 3697 3664 3763 fide,

2013 3782 2076 3833 ut
2106 3782 2260 3832 esset
2288 3778 2347 3832 in
2380 3777 2769 3833 similitudine
2810 3780 3007 3833 carnis
3056 3783 3281 3851 peccati
3317 3785 3507 3852 (Rom.
3539 3802 3662 3852 Vili,

2012 3866 2088 3937 3),
2116 3882 2236 3920 non
2259 3866 2319 3920 in
2350 3881 2527 3920 carne
2551 3866 2777 3937 peccati
2809 3866 2821 3920 l
2852 3867 2909 3921 Si
2938 3873 3134 3922 autem
3179 3876 3423 3939 peccato
3458 3873 3666 3943 primae

2011 3955 2228 4010 animae
2250 3954 2594 4026 peccatricis
2636 3955 2771 4010 ideo
2806 3960 3031 4011 caeteras
3069 3960 3338 4013 tenentur
3364 3960 3660 4026 obnoxiae,

2010 4044 2155 4115 quia
2173 4043 2507 4099 exillasunt
2526 4050 2907 4116 propagatae;
2933 4045 3195 4116 profecto
3218 4048 3318 4102 illa
3340 4065 3521 4120 quam
3550 4051 3665 4106 sibi

2014 4132 2358 4203 Unigenitus
2382 4133 2702 4205 coaptavit,
2718 4138 2820 4189 aut
2841 4139 3154 4206 peccatum
3174 4136 3311 4192 inde
3325 4152 3445 4192 non
3464 4140 3658 4204 traxit,

2012 4221 2374 4277 automnino
2405 4220 2544 4276 inde
2582 4236 2704 4276 non
2742 4227 2930 4278 tracta
2973 4229 3079 4279 est.
3116 4226 3315 4295 Neque
3359 4226 3517 4281 enim
3540 4243 3664 4283 non

2009 4311 2203 4384 potuit
2254 4312 2524 4367 animam
2553 4310 2665 4366 sibi
2693 4312 2925 4367 trahere
2965 4314 3089 4368 sine
3105 4321 3371 4385 peccato,
3404 4317 3505 4380 qui
3540 4318 3655 4373 sol-

2010 4402 2093 4456 vit
2122 4406 2325 4457 nostra
2354 4405 2600 4473 peccata
2632 4416 2645 4465 ;
2680 4402 2907 4472 autqui
2929 4417 3144 4457 novam
3180 4406 3399 4459 creavit
3420 4406 3469 4459 ei
3495 4406 3659 4461 carni

2010 4506 2194 4563 quam
2216 4490 2345 4544 sine
2362 4489 2833 4561 parentefecitex
2859 4495 3029 4556 terra,
3067 4507 3186 4546 non
3220 4494 3411 4563 potuit
3438 4510 3663 4550 novam

2011 4595 2209 4635 creare
2224 4578 2389 4633 carni
2402 4594 2585 4649 quam
2601 4578 2726 4632 sine
2742 4578 2867 4633 viro
2881 4580 3216 4649 sumpsitex
3230 4580 3474 4638 femina.

2082 4672 2169 4722 26.
2204 4667 2338 4721 Haec
2354 4667 2502 4720 sicut
2522 4667 2842 4737 potui,non
2866 4668 3109 4738 quidem
3130 4668 3203 4723 ad
3234 4686 3327 4723 me
3356 4670 3533 4739 datis,
3554 4674 3663 4729 sed

2010 4761 2210 4813 tamen
2228 4756 2302 4811 ad
2322 4755 2712 4811 charissimos
2740 4761 2977 4811 nostros
3004 4758 3342 4813 Sanctitatis
3372 4767 3485 4816 tuae
3518 4762 3661 4818 litte-

2010 4847 2107 4912 ris,
2134 4861 2253 4900 non
2274 4844 2480 4915 peritia
2493 4859 2678 4915 quam
2695 4844 3068 4913 desiderasti,
3085 4847 3189 4901 sed
3216 4848 3468 4904 sollicita
3482 4851 3661 4906 dilec-

2072 4974 2085 5004 ί
2120 4971 2243 5019 Mss.
2276 4974 2503 5033 septem,
2527 4974 2827 5032 propagata
2851 4984 3003 5017 carne
3029 4973 3216 5030 peccati
3244 4987 3259 5022 .'
3297 4973 3473 5021 minus
3506 4974 3661 5031 bene,

2007 5034 2220 5083 tametsi
2248 5032 2467 5095 vulgata
2497 5032 2651 5081 lectio
2678 5034 2817 5080 haud
2848 5033 2983 5095 satis
3009 5033 3217 5093 integra
3242 5034 3501 5083 videatur.
3537 5036 3662 5085 For-

2009 5100 2131 5146 toan
2169 5100 2292 5158 post
2318 5094 2570 5150 tenentur,
2596 5094 2956 5158 supplendum
2979 5099 3075 5151 est,
3104 5110 3228 5147 reae.

2072 5160 2143 5220 (a)
2170 5155 2421 5207 'Zosimus
2454 5155 2762 5220 Innocentio
2815 5155 3051 5220 Prontitici
3084 5172 3169 5204 an.
3207 5160 3300 5205 417
3350 5160 3664 5218 succedens,

2008 5219 2281 5271 deluditur
2297 5219 2607 5283 aliquandiu
2626 5233 2661 5283 a_
2684 5219 2979 5283 Pelagianis
3002 5234 3013 5273 ;
3040 5233 3221 5266 verum
3250 5222 3519 5283 rescriptis
3538 5224 3666 5271 Afri-

2008 5298 2265 5334 canorum
2298 5279 2530 5336 Patrum,
2563 5285 2615 5329 et
2650 5280 2832 5329 habito
2868 5279 3083 5328 demum
3117 5282 3366 5330 severiori
3395 5279 3659 5343 examine,

2008 5348 2201 5397 certior
2220 5347 2393 5394 factus
2418 5345 2481 5391 de
2504 5344 2743 5405 ipsorum
2770 5342 2976 5397 haeresi,
2997 5344 3313 5392 sententiam
3345 5347 3397 5393 in
3427 5360 3517 5395 eos
3535 5342 3665 5397 dicit

2006 5414 2130 5459 ante
2162 5409 2397 5457 medium
2431 5419 2516 5455 an.
2567 5407 2675 5458 418,
2713 5405 2908 5453 emissa
2956 5418 3049 5466 per
3078 5406 3387 5455 universum
3423 5410 3663 5459 christia-

2006 5486 2136 5520 num
2170 5470 2354 5519 orbem
2384 5469 2673 5522 Tractoria,
2704 5470 2762 5513 ut
2796 5471 2949 5515 vocat
2979 5466 3238 5516 Mercator
3259 5471 3309 5517 in
3338 5470 3656 5521 Commonit.

2006 5536 2092 5583 c.3
2116 5549 2126 5581 :
2151 5534 2304 5595 cujus
2326 5531 2609 5580 Tractoriw
2630 5530 2991 5639 fragmentum
3014 5529 3096 5578 hic
3119 5530 3299 5587 habes,
3324 5536 3659 5595 prmteraltc-

2006 5610 2123 5639 rum
2142 5596 2397 5639 nerbreve
2420 5592 2644 5639 relatum
2663 5605 2695 5639 a
2746 5594 2981 5639 ’rosnero
3004 5592 3055 5639 in
3087 5595 3382 5639 annendice
3418 5598 3657 5639 nnislnlm

2004 5610 2123 5664 [um
2142 5592 2397 5664 perbreve
2420 5592 2644 5664 relatum
2663 5605 2695 5641 θ,
2712 5592 2981 5664 l’rpspero
3004 5592 3055 5664 in
3087 5592 3382 5656 appendice
3401 5598 3657 5664 epistola:

2004 5653 2273 5708 C(iele'stini
2304 5656 2371 5707 ad
2397 5656 2677 5719 episcopos
2708 5653 2887 5703 Gallia:
2916 5669 2926 5703 ε
2960 5653 3277 5705 οωῑθνξιὶιοη
3299 5653 3529 5709 exstant.
