4118 6164
532 192 637 249 867

526 320 686 374 tione
716 316 1017 391 respondi.
1057 315 1110 372 Si
1146 318 1309 387 grate
1340 315 1582 387 accipis,
1619 321 1671 373 et
1699 318 2182 373 admonitionem

525 407 849 463 fraternam
879 412 931 462 et
965 406 1189 469 utilem,
1218 420 1338 460 non
1388 407 1665 463 errando:
1702 408 1809 463 sed
1852 408 2181 478 prudenter

531 497 967 552 considerando
1014 510 1147 547 cum
1186 494 1453 549 Ecclesiae
1490 511 1635 566 pace
1688 512 2026 562 conservas,
2059 497 2180 551 Deo

532 587 772 654 gratias.
816 584 873 636 Si
904 588 1102 637 autem
1138 599 1231 636 me
1262 584 1372 638 ista
1412 584 1683 639 nondum
1711 602 1887 641 nosse
1920 585 2178 653 miraris,

526 675 616 728 vel
647 674 822 727 etiam
856 687 965 727 nec
1013 673 1274 739 miraris,
1324 678 1377 726 et
1415 688 1509 727 me
1556 674 1783 745 aliquid
1836 680 2063 730 certum
2104 674 2179 729 de

526 762 754 830 origine
800 760 1141 815 animarum
1178 760 1345 815 salva
1386 761 1499 816 ista
1531 762 1646 817 fide
1678 780 1814 834 qua;
1850 764 2179 819 certissima

526 856 705 921 atque
727 849 1061 904 clarissima
1092 855 1199 913 est,
1234 854 1441 905 mutua
1491 851 1779 907 charitate
1811 852 2024 908 docere
2056 867 2177 906 non

526 940 751 1004 renuis,
793 938 979 993 multo
1010 939 1271 1003 uberius,
1309 940 1426 994 Deo
1459 941 1697 1009 gratias.
1725 944 1945 996 Memor
1969 940 2174 1005 nostri,

530 1030 779 1083 Domino
793 1044 1020 1098 semper
1034 1028 1216 1095 vivas,
1241 1028 1483 1083 domine
1497 1029 1857 1095 beatissime,
1881 1034 1937 1085 et
1950 1031 2177 1086 sincera

526 1118 839 1171 dilectione
873 1116 1277 1171 desiderabilis
1311 1116 1504 1171 frater.

999 1205 1331 1260 EPISTOLA
1368 1207 1520 1259 CXCI
1550 1206 1695 1277 '(a).

526 1296 690 1349 Sixto
704 1295 1038 1363 presbytero
1053 1293 1258 1363 (postea
1275 1295 1537 1362 pontiﬁci
1552 1297 1831 1366 Romano)
1846 1298 1955 1367 qui
1968 1300 2175 1352 contra

594 1384 964 1451 Pelagianos,
994 1384 1207 1453 quibus
1237 1384 1459 1451 favisse
1488 1401 1698 1439 rumor
1718 1387 1945 1453 fuerat,
1975 1386 2175 1454 defen-

596 1475 813 1528 sionem
836 1473 1047 1543 gratia?
1066 1474 1174 1527 Dei
1194 1473 1552 1541 suscepisset,
1576 1476 1947 1543 gratulatur,-
1965 1476 2176 1530 exhor-

596 1568 731 1617 tans
756 1568 816 1615 ut
842 1569 1046 1631 pergat
1075 1563 1441 1629 impudentes
1454 1563 1735 1629 cohibere,
1753 1562 2175 1619 dissimulanti-

602 1652 704 1705 bus
735 1651 978 1706 mederi.

529 1739 779 1794 Domino
796 1737 1113 1792 venerabili
1130 1742 1182 1792 et
1196 1738 1253 1792 in
1269 1739 1477 1794 Christi
1494 1739 1777 1796 charitate
1793 1740 2175 1811 suscipiendo

600 1833 807 1882 sancto
832 1827 991 1881 fratri
1010 1833 1060 1881 et
1078 1828 1573 1899 compresbytero
1590 1830 1783 1895 SIXTO,
1802 1834 2171 1897 AUGUSTINUS,

597 1917 655 1971 in
686 1917 937 1971 Domino
970 1916 1242 1971 salutem.

599 2010 646 2059 1.
683 2005 760 2059 Ex
791 2021 912 2075 quo
936 2005 1263 2075 Hipponem
1299 2006 1501 2061 litteris
1530 2008 2044 2076 Benignitatistme
2068 2024 2175 2079 per

526 2099 799 2149 sanctum
830 2094 1068 2147 fratrem
1087 2099 1358 2150 nostrum
1380 2097 1637 2150 Firmum
1656 2096 2072 2168 presbyterum
2087 2097 2172 2151 di-

521 2189 695 2238 rectas
721 2198 814 2237 me
846 2183 1093 2237 absente
1124 2189 1429 2248 venerunt,
1458 2190 1853 2257 posteaquam
1882 2186 2010 2241 illas
2032 2202 2170 2241 cum

523 2272 1496 2343 remeassem,quamvisjaminde
1520 2275 1779 2344 profecto
1806 2290 2011 2329 earum
2046 2291 2172 2345 per-

523 2360 928 2425 latore,legere
944 2361 1263 2431 potui,haac
1279 2362 1363 2431 pri
1376 2378 1472 2415 ma
1487 2362 1818 2433 eademque
1834 2364 2171 2430 gratissima

521 2449 1397 2504 rescribendioccurritoccasio
1413 2450 1971 2520 perdilectissimum
1991 2452 2170 2505 filium

522 2546 795 2593 nostrum
824 2538 1101 2592 Albinum
1125 2539 1491 2609 acolythum.
1518 2540 1687 2604 Quod
1720 2548 1919 2595 autem
1950 2542 2171 2613 quibus

523 2628 697 2681 simul
737 2627 1043 2696 scripsisti,
1080 2632 1217 2681 tunc
1248 2644 1366 2682 non
1397 2644 1636 2683 eramus
1668 2630 1864 2695 simul,
1894 2631 2029 2685 ideo
2051 2630 2173 2685 fac-

523 2720 649 2769 tum
664 2721 749 2769 est
766 2720 826 2769 ut
840 2715 1210 2784 singulorum
1230 2716 1316 2769 sin
1328 2716 1647 2783 gulas,non
1662 2733 1843 2773 unam
1861 2719 2172 2774 amborum

520 2803 834 2875 epistolam
871 2820 1157 2858 sumeres.
1196 2809 1236 2859 Α
1264 2820 1359 2859 me
1385 2806 1608 2877 quippe
1623 2806 2022 2875 digressusest
2042 2824 2171 2880 per-

521 2893 674 2947 lator
687 2893 864 2963 hujus
879 2909 982 2963 per
998 2893 1400 2949 venerabilem
1419 2894 1658 2950 fratrem
1676 2902 1725 2951 el
1741 2897 2170 2968 coepiscopum

522 2998 720 3036 meum
738 2981 1142 3053 Alypium,qui
1161 2987 1274 3037 tuas
1290 2985 1590 3039 Sanctitati
1605 2985 1785 3040 aliam
1802 2986 2167 3051 rescriberet,

519 3072 879 3126 transiturus
916 3071 1031 3137 ;ad
1057 3087 1237 3142 quem
1269 3073 1445 3128 etiam
1486 3074 1671 3143 ipsas,
1705 3091 1857 3146 quas
1896 3090 2006 3144 ego
2041 3076 2169 3145 jam

518 3160 795 3227 legerem,
814 3160 1034 3214 litteras
1058 3166 1186 3215 tuas
1213 3161 1341 3231 ipse
1358 3163 1629 3231 portavit.
1648 3165 1789 3227 Quae
1804 3179 1913 3218 nos
1940 3169 2170 3235 quanta

514 3248 714 3303 lmtitia
744 3248 1132 3319 perfuderint,
1172 3250 1314 3320 quid
1352 3250 1535 3305 homo
1568 3250 1782 3306 nitatur
1813 3251 1975 3323 loqui
2002 3252 2167 3323 quod

514 3352 636 3392 non
669 3342 859 3408 potest
890 3336 1132 3408 eloqui?
1157 3352 1267 3391 nec
1307 3337 1561 3409 teipsum
1609 3340 1753 3395 satis
1801 3357 1983 3397 nosse
2015 3342 2169 3397 arbi-

515 3432 655 3488 tror,
687 3426 793 3480 sed
823 3425 996 3480 nobis
1028 3426 1221 3489 crede,
1251 3432 1547 3498 quantum
1594 3428 1733 3483 boni
1778 3429 1982 3484 feceris
2028 3430 2167 3486 talia

514 3516 689 3569 nobis
707 3514 923 3584 scripta
944 3514 1245 3569 mittendo.
1274 3516 1432 3571 Sicut
1453 3516 1611 3572 enim
1629 3521 1687 3572 tu
1712 3520 1870 3573 testis
1894 3535 1955 3572 es
1979 3518 2166 3574 animi

515 3605 617 3665 tui,
652 3604 731 3657 ita
763 3619 873 3657 nos
902 3604 1103 3664 nostri,
1129 3604 1647 3675 quemadmodum
1674 3607 1745 3661 sit
1770 3607 2019 3663 affectus
2042 3608 2166 3664 illa-

514 3708 647 3747 rum
675 3692 1006 3747 sinceritate
1036 3692 1508 3749 luculentissima
1537 3696 1884 3751 litterarum.
1915 3698 1973 3752 Si
2005 3698 2165 3753 enim

514 3780 935 3836 brevissimam
967 3781 1283 3852 epistolam
1299 3787 1485 3849 tuam,
1512 3800 1695 3855 quam
1716 3784 1789 3839 de
1813 3786 1923 3841 hac
1950 3787 2081 3858 ipsa
2101 3803 2163 3843 re

514 3870 591 3925 ad
631 3870 1040 3926 beatissimum
1082 3886 1283 3926 senem
1318 3872 1619 3928 Aurelium
1655 3889 1761 3945 per
1792 3875 2045 3930 Leonem
2083 3877 2162 3946 (b)

512 3960 857 4031 acolythum
890 3959 1172 4024 direxisti,
1192 3960 1509 4016 exsultanti
1530 3962 1830 4019 alacritate
1856 3965 2166 4037 descripsi-

510 4066 667 4117 mus,
684 4053 739 4102 et
753 4048 969 4118 quibus
983 4054 1325 4118 poteramus
1342 4065 1562 4119 magno
1576 4051 1773 4107 studio
1787 4052 2158 4123 legebamus,

511 4136 612 4190 ubi
645 4137 818 4190 nobis
847 4136 1170 4206 exposuisti
1218 4138 1363 4208 quid
1393 4139 1465 4192 de
1516 4138 1617 4193 illo
1652 4141 2163 4207 perniciosissimo

508 4225 808 4295 dogmate,
832 4224 921 4277 vel
952 4225 1092 4295 quid
1110 4231 1318 4281 contra
1333 4226 1407 4281 de
1430 4227 1623 4298 gratia
1641 4227 1760 4292 Dei,
1782 4245 1964 4299 quam
1983 4230 2162 4301 pusil-

508 4312 577 4368 lis
605 4312 1243 4385 magnisquelargitur,
1268 4315 1466 4369 cuiest
1493 4315 1635 4371 illud
1655 4316 2161 4387 inimicissimum,

509 4403 732 4457 sentias
756 4407 1010 4474 :quanta
1028 4418 1137 4457 nos
1168 4408 1343 4473 putas
1358 4404 1470 4459 ista
1489 4410 1590 4459 tua
1608 4405 1923 4475 prolixiora
1946 4409 2163 4480 scripta

505 4492 599 4547 vel
617 4490 1007 4546 exsultatione
1026 4492 1355 4561 legisse,vel
1374 4509 1537 4561 cura,
1556 4499 1616 4549 ut
1632 4495 1921 4565 legantur,
1938 4498 2161 4569 quibus

501 4582 801 4636 valuimus
829 4580 959 4634 aliis
994 4580 1307 4647 obtulisse,
1341 4588 1519 4654 atque
1551 4583 1749 4639 adhuc
1766 4586 1985 4657 quibus
2010 4588 2160 4644 vale-

505 4686 637 4723 mus
664 4669 872 4723 offerre
900 4670 911 4724 l
932 4670 1079 4734 Quid
1096 4672 1254 4726 enim
1272 4672 1622 4745 gratiuslegi
1641 4673 1728 4729 vel
1744 4674 1928 4730 audiri
1947 4682 2156 4747 potest,

503 4774 687 4828 quam
713 4758 917 4827 gratia:
944 4759 1039 4813 Dei
1061 4764 1180 4815 tam
1203 4776 1354 4831 pura
1376 4761 1645 4817 defensio
1668 4763 2158 4821 adversusinimi-

505 4846 769 4915 cosejus,
803 4862 873 4901 ex
923 4862 1023 4902 ore
1057 4850 1208 4917 ejus,
1255 4850 1356 4921 qui
1391 4852 1741 4906 eorumdem
1777 4852 2157 4910 inimicorum

504 4936 705 5003 magni
746 4937 1031 4991 momenti
1084 4943 1374 5007 patronus
1418 4944 1553 4995 ante
1596 4940 1938 5010 jactabatur
1967 4944 1995 4998 ‘I
2054 4953 2157 4999 aut

504 5029 665 5081 unde
692 5026 995 5081 uberiores
1028 5029 1141 5081 Deo
1173 5027 1465 5083 debemus
1494 5045 1668 5098 agere
1696 5032 1935 5101 gratias,
1964 5049 2153 5105 quam

503 5117 665 5188 quod
684 5117 811 5186 ejus
831 5116 913 5171 sic
931 5115 1268 5172 defenditur
1283 5118 1473 5189 gratia
1503 5119 1580 5175 ab
1602 5120 1687 5174 eis
1704 5121 1928 5191 quibus
1955 5123 2151 5191 datur,

504 5206 792 5259 adversus
815 5221 915 5260 eos
946 5206 1167 5279 quibus
1184 5208 1273 5262 vel
1296 5223 1414 5263 non
1430 5208 1625 5273 datur,
1640 5208 1731 5263 vel
1748 5209 2047 5281 ingratum
2063 5218 2154 5269 est

620 5328 822 5440 Egl‘lfata
841 5334 920 5380 est
948 5345 1071 5380 cum
1094 5331 1164 5380 bl.
1190 5331 1241 5379 ff.
1268 5346 1343 5385 ιιι,
1378 5347 1419 5381 r.
1454 5334 1537 5383 sb.
1572 5333 1785 5382 duobus
1810 5349 1859 5383 v.
1882 5337 1998 5385 Am.
2023 5337 2148 5388 Bad.

564 5454 923 5524 ςαιηΑιι-ειδηιοι
958 5470 967 5503 :
993 5470 1112 5519 qua:
1139 5460 1318 5524 autem
1339 5458 1421 5505 191
1444 5462 1573 5524 erat,
1608 5473 1750 5509 nunc
1773 5460 1826 5508 in
1844 5461 2149 5524 Appendice

505 5514 689 5579 est_l_0.
721 5516 925 5579 Scripta
954 5514 1138 5567 versus
1168 5521 1325 5569 finem
1358 5534 1444 5569 an.
1478 5523 1585 5569 418.

566 5573 636 5651 (b)
662 5573 1004 5651 Arbitrantur
1042 5582 1183 5631 hunc
1230 5585 1403 5651 ipsum
1437 5598 1569 5651 esse,
1600 5584 1829 5633 Leonem
1868 5600 2143 5651 magnum,

539 5638 843 5687 osteaSixto
860 5641 916 5687 in
936 5641 1175 5693 Romana
1192 5638 1316 5694 sede
1340 5648 1614 5699 successit.
1630 5660 1772 5697 anno
1795 5650 1902 5697 440.
1917 5638 2145 5701 Οὸοδιιιὸ

500 5649 912 5762 ὃυθεηθιὶιωιω
926 5704 1215 5753 editionem
1230 5722 1453 5762 operum
1465 5710 2081 5762 Leonis.tom.2.dissert.
2096 5717 2119 5762 1
2130 5750 2143 5762 .

548 5698 912 5749 uesnelianam
926 5704 1215 5753 editionem
1230 5722 1453 5772 operum
1465 5698 2143 5770 Leonis,tom.2,dissert.ﬁi‘.

1798 192 1871 257 s.
1897 184 2284 249 AUGUSTINI
2326 184 2647 246 EPISCOPI
3791 190 3870 255 εδδ

2289 316 2451 388 quod
2470 315 2646 370 datur
2668 314 2838 386 ;quia
2859 318 2921 368 ut
2950 312 3037 367 eis
3056 317 3288 383 gratum
3315 312 3407 378 sit,
3440 314 3660 373 occulto
3684 320 3879 390 etjusto

2282 405 2513 475 judicio
2532 404 2624 458 Dei
2644 420 2759 458 non
2778 403 2993 457 datur?

2358 498 2410 548 2.
2446 496 2840 564 Quapropter,
2869 492 3111 546 domine
3142 491 3519 557 venerabilis,
3552 499 3604 548 et
3630 494 3684 549 in
3711 497 3883 555 Christi

2286 584 2568 638 charitate
2590 582 2971 653 suscipiende
2996 581 3887 657 sanctefrater,quamvisoptime

2286 672 2490 737 facias,
2521 687 2657 727 cum
2690 672 2763 726 de
2786 672 2899 726 hac
2930 687 2990 726 re
3014 671 3221 726 scribis
3242 672 3313 726 ad
3334 672 3561 737 fratres,
3591 675 3738 744 apud
3767 692 3889 748 quos

2288 778 2351 816 se
2378 761 2455 815 illi
2472 762 2544 815 de
2560 766 2661 816 tua
2679 759 3085 815 solenteffcrre
3113 761 3375 816 amicitia
3401 783 3411 825 ;
3436 766 3629 816 tamen
3647 764 3762 819 haec
3776 781 3891 822 cura

2284 850 2477 919 major
2508 849 2613 903 tibi
2642 853 2842 913 restat,
2880 854 2942 902 ut
2980 863 3099 902 non
3144 848 3339 903 solum
3369 849 3590 904 salubri
3625 854 3891 911 severitate

2284 938 2618 1010 plectantur
2647 939 2749 1009 qui
2783 952 3037 992 errorem
3070 936 3235 991 illum
3272 938 3596 993 christiano
3632 940 3893 999 infestissi-

2283 1043 2449 1082 mum
2480 1027 2707 1081 nomini
2740 1026 2964 1081 audent
2992 1026 3215 1095 garrire
3246 1026 3511 1092 liberius,
3555 1029 3653 1083 sed
3684 1030 3837 1087 etiam
3864 1033 3891 1087 ii

2281 1116 2731 1184 diligentissime
2754 1120 3077 1169 caveantur
3092 1114 3392 1185 vigilantia
3410 1118 3739 1186 pastorali',
3753 1135 3893 1192 prop.

2282 1210 2366 1259 ter
2392 1204 2746 1259 infirmiores
2776 1209 2831 1259 et
2862 1204 3254 1274 simpliciores
3276 1204 3613 1260 dominicas
3642 1223 3784 1272 oves,
3814 1213 3892 1281 qui

2280 1308 2416 1347 eum
2447 1293 2711 1363 pressius
2732 1292 2978 1363 quidem
3008 1308 3075 1346 ac
3107 1292 3388 1361 timidius,
3422 1293 3527 1348 sed
3556 1299 3743 1350 tamen
3763 1298 3893 1353 insu-

2282 1397 2514 1436 surrare
2553 1398 2672 1436 non
2716 1387 2967 1445 cessant,
3002 1386 3367 1449 penetrantes
3406 1384 3628 1449 domos,
3668 1385 3802 1440 sicut
3831 1388 3892 1442 ait

2279 1470 2623 1540 Apostolus,
2657 1476 2711 1524 et
2756 1474 2972 1524 cratera
3000 1486 3135 1541 quae
3169 1476 3507 1541 sequuntur
3547 1473 3783 1529 exercita
3806 1475 3890 1531 im-

2280 1558 2494 1630 pietate
2518 1559 2799 1613 facientes
2824 1558 2893 1628 (ll
2920 1559 3060 1613 Tim.
3090 1573 3167 1621 ιιι,
3199 1561 3250 1621 6,
3267 1565 3318 1614 et
3338 1560 3495 1631 sqq).
3521 1563 3632 1615 Nec
3654 1562 3725 1615 illi
3744 1564 3895 1631 negli-

2279 1647 2455 1717 gendi
2480 1652 2635 1711 sunt,
2656 1648 2755 1717 qui
2777 1662 2965 1717 usque
2982 1646 3058 1701 ad
3080 1647 3452 1717 profundum
3476 1647 3767 1705 silentium
3784 1668 3891 1723 sup-

2278 1736 2545 1807 primunt
2577 1736 2783 1789 timore
2806 1734 2969 1807 quod
2998 1735 3280 1801 sentiunt,
3302 1736 3407 1791 sed
3440 1743 3640 1792 tamen
3659 1741 3893 1795 eamdem

2278 1824 2728 1895 perversitatem
2746 1825 2963 1878 sentire
2987 1839 3107 1878 non
3132 1824 3441 1879 desinunt.
3474 1828 3740 1882 Nonnulli
3757 1829 3891 1900 quip-

2280 1930 2353 1986 pe
2367 1929 2595 1979 eorum,
2613 1920 2938 1984 antequam
2962 1913 3074 1968 ista
3094 1915 3430 1985 pestilentia
3446 1916 3892 1974 manifestissimo

2278 2002 2458 2057 etiam
2492 2003 2658 2058 Sedis
2688 2002 3029 2074 apostolica:
3057 2003 3283 2072 judicio
3315 2004 3721 2073 damnaretur,
3752 2009 3892 2061 nobis

2276 2092 2645 2146 innotescere
2661 2096 3000 2162 potuerunt,
3018 2107 3169 2163 quos
3186 2107 3346 2146 nunc
3362 2098 3605 2165 repente
3630 2095 3891 2150 reticuisse

2275 2182 2607 2251 perspicitis
2640 2199 2658 2244 ;
2690 2196 2795 2235 nec
2826 2185 3022 2235 utrum
3048 2183 3243 2236 sanati
3267 2182 3385 2236 sint
3413 2184 3545 2237 sciri
3578 2190 3774 2253 potest,
3803 2186 3890 2239 nisi

2276 2288 2411 2326 cum
2442 2287 2560 2326 non
2584 2271 2775 2325 solum
2797 2270 3197 2341 dogmatailla
3222 2271 3375 2327 falsa
3395 2274 3700 2340 tacuerint,
3720 2290 3889 2329 verum

2275 2362 2453 2415 etiam
2488 2360 2596 2414 illis
2626 2376 2764 2415 vera
2795 2360 3111 2423 contraria,
3147 2376 3217 2414 eo
3249 2376 3373 2431 quo
3400 2361 3502 2415 illa
3524 2362 3709 2417 solent
3731 2362 3891 2418 studio

2277 2448 2748 2504 defensaverint:
2782 2450 2882 2520 qui
2905 2453 3101 2503 tamen
3121 2448 3315 2503 lenius
3339 2450 3610 2520 profecto
3631 2457 3755 2506 sunt
3776 2457 3893 2507 trac-

2280 2538 2465 2592 tandi.
2500 2538 2649 2603 Quid
2692 2538 2850 2592 enim
2891 2554 2993 2592 eos
3027 2540 3226 2593 terreri
3258 2554 3418 2609 opus
3446 2546 3551 2608 est,
3592 2557 3737 2611 quos
3775 2540 3890 2595 satis

2278 2628 2507 2683 territos
2538 2626 2673 2696 ipsa
2702 2626 3071 2681 taciturnitas
3106 2632 3403 2681 monstrat
3430 2629 3461 2679 ‘?
3492 2630 3603 2683 Nec
3641 2629 3763 2683 ideo
3791 2635 3889 2683 tan-

2279 2731 2462 2786 quam
2495 2717 2617 2769 sani
2662 2716 3053 2781 praetereundi
3090 2722 3227 2770 sunt
3264 2716 3576 2787 diligentia
3608 2719 3897 2779 medicinae,

2278 2820 2533 2874 quorum
2569 2805 2780 2859 vulnus
2829 2804 2887 2859 in
2923 2804 3129 2859 abdito
3159 2809 3261 2859 est.
3300 2805 3421 2860 Etsi
3469 2808 3626 2861 enim
3676 2806 3895 2861 terrendi

2277 2908 2398 2947 non
2434 2898 2572 2949 sunt
2602 2910 2615 2959 ;
2652 2898 2851 2948 tamen
2886 2893 3141 2947 docendi
3166 2900 3303 2949 sunt
3332 2911 3346 2961 ;
3379 2901 3440 2949 et
3471 2902 3753 2967 quantum
3772 2896 3897 2949 exis-

2279 2982 2444 3047 timo,
2470 2982 2701 3037 facilius
2734 2987 3009 3052 possunt,
3040 2982 3186 3037 dum
3207 2982 3265 3036 in
3299 2983 3382 3037 eis
3410 2984 3592 3039 timor
3614 2984 3897 3039 severitatis

2278 3071 2585 3126 doctorem
2618 3072 2866 3142 adjuvat
2888 3071 3164 3135 veritatis,
3196 3077 3256 3126 ut
3299 3073 3634 3143 opitulante
3668 3074 3896 3133 Domino.

2278 3161 2467 3229 gratia
2497 3161 2623 3231 ejus
2664 3159 2959 3215 intellecta
2982 3166 3160 3231 atque
3190 3160 3403 3217 dilecta
3426 3162 3607 3218 etiam
3638 3161 3897 3234 loquendo

2276 3256 2620 3320 expugnent
2653 3249 2809 3320 quod
2838 3249 2964 3318 jam
2997 3248 3158 3320 loqui
3194 3265 3311 3303 non
3348 3251 3598 3306 audent.

2741 3337 3081 3393 EPISTOIA
3114 3338 3287 3393 cxcn
3318 3341 3332 3354 '
3364 3340 3469 3410 (α).

2276 3427 2650 3497 Augustinus
2690 3427 2959 3481 Caelestio
2991 3427 3265 3495 (diacono
3289 3436 3496 3496 postea
3526 3429 3781 3497 pontiﬁci
3804 3427 3896 3482 Ro-

2595 3515 2817 3585 mano),
2846 3516 2918 3571 de
2944 3522 3152 3570 mutua
3182 3516 3609 3573 benevolentia.

2277 3603 2530 3659 Domino
2552 3604 2875 3659 venerabili
2899 3605 3272 3675 nimiumque
3292 3606 3696 3671 desiderabili,
3722 3608 3893 3660 sancto

2347 3693 2507 3747 fratri
2548 3699 2604 3748 et
2640 3695 3011 3748 condiacono
3054 3696 3407 3761 Counsrmo,
3458 3698 3810 3758 AUGUSTlNUS,
3848 3694 3893 3747 in

2349 3783 2603 3837 Domino
2635 3782 2909 3837 salutem.

2352 3877 2397 3925 t.
2452 3872 2732 3935 Quamvis
2778 3870 2955 3939 longe
2995 3871 3214 3926 absens
3273 3872 3513 3943 fuerim,
3553 3873 3784 3947 quando
3812 3884 3893 3942 per

2275 3961 2604 4029 Projectum
2651 3962 2671 3994 ²
2727 3961 3005 4015 clericum
3056 3961 3131 4015 ad
3186 3977 3279 4016 me
3318 3962 3548 4019 directa
3598 3964 3890 4035 Hipponem

2277 4050 2610 4104 Sanctitatis
2646 4053 2761 4104 tuae
2797 4050 3016 4119 scripta
3060 4058 3349 4106 venerunt
3382 4070 3393 4120 ;
3446 4058 3644 4107 tamen
3693 4058 3891 4124 postea-

2274 4153 2457 4209 quam
2499 4138 2657 4203 veni,
2692 4138 2894 4209 eisque
2937 4138 3101 4193 lectis
3134 4140 3560 4210 rescriptorum
3600 4142 3891 4197 debitorem

2274 4241 2369 4281 me
2389 4227 2613 4282 factum
2641 4242 2767 4282 esse
2792 4228 3067 4298 cognovi,
3089 4228 3378 4283 reddendi
3399 4236 3635 4302 tempus
3662 4227 3893 4301 opperie-

2271 4315 2383 4370 bar
2412 4336 2423 4373 :
2463 4322 2519 4371 et
2545 4332 2682 4370 ecce
2724 4316 2919 4371 subito
2950 4316 3269 4387 profecturi
3311 4334 3346 4372 a
3378 4319 3558 4373 nobis
3590 4314 3893 4375 charissimi

2271 4404 2464 4460 fratris
2504 4405 2689 4458 nostri
2753 4404 2946 4459 Albini
3000 4405 3258 4477 acolythi
3294 4408 3633 4476 gratissima
3675 4404 3895 4462 occurrit

2270 4494 2525 4548 occasio.
2564 4496 2639 4548 De
2672 4499 2771 4548 tua
2803 4494 2981 4565 igitur
3010 4511 3143 4565 quae
3186 4496 3324 4549 mihi
3361 4497 3795 4567 exoptatissima
3824 4495 3894 4547 est

2269 4583 2455 4637 salute
2475 4583 2729 4650 laetatus,
2757 4582 3057 4637 Sanctitati
3083 4588 3192 4638 tuae
3211 4584 3625 4640 salutationem
3655 4582 3891 4639 debitam

2266 4671 2473 4727 reddo.
2504 4672 2748 4742 Semper
2771 4676 2968 4726 autem
3001 4671 3191 4726 debeo
3224 4672 3593 4738 charitatem,
3616 4689 3743 4745 qum
3766 4669 3889 4732 sola,

2267 4761 2444 4815 etiam
2471 4759 2723 4824 reddita,
2752 4776 2987 4831 semper
3016 4760 3237 4815 detinet
3269 4761 3615 4817 debitorem.
3643 4759 3891 4817 Redditur

2266 4848 2423 4904 enim
2449 4865 2585 4903 cum
2615 4849 2996 4920 impenditur,
3023 4848 3275 4904 debetur
3306 4855 3506 4906 autem
3539 4850 3757 4906 etiamsi
3781 4845 3891 4902 red-

2266 4938 2389 4993 dita
2420 4938 2589 4993 fuerit
2620 4955 2633 5003 ;
2681 4939 2823 5009 quia
2854 4938 3082 4993 nullum
3118 4943 3204 4993 est
3251 4944 3489 5010 tempus
3533 4939 3766 5012 quando
3797 4937 3889 4991 im-

2266 5027 2586 5100 pendenda
2637 5028 2763 5097 jam
2799 5042 2916 5082 non
2959 5028 3048 5081 sit.
3089 5030 3198 5083 Nec
3229 5044 3365 5083 cum
3407 5030 3667 5084 redditur
3703 5023 3887 5082 amitti-

2265 5121 2377 5184 tur,
2413 5116 2518 5171 sed
2546 5118 2743 5188 potius
2771 5116 3079 5172 reddendo
3129 5117 3556 5189 multiplicatur
3589 5134 3614 5173 θ
3634 5112 3882 5172 habendo

2322 5278 2337 5308 ¹
2372 5276 2496 5324 Mss.
2529 5276 2766 5339 quinque
2804 5275 2885 5323 :li
2920 5277 3314 5339 uigilantissime
3344 5282 3617 5326 caveantur
3645 5270 3881 5336 diligentia

2299 5339 2532 5386 astorali.

2256 5354 2580 5449 Ρηπῃιῖιγαιίίέε.
2614 5405 2847 5466 quatuor
2878 5400 3079 5466 Gallic,
3114 5401 3421 5449 Proiectum.
3451 5401 3507 5451 in
3542 5394 3874 5466 iisdempaulp

2258 5467 2398 5527 post.
2419 5462 2697 5513 necnon‘in
2717 5464 2928 5512 duobus
2946 5464 3112 5513 Vatic.
3128 5479 3224 5527 pro
3239 5466 3438 5513 Albini.
3459 5462 3872 5527 scribiturAtrim.

2322 5528 2336 5543 '
2362 5526 2738 5591 Receﬁnsitaiad
2770 5527 2841 5591 bl.
2886 5527 2967 5575 cb.
3000 5528 3053 5574 ff.
3086 5521 3173 5591 gg.
3201 5542 3244 5576 ι’.
3278 5528 3413 5577 duos
3436 5528 3514 5577 sb.
3547 5528 3674 5575 duos
3704 5528 3735 5572 t.
3759 5521 3871 5569 duos

2259 5602 2307 5637 v.
2346 5588 2610 5652 Am.Bad.
2647 5590 2728 5637 Er.
2770 5590 2900 5638 Lov.
3094 5588 3147 5591 Η
3616 5651 3619 5652 ν
3788 5643 3812 5652 ..

2315 5654 2386 5712 (a)
2417 5651 2558 5700 Alias
2578 5653 2677 5715 762:
2707 5666 2828 5715 quae
2860 5657 3039 5701 autem
3068 5653 3157 5700 192
3182 5657 3312 5710 erat,
3346 5666 3489 5703 nunc
3521 5654 3572 5701 in
3600 5643 3869 5713 Appendice

2254 5718 2336 5763 est
2369 5715 2443 5761 11.
2477 5714 2685 5779 Scripta
2713 5714 2900 5763 eodem
2935 5718 3193 5780 tempore.
