4118 6164
253 185 360 251 869

252 317 415 374 enim
438 316 722 381 redditur,
750 331 870 373 non
895 317 1175 373 carendo.
1195 319 1410 373 Etcum
1436 317 1605 373 reddi
1634 333 1755 373 non
1779 332 1914 389 pos-

251 408 325 462 sit
354 407 468 462 nisi
501 406 816 472 habeatur,
850 421 958 462 nec
983 406 1190 463 haberi
1218 411 1410 478 potest
1441 407 1551 462 nisi
1581 407 1864 462 reddatur
1895 421 1907 459 :

252 499 375 553 imo
406 498 586 552 etiam
620 513 757 551 cum
784 496 1050 551 redditur
1080 497 1157 550 ab
1189 497 1450 561 homine,
1483 499 1692 552 crescit
1719 497 1775 551 in
1810 497 1912 551 ho-

251 587 414 641 mine
444 608 454 650 ;
487 592 542 641 et
573 589 733 641 tanto
767 585 960 656 major
993 586 1338 655 acquiritur,
1380 591 1608 657 quanto
1636 586 1910 656 pluribus

247 676 537 731 redditur.
594 675 908 741 Quomodo
961 680 1158 729 autem
1208 680 1457 746 negetur
1508 675 1736 745 amicis,
1775 691 1911 746 quae

249 764 506 820 debetur
535 769 589 819 et
619 763 878 818 inimicis
909 762 938 817 7
973 763 1084 819 Sed
1126 762 1384 818 inimicis
1414 769 1594 819 cauta
1619 763 1912 832 impendi-

249 861 362 919 tur,
384 853 594 908 amicis
614 868 826 907 secnra
850 850 1217 922 rependitur.
1235 851 1368 922 Agit
1388 856 1587 907 tamen
1613 859 1910 923 quantum

250 948 466 1015 potest,
496 947 559 998 ut
589 942 665 998 ab
699 941 789 997 his
824 943 1002 998 etiam
1034 939 1258 1013 quibus
1291 957 1399 1011 pro
1427 941 1598 996 malis
1623 942 1786 998 bona
1824 957 1912 996 re-

251 1031 474 1100 tribuit,
498 1030 558 1085 id
575 1031 822 1102 recipiat
844 1030 1003 1102 quod
1037 1029 1352 1101 impendit.
1377 1031 1666 1100 Optamus
1687 1031 1911 1102 quippe

249 1120 376 1174 ﬁeri
408 1119 692 1184 amicum,
720 1134 902 1190 quem
920 1118 1204 1174 veraciter
1236 1118 1540 1188 diligimus
1565 1119 1907 1173 inimicum:

251 1209 392 1281 quia
414 1224 535 1264 non
564 1223 702 1264 eum
716 1207 1019 1275 diligimus
1044 1207 1157 1261 nisi
1181 1207 1434 1262 velimus
1452 1207 1682 1262 bonum
1709 1226 1721 1274 ;
1745 1207 1910 1279 quod

255 1298 457 1370 utique
487 1314 607 1352 non
639 1298 763 1361 erit,
799 1296 1066 1352 amiserit
1097 1295 1539 1351 inimicitiarum
1575 1297 1824 1351 malum.

323 1392 376 1442 2.
408 1390 537 1442 Non
561 1401 702 1456 ergo
729 1386 812 1440 sic
842 1384 1209 1456 impenditur
1233 1385 1512 1451 charitas,
1549 1391 1610 1439 ut
1633 1386 1907 1455 pecunia.

253 1478 511 1548 Excepto
525 1475 682 1531 enim
698 1475 860 1546 quod
876 1473 1279 1545 impendendo
1292 1473 1391 1529 illa
1403 1473 1910 1539 diminuitur,hzec

253 1571 532 1637 augetur;
551 1564 726 1620 etiam
745 1563 844 1618 illo
859 1563 1009 1617 inter
1024 1578 1085 1616 se
1098 1562 1570 1634 differunt,quod
1588 1563 1908 1632 pecuniam

252 1655 350 1709 cui
375 1655 640 1709 dederim
652 1659 888 1719 us,tunc
902 1652 951 1706 ei
971 1651 1484 1707 benevolentiores
1498 1652 1744 1717 erimus,
1767 1651 1813 1705 si
1830 1666 1910 1706 re-

252 1745 445 1815 cipere
461 1759 578 1798 non
595 1757 941 1814 quaeramus
967 1757 979 1796 :
1004 1756 1126 1796 non
1150 1744 1350 1796 autem
1378 1745 1574 1811 potest
1593 1756 1722 1795 esse
1738 1755 1908 1795 verus

251 1832 558 1888 charitatis
607 1831 942 1902 impensior,
975 1829 1088 1884 nisi
1119 1829 1291 1884 fuerit
1323 1830 1620 1897 benignus
1647 1835 1907 1883 exactor.

251 1922 544 1986 Quoniam
577 1919 834 1991 pecunia
857 1935 993 1974 cum
1026 1919 1325 1988 recipitur,
1361 1916 1906 1983 acceditcuidatur,

252 2009 359 2066 sed
390 2009 610 2065 recedit
641 2025 673 2063 a
705 2024 826 2079 quo
859 2007 1036 2062 datur
1069 2023 1080 2060 :
1115 2005 1376 2061 charitas
1397 2021 1537 2060 vero
1564 2021 1682 2060 non
1713 2005 1907 2061 solum

251 2099 415 2171 apud
434 2114 572 2152 eum
590 2097 923 2168 erescit,qui
941 2096 1092 2150 hanc
1115 2095 1193 2150 ab
1210 2111 1279 2149 eo
1299 2111 1477 2166 quem
1495 2094 1906 2163 diligit,exigit,

249 2187 484 2242 etiamsi
500 2202 619 2241 non
649 2186 889 2257 recipit;
912 2185 1014 2238 sed
1033 2186 1210 2238 etiam
1235 2183 1328 2238 ille
1343 2200 1511 2254 aquo
1528 2199 1662 2238 eain
1682 2184 1906 2253 recipit,

247 2280 389 2331 tunc
410 2275 852 2346 incipithabere
873 2290 1008 2328 cum
1026 2272 1520 2336 reddit.Proinde,
1542 2272 1777 2328 domine
1796 2272 1906 2327 fra-

251 2370 358 2429 ter,
377 2371 646 2419 mutuam
673 2363 773 2418 tibi
794 2363 1148 2418 charitatem
1172 2361 1364 2415 libens
1383 2362 1588 2425 reddo,
1610 2361 1909 2430 gaudens-

247 2471 368 2527 que
382 2453 634 2524 recipio:
651 2468 835 2523 quam
854 2451 1094 2522 recipio,
1115 2451 1312 2505 adhuc
1327 2455 1556 2521 repeto:
1575 2465 1758 2521 quam
1778 2449 1908 2504 red~

247 2543 353 2609 do,
386 2542 583 2598 adhuc
614 2541 825 2596 debeo.
871 2542 1061 2595 Unum
1105 2540 1264 2593 enim
1318 2540 1692 2607 magistrum,
1743 2539 1906 2609 apud

248 2647 433 2703 quem
466 2629 862 2701 condiscipuli
879 2627 1733 2699 sumus,perejusAp0stolum
1749 2627 1908 2682 doci-

247 2721 337 2775 les
367 2721 571 2775 audire
612 2719 903 2774 debemus
950 2717 1394 2788 praecipientem
1449 2732 1518 2772 ac
1548 2716 1846 2771 dicentem
1890 2731 1902 2772 :

248 2809 478 2864 Nemini
505 2809 796 2880 quidquam
835 2806 1086 2872 debeatis,
1146 2807 1258 2860 nisi
1310 2811 1369 2859 ut
1398 2805 1624 2860 invicem
1651 2805 1906 2876 diligatis

250 2899 428 2969 (Rom.
461 2915 572 2965 xui,
614 2897 692 2969 8).

699 2984 1036 3041 EPISTOLA
1069 2984 1269 3039 excui
1300 2984 1316 2999 ·
1363 2983 1461 3053 (α).

246 3075 596 3147 Augustinus
625 3074 942 3137 Mercatori,
985 3087 1249 3129 excusans
1274 3089 1374 3127 cur
1399 3071 1468 3126 ad
1494 3071 1666 3142 ipsius
1692 3072 1908 3142 priores

318 3165 533 3219 litteras
555 3163 786 3219 nondum
801 3162 1160 3233 responderit,
1183 3161 1562 3231 ostendensque
1585 3160 1907 3231 Pelagianos

319 3254 382 3308 in
406 3254 703 3324 quaestione
749 3252 816 3306 de
863 3251 1123 3323 baptismo
1149 3250 1505 3321 parvulorum
1541 3249 1634 3304 hoc
1667 3251 1780 3319 ipso
1806 3265 1910 3303 esse

311 3360 478 3414 prope
504 3343 792 3405 convictos,
824 3341 961 3412 quod
993 3341 1241 3412 fatentur
1252 3340 1514 3410 parvulos
1531 3337 1912 3408 quodam-modo

316 3432 530 3486 credere
544 3449 642 3502 per
659 3448 743 3485 eos
772 3447 803 3484 a
817 3431 910 3501 qui
915 3429 1009 3483 bus
1030 3428 1353 3499 baptizandi
1365 3429 1708 3497 offrruntur.‘
1721 3427 1909 3481 deinde

316 3521 515 3576 eosdem
555 3538 620 3575 es:
649 3520 858 3574 Enochi
887 3525 935 3573 et
965 3518 1110 3572 Elia:
1140 3525 1266 3572 ante
1295 3516 1497 3571 obitum
1528 3516 1905 3581 translatione,

316 3612 426 3665 sive
453 3626 523 3665 ea:
536 3610 777 3681 ﬁdelium
793 3609 1039 3663 vivorum
1070 3607 1140 3661 ad
1171 3606 1384 3661 Christi
1409 3605 1704 3660 adventum
1716 3613 1908 3676 raptu,

315 3700 532 3770 frustra
560 3698 874 3754 contendere
896 3703 1120 3751 mortem
1147 3713 1249 3750 non
1281 3711 1384 3749 esse
1427 3712 1644 3765 poenam
1683 3697 1907 3765 peccati.

247 3790 504 3844 Domino
531 3787 941 3852 dilectissimo,
983 3790 1040 3840 et
1069 3785 1128 3840 in
1163 3785 1377 3840 Christi
1412 3785 1702 3839 membris
1719 3786 1911 3838 since-

322 3879 558 3932 rissima
589 3876 876 3932 charitate
903 3873 1289 3946 praedicando
1315 3872 1438 3927 tilio
1469 3875 1781 3928 MERCATORI
1815 3873 1910 3944 (ὁ),

317 3971 693 4034 AUGUSTINUS,
723 3965 781 4019 in
810 3963 1062 4019 Domino
1086 3962 1336 4017 salutem
1355 4005 1368 4017 .

317 4057 540 4112 CAPUT
570 4056 860 4110 PRIMUM.
888 4082 962 4093 -—
994 4054 1042 4106 1.
1097 4051 1333 4106 Litterae
1399 4049 1736 4105 Dilectionis
1774 4054 1909 4113 tum,

243 4162 400 4219 quas
427 4146 588 4216 prius
612 4145 720 4200 abs
736 4148 789 4198 te
818 4143 1037 4198 missas
1060 4141 1221 4212 apud
1244 4139 1662 4208 Carthaginem
1683 4140 1908 4210 accepi,

245 4243 416 4292 tanto
433 4251 523 4289 me
538 4233 860 4289 aﬂ‘ecerunt
877 4231 1200 4303 gaudio,ut
1218 4229 1395 4284 etiam
1411 4230 1467 4283 in
1485 4229 1914 4300 posterioribus

244 4331 300 4381 te
316 4329 768 4379 succensentem
782 4321 946 4394 quod
964 4320 1066 4376 tibi
1081 4335 1200 4374 non
1215 4318 1551 4388 rescripseri
1565 4319 1910 4388 m,gratissi-

310 4441 333 4510 “
359 4438 451 4510 ilic
485 4438 720 4502 primum
750 4435 932 4500 prodit
966 4449 1028 4483 ex
1062 4435 1157 4482 Ms.
1198 4433 1516 4482 monasterii
1551 4432 1601 4481 S.
1632 4433 1826 4482 Bertini
1859 4433 1912 4482 in

381 4516 394 4547 ι
439 4537 450 4547 .

247 4500 381 4623 Be(]ag)
401 4514 600 4611 0Prodit
635 4576 778 4610 nunc
807 4561 1042 4623 primum
1065 4573 1136 4623 ex
1165 4561 1476 4623 pervetusto
1502 4557 1908 4623 codicemonaso

247 4621 375 4675 terii'
405 4626 460 4678 S.
502 4625 766 4672 Bertiniin
804 4621 1008 4686 Belgio.
1047 4621 1172 4686 Quae
1207 4635 1366 4683 porro
1401 4622 1488 4667 193
1524 4624 1656 4674 erat,
1690 4635 1831 4668 nunc
1855 4622 1908 4668 in

245 4687 559 4798 Appendice
593 4689 770 4734 θείω.
809 4684 1019 4748 Scripta
1054 4684 1240 4731 eodem
1276 4687 1534 4744 tempore.

314 4766 326 4798 t
372 4751 499 4798 )Hic
529 4751 644 4798 inse
671 4748 926 4797 estdubio
944 4747 1146 4798 procul,
1167 4746 1252 4792 cui
1275 4745 1438 4792 Mario
1461 4757 1768 4798 praenomen
1789 4744 1860 4791 fui

314 4744 384 4809 ib)
406 4751 499 4798 Hic
529 4751 644 4812 ipse
671 4744 1146 4811 estdubio'procul,
1167 4746 1252 4792 cui
1275 4745 1438 4812 Mario
1461 4757 1768 4812 praenomen
1789 4744 1906 4812 fuit,

245 4805 436 4864 auctor
473 4805 816 4875 vulgatorum
849 4805 1032 4875 recens
1063 4807 1446 4875 opusculorum
1468 4810 1654 4875 contra
1674 4805 1906 4875 Pelagia-

248 4890 372 4927 nos.
418 4867 596 4923 Porrov
613 4873 893 4935 epistolam
927 4873 1063 4921 hanc
1095 4867 1360 4918 recensuit
1391 4868 1660 4935 Possidius
1684 4868 1735 4935 in
1775 4867 1910 4915 indi-

247 4939 392 4993 culo,
425 4951 469 4986 c.
496 4939 550 4992 4;
580 4931 929 4998 ejusdemque
949 4935 1382 4998 tertiampartem
1403 4931 1674 4998 transtulit
1700 4933 1910 4998 Augus-

246 5003 397 5049 tinus
424 5000 474 5048 in
507 4993 704 5048 librum
731 4999 795 5046 de
826 4993 955 5047 Octo
984 4993 1195 5044 Dulcitii
1223 4993 1636 5052 Quu~stionibus,
1666 4994 1909 5055 proximo

248 5065 318 5112 ad
353 5063 462 5111 hmo
488 5062 650 5111 verba
677 5064 866 5124 quiest.
891 5061 918 5108 3
944 5074 954 5107 :
989 5059 1104 5124 (De
1127 5058 1231 5124 illis
1245 5061 1426 5105 autem
1445 5056 1535 5124 qui
1560 5056 1830 5124 rapientur
1853 5057 1905 5103 in

247 5141 275 5173 ι
316 5125 571 5179 nubibus,
600 5127 653 5171 in
685 5117 916 5186 quadam
950 5120 1192 5184 epistola,
1231 5117 1706 5186 qua_m_s_cripsiia_d
1737 5118 1906 5186 filium

249 5205 277 5236 ‹
316 5202 496 5236 meum
529 5181 742 5236 nomine
773 5181 1136 5238 Mercatorem,
1165 5181 1349 5246 procul
1376 5181 1538 5246 dubio
1563 5181 1906 5228 notissimum

250 5267 278 5298 α
319 5250 470 5299 vobis
499 5251 593 5358 Laio
619 5262 775 5310 porro
821 5247 1015 5311 legitur
1045 5248 1098 5294 in
1129 5244 1379 5294 omnibus
1415 5244 1554 5297 Mss.,
1591 5257 1699 5291 non
1726 5247 1906 5291 autem

251 5331 280 5358 ι
319 5313 472 5358 sicuti
539 5315 759 5358 a'ictenus
787 5314 965 5358 excusi
997 5310 1316 5358 habuerunt.
1351 5306 1750 5358 (quaeincipit:
1786 5305 1906 5353 Pro-

251 5331 280 5361 ι
319 5313 472 5361 sicuti
503 5305 759 5360 ἣτιοίρῃυε
787 5305 965 5358 εςιοῖιεὶ
997 5310 1316 5361 habuerunt,
1351 5306 1750 5369 «quaeincipit:
1786 5305 1907 5353 Pro-

254 5393 281 5422 α
317 5376 404 5424 cul
441 5375 602 5424 dubio
631 5375 971 5424 notissimum
1009 5373 1176 5426 vobis,
1212 5388 1236 5416 )
1267 5374 1407 5424 etc.),
1445 5383 1568 5417 cum
1607 5382 1690 5416 me
1714 5381 1906 5416 consu-

254 5455 279 5483 ι
315 5438 502 5486 luisset
522 5438 586 5485 de
612 5436 934 5500 quibusdam
963 5433 1348 5500 quaestionibus
1363 5431 1789 5500 Pelagianorum.
1814 5429 1904 5492 qui

254 5517 280 5547 α
319 5503 518 5563 negant
555 5493 778 5547 mortem
830 5493 1048 5563 peccato
1084 5510 1221 5563 _esse
1252 5493 1582 5563 retributam,
1639 5496 1905 5563 quatenus

254 5580 281 5608 α
317 5555 721 5625 disputaverim,
754 5563 808 5609 in
833 5555 1060 5609 subditis
1083 5560 1224 5625 lege.
1260 5583 1322 5592 -ο
1357 5555 1905 5625 Ιιιίαυῄθωμηειυδω,

255 5643 282 5671 ι
321 5624 386 5674 de
407 5620 673 5688 quibus,»
698 5629 750 5673 et
783 5626 1127 5688 caeteraquaa
1149 5620 1236 5670 hic
1258 5620 1714 5682 repraesentantur
1742 5630 1901 5680 acap.

256 5690 286 5739 4
320 5684 490 5753 usque
520 5688 587 5736 ad
617 5687 778 5736 finem
813 5684 1069 5750 epistolae.

1500 176 2006 247 EPISTOLARUM
2048 187 2339 246 CLASSIS
2379 190 2477 249 III.

2024 331 2119 372 me
2149 318 2504 388 acceperim.
2535 321 2666 390 Ipsa
2697 317 2921 390 quippe
2947 319 3399 386 indignatiotua
3413 337 3532 378 non
3553 335 3681 386 erat

2023 406 2338 462 simultatis
2362 407 2612 470 initium,
2631 408 2732 462 sed
2757 407 3043 463 indicium
3060 409 3673 470 charitatis.Utautem

2023 510 2058 548 a
2085 495 2438 564 Carthagine
2475 511 2593 550 non
2618 496 3023 560 rescriberem,
3076 513 3194 552 non
3227 501 3462 555 occasio
3488 502 3676 557 defuit

2022 583 2411 652 perlatorum,
2448 585 2552 639 sed
2585 584 2694 639 alia
2729 586 2920 656 magis
2957 588 3248 655 urgentia,
3293 588 3483 643 donec
3534 592 3673 646 inde

2021 671 2557 741 proficisceremur,
2585 688 2695 728 nos
2716 675 3212 744 occupatissimos
3253 681 3308 731 et
3349 677 3672 733 intentissi-

2020 775 2153 814 mos
2185 761 2589 816 continebant.
2624 763 2766 816 Cum
2794 778 2935 818 vero
2982 763 3118 817 inde
3153 765 3395 836 digressi
3438 783 3673 833 sumus,

2021 850 2393 917 perreximus
2422 866 2610 922 usque
2660 850 2739 905 ad
2791 851 3197 907 Mauritaniam
3251 853 3674 911 Caesariensem

2022 938 2126 1009 (a),
2154 934 2277 1010 quo
2334 955 2443 995 nos
2495 939 2894 995 ecclesiastica
2924 941 3248 996 necessitas
3308 945 3478 998 traxit
3517 961 3529 1009 ;
3572 960 3684 1014 per

2020 1043 2171 1098 quas
2204 1033 2356 1083 totas
2386 1033 2574 1083 terras
2596 1045 2732 1084 cum
2749 1029 3139 1085 intentionem
3154 1036 3424 1086 nostram
3449 1033 3566 1088 huc
3589 1040 3676 1089 at-

2021 1115 2309 1186 queilluc,
2341 1133 2475 1188 quae
2493 1117 2919 1184 ingerebantur
2933 1118 3214 1173 sensibus
3231 1119 3463 1176 diversa
3479 1127 3674 1192 rapta-

2020 1212 2167 1272 rent,
2199 1205 2419 1259 nullius
2439 1210 2498 1260 ut
2526 1205 2627 1261 tibi
2654 1207 3041 1262 rescriberem
3071 1208 3672 1265 adfuitadmonitoris

2020 1292 2323 1355 instantia,
2360 1295 2523 1350 nulla
2559 1297 2812 1351 occurrit
2863 1298 3282 1367 opportunitas
3337 1301 3670 1370 perlatoris.

2022 1383 2243 1437 Deinde
2283 1399 2578 1448 remeans,
2603 1384 2751 1439 alias
2793 1385 2954 1456 apud
2999 1395 3230 1441 nostros
3261 1388 3388 1457 jam
3429 1391 3674 1460 querela

2019 1472 2638 1542 exasperataslitteras
2656 1479 2770 1528 tute
2795 1475 3460 1543 Sinceritatisinveni,et
3485 1479 3670 1534 alium

2018 1559 2307 1614 adversus
2339 1575 2528 1616 novos
2545 1562 3090 1617 haereticoslibrum
3123 1563 3404 1620 refertum
3430 1573 3669 1622 sancta-

2018 1665 2152 1704 rum
2181 1649 2535 1704 testimoniis
2549 1651 2987 1721 Scripturarum
3007 1668 3020 1718 ;
3051 1651 3270 1722 quibus
3287 1653 3453 1708 lectis
3467 1671 3673 1710 excur-

2018 1737 2236 1809 sisque,
2261 1738 2439 1794 etiam
2460 1737 2571 1792 illis
2587 1755 2720 1809 quae
2734 1739 2994 1809 primum
3020 1740 3287 1805 miseras,
3304 1742 3445 1813 quia
3458 1749 3512 1798 et
3525 1745 3669 1800 cha-

2017 1827 2233 1881 rissimi
2266 1826 2460 1882 fratris
2491 1828 2672 1882 nostri
2721 1827 2913 1882 Albini
2968 1829 3042 1898 (b)
3076 1829 3348 1885 Ecclesia:
3380 1834 3666 1888 Romanae

2018 1915 2278 1986 acolythi
2311 1916 2821 1987 opportunissima
2852 1932 2917 1971 se
2943 1917 3229 1974 offerebat
3254 1921 3514 1983 occasio,
3546 1937 3670 1976 res-

2017 2004 2371 2060 cribendum
2400 2005 2525 2059 fuit.

2087 2098 2139 2148 2.
2161 2100 2272 2161 Ego
2291 2093 2488 2165 itaque
2503 2099 2574 2160 te,
2593 2093 2671 2148 fili
2691 2094 3090 2159 dilectissime,
3115 2096 3471 2152 scribentem
3498 2097 3662 2165 mihi,

2018 2182 2106 2237 vel
2123 2183 2199 2237 ad
2217 2198 2308 2237 me
2325 2182 2770 2238 consideranda
2793 2189 2892 2238 tua
2914 2184 3131 2254 scripta
3151 2185 3667 2255 mittentem,absit

2019 2277 2081 2326 ut
2108 2271 2472 2340 negligenter
2491 2271 2807 2343 accipiam,
2840 2271 2932 2326 vel
2956 2273 3216 2344 superba
3246 2275 3501 2329 vanitate
3529 2291 3670 2331 con-

2015 2365 2304 2423 temnam,
2339 2360 2817 2430 prmsertimcum
2845 2361 2988 2416 mihi
3007 2360 3079 2415 de
3099 2368 3150 2416 te
3191 2362 3481 2431 gaudium
3505 2369 3668 2419 tanto

2018 2448 2215 2518 majus
2229 2447 2558 2519 sit,quanto
2574 2449 3148 2520 magisinopinatum
3163 2450 3671 2524 improvisumque

2015 2537 2316 2608 provenit:
2343 2538 2530 2592 fateor
2555 2537 2735 2603 enim,
2768 2541 3003 2593 tantum
3037 2543 3088 2592 te
3108 2539 3426 2609 profecisse
3450 2542 3671 2596 nescie-

2017 2626 2178 2681 bam.
2215 2629 2277 2680 Et
2302 2627 2447 2697 quid
2481 2627 2655 2680 nobis
2707 2642 2836 2682 esse
2866 2626 3045 2682 debet
3073 2629 3360 2699 optatius,
3387 2645 3573 2700 quam
3605 2635 3669 2686 ut

2016 2715 2322 2770 abundent
2349 2715 2694 2786 quierrores
2724 2714 3068 2770 infestantes
3097 2717 3456 2772 catholicam
3491 2717 3668 2773 ﬁdem

2018 2809 2072 2858 et
2093 2803 2440 2858 insidiantes
2455 2803 2706 2858 infirmis
2724 2804 3149 2876 ineruditisque
3163 2805 3441 2861 fratribus
3457 2823 3673 2879 usque-

2017 2908 2255 2963 quaque
2289 2892 2667 2960 redarguant,
2697 2899 2753 2947 et
2781 2892 3093 2946 Ecclesiam
3129 2894 3344 2949 Christi
3377 2896 3668 2950 adversus

2015 2980 2300 3053 profanas
2335 2995 2550 3035 vocum
2582 2979 2875 3034 novitates
2902 2980 2947 3051 (i
2973 2981 3205 3035 Timoth.
3234 2999 3309 3047 vi,
3335 2983 3426 3053 20)
3455 2985 3673 3039 acriter

2017 3070 2383 3141 ﬁdeliterque
2409 3068 2762 3138 defendant;
2789 3069 3281 3140 quandoquidem
3307 3078 3459 3125 sicut
3484 3073 3672 3143 scrip-

2018 3163 2142 3213 tum
2176 3163 2281 3220 est,
2311 3156 2613 3212 Multitudo
2631 3157 2957 3227 sapientium
2984 3159 3196 3212 sanitas
3222 3166 3297 3212 est
3327 3158 3478 3214 orbis
3492 3167 3673 3214 terra-

2017 3263 2140 3301 rum
2163 3246 2307 3318 (Sap.
2335 3262 2413 3314 vn,
2435 3246 2572 3317 26)?
2603 3247 2831 3318 Inspexi
2860 3261 2998 3316 ergo
3023 3262 3124 3302 cor
3154 3253 3320 3302 tuum
3347 3248 3406 3302 in
3430 3249 3665 3318 scriptis

2019 3335 2132 3391 tuis
2165 3340 2461 3406 quantum
2493 3334 2679 3406 potui,
2712 3341 2768 3390 et
2824 3335 3023 3391 inveni
3073 3335 3581 3407 amplectendam,
3615 3343 3672 3394 et

2016 3424 2380 3480 hortandum
2406 3429 2466 3478 ut
2486 3424 3078 3495 perseverantissima
3098 3424 3407 3496 diligentia
3428 3427 3486 3480 in
3507 3431 3671 3482 ante-

2018 3515 2175 3570 riora
2205 3517 2262 3568 te
2289 3515 2598 3577 extendas,
2633 3513 2955 3583 adjuvante
3003 3514 3254 3570 Domino
3305 3515 3462 3570 vires
3515 3521 3667 3581 tuas,

2017 3603 2121 3674 qui
2152 3602 2251 3657 tibi
2283 3618 2382 3657 eas
2414 3618 2565 3670 quas
2609 3601 2858 3656 nutriret
2885 3602 3066 3657 dedit.

2090 3691 2309 3746 CAPUT
2337 3691 2484 3744 ll.--
2516 3694 2566 3745 3.
2600 3693 2727 3745 Non
2758 3696 2957 3745 autem
3010 3707 3220 3761 parum
3258 3692 3484 3749 veritati
3534 3709 3668 3765 pro-

2018 3779 2385 3850 pinquaruut
2409 3777 2468 3832 in
2486 3778 2815 3848 quaestione
2841 3777 2913 3832 de
2934 3778 3234 3850 baptismo
3253 3782 3664 3852 parvulorum,

2018 3884 2173 3940 quos
2200 3867 2407 3922 devios
2439 3867 2497 3921 in
2516 3868 2676 3922 viam
2697 3883 2970 3923 revocare
2986 3884 3296 3931 conamur,
3314 3871 3666 3926 cuminfan-

2020 3962 2138 4013 tem
2152 3955 2486 4028 quamlibet
2504 3971 2675 4011 recen
2687 3955 2722 4010 li
2749 3961 2924 4028 partu
2938 3957 3142 4012 matris
3170 3958 3446 4024 eﬁusum,
3465 3964 3666 4014 tamen

2021 4063 2126 4119 per
2166 4062 2268 4101 eos
2314 4062 2350 4101 a
2379 4044 2604 4116 quibus
2650 4045 3050 4116 baptizandus
3099 4046 3363 4112 offertur,
3425 4048 3666 4104 credere

2019 4133 2376 4190 conﬁtentur
2402 4133 2491 4205 (c).
2517 4134 2664 4189 Cum
2687 4134 3089 4202 enimdicuut,
3114 4135 3266 4191 sicut
3284 4137 3515 4201 scribis,
3542 4152 3667 4193 non

2019 4224 2274 4279 infantes
2323 4225 2403 4279 ita
2433 4224 2672 4279 credere
2705 4224 2762 4278 in
2795 4225 3204 4280 remissionem
3256 4231 3666 4296 peccatorum,

2022 4317 2310 4385 tanquam
2338 4318 2392 4368 et
2418 4311 2530 4367 illis
2556 4313 2951 4382 remittantur,
3004 4330 3158 4384 quos
3188 4316 3417 4370 nullum
3452 4322 3668 4386 putant

2017 4401 2242 4457 habere
2272 4406 2585 4472 peccatum
2612 4417 2626 4466 ;
2654 4400 2756 4454 sed
2791 4400 2958 4471 (quia
2979 4401 3087 4471 ipsi
3119 4418 3361 4473 quoque
3392 4403 3550 4458 idem
3582 4404 3668 4458 la-

2021 4507 2263 4546 vacrum
2293 4489 2646 4560 percipiunt,
2678 4505 2799 4560 quo
2831 4488 2910 4553 ﬁt,
2947 4489 3006 4543 in
3055 4490 3546 4562 quibuscumque
3577 4491 3664 4558 ﬁt,

2020 4579 2292 4635 remissio
2335 4578 2740 4648 peccatorum)
2771 4578 2925 4632 hanc
2971 4577 3096 4632 ﬁeri
3151 4579 3388 4633 credere
3419 4580 3476 4634 in
3513 4580 3664 4650 aliis,

2018 4683 2153 4738 quae
2181 4681 2301 4721 non
2330 4665 2392 4720 tit
2422 4665 2480 4720 in
2514 4667 2596 4720 eis
2626 4684 2637 4718 :
2673 4681 2811 4720 cum
2843 4680 2986 4736 ergo
3017 4666 3236 4733 dicunt,
3271 4670 3398 4722 Non
3434 4669 3515 4724 ita
3545 4685 3668 4725 cre-

2017 4755 2186 4821 dunt,
2211 4754 2317 4808 sed
2351 4754 2430 4808 ita
2460 4753 2746 4819 credunt;
2779 4756 3043 4824 profecto
3071 4769 3168 4810 eos
3203 4771 3323 4811 non
3349 4757 3670 4827 ambigunt

2017 4845 2277 4899 credere.
2317 4842 2576 4897 Audiant
2610 4843 2808 4912 itaque
2843 4842 3200 4900 Dominum:
3265 4845 3370 4910 Qui
3399 4846 3575 4900 credit
3611 4847 3669 4900 in

2019 4933 2244 4997 Filium,
2276 4930 2428 4985 habet
2455 4930 2618 4984 vitam
2632 4938 2928 5002 aeternam;
2955 4933 3239 5002 quia-atem
3261 4934 3668 4989 incredulusest

2015 5023 2189 5089 Filio,
2227 5037 2330 5076 non
2349 5019 2550 5074 videbit
2580 5021 2769 5086 vitam,
2797 5021 2886 5076 sed
2909 5022 3002 5081 ira
3030 5022 3138 5078 Dei
3164 5031 3342 5078 manet
3370 5040 3530 5094 super
3550 5040 3669 5078 eum

2079 5175 2149 5236 (α)
2187 5171 2428 5235 Suscepti
2455 5185 2552 5236 asc
2584 5171 2634 5218 in
2663 5171 3035 5221 Mauritaniam
3059 5173 3434 5222 Caesariensem
3463 5175 3670 5225 itineris

2018 5235 2260 5285 meminit
2290 5235 2622 5296 Augustinus
2651 5247 2833 5296 supra,
2862 5236 3010 5282 initio
3039 5236 3191 5296 epist.
3225 5236 3331 5289 190,
3362 5240 3413 5285 et
3431 5237 3590 5286 inlib.
3617 5240 3663 5292 2,

2016 5300 2264 5354 Retract.,
2288 5311 2332 5346 c.
2369 5300 2454 5353 5t;
2484 5310 2579 5361 nec
2602 5297 3024 5361 nonPos‘sidius.
3053 5309 3098 5344 ο.
3125 5299 3210 5361 14)
3238 5298 3434 5361 quibus
3461 5300 3667 5350 exlocis

2015 5366 2260 5470 consitiig‘e
2285 5363 2460 5424 potest
2483 5359 2619 5407 hanc
2645 5358 2927 5421 epistolam
2959 5360 3138 5407 datam
3174 5358 3337 5410 fuisse
3385 5363 3483 5412 sub
3506 5365 3666 5412 tinem

2016 5438 2101 5470 an.
2230 5460 2239 5470 .

2016 5438 2101 5473 an.
2132 5426 2239 5471 418.

2077 5487 2149 5546 (b)
2167 5487 2258 5533 Hic
2277 5485 2388 5546 ipse
2411 5483 2646 5545 perlator
2663 5481 2760 5530 fuit
2778 5483 3118 5544 superiorum
3150 5484 3466 5535 Litterarum
3497 5489 3560 5537 ad
3577 5489 3668 5538 Six

2016 5552 2129 5614 tum
2145 5553 2192 5597 et
2223 5548 2287 5596 ad
2314 5546 2663 5614 Caelestinum
2684 5559 2709 5614 _:
2747 5546 2892 5614 unde
2923 5548 3285 5614 qonjecturam
3319 5563 3507 5614 capere
3544 5553 3668 5602 licet

2013 5611 2359 5678 Mercatorem
2380 5609 2442 5678 _id
2472 5607 2725 5678 temporis
2751 5607 2895 5678 apud
2932 5607 3153 5678 Romam
3182 5625 3311 5678 cum,
3341 5607 3445 5663 illis
3471 5615 3664 5678 egisse.

2078 5676 2140 5734 (ι)
2176 5672 2288 5721 Vid.
2317 5670 2457 5720 infra
2486 5672 2539 5718 in
2571 5670 2725 5733 epist.
2765 5671 2875 5731 194,
2902 5684 3018 5736 cap.
3058 5674 3133 5730 t0,
3159 5687 3217 5724 n.
3257 5676 3333 5723 45.
