4118 6164
572 153 671 207 871

562 277 743 349 (Joan.
778 276 860 343 ni,
885 276 995 346 36).
1029 274 1397 344 Quapropter
1428 269 1702 336 infantes,
1735 270 1877 344 quia
1924 286 2030 342 per
2057 269 2207 325 alios

562 365 710 423 fiunt
754 367 1076 429 credentes,
1111 378 1144 416 a
1193 360 1417 432 quibus
1450 359 1795 429 baptizandi
1857 359 2206 423 offeruntur,

561 474 666 528 per
695 456 822 510 illos
848 453 1050 523 utique
1084 456 1222 505 sunt
1247 449 1557 513 increduli,
1598 450 1645 504 si
1678 448 1842 520 apud
1870 449 2012 504 tales
2046 454 2205 512 sunt,

562 546 663 617 qui
717 559 839 605 eos,
873 541 1019 595 dum
1067 538 1213 593 nihil
1243 538 1533 609 prodesse
1567 538 1835 603 credunt,
1869 536 2208 592 offerendos

564 648 694 687 esse
725 646 843 685 non
874 630 1160 683 credunt:
1192 644 1261 683 ac
1292 644 1395 699 per
1416 628 1529 683 hoc
1550 628 1593 682 si
1625 644 1728 698 per
1756 627 2064 682 credentes
2088 641 2207 680 cre-

559 720 728 785 dunt,
751 724 805 773 et
831 718 1056 773 habent
1079 718 1255 773 vitam
1278 722 1591 780 aeternam;
1618 715 1880 787 profecto
1906 715 2204 786 perincre-

557 807 1036 865 dulosincreduli
1069 810 1228 871 sunt,
1259 810 1455 861 etnon
1479 804 1758 860 videbunt
1783 803 2206 867 vitam,sedira

558 900 656 953 Dei
678 903 879 954 manet
905 912 1083 968 super
1106 912 1228 952 eos.
1252 897 1379 951 Non
1396 895 1552 949 enim
1573 894 1792 949 dictum
1819 893 2207 963 est,Venitsu-

558 1003 665 1058 per
686 1003 818 1054 eos;
853 985 977 1049 sed,
1011 992 1186 1039 manet
1217 1002 1380 1055 super
1421 1000 1522 1053 eos,
1557 984 1700 1054 quia
1730 999 1799 1037 ex
1827 982 2055 1051 origine
2082 984 2207 1037 erat

553 1075 680 1146 jam
713 1076 773 1130 in
818 1075 919 1138 eis,
958 1091 1065 1129 nec
1098 1075 1344 1129 omnino
1377 1073 1485 1128 nisi
1516 1073 1706 1142 gratia
1738 1072 1835 1127 Dei
1876 1087 1980 1143 per
2004 1073 2205 1125 Jesum

557 1164 852 1219 Christum
872 1163 1188 1218 Dominum
1204 1166 1478 1217 nostrum
1494 1161 1757 1216 aufertur
1771 1159 1848 1214 ab
1862 1159 1963 1213 eis.
1989 1158 2069 1213 De
2090 1159 2204 1214 hac

548 1252 639 1307 ira
664 1251 1068 1321 legituretiam
1088 1249 1311 1305 inlibro
1338 1249 1447 1304 Job
1474 1266 1485 1303 :
1517 1250 1682 1303 Homo
1698 1255 1854 1302 natus
1874 1265 1939 1301 ea;
1953 1247 2199 1311 muliere,

552 1340 728 1394 brevis
770 1341 896 1394 vitae
940 1345 987 1393 et
1015 1339 1203 1410 plenus
1246 1338 1569 1393 iracundias.
1600 1338 1763 1393 Unde
1791 1336 2071 1406 igiturira
2106 1336 2203 1391 Dei

551 1447 731 1501 super
763 1430 1165 1485 innocentiam
1194 1428 1445 1500 parvuli,
1470 1428 1582 1482 nisi
1613 1427 1923 1498 originalis
1955 1432 2113 1482 sorte
2132 1441 2201 1481 ac

551 1520 724 1575 sorde
740 1518 1007 1590 peccati?
1020 1518 1227 1589 de'qua
1241 1518 1299 1572 in
1313 1523 1523 1573 eodem
1538 1517 1686 1571 libro
1702 1516 1903 1571 itidem
1920 1516 2201 1587 scriptum

550 1614 655 1673 est,
672 1623 790 1662 non
804 1624 931 1662 esse
951 1606 1153 1662 abhac
1169 1607 1466 1661 mundum
1494 1606 2012 1675 necinfantemcuj
2027 1622 2093 1658 us
2113 1609 2199 1661 est

555 1697 727 1751 unius
748 1697 865 1751 diei
886 1697 1001 1750 vita
1028 1701 1435 1767 superterram
1468 1695 1588 1765 (Job
1614 1711 1728 1762 xxv,
1758 1696 1810 1759 1,
1837 1699 1889 1759 5,
1908 1694 2197 1764 sec.LXX).

620 1789 674 1843 4.
705 1789 831 1841 Non
858 1785 1073 1854 ergoin
1103 1786 1232 1840 istis
1264 1785 1407 1839 nihil
1438 1786 1556 1853 egit
1579 1784 1744 1855 quod
1774 1784 2065 1839 adversus
2094 1799 2198 1839 eos

546 1874 972 1930 instantissime
986 1873 1624 1944 disputatur,eteorum
1638 1873 1882 1927 auribus
1896 1871 2198 1928 catholica

542 1980 719 2020 voces
750 1963 891 2019 hinc
923 1968 1101 2036 atque
1128 1963 1265 2018 inde
1296 1962 1759 2025 circumsonant,
1810 1961 2197 2034 quandoqui-

543 2053 679 2109 dem
698 2054 958 2109 volentes
971 2054 1377 2123 argumentari
1394 2058 1596 2108 contra
1613 2053 1993 2108 Sacramenta
2007 2050 2193 2107 Eccle-

545 2144 666 2209 siae,
702 2143 954 2199 confessi
977 2147 1116 2197 sunt
1141 2149 1334 2198 tamen
1366 2141 1647 2214 parvulos
1666 2141 1933 2197 credere.
1974 2144 2096 2195 Non
2112 2141 2192 2196 eis

540 2248 683 2302 ergo
712 2234 1060 2305 promittant
1094 2234 1294 2297 vitam,
1339 2232 1571 2287 etiamsi
1603 2247 1723 2287 non
1750 2230 1972 2286 fuerint
1997 2229 2194 2301 bapti-

542 2323 651 2377 zati
677 2322 779 2377 :de
811 2338 933 2393 qua
959 2321 1115 2376 enim
1160 2321 1277 2375 alia
1306 2321 1426 2375 vita
1452 2320 1687 2390 dicitur,
1718 2320 1825 2385 Qui
1876 2319 2192 2374 incredulus

539 2418 613 2466 est
644 2412 816 2477 Filio,
846 2428 951 2465 non
975 2410 1171 2465 videbit
1214 2411 1382 2464 vitam
1426 2408 1454 2463 Ῡ
1482 2412 1595 2464 Nec
1626 2425 1726 2464 eos
1748 2424 1782 2464 a
1801 2424 1988 2478 regno
2016 2409 2189 2464 caelo-

539 2516 675 2555 rum
699 2501 778 2555 sic
801 2499 1095 2554 fateantur
1114 2497 1360 2561 alienos,
1383 2500 1446 2550 ut
1495 2502 1696 2551 tamen
1729 2512 1764 2551 a
1799 2496 2190 2551 damnatione

540 2588 893 2644 defendant:
912 2604 1047 2641 nam
1064 2586 1207 2658 quid
1233 2585 1348 2639 nisi
1371 2584 1684 2640 damnatio
1700 2584 2072 2653 signiﬁcatur
2087 2600 2191 2656 per

539 2677 709 2741 iram,
735 2692 919 2747 quam
946 2676 1230 2729 Dominus
1246 2690 1426 2745 super
1443 2689 1563 2729 non
1586 2673 1923 2728 credentem
1950 2689 2190 2729 manere

541 2764 1081 2821 testatur?Multum
1102 2752 1346 2834 prorsus
1360 2778 1669 2818 accessum
1692 2768 1797 2827 est,
1816 2764 2009 2817 etsine
2025 2779 2190 2818 scru-

538 2854 754 2924 pulosa
774 2853 1209 2908 conﬂictatione
1222 2868 1406 2907 causa
1420 2852 1585 2906 finita
1599 2856 1705 2907 est.
1727 2852 1779 2906 Si
1803 2851 1963 2907 enim
1977 2868 2190 2907 concc-

538 2944 688 2998 dunt
709 2942 989 3015 parvulos
1012 2941 1268 3006 credere,
1294 2941 1498 3013 procul
1521 2941 1711 2997 dubio
1733 2942 1883 2996 sicut
1908 2957 2010 2996 eos
2035 2946 2189 2997 tenet

534 3033 635 3089 illa
658 3032 970 3096 sententia,
1005 3030 1108 3096 Qui
1130 3048 1230 3085 non
1258 3038 1485 3085 renatus
1506 3032 1677 3101 fuerit
1696 3048 1761 3085 ex
1783 3048 1923 3101 aqua
1949 3038 1995 3086 et
2007 3030 2189 3101 Spiri-

446 3120 451 3123 ’
536 3130 618 3189 tu,
650 3139 751 3175 non
778 3120 1009 3176 intrabit
1049 3121 1107 3175 in
1138 3136 1363 3191 regnum
1393 3121 1647 3174 calorum
1670 3120 1849 3191 (Joan.
1884 3136 1960 3190 Ill,
1992 3120 2043 3188 5)
2067 3137 2080 3185 ;
2103 3120 2186 3175 sic

531 3211 709 3267 etiam
739 3212 842 3266 ista
875 3227 1009 3282 quae
1040 3209 1313 3280 ejusdem
1347 3208 1575 3263 Domini
1607 3214 1719 3273 est,
1753 3209 1860 3274 Qui
1888 3209 2185 3263 crediderit

531 3308 580 3356 et
609 3300 915 3371 baptizatus
941 3299 1136 3371 fuerit,
1168 3298 1347 3352 salvus
1375 3299 1484 3351 erit
1508 3314 1525 3351 :
1557 3299 1652 3367 qui
1680 3304 1854 3351 autem
1892 3314 1994 3352 non
2015 3298 2185 3353 credi-

530 3391 691 3452 derit,
721 3388 1163 3444 condemnabitur
1186 3386 1385 3458 (Marc.
1413 3403 1535 3451 XVI,
1561 3386 1667 3457 16).
1690 3387 1839 3450 Quia
1868 3402 2009 3456 ergo
2045 3404 2183 3443 cum

530 3480 763 3551 parvuli
788 3479 1161 3549 baptizantur
1184 3476 1439 3531 fatentur
1465 3476 1557 3530 isti
1577 3492 1678 3531 eos
1706 3492 1833 3532 esse
1852 3476 2179 3544 credentes,

531 3568 809 3624 damnari
841 3582 960 3622 non
989 3565 1261 3621 dubitent
1288 3581 1409 3620 non
1440 3566 1746 3621 credentes
1785 3582 1798 3631 ;
1840 3570 1895 3621 et
1920 3565 2184 3621 audeant

525 3657 653 3728 jam
683 3657 898 3722 dicere,
937 3656 984 3711 si
1014 3661 1282 3726 possunt,
1316 3671 1351 3709 a
1376 3656 1538 3725 justo
1570 3656 1683 3709 Deo
1715 3655 1991 3711 damnari
2034 3656 2181 3712 nihil

529 3746 754 3801 maliex
781 3746 1007 3817 origine
1030 3744 1353 3809 trahentes,
1379 3744 1670 3816 etpeccati
1699 3746 2043 3815 contagium
2057 3762 2179 3802 non

528 3836 840 3892 habentes.

600 3934 825 3990 CAPUT
861 3934 945 3987 lll.
980 3964 1042 3976 ~
1076 3937 1127 3987 5.
1162 3931 1309 3986 Illud
1345 3947 1481 3987 vero
1526 3931 1692 4002 quod
1719 3932 1777 3986 in
1830 3931 2033 3988 litteris
2066 3933 2177 3988 tuis

526 4022 1028 4086 commemorasti,
1050 4020 1307 4090 objicere
1324 4020 1498 4075 nobis
1518 4021 1714 4075 Enoch
1729 4026 1785 4075 et
1802 4020 1986 4076 Eliam
2010 4022 2176 4093 quod

526 4112 742 4166 mortui
760 4126 875 4165 non
900 4109 1135 4173 fuerint,
1160 4109 1263 4163 sed
1286 4126 1422 4163 cum
1449 4109 1573 4163 suis
1600 4110 1952 4180 corporibus
1970 4127 2041 4165 ex
2064 4111 2176 4166 ista

523 4199 838 4255 hominum
868 4198 1323 4253 conversatione
1350 4197 1644 4261 translati;
1672 4198 1819 4269 quid
1838 4214 1935 4253 eos
1956 4199 2029 4253 ad
2059 4199 2174 4256 hoc

523 4288 683 4345 unde
708 4288 899 4360 agitur
924 4288 1187 4357 adjuvet,
1206 4301 1323 4341 non
1340 4285 1624 4356 intelligo.
1644 4287 2174 4344 Utenimomittam

522 4378 686 4451 quod
702 4377 813 4449 ipsi
838 4392 1080 4449 quoque
1097 4374 1358 4431 morituri
1376 4381 1582 4447 postea
1600 4375 2002 4446 perhibentur,
2022 4377 2175 4433 sicut

521 4468 788 4539 plerique
811 4469 1119 4538 exponunt
1136 4465 1559 4537 Apocalypsim
1580 4465 1825 4521 Joannis
1841 4465 1914 4520 de
1932 4465 2171 4522 duobus

519 4555 634 4611 illis
652 4556 976 4628 prophetis,
1001 4554 1074 4609 de
1096 4553 1335 4625 quibus,
1356 4553 1547 4609 tacitis
1566 4569 1770 4609 eorum
1801 4554 2165 4626 nominibus,

516 4645 798 4716 loquitur,
818 4644 981 4716 quod
997 4644 1087 4698 isti
1108 4643 1229 4698 duo
1255 4642 1445 4698 sancti
1469 4660 1604 4698 cum
1622 4644 1742 4698 suis
1758 4649 1897 4699 tunc
1912 4644 2169 4715 corpori-

521 4734 631 4788 bus
647 4732 1042 4804 apparebunt,
1062 4732 1123 4787 in
1139 4731 1359 4803 quibus
1374 4747 1534 4786 nunc
1548 4732 2038 4794 vivunt.utetiam
2056 4732 2168 4801 ipsi

515 4820 1035 4895 quemadmodum
1051 4821 1242 4874 caeteri
1260 4826 1548 4890 martyres
1566 4836 1672 4891 pro
1692 4821 1903 4876 Christi
1924 4821 2165 4877 veritate

516 4912 851 4968 moriantur
878 4910 1065 4980 (Apoc.
1094 4926 1169 4973 x1,
1195 4912 1341 4979 3-7):
1368 4915 1430 4963 ut
1455 4924 1593 4978 ergo
1607 4910 1720 4964 hoc
1738 4910 2165 4979 omittam,ista

514 5002 846 5075 quaestione
876 4998 1076 5062 dilata,
1105 4997 1556 5069 quomodolibet
1586 5014 1715 5053 sese
1747 4999 1981 5064 habeat,
2018 5000 2164 5071 quid

510 5093 653 5147 istos
669 5090 936 5161 adjuvat,
954 5102 1162 5160 quaeso
1180 5088 1269 5142 te?
1297 5089 1496 5157 Neque
1519 5087 1678 5141 enim
1692 5087 1827 5142 hinc
1841 5089 2163 5145 ostendunt

509 5197 630 5236 non
664 5186 902 5252 propter
929 5183 1244 5250 peccatum
1274 5175 1549 5231 homines
1584 5176 1917 5231 secundum
1942 5194 2160 5250 corpus

510 5271 688 5325 mori.
730 5273 872 5326 Nam
902 5269 948 5323 si
982 5269 1153 5334 Deus,
1185 5266 1285 5339 qui
1320 5271 1444 5321 tam
1476 5264 1677 5320 multis
1721 5265 1999 5321 ﬁdelibus
2034 5267 2157 5322 suis

508 5357 692 5413 donat
714 5359 841 5429 ipsa
878 5361 1143 5429 peccata,
1178 5355 1364 5411 voluit
1393 5354 1763 5427 quibusdam
1786 5355 2156 5411 etiamistam

509 5461 753 5515 poenam
775 5448 998 5502 donare
1021 5447 1276 5518 peccati;
1304 5444 1405 5517 qui
1428 5461 1537 5500 nos
1557 5460 1764 5499 sumus
1786 5444 1885 5516 qui
1910 5460 2160 5516 respon-

508 5532 762 5587 deamus
788 5538 924 5598 Deo,
957 5552 1060 5590 cur
1088 5534 1241 5589 alius
1277 5534 1379 5597 sic,
1415 5534 1566 5589 alius
1593 5538 1790 5589 autem
1825 5534 1905 5589 sic
1934 5535 1960 5591 ?

580 5626 631 5679 6.
664 5620 925 5677 Dicimus
958 5638 1098 5693 ergo
1131 5624 1293 5694 quod
1328 5622 1698 5696 apertissime
1721 5624 2034 5696 Apostolus
2054 5626 2152 5693 ait,

1852 144 1914 201 s.
1956 140 2339 199 AUGUSTINI
2381 140 2706 199 EPISCOPI
3804 160 3880 218 ετ,

2317 268 2524 338 Corpus
2545 268 2759 340 quidem
2788 275 3071 326 mortuum
3090 277 3166 326 est
3180 279 3397 343 propter
3412 282 3689 347 peccatum,-
3708 281 3889 351 spiritu;

2315 363 2489 412 autem
2517 358 2628 413 vita
2650 367 2723 413 est
2741 367 2964 431 propter
2979 362 3282 431 justitiam.
3309 363 3377 417 Si
3393 372 3560 419 autem
3579 366 3791 436 Spiritus
3810 375 3895 443 ejus

2314 448 2409 518 qui
2434 449 2720 503 suscitavit
2749 449 3030 504 Christum
3056 469 3088 505 a
3108 452 3563 515 mortuis,habitat
3584 457 3637 507 in
3668 457 3805 524 vobis;
3824 465 3896 532 qui

2314 537 2595 591 suscitavit
2624 537 2901 593 Christum
2930 556 2963 592 a
3002 540 3256 605 mortuis,
3304 541 3587 611 viviﬁcabit
3610 550 3656 598 et
3684 549 3897 604 mortalia

2314 643 2538 696 corpora
2562 635 2735 681 vestra
2755 644 2856 698 per
2888 628 3282 685 inhabitantem
3314 629 3575 701 Spiritum
3593 636 3700 702 ejus
3727 636 3776 688 in
3790 638 3899 693 vobis

2317 714 2627 785 (Rom.vm,
2666 718 2771 783 11).
2804 719 2918 772 Nec
2936 718 3268 773 tamenista
3300 719 3380 773 sic
3403 719 3665 785 dicimus,
3691 728 3900 795 utnege-

2316 821 2448 859 mus
2461 806 2646 860 Deum
2664 822 2840 876 posse
2855 806 2913 860 in
2927 806 3151 878 quibus
3166 807 3433 874 voluerit,
3452 824 3603 863 nunc
3625 810 3792 867 facere
3803 814 3901 870 sine

2314 898 2504 948 morte
2520 894 2684 965 quod
2701 895 2827 949 sine
2842 894 3213 951 dubitatione
3227 896 3525 952 credimus
3539 898 3595 952 in
3616 903 3724 955 tam
3739 902 3900 959 multis

2313 981 2609 1038 facturum
2643 1000 2769 1038 esse
2799 988 2937 1056 post
2965 989 3247 1040 mortem:
3282 1001 3387 1041 nec
3422 986 3553 1042 ideo
3584 992 3764 1044 tamen
3787 990 3903 1047 illud

2314 1070 2532 1126 falsum
2546 1072 2850 1145 erit,quod
2882 1090 2977 1144 per
3004 1090 3171 1128 unum
3195 1074 3454 1129 hominem
3461 1083 3716 1147 peccatum
3734 1078 3784 1132 in
3797 1080 3904 1137 hunc

2312 1160 2569 1215 mundum
2585 1162 2833 1227 intravit,
2859 1170 2910 1217 et
2927 1180 3026 1233 per
3041 1170 3317 1234 peccatum
3334 1181 3497 1235 mors,
3526 1173 3572 1219 et
3594 1166 3671 1219 ita
3691 1168 3744 1221 in
3765 1184 3905 1225 omne:

2313 1250 2547 1305 homines
2573 1253 2931 1321 pertransiit.
2956 1253 3077 1307 Hoc
3102 1253 3263 1307 enim
3296 1253 3522 1308 dictum
3551 1259 3657 1322 est,
3687 1258 3907 1327 quianisi

2311 1354 2417 1410 per
2432 1345 2744 1411 peccatum
2773 1357 2933 1396 mors
2948 1341 3247 1407 intrasset,
3269 1342 3433 1397 nulla
3450 1358 3608 1398 mors
3623 1349 3776 1399 esset.
3792 1348 3907 1402 Nam

2311 1433 2365 1483 et
2396 1444 2533 1483 cum
2564 1429 2843 1493 dicimus,
2866 1431 3082 1485 Omnes
3109 1434 3349 1502 propter
3377 1436 3619 1501 peccata
3646 1433 3908 1490 mittuntur

2312 1518 2371 1571 in
2403 1517 2762 1587 gehennam,
2797 1519 3094 1590 numquid
3120 1519 3254 1574 ideo
3283 1520 3500 1575 falsum
3528 1521 3908 1594 dicimus,quia

2309 1622 2430 1663 non
2461 1623 2671 1663 omnes
2698 1608 2970 1664 homines
2995 1609 3307 1665 mittuntur
3326 1610 3385 1664 in
3403 1610 3725 1679 gehennam
3746 1612 3771 1662 ‘2
3789 1611 3906 1667 Illud

2308 1697 2532 1768 quippe
2559 1697 2695 1751 ideo
2719 1713 2927 1752 verum
2957 1703 3066 1763 est,
3094 1713 3214 1753 non
3232 1698 3376 1770 quia
3404 1698 3601 1754 omnis
3626 1699 3789 1755 homo
3806 1701 3906 1757 mit-

2308 1790 2484 1852 tatur,
2517 1786 2621 1841 sed
2646 1787 2789 1857 quia
2810 1786 3009 1841 nullus
3029 1787 3139 1841 nisi
3170 1791 3553 1857 peccatorum
3588 1788 3791 1843 meritis
3806 1790 3905 1843 mit-

2310 1873 2465 1929 titur.
2497 1874 2651 1930 Talis
2681 1878 2824 1929 este
2856 1874 3152 1931 contrario
3182 1876 3361 1932 etiam
3391 1876 3492 1933 illa
3519 1878 3802 1942 sententia,
3823 1878 3904 1932 Per

2308 1964 2470 2018 unius
2498 1964 2947 2034 justiﬁcationem
2969 1965 3028 2018 in
3048 1982 3223 2019 omnes
3263 1966 3507 2020 homines
3524 1965 3593 2019 ad
3606 1966 3901 2037 iustiﬁcatio-

2304 2070 2421 2108 nem
2469 2054 2529 2107 in
2553 2070 2728 2108 omnes
2759 2053 2992 2107 homines
3019 2054 3089 2107 ad
3106 2054 3554 2125 justiﬁcationem
3590 2055 3707 2109 vitis
3735 2054 3828 2125 (Id.
3853 2070 3896 2119 ν,

2308 2142 2391 2206 12,
2427 2142 2509 2212 18)
2536 2162 2547 2199 ;
2583 2158 2703 2197 non
2718 2142 2879 2197 enim
2902 2158 3113 2198 omnes
3132 2143 3404 2197 homines
3419 2144 3703 2215 pertinent
3727 2144 3898 2214 adjus-

2303 2230 2687 2286 tiﬁcationem
2712 2232 2957 2302 Christi;
2993 2232 3099 2289 sed
3129 2232 3243 2287 hoc
3274 2231 3505 2287 dictum
3536 2236 3639 2297 est,
3672 2233 3798 2305 quia
3820 2247 3896 2288 ne-

2303 2335 2403 2375 mo
2423 2320 2783 2390 justiticatur
2812 2321 2926 2375 nisi
2958 2337 3062 2392 per
3092 2320 3418 2377 Christum.

2371 2415 2424 2463 7.
2442 2409 2619 2479 Magis
2632 2425 2773 2479 ergo
2786 2409 2887 2465 illa
2903 2410 3152 2481 qumstio
3171 2426 3289 2465 non
3306 2411 3606 2466 immerito
3622 2414 3899 2473 movet,cur

2301 2513 2481 2570 paena
2512 2499 2758 2569 peccati,
2779 2504 3022 2570 peccato
3040 2514 3163 2553 non
3176 2505 3546 2564 remanente,
3562 2504 3799 2554 remanet
3824 2516 3835 2565 ;
3854 2498 3899 2552 id

2301 2592 2406 2651 est,
2442 2587 2490 2641 si
2506 2603 2666 2643 mors
2696 2588 2870 2642 etiam
2887 2589 3153 2659 corporis
3172 2603 3348 2659 poena
3363 2590 3592 2659 peccati
3606 2594 3702 2652 est,
3719 2589 3811 2642 ista
3822 2602 3899 2658 po-

2300 2676 2415 2733 tius
2444 2676 2646 2747 aliqua
2659 2676 2912 2748 quaestio
2927 2684 3029 2743 est,
3048 2693 3151 2731 cur
3165 2677 3458 2733 moriatur
3472 2678 3662 2732 infans
3676 2676 3899 2732 cumfue-

2300 2766 2371 2821 rit
2388 2764 2739 2836 baptizatus,
2773 2782 2957 2837 quam
2981 2781 3085 2820 cur
3108 2770 3380 2821 mortuus
3404 2782 3525 2821 non
3555 2767 3622 2821 sit
3644 2765 3779 2821 Elias
3792 2780 3899 2819 cum

2298 2853 2471 2909 fuerit
2495 2854 2875 2923 justiticatus.
2911 2854 3068 2908 Illius
3099 2854 3257 2910 enim
3280 2855 3453 2911 ﬁnito
3485 2859 3716 2927 peccato
3745 2857 3901 2908 movet

2299 2959 2404 2998 cur
2422 2948 2622 2998 secuta
2647 2944 2913 3015 sitpazna
2938 2944 3162 3015 peccati
3192 2944 3406 3014 ;hujus
3432 2944 3606 2999 etiam
3624 2944 3774 2997 ﬁnito
3790 2958 3899 3013 pec-

2299 3037 2428 3087 cato
2443 3048 2813 3087 moverenon
2827 3032 3064 3087 debetsi
3078 3048 3197 3088 non
3212 3039 3501 3104 sequatur
3515 3030 3898 3103 pcenapeccali.

2300 3121 2358 3178 Si
2389 3137 2530 3191 ergo
2565 3121 2727 3177 illam
2766 3123 3165 3192 quaestionem
3192 3122 3265 3177 de
3290 3128 3485 3177 morte
3502 3122 3897 3194 baptizatorum,

2297 3226 2421 3279 cur,
2454 3210 2607 3266 facta
2637 3211 2959 3266 abolitione
2981 3214 3230 3283 peccati,
3250 3217 3540 3283 sequatur
3566 3218 3749 3267 tamen
3772 3224 3899 3282 qua:-

2296 3299 2438 3355 dam
2472 3315 2649 3371 pcena
2680 3300 2926 3371 peccati,
2959 3300 3017 3354 in
3041 3300 3206 3354 libris
3238 3300 3310 3355 de
3341 3301 3638 3371 Baptismo
3667 3297 3898 3354 Parvulo-

2293 3406 2451 3457 rum,
2477 3407 2628 3463 quos
2655 3390 2753 3445 tibi
2770 3389 2893 3444 scio
2907 3405 3037 3445 esse
3056 3389 3423 3456 notissimos,
3440 3395 3723 3462 quantum
3744 3385 3897 3459 potui-

2294 3495 2430 3535 mus
2469 3480 2715 3534 domino
2765 3478 3092 3548 adjuvante
3141 3478 3534 3533 dissolvimus
3574 3478 3677 3551 (a):
3708 3480 3892 3549 quanto

2294 3568 2492 3623 minus
2515 3568 2626 3623 ista
2659 3582 2897 3622 movere
2912 3582 3023 3621 nos
3039 3566 3581 3631 debetubidicitur,
3610 3565 3896 3634 Quarejus-

2294 3660 2386 3711 tus
2426 3658 2584 3712 Elias
2626 3661 2898 3711 mortuus
2932 3671 3052 3711 non
3085 3660 3190 3720 est,
3234 3656 3281 3710 si
3314 3672 3479 3712 mors
3512 3672 3687 3729 paena
3711 3652 3895 3727 peccati

2292 3744 2427 3801 est?
2457 3744 2633 3817 quasi
2665 3745 2976 3800 diceretur.
3037 3747 3227 3809 Quare
3278 3753 3557 3816 peccator
3603 3745 3744 3801 Elias
3771 3756 3895 3798 mor-

2290 3838 2427 3889 tuus
2458 3850 2577 3890 non
2601 3838 2705 3899 est,
2741 3834 2793 3889 si
2817 3850 2976 3889 mors
2997 3849 3177 3906 poena
3208 3836 3435 3906 peccati
3463 3840 3553 3891 est
3576 3836 3604 3892 ‘i

2361 3927 2411 3978 8.
2456 3922 2571 3979 Nisi
2606 3923 2752 3978 forte
2783 3922 2946 3978 aliud
2976 3938 3049 3977 ex
3097 3923 3214 3978 alio
3242 3928 3491 3979 movent
3514 3928 3569 3979 et
3610 3923 3824 3978 dicunt:
3850 3918 3895 3975 Si

2288 4014 2489 4068 Enoch
2503 4017 2559 4067 et
2585 4012 2737 4068 Elias
2755 4028 2943 4083 usque
2966 4013 3118 4068 adeo
3137 4028 3258 4068 non
3273 4012 3585 4069 habebant
3606 4015 3893 4085 peccatum,

2288 4106 2352 4157 ut
2377 4117 2485 4157 nec
2510 4105 2784 4167 mortem,
2814 4117 2949 4172 quae
2973 4102 3197 4171 peccati
3217 4106 3305 4156 est
3328 4118 3530 4173 poena,
3555 4105 3891 4175 paterentur;

2286 4190 2595 4262 quomodo
2612 4206 2787 4245 nemo
2820 4190 2915 4245 hic
2932 4190 3072 4245 vivit
3087 4189 3211 4245 sine
3226 4190 3518 4260 peccato?
3531 4190 3698 4257 Quasi
3715 4204 3818 4244 non
3829 4185 3893 4240 eis

2285 4280 2659 4353 probabilius
2680 4280 3142 4350 respondeatur:
3162 4278 3298 4334 ldeo
3312 4296 3465 4351 quos
3484 4280 3661 4335 ﬁnitis
3674 4275 3894 4351 peccatis

2284 4369 2467 4424 voluit
2482 4369 2769 4423 Dominus
2785 4368 3001 4434 vivere,
3019 4384 3140 4423 non
3162 4367 3261 4424 hic
3282 4368 3557 4439 permissi
3573 4367 3891 4429 suntvivere,

2283 4460 2573 4528 quoniam
2604 4457 2699 4513 hic
2718 4458 3045 4528 quisquam
3069 4458 3194 4512 sine
3220 4465 3467 4529 peccato
3502 4475 3619 4515 non
3642 4460 3816 4529 potest
3830 4452 3894 4507 vi-

2282 4562 2435 4601 vere.
2471 4546 2587 4601 Sed
2620 4547 2746 4601 haec
2766 4550 2945 4617 atque
2960 4546 3618 4616 hujusmodiadversus
3638 4547 3771 4601 istos
3798 4540 3893 4597 dici

2281 4640 2626 4707 potuerunt,
2660 4635 2708 4689 si
2745 4651 2853 4706 pro
2886 4640 3044 4690 certo
3086 4634 3326 4691 aliunde
3354 4638 3761 4693 convincerent
3786 4631 3893 4686 illos

2280 4740 2593 4797 nunquam
2622 4740 2753 4779 esse
2787 4724 3125 4779 morituros.
3158 4725 3299 4780 Cum
3332 4726 3543 4781 veroid
3573 4725 3771 4781 docere
3791 4733 3889 4774 non

2278 4815 2528 4886 possint,
2564 4813 2900 4884 meliusque
2934 4812 3066 4867 illos
3098 4819 3383 4870 venturos
3408 4831 3535 4870 esse
3553 4815 3810 4870 credatur
3828 4805 3890 4863 ad

2278 4908 2553 4970 mortem,
2586 4902 2733 4957 nihil
2778 4907 2868 4957 est
2915 4918 3020 4957 cur
3064 4918 3166 4957 eos
3231 4902 3406 4958 velint
3444 4903 3617 4959 nobis
3662 4900 3890 4971 objicere

2278 5007 2473 5048 causa:
2502 5008 2627 5046 suae
2648 4990 2811 5046 nulla
2841 5006 2913 5045 ex
2936 4996 3103 5061 parte
3130 4990 3355 5062 aliquid
3381 4992 3734 5063 profuturos.

2346 5082 2572 5136 CAPUT
2602 5080 2693 5134 IV.
2722 5082 2857 5133 —9.
2891 5079 2972 5133 Illi
3003 5084 3205 5135 autem
3247 5080 3321 5135 de
3346 5082 3566 5152 quibus
3587 5081 3727 5135 dixit
3754 5079 3885 5146 Apo-

2275 5170 2478 5235 stolus,
2495 5186 2629 5225 cum
2644 5168 2984 5240 loqueretur
2997 5169 3069 5224 de
3084 5171 3510 5226 resurrectione
3525 5173 3882 5225 mortuorum.

2276 5262 2335 5314 Et
2358 5276 2451 5313 nos
2480 5260 2712 5313 viventes
2738 5258 2829 5329 qui
2846 5258 3043 5329 reliqui
3063 5276 3269 5325 sumus,
3286 5260 3447 5314 simul
3471 5276 3587 5314 cum
3608 5252 3881 5324 iltisrapic—

2270 5366 2399 5404 mur
2419 5350 2478 5402 in
2511 5348 2735 5402 nubibus
2765 5347 2972 5401 obviam
2995 5348 3209 5403 Christo
3240 5350 3298 5403 in
3318 5365 3477 5415 aera;
3508 5355 3556 5402 et
3586 5348 3665 5401 ita
3706 5354 3883 5411 semper

2270 5456 2388 5495 cum
2418 5438 2864 5493 Dominoerimus
2896 5438 2938 5508 (l
2974 5438 3147 5494 Thess.
3166 5455 3243 5504 IV,
3275 5438 3378 5509 16),
3401 5438 3647 5493 afferunt
3667 5432 3879 5506 quidem

2273 5527 2499 5600 aliquid
2525 5527 2873 5599 qumstionis
2908 5545 2921 5595 ;
2955 5528 3060 5582 sed
3090 5544 3195 5600 per
3241 5528 3493 5599 seipsos,
3524 5542 3641 5583 non
3672 5524 3879 5596 propter

2339 5636 2409 5698 (α)
2445 5634 2551 5684 Lib.
2578 5635 2625 5691 2,
2654 5648 2771 5697 cap.
2800 5637 2859 5685 30
2882 5637 2933 5685 et
2963 5649 3109 5699 seqq.
