4122 6170
181 157 284 221 8¹73

184 290 349 345 istos.
390 289 539 344 Nam
571 286 679 345 etsi
701 301 824 343 non
848 291 990 343 sunt
1017 288 1197 345 etiam
1222 288 1339 362 ipsi
1361 290 1653 359 morituri,
1681 290 1829 363 quid

182 380 324 435 istos
351 378 635 448 adjuvent
663 377 911 433 omnino
942 393 1061 433 non
1090 379 1286 447 video,
1317 396 1454 436 cum
1479 381 1618 437 talia
1638 383 1711 441 de
1734 383 1826 439 his

181 467 294 524 dici
320 467 569 538 possint,
603 465 807 538 qualia
831 467 906 521 de
938 466 1048 522 illis
1078 467 1237 524 dicta
1266 476 1402 524 sunt
1422 470 1679 527 duobus.
1713 472 1827 527 Sed

180 571 402 621 revera,
442 561 741 628 quantum
773 555 851 610 ad
884 554 1066 611 verba
1092 556 1250 613 beati
1270 558 1533 630 Apostoli
1556 561 1824 632 pertinet,

184 645 414 701 videtur
427 659 693 700 asserere
720 644 1017 717 quosdam
1034 645 1091 700 in
1109 645 1226 701 ﬁne
1242 648 1442 704 saeculi
1474 648 1827 705 adveniente

185 733 460 803 Domino,
500 749 636 788 cum
668 731 863 788 futura
904 740 991 788 est
1033 736 1381 791 resurrectio
1426 744 1824 805 mortuorum,

181 838 302 879 non
343 837 472 878 esse
501 821 841 887 morituros,
910 821 1015 877 sed
1068 823 1234 879 vivos
1263 831 1527 896 repertos
1576 826 1637 882 in
1663 825 1828 884 illam

180 910 689 968 immortalitatem
717 926 853 981 quas
885 910 1106 967 sanctis
1150 912 1330 969 etiam
1376 915 1601 970 caeteris
1629 915 1825 984 datur,

181 1005 425 1073 repente
459 998 802 1065 mutandos,
826 1003 881 1054 et
910 1000 1088 1056 simul
1117 1017 1234 1057 cum
1264 1002 1390 1061 illis
1417 1004 1724 1075 rapiendos,
1755 1005 1829 1061 si-

181 1094 281 1145 cut
315 1088 477 1154 dicit,
510 1089 571 1143 in
599 1087 868 1143 nubibus:
899 1089 1245 1163 necaliquid
1274 1091 1436 1148 aliud
1459 1093 1603 1151 mihi
1634 1095 1827 1151 visum

185 1183 295 1245 est,
327 1178 562 1250 quoties
593 1176 666 1232 de
693 1177 783 1233 his
814 1177 1011 1233 verbis
1030 1180 1193 1235 volui
1218 1181 1501 1251 cogitare.

258 1276 340 1332 lO.
376 1275 488 1331 Sed
508 1274 715 1330 vellem
731 1275 869 1331 hinc
891 1276 1091 1347 potius
1112 1278 1321 1335 audire
1342 1281 1656 1348 doctiores,
1682 1285 1836 1341 neil-

179 1366 251 1423 lis
268 1365 468 1429 etiam,
496 1364 599 1437 qui
625 1369 835 1435 putant
851 1364 1088 1437 aliquos
1110 1375 1295 1424 morte
1312 1384 1435 1425 non
1459 1373 1832 1442 praecedente

182 1453 513 1510 viviﬁcatos
544 1453 620 1508 ad
649 1453 831 1509 vitam
858 1460 1209 1525 perpetuam
1232 1459 1603 1527 transituros,
1634 1462 1833 1519 dicere

178 1542 521 1601 inveniatur
547 1541 869 1614 Apostolus
896 1558 907 1597 :
935 1542 1687 1617 Stultetuquodseminasnon
1702 1551 1835 1606 vivi-

178 1634 403 1705 ﬁcatur,
437 1631 553 1685 nisi
576 1630 736 1702 prius
755 1632 1049 1688 moriatur.
1066 1636 1213 1690 Nam
1227 1636 1439 1692 etillud
1453 1641 1612 1711 quod
1631 1640 1689 1695 in
1716 1639 1837 1712 ple-

178 1724 383 1795 risque
413 1719 719 1776 codicibus
733 1720 964 1791 legitur,
981 1739 1155 1779 omnes
1176 1740 1518 1797 resurgemus
1530 1727 1585 1799 (Ι
1594 1730 1719 1785 Cor.
1739 1746 1834 1797 xv,

184 1814 275 1875 36,
304 1810 413 1880 5t),
451 1808 609 1864 unde
656 1808 782 1863 ﬁeri
806 1811 1036 1880 poterit,
1070 1813 1183 1868 nisi
1206 1829 1416 1870 omnes
1451 1817 1781 1873 moriamur
1807 1817 1837 1873 τ

187 1899 562 1955 Resurrectio
582 1897 829 1969 quippe,
843 1899 952 1954 nisi
965 1915 1131 1956 mors
1145 1905 1532 1973 praecesserit,
1553 1904 1715 1961 nulla
1729 1912 1836 1962 est.

181 1987 247 2042 Et
266 1986 428 2057 quod
459 1985 729 2041 nonnulli
758 1987 992 2042 codices
1021 1988 1267 2057 habent,
1285 2008 1461 2048 omnes
1489 1993 1837 2060 dormiamus,

181 2075 375 2131 multo
395 2073 623 2130 facilius
640 2076 969 2147 etapertius
994 2077 1049 2131 id
1075 2080 1237 2149 cogit
1254 2080 1498 2151 intelligi
1516 2100 1533 2153 ;
1559 2088 1617 2139 et
1633 2085 1680 2139 si
1693 2084 1842 2156 quid

181 2163 349 2221 aliud
377 2163 490 2219 tale
508 2163 567 2218 in
592 2162 814 2219 sanctis
837 2165 1061 2220 Litteris
1079 2166 1397 2239 invenitur,
1426 2172 1501 2226 ad
1524 2172 1584 2227 id
1610 2172 1843 2229 videtur

178 2252 486 2325 impellere
504 2252 776 2308 utnullus
790 2253 1107 2311 hominum
1140 2258 1512 2315 existimetur
1534 2262 1844 2319 immorta-

179 2343 433 2407 litatem,
454 2341 567 2397 nisi
600 2358 761 2398 mors
792 2346 1178 2414 praecesserit,
1205 2347 1554 2419 adepturus.
1587 2351 1843 2408 Proinde

184 2430 291 2486 ubi
316 2430 465 2486 dixit
488 2431 821 2502 Apostolus,
852 2433 925 2488 Et
943 2450 1036 2487 nos
1059 2437 1291 2490 viventes
1319 2439 1414 2508 qui
1436 2438 1639 2510 reliqui
1664 2457 1846 2496 sumus

182 2522 245 2575 in
267 2518 555 2574 adventum
569 2519 809 2590 Domini,
833 2537 937 2576 non
961 2526 1351 2593 praeveniemus
1370 2544 1451 2582 eos
1464 2530 1698 2599 quiante
1726 2530 1846 2585 dor-

180 2610 447 2665 mierunt.
475 2608 590 2680 Ipse
610 2609 750 2664 enim
774 2611 1066 2667 Dominum
1094 2614 1153 2667 in
1170 2617 1359 2683 jussu,
1376 2617 1436 2671 in
1461 2634 1579 2673 voce
1614 2620 1846 2675 archan-

188 2698 381 2770 geli,et
406 2702 464 2751 in
485 2698 613 2753 tuba
631 2696 734 2752 Dei
744 2698 1016 2755 descendet
1038 2701 1100 2756 de
1111 2702 1241 2759 calo
1260 2721 1279 2770 ;
1312 2711 1361 2759 et
1378 2709 1584 2763 mortui
1596 2708 1654 2762 in
1680 2710 1851 2765 Chri-

180 2795 266 2843 sto
296 2794 580 2858 resurgent
606 2788 827 2858 primi:
875 2789 1065 2845 deinde
1095 2809 1188 2847 nos
1241 2794 1492 2863 viventes,
1527 2797 1620 2868 qui
1647 2799 1851 2871 reliqui

188 2893 400 2943 sumus,
440 2876 604 2931 simul
634 2893 753 2932 cum
800 2876 922 2933 illis
963 2880 1251 2951 rapiemur
1280 2884 1340 2938 in
1387 2886 1615 2941 nubibus
1640 2890 1850 2945 obviam

186 2965 410 3022 Christo
436 2965 497 3019 in
520 2981 654 3021 aera
679 2988 698 3029 ;
730 2973 781 3022 et
824 2966 904 3021 ita
954 2985 1162 3040 semper
1189 2989 1306 3027 cum
1340 2973 1570 3032 Domino
1595 2980 1798 3037 erimus
1828 2996 1851 3054 ;

185 3054 429 3119 vellem,
451 3054 606 3110 sicut
627 3056 772 3121 dixi,
794 3055 973 3112 dehis
987 3059 1195 3115 audire
1213 3060 1588 3133 doctiores,et
1602 3068 1650 3122 si
1666 3073 1851 3129 modo

190 3143 724 3217 potuerinthazcita
745 3147 985 3219 exponi,
1015 3149 1148 3204 utin
1162 3150 1247 3205 eis
1268 3154 1712 3227 possitintelligi
1728 3175 1851 3217 om-

186 3249 302 3291 nes
328 3233 604 3289 homines
632 3234 738 3307 qui
770 3236 994 3302 vivunt,
1026 3238 1119 3293 vel
1149 3246 1286 3311 post
1315 3257 1427 3297 nos
1446 3243 1660 3301 victuri
1693 3252 1848 3315 sunt,

183 3338 322 3380 esse
352 3322 691 3389 morituros,
707 3322 1000 3395 corrigere
1012 3328 1175 3399 quod
1191 3328 1328 3385 hinc
1342 3330 1668 3404 aliquando
1683 3338 1755 3393 ali
1766 3343 1851 3394 ter

187 3411 376 3469 sensi.
391 3413 591 3483 Neque
603 3411 761 3468 enim
778 3413 1071 3469 debemus
1089 3416 1379 3475 indociles
1392 3437 1523 3479 esse
1536 3423 1816 3482 doctores
1834 3440 1847 3480 :

185 3507 247 3557 et
276 3500 855 3559 certemeliushomo
878 3502 1445 3581 corrigiturparvus,
1478 3527 1664 3584 quam
1692 3514 1850 3572 fran-

185 3589 355 3661 gitur
384 3589 574 3645 durus
606 3605 620 3656 ;
648 3606 784 3645 cum
799 3590 1400 3667 iisquaescripsimus,
1434 3600 1517 3657 ita
1532 3605 1848 3660 nostravel

188 3677 450 3735 aliorum
463 3684 808 3735 exerceatur
819 3685 874 3736 et
888 3681 1547 3755 erudiaturinﬁrmitas,
1568 3696 1629 3747 ut
1643 3696 1847 3749 tamen

184 3766 251 3824 in
282 3766 368 3823 eis
397 3765 559 3822 nulla
589 3766 749 3824 velut
769 3769 1061 3827 canonica
1081 3773 1474 3833 constituatur
1504 3781 1845 3838 auctoritas.

267 3867 354 3922 tt.
386 3864 442 3922 Si
468 3866 625 3921 enim
646 3865 703 3920 in
724 3865 818 3921 his
834 3867 1030 3923 verbis
1055 3872 1534 3943 Apostolinullus
1548 3878 1702 3933 alius
1716 3895 1849 3935 sen-

186 3973 301 4013 sus
328 3955 586 4028 potuerit
610 3956 873 4028 reperiri,
906 3963 961 4014 et
992 3958 1107 4015 hoc
1145 3975 1283 4017 eum
1313 3963 1557 4037 intelligi
1589 3967 1848 4026 voluisse

184 4044 469 4103 claruerit
497 4043 662 4115 quod
681 4044 955 4102 videntur
977 4048 1155 4104 verba
1181 4050 1313 4122 ipsa
1329 4052 1590 4110 clamare
1620 4056 1712 4125 ;id
1733 4063 1847 4127 est,

183 4132 361 4208 quod
380 4132 559 4189 futuri
593 4133 779 4190 sintin
796 4134 915 4190 ﬁne
942 4137 1207 4194 saeculiet
1229 4140 1288 4195 in
1303 4141 1562 4199 adventu
1586 4145 1842 4213 Domini,

185 4224 299 4298 qui
329 4237 449 4279 non
476 4222 881 4294 exspolientur
899 4240 1169 4296 corpore,
1199 4229 1306 4284 sed
1338 4233 1849 4303 superinduantur

185 4309 663 4375 immortalitate,
690 4312 1155 4371 utabsorbeatur
1170 4320 1416 4376 mortale
1432 4337 1468 4377 a
1492 4323 1615 4379 vita
1629 4324 1699 4394 (ll
1716 4325 1845 4382 Cor.

184 4417 253 4468 v,
283 4401 339 4471 4)
368 4415 381 4453 :
416 4399 554 4456 huic
572 4400 877 4458 sententiae
901 4404 1109 4474 procul
1134 4405 1320 4464 dubio
1342 4412 1655 4468 conveniet
1683 4416 1848 4485 quod

186 4490 257 4547 in
271 4487 621 4560 regulaﬁdei
640 4490 1016 4559 conﬁtemur,
1032 4500 1344 4553 venturum
1364 4501 1713 4573 Dominumj
1727 4501 1851 4557 udi-

188 4582 477 4635 catnrum
503 4576 668 4634 vivos
692 4584 747 4634 et
773 4585 1074 4654 mortuos;
1112 4588 1171 4639 ut
1188 4601 1310 4642 non
1332 4587 1426 4643 hic
1444 4588 1852 4658 intelligamus

189 4667 373 4723 vivos
381 4666 597 4737 justos,
616 4673 882 4725 mortuos
896 4677 1097 4727 autem
1114 4673 1171 4728 in
1174 4674 1194 4744 j
1207 4681 1393 4742 ustos,
1408 4677 1687 4749 quamvis
1695 4680 1717 4750 j
1731 4679 1829 4735 udi
1842 4708 1855 4721 -

190 4753 382 4812 candi
408 4755 521 4810 sint
546 4754 687 4827 justi
714 4762 771 4814 et
800 4758 1004 4829 injusti
1031 4779 1049 4832 ;
1085 4763 1193 4818 sed
1214 4764 1379 4820 vivos
1402 4782 1557 4837 quos
1580 4768 1853 4823 nondum

190 4844 438 4909 exiisse,
460 4850 731 4902 mortuos
754 4852 953 4904 autem
983 4866 1137 4922 quos
1159 4851 1288 4922 jam
1312 4854 1524 4910 exiisse
1549 4858 1623 4911 de
1652 4872 1858 4929 corpo-

188 4934 372 4992 ribus
396 4933 692 4990 adventus
716 4935 847 5007 ejus
878 4937 1156 4995 inveniet.
1178 4942 1318 5007 Quaa
1352 4943 1401 4998 si
1431 4944 1512 5001 ita
1532 4960 1659 5001 esse
1682 4962 1861 5002 cons-

187 5024 237 5081 ti
248 5022 402 5089 terit,
418 5022 471 5078 ill
482 5039 517 5079 a
529 5025 709 5081 verba
725 5028 1083 5086 excutienda
1096 5035 1600 5104 erunt,quomodo
1614 5035 1696 5090 sic
1711 5036 1862 5091 acci-

191 5113 467 5186 piemus,
504 5114 584 5170 Tu
629 5120 766 5189 quod
791 5126 1019 5180 seminus
1068 5144 1174 5182 non
1203 5128 1534 5198 viviﬁcatur,
1568 5127 1677 5183 nisi
1704 5125 1863 5197 prius

182 5202 512 5273 moriatur;
538 5212 616 5273 et,
649 5227 825 5267 omnes
862 5233 1222 5287 resurgemus,
1259 5221 1404 5285 sive,
1428 5235 1604 5276 omnes
1622 5216 1853 5273 dormie-

189 5309 346 5359 mus,
379 5302 442 5350 ut
472 5312 593 5355 non
623 5301 1010 5363 adversentur
1037 5307 1182 5365 huic
1215 5312 1541 5380 sententias,
1571 5326 1695 5382 qua
1738 5311 1867 5382 qui-

192 5383 353 5440 dam
382 5386 707 5446 creduntur
735 5394 910 5450 etiam
928 5412 1064 5452 cum
1084 5400 1210 5453 suis
1243 5399 1597 5470 corporibus
1620 5401 1678 5456 in
1704 5406 1870 5457 aster-

192 5490 382 5539 num,
415 5491 535 5532 non
561 5479 879 5549 degustata
909 5492 1115 5552 morte,
1145 5488 1378 5544 victuri.

188 5638 191 5639 7
283 5563 371 5618 12.
405 5565 515 5621 Sed
550 5569 894 5627 utrumlibet
922 5573 1141 5632 horum
1174 5578 1439 5634 veracior
1468 5583 1525 5635 et
1557 5580 1863 5652 perspica-

189 5653 335 5711 cior
357 5654 689 5713 intellectus
700 5660 1058 5732 inveniatur,
1077 5666 1227 5739 quid
1238 5667 1319 5726 ad
1338 5683 1593 5727 causam
1604 5673 1865 5744 pertinet

511 5781 746 5840 Pareas.
782 5784 1029 5845 XXXIII.

1394 154 1898 222 EPISTOLARUM
1934 156 2224 223 CLASSIS
2265 158 2364 223 III.

3481 164 3588 235 8⁵14

1936 289 2208 357 istorum,
2242 291 2364 347 sive
2389 308 2599 350 omnes
2623 293 2819 353 debita
2855 301 3042 353 morte
3076 298 3428 370 plectantur,
3464 301 3587 358 sive

1935 376 2238 452 aliquibus
2271 381 2347 437 ab
2376 382 2491 439 hac
2518 384 2855 441 conditione
2874 392 3154 457 parcatur
3179 404 3192 453 ;
3214 405 3351 445 cum
3384 394 3583 447 tamen

1935 474 2163 525 constet
2188 476 2443 527 mortem
2492 488 2613 528 non
2645 473 2840 530 solum
2872 475 3110 542 animus,
3173 494 3375 535 verum
3406 481 3584 536 etiam

1935 558 2202 630 corporis
2251 565 2594 616 secuturam
2629 578 2749 618 non
2792 562 2994 629 fuisse,
3029 568 3074 619 si
3108 571 3423 637 peccatum
3456 584 3578 624 non

1936 649 2360 720 praecessisset,
2384 656 2439 706 et
2469 652 2673 722 gratia:
2696 654 3063 712 mirabiliore
3096 657 3303 713 virtute
3322 658 3515 729 justos
3550 676 3586 715 a

1934 745 2124 795 morte
2149 739 2226 795 ad
2242 745 2526 797 aeternam
2542 739 2977 799 beatitudinem
2999 746 3373 811 reviviscere,
3398 764 3585 819 quam

1934 827 1996 883 in
2023 829 2231 884 mortis
2256 830 2686 901 experientiam
2736 847 2858 888 non
2885 833 3084 889 venire
3109 832 3138 888 ?
3167 837 3299 891 Haec
3341 841 3585 908 propter

1935 916 2066 974 illos
2079 917 2152 974 de
2165 917 2385 990 quibus
2400 918 2543 974 mihi
2557 920 3021 992 scripsisti,satis
3038 922 3197 979 dicta
3210 925 3353 992 sint;
3374 941 3586 997 quam-

1934 1008 2026 1063 vis
2051 1023 2149 1063 eos
2169 1008 2295 1077 jam
2316 1023 2435 1064 non
2459 1008 2797 1066 existimem
2819 1011 3034 1082 dicere,
3062 1014 3426 1070 etiamsinon
3453 1030 3587 1086 pec-

1935 1101 2127 1153 casset
2157 1096 2368 1161 Adam,
2401 1097 2584 1154 fuisse
2616 1098 2704 1155 vel
2734 1116 2983 1172 corpore
3011 1103 3389 1158 moriturum.

2016 1188 2096 1241 t3.
2130 1185 2416 1240 Caeterum
2446 1186 2611 1258 quod
2642 1187 2948 1244 attinetad
2975 1191 3375 1263 quaestionem
3393 1208 3587 1249 resur-

1936 1273 2236 1341 rectionis,
2270 1280 2513 1347 propter
2538 1275 2668 1331 illos
2682 1277 2783 1347 qui
2817 1278 3272 1335 credunturnon
3298 1297 3429 1337 esse
3456 1300 3587 1339 mo-

1936 1362 2126 1428 rituri,
2155 1363 2260 1418 sed
2307 1379 2378 1419 ex
2421 1363 2537 1420 hac
2568 1366 2921 1423 mortalitate
2970 1368 3047 1424 ad
3077 1367 3583 1428 immortalitatem

1938 1451 2068 1507 sine
2089 1452 2286 1508 media
2316 1458 2505 1508 morte
2537 1455 2857 1521 transituri,
2910 1455 3217 1528 inquisitio
3247 1458 3588 1529 diligentior

1940 1539 2287 1596 adhibenda
2313 1546 2404 1595 est
2429 1556 2444 1607 ;
2480 1546 2535 1597 et
2564 1543 2612 1597 si
2642 1543 2786 1614 quid
2818 1543 2957 1599 hinc
2987 1544 3329 1601 absolutum
3356 1563 3425 1602 ac
3454 1548 3595 1603 deﬁ-

1941 1630 2134 1686 nitum
2183 1628 2588 1700 disputatione
2618 1631 2956 1688 rationabili
3006 1639 3185 1705 atque
3215 1635 3475 1706 perfecta
3500 1638 3596 1695 vel

1942 1716 2183 1782 audisti,
2213 1717 2303 1772 vel
2332 1717 2547 1787 legisti,
2569 1718 2662 1775 vel
2688 1720 2864 1775 etiam
2891 1720 3019 1792 ipse
3042 1724 3302 1795 cogitare
3325 1726 3594 1797 potuisti,

1944 1808 2066 1863 sive
2087 1807 2286 1863 adhuc
2300 1807 2527 1874 audire,
2554 1808 2884 1877 autlegere,
2911 1811 3286 1881 autcogitare
3307 1816 3595 1883 potueris,

1944 1901 2082 1968 peto
2112 1895 2257 1951 mihi
2291 1896 2521 1952 mittere
2553 1913 2673 1952 non
2728 1899 3010 1967 graveris.
3044 1898 3165 1969 Ego
3223 1901 3381 1957 enim
3414 1903 3599 1975 (quod

1948 1984 2357 2040 conﬁtendum
2387 1991 2475 2040 est
2527 1985 2803 2041 Charitati
2837 1992 2966 2057 ture)
3022 1988 3158 2058 plus
3199 2006 3337 2046 amo
3371 1992 3598 2048 discere

1947 2089 2128 2146 quam
2159 2073 2394 2129 docere.
2424 2074 2571 2130 Nam
2595 2074 2710 2130 hoc
2736 2075 3137 2131 admonemur
3158 2076 3337 2133 etiam
3369 2078 3600 2137 dicente

1949 2162 2222 2235 spastolo
2254 2163 2481 2220 Jacobo
2512 2181 2525 2219 :
2552 2163 2634 2219 Sit
2655 2171 2831 2219 autem
2857 2166 3032 2220 omnis
3050 2166 3199 2221 homo
3228 2167 3378 2222 velox
3402 2168 3471 2222 ad
3496 2186 3601 2224 au-

1948 2251 2224 2318 diendum,
2252 2252 2442 2307 tardus
2464 2252 2535 2306 ad
2557 2253 2870 2324 loquendum
2901 2254 3108 2313 (Jacobi
3141 2272 3176 2320 ι,
3217 2257 3319 2326 19).
3364 2259 3431 2313 Ut
3462 2274 3604 2330 ergo

1950 2342 2275 2407 discamus,
2305 2342 2552 2398 invitare
2566 2358 2677 2398 nos
2703 2343 2881 2398 debet
2911 2344 3173 2399 suavitas
3206 2344 3469 2401 veritatis
3495 2364 3509 2413 ;
3544 2352 3607 2403 ut

1952 2438 2153 2488 autem
2186 2432 2535 2501 doceamus,
2565 2446 2775 2502 cogere
2789 2432 3114 2487 necessitas
3132 2433 3471 2491 charitatis:
3505 2436 3606 2491 ubi

1962 2525 2161 2598 potius
2183 2521 2514 2595 optandum
2542 2524 2985 2576 estuttranseat
3006 2521 3115 2577 ista
3143 2523 3467 2579 necessitas
3484 2540 3608 2596 qua

1956 2614 2262 2670 hominem
2295 2611 2470 2667 docet
2498 2609 2724 2682 aliquid
2746 2610 2950 2679 homo,
2974 2615 3035 2666 ut
3057 2610 3247 2666 simus
3275 2629 3484 2668 omnes
3504 2613 3607 2670 do-

1958 2702 2161 2759 cibiles
2191 2702 2289 2756 Dei
2325 2715 2339 2766 ;
2371 2699 2648 2772 quamvis
2680 2699 2793 2754 hoc
2822 2699 3031 2767 simus,
3080 2715 3219 2755 cum
3250 2716 3321 2755 ea
3359 2716 3497 2772 quas
3532 2701 3610 2759 ad

1958 2807 2165 2848 veram
2195 2790 2471 2862 pietatem
2492 2788 2802 2859 pertinent,
2824 2786 3134 2857 discimus,
3159 2789 3339 2844 etiam
3364 2791 3611 2861 quando

1959 2881 2060 2937 illa
2088 2880 2302 2936 docere
2330 2878 2563 2933 videtur
2591 2877 2802 2932 homo.
2838 2877 2986 2941 Quia
3021 2892 3214 2948 neque
3247 2879 3349 2949 qui
3379 2878 3612 2949 plantat

1961 2975 2053 3026 est
2080 2968 2325 3040 aliquid,
2352 2982 2544 3039 neque
2565 2966 2665 3038 qui
2693 2966 2844 3035 rigat
2870 2983 2882 3032 ;
2904 2965 3009 3021 sed
3031 2966 3132 3036 qui
3172 2966 3612 3022 incrementum

1960 3058 2065 3115 dat
2090 3059 2241 3114 Deus
2264 3057 2309 3121 (Ι
2330 3057 2458 3111 Cor.
2493 3072 2567 3120 ιιι,
2602 3055 2678 3126 7).
2730 3056 2878 3111 Cum
2908 3054 3109 3125 itaque
3162 3054 3211 3108 si
3246 3057 3397 3108 Deus
3428 3056 3613 3111 incre-

1962 3152 2230 3204 mentum
2256 3162 2375 3201 non
2410 3144 2597 3214 daret,
2631 3142 2775 3198 nihil
2802 3147 2997 3197 essent
3022 3143 3285 3213 Apostoli
3312 3143 3610 3215 plantato-

1959 3250 2053 3290 res
2083 3239 2140 3290 et
2168 3234 2456 3303 rigatores
2482 3234 2743 3303 ;quanto
2766 3229 2961 3301 magis
2976 3244 3088 3299 ego
3116 3230 3209 3284 vel
3243 3234 3326 3295 tu,
3359 3230 3449 3286 vel
3474 3231 3609 3303 qui-

1959 3323 2102 3380 libet
2158 3323 2339 3394 bujus
2405 3321 2691 3392 temporis
2772 3319 3065 3387 homines,
3114 3318 3365 3391 quando
3431 3320 3610 3376 nobis

1958 3413 2235 3469 videmur
2260 3427 2387 3468 esse
2411 3411 2683 3467 doctores
2718 3410 2732 3465 ι

2424 3500 2756 3556 EPISTOLA
2789 3498 3016 3554 CXCIV“
3043 3498 3137 3569 (α).

1958 3591 2297 3662 Augustinus
2326 3588 2481 3645 Sixto
2512 3587 3076 3662 Romanopresbytefq
3098 3587 3171 3662 (et
3198 3594 3379 3657 postea
3411 3588 3609 3643 Ponti-

2026 3659 2159 3733 ﬁei),
2196 3663 2471 3717 instruens
2503 3660 2659 3715 illum
2689 3659 2945 3714 adversus
2984 3659 3400 3730 Pelagianorum
3444 3676 3610 3730 argu-

2026 3741 2231 3790 menta.

1958 3822 2288 3879 Dominoin
2306 3821 2557 3876 Domino
2576 3819 2958 3874 dominorum
2974 3817 3381 3881 dilectissimo,
3396 3822 3606 3874 sancto

2028 3894 2189 3949 fratri
2245 3900 2301 3949 et
2349 3890 2835 3963 compresbytero
2890 3891 3078 3955 Sixro,
3126 3894 3496 3956 Avousrmvs,
3544 3890 3604 3944 in

2027 3966 2282 4021 Domino
2304 3964 2578 4019 salutem.

2028 4054 2255 4113 CAPUT
2274 4053 2559 4108 PRIMUM.
2587 4082 2653 4092 —
2685 4051 2735 4105 1.
2766 4048 3028 4121 Epistola
3055 4050 3071 4085 ¹
3101 4064 3284 4121 quam
3321 4063 3428 4120 per
3459 4047 3605 4105 cha-

1954 4144 2260 4200 rissimum
2318 4141 2559 4197 fratrem
2610 4143 2886 4195 nostrum
2935 4137 3216 4193 Albinum
3249 4136 3596 4208 acolythum

1956 4234 2113 4297 misi,
2164 4230 2549 4304 prolixiorem
2574 4244 2669 4284 me
2695 4229 3021 4283 missurum
3054 4243 3184 4282 esse
3215 4226 3462 4298 promisi
3494 4242 3601 4297 per

1956 4329 2229 4379 sanctum
2259 4320 2495 4375 fratrem
2527 4324 2583 4373 et
2607 4318 3164 4388 compresbyterum
3197 4321 3467 4369 nostrum
3494 4315 3607 4369 Fir-

1958 4428 2144 4477 mum,
2172 4409 2275 4482 qui
2305 4407 2712 4463 nobislitteras
2739 4405 2929 4461 attulit
2952 4402 3607 4473 Sinceritatistute,ple-

1957 4516 2069 4557 nas
2083 4498 2417 4554 sinceritate
2431 4494 2567 4550 ﬁdei
2585 4501 2713 4559 tuae,
2728 4509 2862 4565 quae
2878 4492 3051 4546 nobis
3072 4497 3301 4546 tantum
3315 4490 3606 4559 gaudium

1960 4587 2357 4649 contulerunt,
2417 4589 2708 4655 quantum
2768 4582 2962 4650 magis
3007 4595 3329 4651 possumus
3385 4578 3607 4634 habere

1960 4692 2143 4749 quam
2177 4674 2389 4729 dicere.
2417 4670 2587 4736 Quod
2636 4669 2794 4726 enim
2850 4668 3159 4724 fatendum
3209 4674 3299 4721 est
3330 4665 3610 4723 Charitati

1962 4770 2099 4833 tute,
2133 4762 2573 4819 tristeseramus
2593 4758 2790 4823 nimis,
2808 4774 2945 4813 cum
2968 4756 3394 4826 famajactaret
3418 4755 3613 4810 inimi-

1965 4854 2047 4908 cis
2068 4850 2405 4907 christianae
2436 4849 2637 4918 gratiae
2669 4854 2723 4902 te
2750 4846 2973 4903 favere.
3005 4845 3119 4901 Sed
3148 4851 3208 4900 ut
3230 4844 3355 4900 hmo
3382 4844 3614 4900 tristitia

1966 4941 2040 4998 de
2067 4939 2283 4997 nostris
2305 4937 2587 4994 cordibus
2614 4942 2934 5006 tergeretur
2964 4951 2976 5001 ;
3020 4935 3235 5007 primo,
3270 4940 3323 4988 te
3358 4934 3612 5005 priorem

1969 5030 2291 5088 anathema
2335 5028 2417 5082 eis
2462 5028 2520 5081 in
2554 5026 2777 5097 populo
2825 5023 3305 5097 frequentissimo
3356 5035 3619 5094 pronun-

1969 5122 2149 5177 tiasse
2175 5119 2383 5174 eadem
2409 5115 2571 5171 fama
2600 5132 2722 5170 non
2753 5115 2937 5171 tacuit
2969 5114 3217 5168 :deinde
3247 5127 3386 5166 cum
3417 5110 3618 5164 litteris

2033 5229 2044 5255 ¹
2085 5224 2236 5281 Edd.,
2266 5224 2327 5273 In
2353 5224 2591 5286 Epistola
2621 5237 2795 5286 quam.
2832 5219 3202 5286 Expuugenda
3223 5222 3336 5286 erat
3362 5216 3622 5286 particula

1972 5291 2047 5345 in,
2071 5303 2191 5352 quae
2221 5278 2373 5354 abest
2401 5278 2451 5354 fa.
2480 5286 2602 5335 Mss.
2628 5278 2925 5354 Enimvero
2958 5278 3373 5354 deiprolixiore“
3397 5278 3624 5354 epistola

1971 5342 2136 5416 quam
2158 5365 2214 5400 se
2239 5350 2667 5416 pollicitumesse
2693 5347 2821 5395 dicit
2854 5342 3625 5416 Augustin‘usr..nihilhabetur

1972 5404 2027 5463 in
2058 5427 2137 5470 ea,
2165 5404 2284 5476 quin
2315 5425 2409 5475 per
2444 5412 2692 5476 Albinum
2714 5404 3028 5476 transmissa
3055 5407 3157 5476 fuit
3191 5406 3267 5469 [in
3301 5404 3558 5467 epistola].

2035 5479 2064 5509 ’
2102 5470 2484 5524 Heéensﬁimus
2511 5473 2647 5522 hanc
2673 5473 2739 5520 ad
2768 5472 2822 5519 b.
2860 5470 2930 5518 bl.
2968 5470 3049 5517 cb.
3085 5470 3142 5517 t1”.
3186 5482 3364 5530 gg.m.
3398 5482 3497 5515 rm.
3532 5479 3619 5519 vc.

1974 5554 2061 5588 vv.
2088 5538 2225 5602 duos
2259 5536 2560 5602 squuost.
2600 5538 2842 5602 quatuor
2860 5547 2908 5602 γ.
2941 5536 3057 5602 Am.
3088 5531 3214 5579 Bad.
3242 5531 3493 5602 Er..Lov.
3527 5591 3561 5602 ῃ

2040 5602 2111 5663 (a)
2131 5598 2274 5649 Alias
2296 5601 2388 5663 105
2415 5613 2427 5646 :
2452 5612 2571 5663 quas
2587 5591 2767 5663 autem
2789 5596 2879 5643 194
2908 5598 3037 5663 erat,
3070 5606 3219 5663 nunc
3244 5594 3297 5663 in
3320 5591 3630 5657 Appendice

1983 5655 2067 5716 est.
2084 5655 2166 5713 {3.
2198 5662 2403 5727 Scripta
2431 5655 2591 5727 paulo
2621 5662 2744 5727 post
2768 5658 3069 5723 superiores
3091 5655 3362 5722 epistolas.

2909 5804 3348 5883 (νέηαι-ΗΜΛ)
