4122 6170
580 167 686 221 875

587 289 662 361 (b)
704 291 1047 363 apostolicae
1072 291 1237 347 Sedis
1251 289 1571 344 deillorum
1592 286 1981 343 damnatione
2009 287 2085 342 ad
2102 286 2249 343 Afri-

589 396 723 436 cam
758 380 975 444 missis,
1002 384 1115 433 tua
1141 393 1383 450 quoque
1405 376 1607 432 littera
1629 376 1706 431 ad
1734 375 2134 432 venerabilem
2161 392 2247 431 se-

592 485 729 525 nem
757 468 1057 523 Aurelium
1085 470 1421 523 consecuta
1443 471 1580 521 sunt
1599 481 1743 537 ;que
1774 466 2005 521 tametsi
2035 465 2246 521 breves

592 563 775 627 erant,
817 561 985 611 tuum
1020 562 1221 611 tamen
1246 556 1513 625 vigorem
1538 554 1613 611 ad
1626 570 1828 609 versus
1846 570 2053 610 eorum
2085 570 2249 610 erro-

595 661 721 701 rem
764 645 908 699 satis
938 644 1311 700 indicabant.
1345 647 1512 699 Nunc
1542 659 1678 699 vero
1730 658 1868 698 cum
1902 643 2163 714 apertius
2191 648 2245 699 et

590 735 767 790 latius
799 733 946 805 quid
972 734 1045 788 de
1076 734 1176 789 illo
1195 733 1477 802 dogmate
1524 737 1850 804 contraque
1884 732 2155 797 sentires,
2184 732 2243 787 in

587 822 789 879 litteris
815 822 925 877 tuis
940 822 1085 877 ﬁdes
1100 823 1235 893 ipsa
1249 822 1563 877 nobiscum
1579 822 1862 877 Romana
1877 820 2240 875 Ecclesialo-

587 911 989 985 queretur,cui
1004 910 1383 982 potissimum
1396 910 1610 965 beatus
1624 908 1928 981 apostolus
1942 910 2156 964 Paulus
2168 909 2241 964 de

589 1002 783 1071 gratia
815 1000 1034 1070 Deiper
1053 1001 1255 1054 Jesum
1284 999 1574 1054 Christum
1594 997 1916 1053 Dominum
1946 1003 2238 1064 nostrum,

588 1091 779 1145 multa
805 1094 858 1143 et
892 1088 1389 1158 multipliciterest
1418 1087 1682 1153 locutus;
1711 1102 1831 1141 non
1872 1086 2064 1142 solum
2093 1086 2238 1142 illud

587 1193 768 1235 omne
784 1175 1025 1232 tristitiae
1044 1175 1312 1231 nubilum
1330 1176 1474 1245 fugit
1488 1177 1560 1230 de
1578 1175 1861 1231 cordibus
1880 1175 2119 1241 nostris,
2135 1176 2237 1231 sed

584 1268 765 1324 etiam
785 1271 1011 1321 tantum
1026 1264 1101 1319 ibi
1118 1264 2237 1334 latitialumeninfulsit,utnihilegisse

582 1357 642 1412 in
672 1356 847 1410 nobis
878 1354 1171 1410 videretur
1192 1354 1285 1408 ille
1308 1355 1610 1425 marorget
1632 1353 1831 1422 timor,
1863 1353 1976 1408 nisi
2006 1369 2238 1409 succes-

582 1461 858 1501 surorum
892 1443 1248 1515 ampliorem
1279 1443 1661 1512 ﬂagrantiam
1700 1443 2082 1512 gaudiorum.

604 1591 629 1606 Α
650 1540 702 1589 2.
726 1533 954 1604 Itaque,
968 1532 1145 1587 frater
1156 1531 1521 1596 charissime,
1539 1532 1816 1603 quamvis
1830 1546 1949 1585 non
1966 1537 2019 1585 te
2037 1530 2233 1586 videa-

581 1639 717 1679 mus
750 1621 937 1677 oculis
969 1621 1184 1687 carnis,
1219 1621 1421 1675 animo
1447 1626 1645 1674 tamen
1674 1621 1733 1674 in
1766 1619 1882 1674 ﬁde
1914 1618 2145 1684 Christi,
2169 1620 2229 1675 in

580 1711 775 1781 gratia
806 1710 1108 1775 Christi,in
1139 1708 1427 1764 membris
1448 1708 1660 1764 Christi
1680 1715 1971 1772 tenemus,
1997 1709 2225 1780 ample-

576 1790 807 1865 ctimur,
823 1798 1167 1855 osculamur
1182 1817 1194 1865 ;
1212 1804 1579 1853 etremeante
1594 1813 1629 1852 a
1646 1796 1819 1852 nobis
1836 1797 1913 1852 ad
1930 1803 1980 1852 te
1998 1804 2229 1853 nostro-

575 1904 709 1944 rum
738 1888 991 1943 invicem
1020 1887 1458 1959 colloquiorum
1510 1887 1892 1942 sanctissimo
1919 1892 1976 1943 et
2005 1884 2227 1941 ﬁdelis-

574 1979 729 2033 simo
761 1977 1267 2049 perlatore,quem
1294 1975 1531 2031 voluisti
1569 1991 1703 2030 esse
1744 1975 1908 2047 apud
1951 1992 2061 2031 nos
2101 1991 2223 2032 non

570 2066 764 2121 solum
780 2066 1161 2121 advectorem
1174 2065 1532 2135 scriptorum
1550 2069 2027 2129 tuorum,verum
2042 2065 2217 2120 etiam

569 2161 936 2211 narratorem
953 2160 1200 2225 testemq
1213 2170 1281 2208 ue
1300 2154 1612 2217 factorum,
1629 2154 1915 2225 rescripta
1943 2153 2223 2224 persolvi-

567 2261 725 2310 mus,
741 2249 798 2299 et
811 2243 1115 2315 aliquanto
1130 2242 1352 2297 diutius
1377 2248 1569 2297 tecum
1590 2244 2087 2311 sermocinamur,
2111 2242 2221 2297 ad-

565 2339 878 2389 monentes
895 2339 955 2386 ut
976 2330 1480 2396 docendisinstes,
1504 2330 1725 2402 quibus
1742 2332 2028 2386 terrendis
2048 2333 2218 2398 satis,

566 2429 861 2494 quantum
876 2420 1591 2491 comperimus,institisti.
1611 2420 2215 2491 Suntenimquidam,

565 2512 667 2582 qui
694 2509 1023 2580 justissime
1049 2509 1366 2563 damnatas
1394 2509 1726 2578 impietates
1751 2509 1949 2564 adhuc
1981 2510 2217 2565 liberius

566 2598 978 2654 defendendas
1004 2604 1243 2668 putant;
1268 2597 1893 2667 etsuntquioccultius
1907 2604 2220 2669 penetrant

568 2688 806 2753 domos,
835 2693 891 2741 et
918 2686 1083 2758 quod
1116 2686 1173 2740 in
1206 2691 1411 2756 aperto
1446 2685 1573 2755 jam
1615 2685 1876 2741 clamare
1926 2692 2217 2750 metuunt,

570 2776 629 2831 in
660 2782 887 2831 secreto
914 2774 1209 2830 seminare
1232 2789 1351 2828 non
1380 2775 1715 2844 quiescunt:
1750 2780 2099 2831 suntautem
2119 2775 2221 2847 qui

574 2865 824 2921 omnino
858 2864 1165 2929 siluerunt,
1197 2878 1421 2933 magno
1481 2863 1689 2917 timore
1732 2866 2086 2935 compressi,
2120 2864 2224 2919 sed

572 2954 773 3010 adhuc
814 2952 991 3008 corde
1023 2953 1275 3007 retinent
1303 2950 1468 3023 quod
1523 2966 1623 3006 ore
1647 2950 1777 3024 jam
1808 2952 2069 3023 proferre
2104 2968 2227 3008 non

573 3044 798 3100 audent
824 3041 955 3113 ;qui
988 3048 1185 3097 tamen
1204 3056 1331 3095 esse
1358 3046 1614 3112 possunt
1633 3040 1916 3097 fratribus
1935 3058 2005 3097 ex
2032 3043 2227 3115 priore

577 3132 766 3204 ipsius
797 3130 1099 3201 dogmatis
1131 3129 1480 3185 defensione
1508 3130 1821 3184 notissimi.
1852 3132 2103 3186 Proinde
2131 3130 2229 3185 alii

584 3223 846 3275 severius
878 3217 1210 3281 coercendi,
1247 3217 1344 3272 alii
1369 3218 1713 3289 vigilantius
1747 3220 2102 3288 vestigandi,
2131 3218 2229 3274 alii

582 3309 871 3367 tractandi
900 3308 1144 3379 quidem
1171 3306 1382 3371 lenius,
1408 3307 1515 3361 sed
1556 3323 1675 3362 non
1701 3309 1942 3377 segnius
1964 3314 2102 3363 sunt
2122 3308 2230 3364 do-

582 3400 774 3463 cendi,
807 3404 868 3451 ut
911 3399 959 3451 si
983 3411 1106 3451 non
1153 3395 1429 3451 timentur
1467 3412 1541 3451 ne
1573 3398 1849 3468 perdant,
1885 3413 2006 3453 non
2035 3402 2232 3454 tamen

584 3488 966 3557 negligantur
997 3500 1071 3539 ne
1102 3491 1367 3555 pereant.

656 3578 878 3632 CAPUT
906 3578 974 3629 Il.
1003 3604 1068 3615 —
1098 3577 1151 3629 3.
1184 3573 1355 3639 Quod
1380 3573 1539 3629 enim
1562 3574 2001 3645 putantauferri
2027 3576 2137 3631 sibi
2167 3577 2237 3632 li-

588 3668 794 3721 berum
827 3663 1161 3728 arbitrium,
1182 3665 1227 3717 si
1259 3678 1369 3718 nec
1398 3664 1593 3733 ipsam
1611 3663 1838 3719 bonam
1864 3665 2235 3722 voluntatem

591 3756 716 3811 sine
742 3753 1040 3823 adjutorio
1066 3753 1164 3806 Dei
1197 3753 1503 3807 hominem
1536 3753 1753 3807 habere
1784 3756 2191 3809 consenserint
2220 3771 2234 3820 ;

590 3860 711 3901 non
745 3842 1097 3910 intelligunt,
1153 3856 1274 3896 non
1310 3856 1373 3896 se
1422 3842 1663 3897 ﬁrmare
1692 3842 2029 3898 humanum
2085 3844 2238 3900 arbi-

592 3936 790 3996 trium,
827 3934 929 3985 sed
958 3929 1260 4001 impellere
1292 3931 1334 3995 ¹,
1366 3937 1427 3985 ut
1460 3947 1567 4001 per
1608 3931 1808 3987 inania
1842 3932 2080 3999 feratur,
2115 3948 2238 3988 non

590 4025 650 4080 in
687 4022 938 4077 Domino
967 4026 1255 4089 tanquam
1310 4020 1368 4073 in
1419 4025 1588 4090 petra
1638 4020 1835 4076 stabili
1879 4023 2235 4079 collocetur:

592 4116 837 4183 paratur
858 4107 1018 4161 enim
1038 4106 1312 4161 voluntas
1339 4123 1375 4163 a
1394 4108 1668 4163 Domino.

662 4202 714 4254 4.
749 4196 919 4262 Quod
942 4200 1140 4250 autem
1166 4210 1555 4265 personarum
1575 4204 1948 4269 acceptorem
1975 4203 2157 4257 Deum
2177 4216 2240 4257 se

591 4287 829 4344 credere
855 4284 1219 4347 existimant,
1237 4283 1281 4336 si
1297 4283 1543 4339 credant
1558 4286 1721 4356 quod
1738 4286 1864 4342 sine
1879 4287 2012 4343 ullis
2026 4304 2243 4360 praece-

589 4375 869 4432 dentibus
898 4372 1143 4436 meritis,
1176 4371 1346 4441 cujus
1380 4373 1499 4427 vult
1528 4375 1863 4445 miseretur,
1896 4384 2123 4449 etquos
2152 4380 2243 4436 di-

588 4470 807 4536 gnatur
834 4468 1291 4533 vocat,etquem
1326 4460 1802 4533 vultreligiosum
1834 4464 2239 4540 facit;parum

587 4554 902 4611 attendunt
931 4552 1097 4623 quod
1119 4549 1319 4605 debita
1343 4551 1624 4606 reddatur
1643 4569 1820 4623 pana
1847 4555 2137 4615 damnato
2156 4561 2239 4615 in-

586 4643 791 4699 debita
812 4641 1001 4711 gratia
1020 4639 1292 4705 liberato,
1330 4646 1387 4695 ut
1416 4657 1523 4695 nec
1547 4642 1638 4696 ille
1670 4658 1731 4696 se
1750 4643 2065 4715 indignum
2095 4665 2236 4719 que-

585 4738 764 4794 ratur,
802 4731 1170 4798 necdignum
1200 4730 1383 4784 seiste
1398 4730 1909 4805 glorietur;atque
1929 4734 2008 4789 ibi
2038 4740 2235 4807 potius

582 4821 991 4891 acceptionem
1032 4817 1257 4872 nullam
1287 4820 1413 4873 ﬁeri
1465 4836 1880 4890 personarum,
1924 4824 2071 4878 ubi”
2114 4844 2234 4884 una

581 4909 916 4979 eademque
945 4922 1149 4961 massa
1170 4907 1576 4962 damnationis
1599 4916 1653 4963 et
1674 4909 2022 4967 offensionis
2047 4914 2229 4972 invol-

582 4999 682 5063 vit,
711 5005 770 5053 ut
796 4997 1082 5052 liberatus
1115 4996 1183 5050 de
1212 5010 1331 5051 non
1361 4996 1609 5053 liberato
1635 5000 1828 5055 discat
1855 5003 2020 5073 quod
2053 5007 2231 5062 etiam

579 5089 693 5142 sibi
727 5086 1090 5159 supplicium
1115 5086 1473 5150 conveniret,
1508 5086 1832 5157 nisigratia
1864 5092 2226 5152 subveniret.

580 5178 635 5232 Si
667 5182 863 5231 autem
899 5176 1107 5245 gratia,
1146 5175 1345 5245 utique
1390 5174 1565 5229 nullis
1599 5179 1817 5232 meritis
1843 5180 2093 5247 reddita,
2123 5184 2227 5240 sed

578 5265 837 5335 gratuita
866 5265 1133 5319 bonitate
1165 5263 1410 5319 donata.

647 5358 697 5407 5.
726 5352 825 5408 Sed
854 5354 1221 5423 injustumest,
1252 5353 1551 5425 inquiunt,
1572 5355 1633 5408 in
1657 5372 1767 5409 una
1787 5356 2065 5430 eademque
2078 5363 2219 5418 mala

636 5530 652 5599 ξ
685 5529 813 5599 Mss.
852 5534 975 5599 tre_s_,
1003 5532 1285 5599 inﬁrmare.
1315 5533 1414 5599 Alii
1454 5533 1695 5591 totidem,
1731 5535 1941 5599 inﬂare.

635 5592 831 5654 {Unus
860 5607 887 5641 e
924 5592 1092 5644 Vatic.
1129 5596 1274 5654 Mss,
1306 5597 1395 5646 ubi
1429 5611 1600 5647 omnes
1636 5614 1759 5647 una.

637 5652 706 5715 ib)
738 5654 963 5711 Zosimi.

1857 162 1918 217 S.
1958 160 2346 219 AUGUSTINI
2388 162 2714 220 EPISCOPI

2355 305 2517 344 causa
2530 288 2668 343 hunc
2698 287 2950 353 liberari,
2974 286 3132 344 illum
3157 289 3752 362 puniri.Nempeergo
3760 291 3947 361 justum

2357 384 2448 433 est
2478 384 2800 450 utrumque
2830 376 3025 450 puniri
3054 394 3066 434 :
3100 379 3364 450 quishoc
3388 379 3950 451 negaverit‘Mgamus

2355 482 2497 536 ergo
2510 468 2732 537 gratias
2758 466 3068 537 Salvatori,
3083 467 3229 522 dum
3250 467 3425 523 nobis
3437 483 3554 523 non
3569 469 3847 524 redditum
3857 487 3952 526 cer-

2356 555 2559 610 nimus
2583 556 2746 628 quod
2779 556 2838 611 in
2860 556 3253 612 damnatione
3280 556 3561 612 similium
3603 558 3773 613 etiam
3811 558 3954 615 nobis

2352 640 2622 700 debitum
2654 644 2838 699 fuisse
2856 645 3297 714 cognoscimus.
3326 645 3381 701 Si
3409 646 3567 699 enim
3598 646 3954 703 omnishomo

2351 732 2720 797 liberaretur,
2762 733 2962 805 utique
2991 733 3200 790 lateret
3237 734 3384 806 quid
3409 738 3653 806 peccato
3697 750 3792 804 per
3808 735 3957 807 justi-

2352 823 2495 878 tiam
2518 821 2836 887 debeatur;
2875 820 2927 876 si
2958 837 3157 886 nemo,
3192 822 3335 895 quid
3358 821 3549 892 gratia
3576 821 3884 891 largiretur.
3908 826 3959 879 Ut

2349 924 2492 980 ergo
2509 911 2565 965 in
2596 910 2706 965 hac
2732 909 3080 966 difficillima
3106 911 3442 983 quastione
3454 910 3646 966 verbis
3660 911 3843 982 potius
3859 918 3958 967 uta-

2352 1015 2487 1054 mur
2507 998 2793 1070 Apostoli,
2830 998 3020 1054 Valens
3045 1000 3181 1055 Deus
3210 998 3491 1055 ostendere
3512 1000 3677 1063 iram,
3695 1006 3740 1054 et
3761 998 3957 1055 demons-

2349 1093 2502 1141 trare
2511 1087 2806 1158 potentiam
2816 1089 3180 1151 suam,attulit
3199 1090 3258 1143 in
3270 1087 3440 1144 multa
3446 1088 3721 1159 patientia
3734 1104 3847 1142 vasa
3857 1089 3953 1153 ira,

2349 1191 2467 1246 qua
2495 1178 2735 1246 per/ecta
2762 1184 2885 1231 sunt
2927 1177 2987 1231 in
3020 1177 3379 1248 perditionem
3406 1194 3429 1240 ;
3454 1183 3504 1231 et
3530 1184 3589 1232 ut
3622 1181 3768 1231 notas
3790 1178 3953 1248 faceret

2342 1264 2568 1341 divitias
2595 1264 2787 1336 gloriae
2806 1281 2917 1321 sua
2954 1267 3014 1319 in
3038 1283 3163 1320 vasa
3191 1265 3585 1321 misericordia
3602 1282 3623 1319 :
3645 1266 3737 1321 cui
3760 1282 3951 1339 nonpo-

2347 1358 2456 1409 test
2481 1353 2834 1425 ﬁgmentum
2876 1354 3092 1421 dicere,
3156 1354 3334 1420 Quare
3379 1356 3457 1409 sic
3487 1353 3812 1425 mefeaisti?
3844 1372 3949 1410 cum

2342 1441 2564 1497 habeat
2590 1448 2900 1513 potestatem
2928 1460 2994 1498 ea:
3021 1444 3199 1499 eadem
3236 1460 3416 1499 massa
3439 1444 3626 1514 facere
3645 1443 3798 1503 aliud
3816 1461 3889 1498 vas
3910 1446 3952 1497 in

2343 1525 2620 1595 honorem,
2651 1530 2808 1585 aliud
2838 1530 2895 1585 in
2922 1532 3311 1588 contumeliam
3339 1531 3515 1602 (Rom.
3536 1548 3618 1597 ix,
3650 1532 3841 1602 20-20.
3871 1533 3949 1609 Ub,

2340 1617 2484 1687 quia
2502 1618 2778 1674 universa
2798 1619 2911 1675 ista
2943 1636 3149 1677 massa
3174 1622 3386 1677 merito
3411 1620 3705 1676 damnata
3724 1626 3820 1683 est,
3844 1636 3951 1675 con-

2341 1706 2648 1762 tumeliam
2676 1708 2940 1764 debitam
2994 1709 3192 1765 reddit
3214 1710 3462 1783 justitia,
3494 1708 3780 1765 honorem
3805 1709 3948 1765 donat

2335 1794 2670 1851 indebitum
2695 1798 2909 1868 gratia,
2936 1813 3057 1854 non
3091 1799 3281 1855 meriti
3306 1800 3727 1870 prarogativa,
3748 1814 3855 1853 non
3870 1798 3947 1853 fati

2336 1884 2707 1952 necessitate,
2735 1901 2856 1941 non
2885 1887 3213 1943 temeritate
3238 1888 3520 1953 fortuna,
3545 1888 3651 1944 sed
3690 1888 3945 1944 altitudine

2336 1971 2677 2029 divitiarum
2713 1974 3023 2046 sapientia
3072 1982 3129 2031 et
3159 1976 3420 2031 scientia
3468 1975 3613 2041 Dei;
3666 1991 3943 2048 quamnon

2336 2062 2545 2132 aperit,
2582 2064 2688 2118 sed
2714 2063 2982 2119 clausam
3024 2065 3274 2121 miratur
3302 2064 3650 2137 Apostolus,
3678 2064 3937 2121 clamans:

2337 2150 2382 2205 0
2408 2150 2642 2206 altitudo
2670 2151 2997 2208 divitiarum
3017 2154 3302 2225 sapientia
3319 2161 3368 2208 et
3392 2154 3645 2208 scientia
3664 2153 3786 2209 Dei!
3813 2154 3938 2218 Quam

2330 2239 2715 2295 inscrutabilia
2728 2249 2851 2297 sunt
2856 2242 2886 2312 j
2892 2242 3075 2297 udicia
3087 2244 3136 2314 ej
3140 2259 3219 2306 us.
3235 2250 3283 2297 et
3308 2243 3480 2297 invest
3488 2242 3714 2314 ignbiles
3730 2244 3821 2297 vix
3830 2243 3937 2311 ejus!

2333 2327 2467 2393 Quis
2493 2332 2633 2384 enim
2654 2332 2890 2402 cognovit
2915 2348 3125 2387 sensum
3149 2332 3374 2386 Domini
3404 2333 3433 2387 ?
3463 2340 3565 2387 aut
3596 2334 3713 2403 quis
3732 2333 3934 2387 consilia.

2330 2418 2449 2472 rius
2478 2420 2595 2488 ejus
2625 2418 2736 2490 fuit
2762 2420 2789 2475 ‘l
2809 2426 2904 2474 aut
2929 2421 3048 2491 quis
3074 2424 3241 2492 prior
3260 2420 3407 2475 dedit
3440 2420 3558 2486 illi,
3591 2428 3639 2475 et
3662 2421 3937 2476 retribuetur

2331 2507 2419 2563 ei?
2434 2506 2701 2572 Quoniam
2715 2524 2783 2562 ea:
2803 2509 2935 2579 ipso,
2953 2517 3002 2564 et
3019 2527 3115 2580 per
3130 2512 3322 2581 ipsum,
3334 2517 3385 2564 et
3406 2510 3466 2564 in
3500 2510 3617 2581 ipso
3628 2518 3747 2565 sunt
3760 2511 3905 2565 omnia
3921 2526 3934 2561 :

2331 2597 2437 2666 ipsi
2459 2595 2638 2667 gloria
2670 2597 2729 2651 in
2753 2598 2952 2652 saecula
2966 2598 3309 2654 saculorum.
3340 2600 3522 2653 Amen
3549 2599 3655 2671 (Id.
3679 2616 3755 2664 ιι,
3774 2600 3931 2667 33-36).

2404 2686 2630 2741 CAPUT
2662 2687 2747 2741 lll.
2791 2717 2854 2727 —
2873 2689 2927 2742 6.
2952 2687 3379 2743 Noluntautem
3403 2695 3465 2743 ut
3503 2689 3877 2761 sitipsigloria
3892 2688 3931 2740 in

2329 2773 2730 2844 justiticandis
2743 2775 2939 2847 impiis
2952 2776 3205 2845 gratuita
3219 2776 3430 2848 gratia,
3448 2778 3556 2851 qui
3571 2778 3621 2848 ej
3634 2780 3930 2848 usignoran-

2336 2866 2425 2917 tes
2452 2863 2766 2933 justitiam,
2790 2880 2961 2919 suam
2990 2863 3197 2919 volunt
3221 2862 3931 2935 constituere(Id.x,3):vel

2333 2952 2461 3022 jam
2476 2950 2977 3007 conclamantium
2993 2952 3481 3025 religiosorumet
3495 2957 3725 3026 piorum
3742 2953 3932 3009 vocibus

2338 3040 2554 3111 pressi,
2585 3042 2663 3095 ita
2688 3057 2750 3095 se
2769 3040 3025 3096 fatentur
3042 3042 3119 3096 ad
3148 3040 3500 3097 habendam
3528 3057 3632 3098 seu
3658 3040 3931 3099 faciendam

2334 3128 2624 3200 justitiam
2648 3128 2928 3184 divinitus
2954 3129 3252 3200 adjuvari,
3271 3126 3929 3203 utsuipracedataliquid

2342 3218 2733 3288 meriti,quasi
2749 3216 2975 3289 priores
2991 3216 3255 3273 volentes
3267 3218 3412 3274 dare
3428 3227 3492 3275 ut
3521 3220 3849 3275 retribuatur
3874 3219 3929 3272 eis

2342 3306 2421 3362 ab
2443 3305 2540 3360 illo
2571 3307 2645 3360 de
2675 3322 2797 3378 quo
2827 3307 3055 3363 dictum
3077 3312 3182 3373 est,
3214 3307 3346 3373 Quis
3358 3309 3530 3379 prior
3547 3308 3691 3363 dedit
3705 3309 3799 3371 illi,
3817 3315 3853 3361 et
3875 3322 3929 3359 re-

2346 3393 2622 3449 tribuetur
2638 3396 2725 3458 ei;
2748 3400 2803 3449 et
2816 3410 2924 3450 suo
2948 3402 3224 3465 putantes
3241 3398 3451 3467 praire
3466 3400 3673 3453 merito
3687 3397 3857 3452 illum‘
3879 3393 3927 3448 de

2343 3495 2463 3553 quo
2494 3480 2766 3546 audiunt,
2799 3487 2898 3537 aut
2922 3483 3122 3553 potius
3154 3481 3362 3538 audire
3384 3483 3619 3555 nolunt,
3641 3485 3927 3560 Quoniam“

2346 3571 2479 3642 ipso,
2507 3575 2556 3623 et
2575 3586 2677 3641 per
2707 3571 2904 3641 ipsum,
2931 3578 2979 3625 et
3008 3571 3066 3626 in
3094 3571 3207 3643 ipso
3230 3580 3355 3628 sunt
3379 3574 3835 3639 omnia.Quarum
3859 3584 3926 3625 au-

2347 3663 2463 3715 tem
2501 3658 2846 3714 divitiarum
2886 3666 2974 3715 est
3011 3660 3262 3717 altitudo
3288 3663 3602 3734 sapientia
3644 3671 3697 3718 et
3730 3660 3923 3717 scientia

2347 3748 2476 3819 ejus
2485 3763 2579 3814 ,ex
2591 3747 2682 3802 his
2699 3747 3061 3804 suntdivitia
3074 3748 3277 3821 gloria
3290 3750 3421 3821 ejus
3437 3752 3499 3807 in
3513 3768 3657 3808 vasa
3670 3750 3925 3806 misericor-

2346 3836 2483 3903 dia,
2517 3853 2651 3908 qua
2666 3841 2840 3891 vocat
2856 3836 2915 3891 in
2943 3837 3362 3909 adoptionem;
3391 3855 3549 3911 quas
3570 3840 3922 3895 divitiasnotas

2347 3925 2473 3981 vult
2500 3924 2693 3981 facere
2714 3926 2890 3980 etiam
2912 3941 3015 3997 per
3032 3941 3175 3982 vasa
3192 3928 3313 3995 ira,
3341 3944 3480 4001 qua
3503 3930 3752 4001 perfecta
3766 3930 3870 3981 sunt
3886 3924 3922 3977 in

2350 4014 2766 4085 perditionem.
2802 4016 2866 4070 Et
2896 4030 3031 4086 qua
3056 4021 3195 4071 sunt
3226 4016 3334 4072 via
3378 4015 3820 4087 investigabiles,
3846 4010 3919 4068 nisi
4000 4028 4003 4097 Α

2349 4103 2423 4158 de
2454 4100 2673 4174 quibus
2706 4103 2764 4157 in
2795 4102 3308 4159 Psalmocanitur:
3331 4104 3609 4160 Universae
3640 4106 3739 4161 via
3762 4101 3923 4158 Domini

2348 4191 2728 4247 misericordia
2756 4197 2803 4246 et
2818 4192 3203 4264 veritas(Psal.
3221 4198 3379 4260 xxiv,
3416 4197 3505 4267 10)
3520 4194 3548 4250 ‘i
3568 4189 3921 4264 lgiturinvesti-

2350 4280 2578 4351 gabiles
2607 4286 2745 4335 sunt
2769 4280 3177 4338 misericordia
3194 4288 3250 4339 et
3270 4284 3488 4339 veritas
3514 4287 3676 4355 ejus:
3699 4282 3920 4355 quoniam

2350 4370 2521 4440 cujus
2545 4368 2668 4424 vult
2688 4369 3018 4437 miseretur,
3037 4386 3156 4426 non
3170 4371 3419 4442 justitia,
3441 4374 3547 4428 sed
3573 4368 3919 4428 misericordis

2348 4458 2539 4527 gratia
2557 4462 2577 4492 ³
2598 4472 2612 4522 ;
2637 4464 2691 4513 et
2710 4472 2892 4530 quem
2926 4458 3051 4515 vult
3079 4459 3359 4527 obdurat,
3391 4476 3515 4516 non
3540 4461 3835 4533 iniquitate,
3851 4454 3919 4509 sed

2348 4548 2585 4602 veritate
2603 4546 2899 4602 vindicta.
2938 4549 3079 4613 Qua
3111 4554 3313 4605 tamen
3346 4550 3799 4607 misericordiaet
3824 4544 3919 4601 veri-

2346 4639 2437 4690 tas
2460 4636 2539 4689 ita
2568 4635 3033 4705 sibioccurrunt,
3060 4636 3204 4707 quia
3231 4639 3517 4708 scriptum
3542 4644 3643 4707 est,
3669 4634 3918 4693 Misericor-

2343 4722 2437 4778 dia
2465 4731 2513 4779 et
2541 4724 2742 4778 veritas
2770 4723 3119 4779 obviaverunt
3142 4725 3250 4780 sibi
3277 4726 3451 4798 (Psal.
3494 4743 3712 4797 Lunv,
3744 4724 3815 4796 ll)
3848 4740 3857 4786 ;
3881 4724 3916 4773 ut

2344 4828 2452 4867 nec
2477 4813 2881 4869 misericordia
2908 4814 3197 4885 impediat
3228 4815 3556 4882 veritatem,
3582 4832 3697 4888 qua
3709 4814 3915 4886 plectitur

2342 4900 2581 4970 dignus,
2614 4917 2722 4957 nec
2766 4903 2980 4957 veritas
3032 4904 3524 4971 misericordiam,
3554 4920 3671 4977 qua
3692 4903 3915 4959 liberatur

2342 4990 2648 5060 indignus.
2673 4991 2809 5056 Qua
2837 4991 3015 5059 igitur
3037 5007 3148 5047 sua
3171 4994 3711 5064 meritajactaturus
3725 4998 3800 5047 est
3816 4988 3913 5043 libe-

2340 5086 2522 5144 ratus,
2565 5095 2702 5134 cum
2734 5080 2781 5134 si
2812 5080 2995 5149 digna
3022 5082 3143 5135 suis
3168 5081 3390 5137 meritis
3419 5082 3794 5143 redderentur,
3828 5086 3909 5129 non

2339 5174 2495 5223 esset
2524 5167 2638 5223 nisi
2666 5168 2990 5225 damnatus
3018 5168 3047 5223 τ
3073 5170 3324 5227 Nullane
3381 5170 3558 5242 igitur
3587 5178 3710 5226 sunt
3755 5166 3908 5223 merita

2332 5257 2632 5327 justorum
2661 5258 2689 5311 ?
2716 5259 2863 5314 Sunt
2884 5258 3083 5331 plane,
3113 5260 3257 5331 quia
3280 5260 3422 5331 justi
3445 5265 3600 5316 sunt.
3624 5258 3723 5316 Sed
3744 5250 3905 5324 utjusti

2335 5344 2563 5412 ﬁerent,
2596 5347 2805 5402 merita
2844 5361 2965 5401 non
3003 5346 3240 5405 fuerunt
3274 5365 3288 5403 :
3315 5349 3456 5419 justi
3474 5349 3624 5404 enim
3653 5346 3766 5403 facti
3790 5344 3899 5400 sunt.

2398 5488 2779 5556 {Msslnovem
2803 5503 2815 5536 :
2840 5488 3025 5556 Etsua
3041 5496 3280 5556 putantes
3299 5492 3488 5556 grain
3505 5491 3677 5556 merita
3699 5482 3892 5556 adfui?!

2393 5552 2412 5582 ⁸
2440 5550 2525 5618 Sic
2547 5550 2885 5618 Bad.A_m.‘c-t
2908 5548 3235 5618 Er._Kt_Lov.
3262 5569 3276 5604 :
3299 5548 3428 5618 ίΝοιι
3443 5554 3666 5618 justitia,
3696 5548 3768 5618 {ad
3787 5548 3892 5618 φίξέ

2331 5611 2572 5685 ricordiai
2596 5614 2793 5678 gratia.
2814 5614 2937 5665 Mss.
2962 5614 3238 5682 plerique:
3266 5617 3387 5669 Non
3408 5611 3631 5683 futtilia.
3652 5612 3728 5665 sed
3749 5611 3893 5660 ιιίιινι·

2335 5674 2539 5727 cordia.
