  <div class='ocr_page' id='page_1' title='image "/cluster/home/n/w/nwhite01/storage/ocr_20150623/33/hvd.32044096580568/438.png"; bbox 0 0 4118 6164; ppageno 0'>
   <div class='ocr_carea' id='block_1_1' title="bbox 245 182 355 240">
    <p class='ocr_par' dir='ltr' id='par_1_1' title="bbox 245 182 355 240">
     <span class='ocr_line' id='line_1_1' title="bbox 245 182 355 240; baseline 0.018 -2"><span class='ocrx_word' id='word_1_1' title='bbox 245 182 355 240; x_wconf 75' lang='grc'><strong>881</strong></span> 
     </span>
    </p>
   </div>
   <div class='ocr_carea' id='block_1_2' title="bbox 250 309 1907 388">
    <p class='ocr_par' dir='ltr' id='par_1_2' title="bbox 250 309 1907 388">
     <span class='ocr_line' id='line_1_2' title="bbox 250 309 1907 388; baseline 0.008 -25"><span class='ocrx_word' id='word_1_2' title='bbox 250 323 280 363; x_wconf 83' lang='lat' dir='ltr'><strong>s</strong></span> <span class='ocrx_word' id='word_1_3' title='bbox 290 311 380 364; x_wconf 91' lang='lat' dir='ltr'><strong>tra</strong></span> <span class='ocrx_word' id='word_1_4' title='bbox 395 309 515 366; x_wconf 90' lang='lat' dir='ltr'><strong>Deo</strong></span> <span class='ocrx_word' id='word_1_5' title='bbox 528 311 823 375; x_wconf 77' lang='lat' dir='ltr'><strong>cantatur,</strong></span> <span class='ocrx_word' id='word_1_6' title='bbox 838 311 915 367; x_wconf 83' lang='lat' dir='ltr'><strong>Et</strong></span> <span class='ocrx_word' id='word_1_7' title='bbox 934 312 1334 374; x_wconf 79' lang='lat' dir='ltr'><strong>misericordia</strong></span> <span class='ocrx_word' id='word_1_8' title='bbox 1346 319 1473 386; x_wconf 81' lang='lat' dir='ltr'><strong>eius</strong></span> <span class='ocrx_word' id='word_1_9' title='bbox 1481 320 1806 388; x_wconf 65' lang='lat' dir='ltr'><strong>praeveniet</strong></span> <span class='ocrx_word' id='word_1_10' title='bbox 1816 334 1907 377; x_wconf 89' lang='lat' dir='ltr'><strong>me</strong></span> 
     </span>
    </p>
   </div>
   <div class='ocr_carea' id='block_1_3' title="bbox 245 397 1909 482">
    <p class='ocr_par' dir='ltr' id='par_1_3' title="bbox 245 397 1909 482">
     <span class='ocr_line' id='line_1_3' title="bbox 245 397 1909 482; baseline 0.007 -30"><span class='ocrx_word' id='word_1_11' title='bbox 245 397 438 466; x_wconf 85' lang='lat' dir='ltr'><strong>(Psal.</strong></span> <span class='ocrx_word' id='word_1_12' title='bbox 466 401 624 460; x_wconf 81' lang='lat' dir='ltr'><strong>Lviu,</strong></span> <span class='ocrx_word' id='word_1_13' title='bbox 658 401 747 470; x_wconf 82' lang='lat' dir='ltr'><strong>tt)</strong></span> <span class='ocrx_word' id='word_1_14' title='bbox 773 418 786 465; x_wconf 89' lang='lat'><strong>;</strong></span> <span class='ocrx_word' id='word_1_15' title='bbox 819 405 895 464; x_wconf 91' lang='lat' dir='ltr'><strong>et,</strong></span> <span class='ocrx_word' id='word_1_16' title='bbox 927 403 1338 462; x_wconf 75' lang='lat' dir='ltr'><strong>Misericordia</strong></span> <span class='ocrx_word' id='word_1_17' title='bbox 1368 408 1494 476; x_wconf 84' lang='lat' dir='ltr'><strong>ejus</strong></span> <span class='ocrx_word' id='word_1_18' title='bbox 1517 409 1909 482; x_wconf 87' lang='lat' dir='ltr'><strong>subsequetur</strong></span> 
     </span>
    </p>
   </div>
   <div class='ocr_carea' id='block_1_4' title="bbox 241 487 1904 569">
    <p class='ocr_par' dir='ltr' id='par_1_4' title="bbox 241 487 1904 569">
     <span class='ocr_line' id='line_1_4' title="bbox 241 487 1904 569; baseline 0.007 -27"><span class='ocrx_word' id='word_1_19' title='bbox 241 501 336 542; x_wconf 89' lang='lat' dir='ltr'><strong>me</strong></span> <span class='ocrx_word' id='word_1_20' title='bbox 363 487 548 558; x_wconf 86' lang='lat' dir='ltr'><strong>(Psal.</strong></span> <span class='ocrx_word' id='word_1_21' title='bbox 583 504 720 553; x_wconf 85' lang='lat' dir='ltr'><strong>xxn,</strong></span> <span class='ocrx_word' id='word_1_22' title='bbox 755 489 830 559; x_wconf 87' lang='lat'><strong>6).</strong></span> <span class='ocrx_word' id='word_1_23' title='bbox 866 491 1029 548; x_wconf 88' lang='lat' dir='ltr'><strong>Unde</strong></span> <span class='ocrx_word' id='word_1_24' title='bbox 1063 497 1118 548; x_wconf 95' lang='lat' dir='ltr'><strong>et</strong></span> <span class='ocrx_word' id='word_1_25' title='bbox 1148 493 1278 564; x_wconf 89' lang='lat' dir='ltr'><strong>ipsa</strong></span> <span class='ocrx_word' id='word_1_26' title='bbox 1329 496 1444 552; x_wconf 92' lang='lat' dir='ltr'><strong>vita</strong></span> <span class='ocrx_word' id='word_1_27' title='bbox 1491 502 1732 561; x_wconf 86' lang='lat' dir='ltr'><strong>aterna,</strong></span> <span class='ocrx_word' id='word_1_28' title='bbox 1765 514 1904 569; x_wconf 80' lang='lat' dir='ltr'><strong>qua</strong></span> 
     </span>
    </p>
   </div>
   <div class='ocr_carea' id='block_1_5' title="bbox 241 575 1906 651">
    <p class='ocr_par' dir='ltr' id='par_1_5' title="bbox 241 575 1906 651">
     <span class='ocr_line' id='line_1_5' title="bbox 241 575 1906 651; baseline 0.008 -21"><span class='ocrx_word' id='word_1_29' title='bbox 241 575 448 647; x_wconf 86' lang='lat' dir='ltr'><strong>utique</strong></span> <span class='ocrx_word' id='word_1_30' title='bbox 475 577 534 632; x_wconf 90' lang='lat' dir='ltr'><strong>in</strong></span> <span class='ocrx_word' id='word_1_31' title='bbox 589 577 708 633; x_wconf 91' lang='lat' dir='ltr'><strong>ﬁne</strong></span> <span class='ocrx_word' id='word_1_32' title='bbox 738 579 863 634; x_wconf 83' lang='lat' dir='ltr'><strong>sine</strong></span> <span class='ocrx_word' id='word_1_33' title='bbox 907 579 1024 635; x_wconf 92' lang='lat' dir='ltr'><strong>ﬁne</strong></span> <span class='ocrx_word' id='word_1_34' title='bbox 1052 581 1391 651; x_wconf 83' lang='lat' dir='ltr'><strong>habebitur,</strong></span> <span class='ocrx_word' id='word_1_35' title='bbox 1423 591 1478 641; x_wconf 90' lang='lat' dir='ltr'><strong>et</strong></span> <span class='ocrx_word' id='word_1_36' title='bbox 1512 586 1646 641; x_wconf 92' lang='lat' dir='ltr'><strong>ideo</strong></span> <span class='ocrx_word' id='word_1_37' title='bbox 1681 589 1906 643; x_wconf 79' lang='lat' dir='ltr'><strong>meritis</strong></span> 
     </span>
    </p>
   </div>
   <div class='ocr_carea' id='block_1_6' title="bbox 241 665 1907 744">
    <p class='ocr_par' dir='ltr' id='par_1_6' title="bbox 241 665 1907 744">
     <span class='ocr_line' id='line_1_6' title="bbox 241 665 1907 744; baseline 0.008 -25"><span class='ocrx_word' id='word_1_38' title='bbox 241 665 714 736; x_wconf 84' lang='lat' dir='ltr'><strong>pracedentibus</strong></span> <span class='ocrx_word' id='word_1_39' title='bbox 743 667 1044 739; x_wconf 84' lang='lat' dir='ltr'><strong>redditur;</strong></span> <span class='ocrx_word' id='word_1_40' title='bbox 1076 675 1278 726; x_wconf 88' lang='lat' dir='ltr'><strong>tamen</strong></span> <span class='ocrx_word' id='word_1_41' title='bbox 1305 674 1447 744; x_wconf 87' lang='lat' dir='ltr'><strong>quia</strong></span> <span class='ocrx_word' id='word_1_42' title='bbox 1463 675 1677 730; x_wconf 90' lang='lat' dir='ltr'><strong>eadem</strong></span> <span class='ocrx_word' id='word_1_43' title='bbox 1695 677 1907 732; x_wconf 91' lang='lat' dir='ltr'><strong>merita</strong></span> 
     </span>
    </p>
   </div>
   <div class='ocr_carea' id='block_1_7' title="bbox 237 754 1903 836">
    <p class='ocr_par' dir='ltr' id='par_1_7' title="bbox 237 754 1903 836">
     <span class='ocr_line' id='line_1_7' title="bbox 237 754 1903 836; baseline 0.009 -30"><span class='ocrx_word' id='word_1_44' title='bbox 237 754 464 826; x_wconf 84' lang='lat' dir='ltr'><strong>quibus</strong></span> <span class='ocrx_word' id='word_1_45' title='bbox 489 755 782 821; x_wconf 81' lang='lat' dir='ltr'><strong>redditur,</strong></span> <span class='ocrx_word' id='word_1_46' title='bbox 815 772 936 813; x_wconf 92' lang='lat' dir='ltr'><strong>non</strong></span> <span class='ocrx_word' id='word_1_47' title='bbox 968 773 1003 813; x_wconf 90' lang='lat' dir='ltr'><strong>a</strong></span> <span class='ocrx_word' id='word_1_48' title='bbox 1032 759 1206 814; x_wconf 89' lang='lat' dir='ltr'><strong>nobis</strong></span> <span class='ocrx_word' id='word_1_49' title='bbox 1243 768 1453 831; x_wconf 88' lang='lat' dir='ltr'><strong>parata</strong></span> <span class='ocrx_word' id='word_1_50' title='bbox 1479 770 1622 819; x_wconf 91' lang='lat' dir='ltr'><strong>sunt</strong></span> <span class='ocrx_word' id='word_1_51' title='bbox 1643 781 1903 836; x_wconf 88' lang='lat' dir='ltr'><strong>pernos-</strong></span> 
     </span>
    </p>
   </div>
   <div class='ocr_carea' id='block_1_8' title="bbox 240 843 1901 924">
    <p class='ocr_par' dir='ltr' id='par_1_8' title="bbox 240 843 1901 924">
     <span class='ocr_line' id='line_1_8' title="bbox 240 843 1901 924; baseline 0.007 -25"><span class='ocrx_word' id='word_1_52' title='bbox 240 847 398 899; x_wconf 91' lang='lat' dir='ltr'><strong>tram</strong></span> <span class='ocrx_word' id='word_1_53' title='bbox 430 843 876 914; x_wconf 89' lang='lat' dir='ltr'><strong>sufﬁcientiam,</strong></span> <span class='ocrx_word' id='word_1_54' title='bbox 906 847 1010 902; x_wconf 89' lang='lat' dir='ltr'><strong>sed</strong></span> <span class='ocrx_word' id='word_1_55' title='bbox 1032 848 1090 902; x_wconf 93' lang='lat' dir='ltr'><strong>in</strong></span> <span class='ocrx_word' id='word_1_56' title='bbox 1117 849 1288 904; x_wconf 90' lang='lat' dir='ltr'><strong>nobis</strong></span> <span class='ocrx_word' id='word_1_57' title='bbox 1311 850 1466 906; x_wconf 83' lang='lat' dir='ltr'><strong>facta</strong></span> <span class='ocrx_word' id='word_1_58' title='bbox 1489 868 1595 924; x_wconf 88' lang='lat' dir='ltr'><strong>per</strong></span> <span class='ocrx_word' id='word_1_59' title='bbox 1624 855 1901 922; x_wconf 82' lang='lat' dir='ltr'><strong>gratiam,</strong></span> 
     </span>
    </p>
   </div>
   <div class='ocr_carea' id='block_1_9' title="bbox 241 932 1902 1008">
    <p class='ocr_par' dir='ltr' id='par_1_9' title="bbox 241 932 1902 1008">
     <span class='ocr_line' id='line_1_9' title="bbox 241 932 1902 1008; baseline 0.006 -20"><span class='ocrx_word' id='word_1_60' title='bbox 241 932 423 988; x_wconf 85' lang='lat' dir='ltr'><strong>etiam</strong></span> <span class='ocrx_word' id='word_1_61' title='bbox 464 933 597 1005; x_wconf 90' lang='lat' dir='ltr'><strong>ipsa</strong></span> <span class='ocrx_word' id='word_1_62' title='bbox 638 934 832 1005; x_wconf 88' lang='lat' dir='ltr'><strong>gratia</strong></span> <span class='ocrx_word' id='word_1_63' title='bbox 862 941 1266 1008; x_wconf 88' lang='lat' dir='ltr'><strong>nuncupatur,</strong></span> <span class='ocrx_word' id='word_1_64' title='bbox 1301 955 1423 995; x_wconf 91' lang='lat' dir='ltr'><strong>non</strong></span> <span class='ocrx_word' id='word_1_65' title='bbox 1471 943 1550 996; x_wconf 94' lang='lat' dir='ltr'><strong>ob</strong></span> <span class='ocrx_word' id='word_1_66' title='bbox 1581 942 1747 998; x_wconf 89' lang='lat' dir='ltr'><strong>aliud</strong></span> <span class='ocrx_word' id='word_1_67' title='bbox 1788 943 1902 998; x_wconf 87' lang='lat' dir='ltr'><strong>nisi</strong></span> 
     </span>
    </p>
   </div>
   <div class='ocr_carea' id='block_1_10' title="bbox 241 1021 1899 1098">
    <p class='ocr_par' dir='ltr' id='par_1_10' title="bbox 241 1021 1899 1098">
     <span class='ocr_line' id='line_1_10' title="bbox 241 1021 1899 1098; baseline 0.006 -22"><span class='ocrx_word' id='word_1_68' title='bbox 241 1021 389 1092; x_wconf 84' lang='lat' dir='ltr'><strong>quia</strong></span> <span class='ocrx_word' id='word_1_69' title='bbox 415 1021 598 1090; x_wconf 78' lang='lat' dir='ltr'><strong>gratis</strong></span> <span class='ocrx_word' id='word_1_70' title='bbox 619 1022 795 1078; x_wconf 90' lang='lat' dir='ltr'><strong>datur</strong></span> <span class='ocrx_word' id='word_1_71' title='bbox 819 1041 832 1090; x_wconf 92' lang='lat'><strong>;</strong></span> <span class='ocrx_word' id='word_1_72' title='bbox 859 1039 966 1079; x_wconf 90' lang='lat' dir='ltr'><strong>nec</strong></span> <span class='ocrx_word' id='word_1_73' title='bbox 993 1025 1129 1082; x_wconf 91' lang='lat' dir='ltr'><strong>ideo</strong></span> <span class='ocrx_word' id='word_1_74' title='bbox 1150 1027 1293 1098; x_wconf 86' lang='lat' dir='ltr'><strong>quia</strong></span> <span class='ocrx_word' id='word_1_75' title='bbox 1320 1044 1440 1084; x_wconf 92' lang='lat' dir='ltr'><strong>non</strong></span> <span class='ocrx_word' id='word_1_76' title='bbox 1463 1030 1688 1086; x_wconf 88' lang='lat' dir='ltr'><strong>meritis</strong></span> <span class='ocrx_word' id='word_1_77' title='bbox 1704 1032 1899 1097; x_wconf 89' lang='lat' dir='ltr'><strong>datur,</strong></span> 
     </span>
    </p>
   </div>
   <div class='ocr_carea' id='block_1_11' title="bbox 242 1109 1899 1190">
    <p class='ocr_par' dir='ltr' id='par_1_11' title="bbox 242 1109 1899 1190">
     <span class='ocr_line' id='line_1_11' title="bbox 242 1109 1899 1190; baseline 0.007 -26"><span class='ocrx_word' id='word_1_78' title='bbox 242 1109 351 1165; x_wconf 90' lang='lat' dir='ltr'><strong>sed</strong></span> <span class='ocrx_word' id='word_1_79' title='bbox 383 1110 526 1182; x_wconf 88' lang='lat' dir='ltr'><strong>quia</strong></span> <span class='ocrx_word' id='word_1_80' title='bbox 578 1111 721 1167; x_wconf 92' lang='lat' dir='ltr'><strong>data</strong></span> <span class='ocrx_word' id='word_1_81' title='bbox 751 1116 892 1167; x_wconf 90' lang='lat' dir='ltr'><strong>sunt</strong></span> <span class='ocrx_word' id='word_1_82' title='bbox 928 1118 984 1169; x_wconf 89' lang='lat' dir='ltr'><strong>et</strong></span> <span class='ocrx_word' id='word_1_83' title='bbox 1035 1114 1168 1185; x_wconf 87' lang='lat' dir='ltr'><strong>ipsa</strong></span> <span class='ocrx_word' id='word_1_84' title='bbox 1195 1116 1405 1173; x_wconf 90' lang='lat' dir='ltr'><strong>merita</strong></span> <span class='ocrx_word' id='word_1_85' title='bbox 1452 1118 1672 1190; x_wconf 82' lang='lat' dir='ltr'><strong>quibus</strong></span> <span class='ocrx_word' id='word_1_86' title='bbox 1701 1119 1899 1176; x_wconf 89' lang='lat' dir='ltr'><strong>datur.</strong></span> 
     </span>
    </p>
   </div>
   <div class='ocr_carea' id='block_1_12' title="bbox 243 1197 1902 1279">
    <p class='ocr_par' dir='ltr' id='par_1_12' title="bbox 243 1197 1902 1279">
     <span class='ocr_line' id='line_1_12' title="bbox 243 1197 1902 1279; baseline 0.007 -26"><span class='ocrx_word' id='word_1_87' title='bbox 243 1197 352 1254; x_wconf 91' lang='lat' dir='ltr'><strong>Ubi</strong></span> <span class='ocrx_word' id='word_1_88' title='bbox 385 1202 588 1255; x_wconf 90' lang='lat' dir='ltr'><strong>autem</strong></span> <span class='ocrx_word' id='word_1_89' title='bbox 621 1200 964 1257; x_wconf 84' lang='lat' dir='ltr'><strong>invenimus</strong></span> <span class='ocrx_word' id='word_1_90' title='bbox 994 1203 1176 1260; x_wconf 88' lang='lat' dir='ltr'><strong>etiam</strong></span> <span class='ocrx_word' id='word_1_91' title='bbox 1215 1205 1401 1261; x_wconf 88' lang='lat' dir='ltr'><strong>vitam</strong></span> <span class='ocrx_word' id='word_1_92' title='bbox 1454 1213 1742 1263; x_wconf 87' lang='lat' dir='ltr'><strong>aternam</strong></span> <span class='ocrx_word' id='word_1_93' title='bbox 1772 1225 1902 1279; x_wconf 89' lang='lat' dir='ltr'><strong>gra-</strong></span> 
     </span>
    </p>
   </div>
   <div class='ocr_carea' id='block_1_13' title="bbox 239 1287 1900 1366">
    <p class='ocr_par' dir='ltr' id='par_1_13' title="bbox 239 1287 1900 1366">
     <span class='ocr_line' id='line_1_13' title="bbox 239 1287 1900 1366; baseline 0.006 -23"><span class='ocrx_word' id='word_1_94' title='bbox 239 1287 385 1344; x_wconf 82' lang='lat' dir='ltr'><strong>tiam</strong></span> <span class='ocrx_word' id='word_1_95' title='bbox 418 1291 776 1361; x_wconf 86' lang='lat' dir='ltr'><strong>nuncupari,</strong></span> <span class='ocrx_word' id='word_1_96' title='bbox 807 1290 1101 1347; x_wconf 89' lang='lat' dir='ltr'><strong>habemus</strong></span> <span class='ocrx_word' id='word_1_97' title='bbox 1153 1296 1315 1365; x_wconf 89' lang='lat' dir='ltr'><strong>apud</strong></span> <span class='ocrx_word' id='word_1_98' title='bbox 1366 1295 1646 1351; x_wconf 91' lang='lat' dir='ltr'><strong>eumdem</strong></span> <span class='ocrx_word' id='word_1_99' title='bbox 1698 1299 1900 1366; x_wconf 88' lang='lat' dir='ltr'><strong>gratia</strong></span> 
     </span>
    </p>
   </div>
   <div class='ocr_carea' id='block_1_14' title="bbox 238 1377 1903 1453">
    <p class='ocr_par' dir='ltr' id='par_1_14' title="bbox 238 1377 1903 1453">
     <span class='ocr_line' id='line_1_14' title="bbox 238 1377 1903 1453; baseline 0.007 -23"><span class='ocrx_word' id='word_1_100' title='bbox 238 1377 634 1447; x_wconf 88' lang='lat' dir='ltr'><strong>magniﬁcum</strong></span> <span class='ocrx_word' id='word_1_101' title='bbox 671 1378 1051 1436; x_wconf 88' lang='lat' dir='ltr'><strong>defensorem</strong></span> <span class='ocrx_word' id='word_1_102' title='bbox 1083 1383 1421 1453; x_wconf 91' lang='lat' dir='ltr'><strong>apostolum</strong></span> <span class='ocrx_word' id='word_1_103' title='bbox 1457 1385 1702 1441; x_wconf 86' lang='lat' dir='ltr'><strong>Paulum</strong></span> <span class='ocrx_word' id='word_1_104' title='bbox 1737 1402 1750 1441; x_wconf 91' lang='lat'><strong>:</strong></span> <span class='ocrx_word' id='word_1_105' title='bbox 1783 1386 1903 1442; x_wconf 85' lang='lat' dir='ltr'><strong>Sti-</strong></span> 
     </span>
    </p>
   </div>
   <div class='ocr_carea' id='block_1_15' title="bbox 233 1466 1902 1543">
    <p class='ocr_par' dir='ltr' id='par_1_15' title="bbox 233 1466 1902 1543">
     <span class='ocr_line' id='line_1_15' title="bbox 233 1466 1902 1543; baseline 0.007 -24"><span class='ocrx_word' id='word_1_106' title='bbox 233 1466 543 1535; x_wconf 79' lang='lat' dir='ltr'><strong>pendium,</strong></span> <span class='ocrx_word' id='word_1_107' title='bbox 560 1466 772 1539; x_wconf 88' lang='lat' dir='ltr'><strong>inquit,</strong></span> <span class='ocrx_word' id='word_1_108' title='bbox 789 1470 1019 1536; x_wconf 87' lang='lat' dir='ltr'><strong>peccati</strong></span> <span class='ocrx_word' id='word_1_109' title='bbox 1036 1487 1194 1527; x_wconf 89' lang='lat' dir='ltr'><strong>mors</strong></span> <span class='ocrx_word' id='word_1_110' title='bbox 1214 1479 1298 1528; x_wconf 89' lang='lat' dir='ltr'><strong>est</strong></span> <span class='ocrx_word' id='word_1_111' title='bbox 1319 1493 1340 1542; x_wconf 87' lang='lat'><strong>,-</strong></span> <span class='ocrx_word' id='word_1_112' title='bbox 1358 1475 1561 1543; x_wconf 86' lang='lat' dir='ltr'><strong>gratia</strong></span> <span class='ocrx_word' id='word_1_113' title='bbox 1583 1481 1774 1530; x_wconf 88' lang='lat' dir='ltr'><strong>autem</strong></span> <span class='ocrx_word' id='word_1_114' title='bbox 1793 1477 1902 1532; x_wconf 90' lang='lat' dir='ltr'><strong>Dei</strong></span> 
     </span>
    </p>
   </div>
   <div class='ocr_carea' id='block_1_16' title="bbox 237 1553 1896 1634">
    <p class='ocr_par' dir='ltr' id='par_1_16' title="bbox 237 1553 1896 1634">
     <span class='ocr_line' id='line_1_16' title="bbox 237 1553 1896 1634; baseline 0.005 -24"><span class='ocrx_word' id='word_1_115' title='bbox 237 1553 364 1610; x_wconf 87' lang='lat' dir='ltr'><strong>vita</strong></span> <span class='ocrx_word' id='word_1_116' title='bbox 394 1561 619 1611; x_wconf 78' lang='lat' dir='ltr'><strong>aterna</strong></span> <span class='ocrx_word' id='word_1_117' title='bbox 649 1557 711 1610; x_wconf 90' lang='lat' dir='ltr'><strong>in</strong></span> <span class='ocrx_word' id='word_1_118' title='bbox 746 1557 985 1614; x_wconf 81' lang='lat' dir='ltr'><strong>Christo</strong></span> <span class='ocrx_word' id='word_1_119' title='bbox 1007 1560 1150 1615; x_wconf 86' lang='lat' dir='ltr'><strong>Jesu</strong></span> <span class='ocrx_word' id='word_1_120' title='bbox 1187 1560 1428 1618; x_wconf 88' lang='lat' dir='ltr'><strong>domino</strong></span> <span class='ocrx_word' id='word_1_121' title='bbox 1475 1569 1676 1618; x_wconf 86' lang='lat' dir='ltr'><strong>nostro</strong></span> <span class='ocrx_word' id='word_1_122' title='bbox 1707 1563 1896 1634; x_wconf 86' lang='lat' dir='ltr'><strong>(Rom.</strong></span> 
     </span>
    </p>
   </div>
   <div class='ocr_carea' id='block_1_17' title="bbox 237 1641 461 1710">
    <p class='ocr_par' dir='ltr' id='par_1_17' title="bbox 237 1641 461 1710">
     <span class='ocr_line' id='line_1_17' title="bbox 237 1641 461 1710; baseline 0 -16"><span class='ocrx_word' id='word_1_123' title='bbox 237 1654 317 1705; x_wconf 79' lang='lat' dir='ltr'><strong>vi,</strong></span> <span class='ocrx_word' id='word_1_124' title='bbox 346 1641 461 1710; x_wconf 89' lang='lat'><strong>23).</strong></span> 
     </span>
    </p>
   </div>
   <div class='ocr_carea' id='block_1_18' title="bbox 307 1737 1897 1818">
    <p class='ocr_par' dir='ltr' id='par_1_18' title="bbox 307 1737 1897 1818">
     <span class='ocr_line' id='line_1_18' title="bbox 307 1737 1897 1818; baseline 0.007 -27"><span class='ocrx_word' id='word_1_125' title='bbox 307 1739 400 1793; x_wconf 83' lang='lat'><strong>20.</strong></span> <span class='ocrx_word' id='word_1_126' title='bbox 436 1737 598 1803; x_wconf 87' lang='lat' dir='ltr'><strong>Vide,</strong></span> <span class='ocrx_word' id='word_1_127' title='bbox 631 1737 882 1795; x_wconf 91' lang='lat' dir='ltr'><strong>obsecro</strong></span> <span class='ocrx_word' id='word_1_128' title='bbox 913 1745 990 1806; x_wconf 90' lang='lat' dir='ltr'><strong>te,</strong></span> <span class='ocrx_word' id='word_1_129' title='bbox 1025 1741 1084 1796; x_wconf 94' lang='lat' dir='ltr'><strong>in</strong></span> <span class='ocrx_word' id='word_1_130' title='bbox 1115 1748 1346 1814; x_wconf 90' lang='lat' dir='ltr'><strong>quanta</strong></span> <span class='ocrx_word' id='word_1_131' title='bbox 1394 1744 1684 1802; x_wconf 86' lang='lat' dir='ltr'><strong>brevitate</strong></span> <span class='ocrx_word' id='word_1_132' title='bbox 1708 1761 1897 1818; x_wconf 89' lang='lat' dir='ltr'><strong>quam</strong></span> 
     </span>
    </p>
   </div>
   <div class='ocr_carea' id='block_1_19' title="bbox 235 1825 1896 1904">
    <p class='ocr_par' dir='ltr' id='par_1_19' title="bbox 235 1825 1896 1904">
     <span class='ocr_line' id='line_1_19' title="bbox 235 1825 1896 1904; baseline 0.006 -24"><span class='ocrx_word' id='word_1_133' title='bbox 235 1825 554 1898; x_wconf 83' lang='lat' dir='ltr'><strong>vigilanter</strong></span> <span class='ocrx_word' id='word_1_134' title='bbox 582 1828 768 1884; x_wconf 88' lang='lat' dir='ltr'><strong>verba</strong></span> <span class='ocrx_word' id='word_1_135' title='bbox 799 1830 1079 1901; x_wconf 88' lang='lat' dir='ltr'><strong>posuerit,</strong></span> <span class='ocrx_word' id='word_1_136' title='bbox 1108 1831 1330 1902; x_wconf 85' lang='lat' dir='ltr'><strong>quibus</strong></span> <span class='ocrx_word' id='word_1_137' title='bbox 1361 1832 1672 1904; x_wconf 88' lang='lat' dir='ltr'><strong>diligenter</strong></span> <span class='ocrx_word' id='word_1_138' title='bbox 1700 1835 1896 1891; x_wconf 88' lang='lat' dir='ltr'><strong>consi-</strong></span> 
     </span>
    </p>
   </div>
   <div class='ocr_carea' id='block_1_20' title="bbox 235 1915 1899 1993">
    <p class='ocr_par' dir='ltr' id='par_1_20' title="bbox 235 1915 1899 1993">
     <span class='ocr_line' id='line_1_20' title="bbox 235 1915 1899 1993; baseline 0.006 -24"><span class='ocrx_word' id='word_1_139' title='bbox 235 1915 482 1980; x_wconf 89' lang='lat' dir='ltr'><strong>deratis,</strong></span> <span class='ocrx_word' id='word_1_140' title='bbox 515 1917 870 1988; x_wconf 83' lang='lat' dir='ltr'><strong>quastionis</strong></span> <span class='ocrx_word' id='word_1_141' title='bbox 900 1918 1078 1990; x_wconf 84' lang='lat' dir='ltr'><strong>hujus</strong></span> <span class='ocrx_word' id='word_1_142' title='bbox 1104 1920 1546 1993; x_wconf 88' lang='lat' dir='ltr'><strong>aliquantulum</strong></span> <span class='ocrx_word' id='word_1_143' title='bbox 1575 1923 1899 1979; x_wconf 89' lang='lat' dir='ltr'><strong>dilucescat</strong></span> 
     </span>
    </p>
   </div>
   <div class='ocr_carea' id='block_1_21' title="bbox 235 2001 1900 2081">
    <p class='ocr_par' dir='ltr' id='par_1_21' title="bbox 235 2001 1900 2081">
     <span class='ocr_line' id='line_1_21' title="bbox 235 2001 1900 2081; baseline 0.006 -23"><span class='ocrx_word' id='word_1_144' title='bbox 235 2001 598 2060; x_wconf 88' lang='lat' dir='ltr'><strong>obscuritas.</strong></span> <span class='ocrx_word' id='word_1_145' title='bbox 621 2003 769 2061; x_wconf 87' lang='lat' dir='ltr'><strong>Cum</strong></span> <span class='ocrx_word' id='word_1_146' title='bbox 797 2006 959 2062; x_wconf 91' lang='lat' dir='ltr'><strong>enim</strong></span> <span class='ocrx_word' id='word_1_147' title='bbox 985 2008 1251 2076; x_wconf 81' lang='lat' dir='ltr'><strong>dixisset,</strong></span> <span class='ocrx_word' id='word_1_148' title='bbox 1277 2010 1648 2080; x_wconf 82' lang='lat' dir='ltr'><strong>Stipendium</strong></span> <span class='ocrx_word' id='word_1_149' title='bbox 1671 2012 1900 2081; x_wconf 82' lang='lat' dir='ltr'><strong>peccati</strong></span> 
     </span>
    </p>
   </div>
   <div class='ocr_carea' id='block_1_22' title="bbox 237 2095 1901 2167">
    <p class='ocr_par' dir='ltr' id='par_1_22' title="bbox 237 2095 1901 2167">
     <span class='ocr_line' id='line_1_22' title="bbox 237 2095 1901 2167; baseline 0.005 -21"><span class='ocrx_word' id='word_1_150' title='bbox 237 2105 446 2161; x_wconf 87' lang='lat' dir='ltr'><strong>mors;</strong></span> <span class='ocrx_word' id='word_1_151' title='bbox 494 2095 630 2165; x_wconf 88' lang='lat' dir='ltr'><strong>quis</strong></span> <span class='ocrx_word' id='word_1_152' title='bbox 678 2109 798 2149; x_wconf 92' lang='lat' dir='ltr'><strong>non</strong></span> <span class='ocrx_word' id='word_1_153' title='bbox 840 2111 975 2151; x_wconf 91' lang='lat' dir='ltr'><strong>eum</strong></span> <span class='ocrx_word' id='word_1_154' title='bbox 1010 2099 1552 2167; x_wconf 85' lang='lat' dir='ltr'><strong>congruentissime</strong></span> <span class='ocrx_word' id='word_1_155' title='bbox 1584 2107 1638 2155; x_wconf 89' lang='lat' dir='ltr'><strong>et</strong></span> <span class='ocrx_word' id='word_1_156' title='bbox 1691 2116 1901 2156; x_wconf 89' lang='lat' dir='ltr'><strong>conse-</strong></span> 
     </span>
    </p>
   </div>
   <div class='ocr_carea' id='block_1_23' title="bbox 236 2182 1897 2261">
    <p class='ocr_par' dir='ltr' id='par_1_23' title="bbox 236 2182 1897 2261">
     <span class='ocr_line' id='line_1_23' title="bbox 236 2182 1897 2261; baseline 0.006 -26"><span class='ocrx_word' id='word_1_157' title='bbox 236 2186 491 2253; x_wconf 89' lang='lat' dir='ltr'><strong>quenter</strong></span> <span class='ocrx_word' id='word_1_158' title='bbox 533 2182 754 2239; x_wconf 90' lang='lat' dir='ltr'><strong>addere</strong></span> <span class='ocrx_word' id='word_1_159' title='bbox 793 2184 1110 2255; x_wconf 87' lang='lat' dir='ltr'><strong>judicaret,</strong></span> <span class='ocrx_word' id='word_1_160' title='bbox 1153 2187 1200 2242; x_wconf 89' lang='lat' dir='ltr'><strong>si</strong></span> <span class='ocrx_word' id='word_1_161' title='bbox 1242 2187 1482 2254; x_wconf 86' lang='lat' dir='ltr'><strong>diceret,</strong></span> <span class='ocrx_word' id='word_1_162' title='bbox 1523 2189 1897 2261; x_wconf 88' lang='lat' dir='ltr'><strong>Stipendium</strong></span> 
     </span>
    </p>
   </div>
   <div class='ocr_carea' id='block_1_24' title="bbox 235 2271 1898 2350">
    <p class='ocr_par' dir='ltr' id='par_1_24' title="bbox 235 2271 1898 2350">
     <span class='ocr_line' id='line_1_24' title="bbox 235 2271 1898 2350; baseline 0.006 -26"><span class='ocrx_word' id='word_1_163' title='bbox 235 2277 439 2325; x_wconf 87' lang='lat' dir='ltr'><strong>autem</strong></span> <span class='ocrx_word' id='word_1_164' title='bbox 466 2271 714 2343; x_wconf 85' lang='lat' dir='ltr'><strong>justitia</strong></span> <span class='ocrx_word' id='word_1_165' title='bbox 746 2273 870 2330; x_wconf 88' lang='lat' dir='ltr'><strong>vita</strong></span> <span class='ocrx_word' id='word_1_166' title='bbox 916 2279 1138 2330; x_wconf 80' lang='lat' dir='ltr'><strong>aterna</strong></span> <span class='ocrx_word' id='word_1_167' title='bbox 1173 2277 1202 2333; x_wconf 80' lang='lat'><strong>?</strong></span> <span class='ocrx_word' id='word_1_168' title='bbox 1229 2281 1286 2332; x_wconf 89' lang='lat' dir='ltr'><strong>et</strong></span> <span class='ocrx_word' id='word_1_169' title='bbox 1339 2293 1544 2332; x_wconf 90' lang='lat' dir='ltr'><strong>verum</strong></span> <span class='ocrx_word' id='word_1_170' title='bbox 1594 2283 1683 2334; x_wconf 89' lang='lat' dir='ltr'><strong>est</strong></span> <span class='ocrx_word' id='word_1_171' title='bbox 1711 2295 1724 2344; x_wconf 94' lang='lat'><strong>;</strong></span> <span class='ocrx_word' id='word_1_172' title='bbox 1755 2279 1898 2350; x_wconf 91' lang='lat' dir='ltr'><strong>quia</strong></span> 
     </span>
    </p>
   </div>
   <div class='ocr_carea' id='block_1_25' title="bbox 239 2357 1898 2436">
    <p class='ocr_par' dir='ltr' id='par_1_25' title="bbox 239 2357 1898 2436">
     <span class='ocr_line' id='line_1_25' title="bbox 239 2357 1898 2436; baseline 0.005 -24"><span class='ocrx_word' id='word_1_173' title='bbox 239 2357 393 2413; x_wconf 87' lang='lat' dir='ltr'><strong>sicut</strong></span> <span class='ocrx_word' id='word_1_174' title='bbox 425 2360 637 2416; x_wconf 90' lang='lat' dir='ltr'><strong>merito</strong></span> <span class='ocrx_word' id='word_1_175' title='bbox 659 2362 888 2432; x_wconf 90' lang='lat' dir='ltr'><strong>peccati</strong></span> <span class='ocrx_word' id='word_1_176' title='bbox 923 2368 1208 2435; x_wconf 89' lang='lat' dir='ltr'><strong>tanquam</strong></span> <span class='ocrx_word' id='word_1_177' title='bbox 1243 2366 1600 2436; x_wconf 89' lang='lat' dir='ltr'><strong>stipendium</strong></span> <span class='ocrx_word' id='word_1_178' title='bbox 1632 2366 1898 2422; x_wconf 88' lang='lat' dir='ltr'><strong>redditur</strong></span> 
     </span>
    </p>
   </div>
   <div class='ocr_carea' id='block_1_26' title="bbox 237 2448 1898 2525">
    <p class='ocr_par' dir='ltr' id='par_1_26' title="bbox 237 2448 1898 2525">
     <span class='ocr_line' id='line_1_26' title="bbox 237 2448 1898 2525; baseline 0.006 -25"><span class='ocrx_word' id='word_1_179' title='bbox 237 2461 428 2516; x_wconf 91' lang='lat' dir='ltr'><strong>mors,</strong></span> <span class='ocrx_word' id='word_1_180' title='bbox 456 2448 534 2504; x_wconf 91' lang='lat' dir='ltr'><strong>ita</strong></span> <span class='ocrx_word' id='word_1_181' title='bbox 561 2448 770 2505; x_wconf 88' lang='lat' dir='ltr'><strong>merito</strong></span> <span class='ocrx_word' id='word_1_182' title='bbox 793 2450 1034 2521; x_wconf 88' lang='lat' dir='ltr'><strong>justitia</strong></span> <span class='ocrx_word' id='word_1_183' title='bbox 1059 2458 1350 2524; x_wconf 88' lang='lat' dir='ltr'><strong>tanquam</strong></span> <span class='ocrx_word' id='word_1_184' title='bbox 1383 2454 1746 2525; x_wconf 88' lang='lat' dir='ltr'><strong>stipendium</strong></span> <span class='ocrx_word' id='word_1_185' title='bbox 1774 2455 1898 2510; x_wconf 92' lang='lat' dir='ltr'><strong>vita</strong></span> 
     </span>
    </p>
   </div>
   <div class='ocr_carea' id='block_1_27' title="bbox 235 2537 1895 2608">
    <p class='ocr_par' dir='ltr' id='par_1_27' title="bbox 235 2537 1895 2608">
     <span class='ocr_line' id='line_1_27' title="bbox 235 2537 1895 2608; baseline 0.005 -18"><span class='ocrx_word' id='word_1_186' title='bbox 235 2540 482 2590; x_wconf 85' lang='lat' dir='ltr'><strong>aterna.</strong></span> <span class='ocrx_word' id='word_1_187' title='bbox 506 2540 618 2592; x_wconf 91' lang='lat' dir='ltr'><strong>Aut</strong></span> <span class='ocrx_word' id='word_1_188' title='bbox 645 2537 690 2592; x_wconf 91' lang='lat' dir='ltr'><strong>si</strong></span> <span class='ocrx_word' id='word_1_189' title='bbox 719 2538 902 2595; x_wconf 87' lang='lat' dir='ltr'><strong>nollet</strong></span> <span class='ocrx_word' id='word_1_190' title='bbox 923 2539 1139 2606; x_wconf 89' lang='lat' dir='ltr'><strong>dicere,</strong></span> <span class='ocrx_word' id='word_1_191' title='bbox 1164 2541 1431 2606; x_wconf 85' lang='lat' dir='ltr'><strong>Justitia,</strong></span> <span class='ocrx_word' id='word_1_192' title='bbox 1455 2543 1689 2607; x_wconf 89' lang='lat' dir='ltr'><strong>diceret,</strong></span> <span class='ocrx_word' id='word_1_193' title='bbox 1717 2543 1855 2598; x_wconf 88' lang='lat' dir='ltr'><strong>ﬁdei</strong></span> <span class='ocrx_word' id='word_1_194' title='bbox 1881 2559 1895 2608; x_wconf 91' lang='lat'>;</span> 
     </span>
    </p>
   </div>
   <div class='ocr_carea' id='block_1_28' title="bbox 233 2625 1895 2701">
    <p class='ocr_par' dir='ltr' id='par_1_28' title="bbox 233 2625 1895 2701">
     <span class='ocr_line' id='line_1_28' title="bbox 233 2625 1895 2701; baseline 0.006 -23"><span class='ocrx_word' id='word_1_195' title='bbox 233 2625 529 2696; x_wconf 91' lang='lat' dir='ltr'><strong>quoniam</strong></span> <span class='ocrx_word' id='word_1_196' title='bbox 557 2627 756 2697; x_wconf 90' lang='lat' dir='ltr'><strong>justus</strong></span> <span class='ocrx_word' id='word_1_197' title='bbox 783 2643 850 2683; x_wconf 82' lang='lat' dir='ltr'><strong>ex</strong></span> <span class='ocrx_word' id='word_1_198' title='bbox 882 2627 1000 2684; x_wconf 90' lang='lat' dir='ltr'><strong>ﬁde</strong></span> <span class='ocrx_word' id='word_1_199' title='bbox 1026 2630 1168 2685; x_wconf 85' lang='lat' dir='ltr'><strong>vivit</strong></span> <span class='ocrx_word' id='word_1_200' title='bbox 1196 2631 1450 2701; x_wconf 86' lang='lat' dir='ltr'><strong>(Habac.</strong></span> <span class='ocrx_word' id='word_1_201' title='bbox 1480 2648 1538 2699; x_wconf 88' lang='grc' dir='ltr'>ιι,</span> <span class='ocrx_word' id='word_1_202' title='bbox 1566 2635 1618 2698; x_wconf 81' lang='grc'><strong>4,</strong></span> <span class='ocrx_word' id='word_1_203' title='bbox 1648 2639 1700 2688; x_wconf 87' lang='lat' dir='ltr'><strong>et</strong></span> <span class='ocrx_word' id='word_1_204' title='bbox 1728 2634 1895 2688; x_wconf 82' lang='lat' dir='ltr'><strong>Rom.</strong></span> 
     </span>
    </p>
   </div>
   <div class='ocr_carea' id='block_1_29' title="bbox 233 2715 1895 2792">
    <p class='ocr_par' dir='ltr' id='par_1_29' title="bbox 233 2715 1895 2792">
     <span class='ocr_line' id='line_1_29' title="bbox 233 2715 1895 2792; baseline 0.005 -24"><span class='ocrx_word' id='word_1_205' title='bbox 233 2729 271 2778; x_wconf 91' lang='grc' dir='ltr'>ι,</span> <span class='ocrx_word' id='word_1_206' title='bbox 315 2719 422 2774; x_wconf 86' lang='lat' dir='ltr'><strong>t7).</strong></span> <span class='ocrx_word' id='word_1_207' title='bbox 457 2715 620 2770; x_wconf 91' lang='lat' dir='ltr'><strong>Unde</strong></span> <span class='ocrx_word' id='word_1_208' title='bbox 653 2717 833 2772; x_wconf 90' lang='lat' dir='ltr'><strong>etiam</strong></span> <span class='ocrx_word' id='word_1_209' title='bbox 887 2723 943 2772; x_wconf 90' lang='lat' dir='ltr'><strong>et</strong></span> <span class='ocrx_word' id='word_1_210' title='bbox 992 2734 1218 2774; x_wconf 88' lang='lat' dir='ltr'><strong>merces</strong></span> <span class='ocrx_word' id='word_1_211' title='bbox 1248 2720 1584 2792; x_wconf 87' lang='lat' dir='ltr'><strong>appellatur</strong></span> <span class='ocrx_word' id='word_1_212' title='bbox 1615 2721 1895 2791; x_wconf 88' lang='lat' dir='ltr'><strong>plurimis</strong></span> 
     </span>
    </p>
   </div>
   <div class='ocr_carea' id='block_1_30' title="bbox 232 2806 1897 2881">
    <p class='ocr_par' dir='ltr' id='par_1_30' title="bbox 232 2806 1897 2881">
     <span class='ocr_line' id='line_1_30' title="bbox 232 2806 1897 2881; baseline 0.006 -25"><span class='ocrx_word' id='word_1_213' title='bbox 232 2809 577 2858; x_wconf 83' lang='lat' dir='ltr'><strong>sanctarum</strong></span> <span class='ocrx_word' id='word_1_214' title='bbox 631 2806 1064 2877; x_wconf 89' lang='lat' dir='ltr'><strong>Scripturarum</strong></span> <span class='ocrx_word' id='word_1_215' title='bbox 1111 2807 1304 2863; x_wconf 90' lang='lat' dir='ltr'><strong>locis:</strong></span> <span class='ocrx_word' id='word_1_216' title='bbox 1362 2825 1662 2881; x_wconf 89' lang='lat' dir='ltr'><strong>nusquam</strong></span> <span class='ocrx_word' id='word_1_217' title='bbox 1718 2826 1897 2881; x_wconf 88' lang='lat' dir='ltr'><strong>porro</strong></span> 
     </span>
    </p>
   </div>
   <div class='ocr_carea' id='block_1_31' title="bbox 231 2891 1897 2968">
    <p class='ocr_par' dir='ltr' id='par_1_31' title="bbox 231 2891 1897 2968">
     <span class='ocr_line' id='line_1_31' title="bbox 231 2891 1897 2968; baseline 0.005 -23"><span class='ocrx_word' id='word_1_218' title='bbox 231 2891 394 2947; x_wconf 91' lang='lat' dir='ltr'><strong>dicta</strong></span> <span class='ocrx_word' id='word_1_219' title='bbox 421 2896 506 2947; x_wconf 91' lang='lat' dir='ltr'><strong>est</strong></span> <span class='ocrx_word' id='word_1_220' title='bbox 537 2909 766 2950; x_wconf 86' lang='lat' dir='ltr'><strong>merces</strong></span> <span class='ocrx_word' id='word_1_221' title='bbox 791 2895 1020 2964; x_wconf 80' lang='lat' dir='ltr'><strong>justitia</strong></span> <span class='ocrx_word' id='word_1_222' title='bbox 1048 2895 1142 2951; x_wconf 89' lang='lat' dir='ltr'><strong>vel</strong></span> <span class='ocrx_word' id='word_1_223' title='bbox 1172 2896 1340 2962; x_wconf 89' lang='lat' dir='ltr'><strong>ﬁdes,</strong></span> <span class='ocrx_word' id='word_1_224' title='bbox 1376 2899 1780 2968; x_wconf 86' lang='lat' dir='ltr'><strong>quiajustitia</strong></span> <span class='ocrx_word' id='word_1_225' title='bbox 1808 2899 1897 2954; x_wconf 92' lang='lat' dir='ltr'><strong>vel</strong></span> 
     </span>
    </p>
   </div>
   <div class='ocr_carea' id='block_1_32' title="bbox 230 2979 1898 3060">
    <p class='ocr_par' dir='ltr' id='par_1_32' title="bbox 230 2979 1898 3060">
     <span class='ocr_line' id='line_1_32' title="bbox 230 2979 1898 3060; baseline 0.007 -27"><span class='ocrx_word' id='word_1_226' title='bbox 230 2979 373 3034; x_wconf 89' lang='lat' dir='ltr'><strong>ﬁdei</strong></span> <span class='ocrx_word' id='word_1_227' title='bbox 399 2981 665 3037; x_wconf 90' lang='lat' dir='ltr'><strong>redditur</strong></span> <span class='ocrx_word' id='word_1_228' title='bbox 691 2999 936 3038; x_wconf 89' lang='lat' dir='ltr'><strong>merces.</strong></span> <span class='ocrx_word' id='word_1_229' title='bbox 963 2983 1130 3050; x_wconf 91' lang='lat' dir='ltr'><strong>Quod</strong></span> <span class='ocrx_word' id='word_1_230' title='bbox 1155 2992 1240 3040; x_wconf 88' lang='lat' dir='ltr'><strong>est</strong></span> <span class='ocrx_word' id='word_1_231' title='bbox 1269 2991 1468 3042; x_wconf 91' lang='lat' dir='ltr'><strong>autem</strong></span> <span class='ocrx_word' id='word_1_232' title='bbox 1501 3003 1728 3043; x_wconf 89' lang='lat' dir='ltr'><strong>merces</strong></span> <span class='ocrx_word' id='word_1_233' title='bbox 1759 3004 1898 3060; x_wconf 89' lang='lat' dir='ltr'><strong>ope-</strong></span> 
     </span>
    </p>
   </div>
   <div class='ocr_carea' id='block_1_33' title="bbox 229 3069 1288 3145">
    <p class='ocr_par' dir='ltr' id='par_1_33' title="bbox 229 3069 1288 3145">
     <span class='ocr_line' id='line_1_33' title="bbox 229 3069 1288 3145; baseline 0.002 -20"><span class='ocrx_word' id='word_1_234' title='bbox 229 3069 420 3135; x_wconf 89' lang='lat' dir='ltr'><strong>ranti,</strong></span> <span class='ocrx_word' id='word_1_235' title='bbox 453 3069 565 3126; x_wconf 90' lang='lat' dir='ltr'><strong>hoc</strong></span> <span class='ocrx_word' id='word_1_236' title='bbox 597 3070 873 3127; x_wconf 87' lang='lat' dir='ltr'><strong>militanti</strong></span> <span class='ocrx_word' id='word_1_237' title='bbox 899 3074 1288 3145; x_wconf 89' lang='lat' dir='ltr'><strong>stipendium.</strong></span> 
     </span>
    </p>
   </div>
   <div class='ocr_carea' id='block_1_34' title="bbox 305 3158 1890 3233">
    <p class='ocr_par' dir='ltr' id='par_1_34' title="bbox 305 3158 1890 3233">
     <span class='ocr_line' id='line_1_34' title="bbox 305 3158 1890 3233; baseline 0.004 -19"><span class='ocrx_word' id='word_1_238' title='bbox 305 3159 397 3214; x_wconf 80' lang='lat' dir='ltr'><strong>2t.</strong></span> <span class='ocrx_word' id='word_1_239' title='bbox 430 3158 546 3215; x_wconf 92' lang='lat' dir='ltr'><strong>Sed</strong></span> <span class='ocrx_word' id='word_1_240' title='bbox 579 3159 787 3215; x_wconf 88' lang='lat' dir='ltr'><strong>beatus</strong></span> <span class='ocrx_word' id='word_1_241' title='bbox 828 3163 1151 3233; x_wconf 84' lang='lat' dir='ltr'><strong>Apostolus</strong></span> <span class='ocrx_word' id='word_1_242' title='bbox 1201 3163 1494 3218; x_wconf 90' lang='lat' dir='ltr'><strong>adversus</strong></span> <span class='ocrx_word' id='word_1_243' title='bbox 1551 3165 1890 3230; x_wconf 90' lang='lat' dir='ltr'><strong>elationem,</strong></span> 
     </span>
    </p>
   </div>
   <div class='ocr_carea' id='block_1_35' title="bbox 234 3250 1892 3324">
    <p class='ocr_par' dir='ltr' id='par_1_35' title="bbox 234 3250 1892 3324">
     <span class='ocr_line' id='line_1_35' title="bbox 234 3250 1892 3324; baseline 0.005 -21"><span class='ocrx_word' id='word_1_244' title='bbox 234 3264 376 3321; x_wconf 88' lang='lat' dir='ltr'><strong>qua</strong></span> <span class='ocrx_word' id='word_1_245' title='bbox 411 3265 600 3320; x_wconf 90' lang='lat' dir='ltr'><strong>usque</strong></span> <span class='ocrx_word' id='word_1_246' title='bbox 629 3250 781 3306; x_wconf 88' lang='lat' dir='ltr'><strong>adeo</strong></span> <span class='ocrx_word' id='word_1_247' title='bbox 804 3252 1039 3320; x_wconf 89' lang='lat' dir='ltr'><strong>magnis</strong></span> <span class='ocrx_word' id='word_1_248' title='bbox 1076 3256 1260 3308; x_wconf 89' lang='lat' dir='ltr'><strong>tentat</strong></span> <span class='ocrx_word' id='word_1_249' title='bbox 1295 3253 1571 3324; x_wconf 89' lang='lat' dir='ltr'><strong>irrepere,</strong></span> <span class='ocrx_word' id='word_1_250' title='bbox 1604 3260 1666 3310; x_wconf 91' lang='lat' dir='ltr'><strong>ut</strong></span> <span class='ocrx_word' id='word_1_251' title='bbox 1696 3259 1752 3310; x_wconf 90' lang='lat' dir='ltr'><strong>et</strong></span> <span class='ocrx_word' id='word_1_252' title='bbox 1777 3255 1892 3311; x_wconf 90' lang='lat' dir='ltr'><strong>sibi</strong></span> 
     </span>
    </p>
   </div>
   <div class='ocr_carea' id='block_1_36' title="bbox 232 3339 1892 3416">
    <p class='ocr_par' dir='ltr' id='par_1_36' title="bbox 232 3339 1892 3416">
     <span class='ocr_line' id='line_1_36' title="bbox 232 3339 1892 3416; baseline 0.005 -24"><span class='ocrx_word' id='word_1_253' title='bbox 232 3343 480 3411; x_wconf 88' lang='lat' dir='ltr'><strong>propter</strong></span> <span class='ocrx_word' id='word_1_254' title='bbox 500 3339 689 3409; x_wconf 87' lang='lat' dir='ltr'><strong>ipsam</strong></span> <span class='ocrx_word' id='word_1_255' title='bbox 714 3339 874 3395; x_wconf 90' lang='lat' dir='ltr'><strong>dicat</strong></span> <span class='ocrx_word' id='word_1_256' title='bbox 889 3339 1098 3396; x_wconf 91' lang='lat' dir='ltr'><strong>datum</strong></span> <span class='ocrx_word' id='word_1_257' title='bbox 1121 3341 1403 3411; x_wconf 90' lang='lat' dir='ltr'><strong>angelum</strong></span> <span class='ocrx_word' id='word_1_258' title='bbox 1433 3344 1690 3406; x_wconf 89' lang='lat' dir='ltr'><strong>Satana,</strong></span> <span class='ocrx_word' id='word_1_259' title='bbox 1709 3359 1744 3399; x_wconf 91' lang='lat' dir='ltr'><strong>a</strong></span> <span class='ocrx_word' id='word_1_260' title='bbox 1769 3360 1892 3416; x_wconf 90' lang='lat' dir='ltr'><strong>quo</strong></span> 
     </span>
    </p>
   </div>
   <div class='ocr_carea' id='block_1_37' title="bbox 230 3425 1897 3503">
    <p class='ocr_par' dir='ltr' id='par_1_37' title="bbox 230 3425 1897 3503">
     <span class='ocr_line' id='line_1_37' title="bbox 230 3425 1897 3503; baseline 0.003 -21"><span class='ocrx_word' id='word_1_261' title='bbox 230 3425 725 3497; x_wconf 89' lang='lat' dir='ltr'><strong>colaphizaretur,</strong></span> <span class='ocrx_word' id='word_1_262' title='bbox 761 3444 832 3484; x_wconf 89' lang='lat' dir='ltr'><strong>ne</strong></span> <span class='ocrx_word' id='word_1_263' title='bbox 865 3429 1146 3485; x_wconf 88' lang='lat' dir='ltr'><strong>verticem</strong></span> <span class='ocrx_word' id='word_1_264' title='bbox 1181 3431 1668 3502; x_wconf 73' lang='lat' dir='ltr'><strong>praesumptionis</strong></span> <span class='ocrx_word' id='word_1_265' title='bbox 1712 3433 1897 3503; x_wconf 89' lang='lat' dir='ltr'><strong>erige-</strong></span> 
     </span>
    </p>
   </div>
   <div class='ocr_carea' id='block_1_38' title="bbox 229 3516 1892 3589">
    <p class='ocr_par' dir='ltr' id='par_1_38' title="bbox 229 3516 1892 3589">
     <span class='ocr_line' id='line_1_38' title="bbox 229 3516 1892 3589; baseline 0.003 -17"><span class='ocrx_word' id='word_1_266' title='bbox 229 3521 320 3572; x_wconf 87' lang='lat' dir='ltr'><strong>ret</strong></span> <span class='ocrx_word' id='word_1_267' title='bbox 349 3516 419 3587; x_wconf 91' lang='grc' dir='ltr'><strong>(ΙΙ</strong></span> <span class='ocrx_word' id='word_1_268' title='bbox 455 3517 588 3572; x_wconf 88' lang='lat' dir='ltr'><strong>Cor.</strong></span> <span class='ocrx_word' id='word_1_269' title='bbox 621 3533 722 3582; x_wconf 86' lang='lat' dir='ltr'><strong>xu,</strong></span> <span class='ocrx_word' id='word_1_270' title='bbox 753 3518 806 3588; x_wconf 87' lang='lat'><strong>7)</strong></span> <span class='ocrx_word' id='word_1_271' title='bbox 842 3535 854 3573; x_wconf 92' lang='lat'><strong>:</strong></span> <span class='ocrx_word' id='word_1_272' title='bbox 889 3519 1184 3574; x_wconf 87' lang='lat' dir='ltr'><strong>adversus</strong></span> <span class='ocrx_word' id='word_1_273' title='bbox 1234 3519 1390 3574; x_wconf 91' lang='lat' dir='ltr'><strong>hanc</strong></span> <span class='ocrx_word' id='word_1_274' title='bbox 1427 3535 1570 3589; x_wconf 89' lang='lat' dir='ltr'><strong>ergo</strong></span> <span class='ocrx_word' id='word_1_275' title='bbox 1618 3520 1892 3578; x_wconf 88' lang='lat' dir='ltr'><strong>elationis</strong></span> 
     </span>
    </p>
   </div>
   <div class='ocr_carea' id='block_1_39' title="bbox 227 3605 1887 3682">
    <p class='ocr_par' dir='ltr' id='par_1_39' title="bbox 227 3605 1887 3682">
     <span class='ocr_line' id='line_1_39' title="bbox 227 3605 1887 3682; baseline 0.002 -21"><span class='ocrx_word' id='word_1_276' title='bbox 227 3611 460 3678; x_wconf 89' lang='lat' dir='ltr'><strong>pestem</strong></span> <span class='ocrx_word' id='word_1_277' title='bbox 479 3605 931 3675; x_wconf 91' lang='lat' dir='ltr'><strong>vigilantissime</strong></span> <span class='ocrx_word' id='word_1_278' title='bbox 957 3607 1242 3673; x_wconf 91' lang='lat' dir='ltr'><strong>militans,</strong></span> <span class='ocrx_word' id='word_1_279' title='bbox 1263 3607 1657 3677; x_wconf 84' lang='lat' dir='ltr'><strong>Stipendium,</strong></span> <span class='ocrx_word' id='word_1_280' title='bbox 1676 3610 1887 3682; x_wconf 91' lang='lat' dir='ltr'><strong>inquit,</strong></span> 
     </span>
    </p>
   </div>
   <div class='ocr_carea' id='block_1_40' title="bbox 223 3694 1893 3772">
    <p class='ocr_par' dir='ltr' id='par_1_40' title="bbox 223 3694 1893 3772">
     <span class='ocr_line' id='line_1_40' title="bbox 223 3694 1893 3772; baseline 0.003 -22"><span class='ocrx_word' id='word_1_281' title='bbox 223 3694 462 3764; x_wconf 85' lang='lat' dir='ltr'><strong>peccati</strong></span> <span class='ocrx_word' id='word_1_282' title='bbox 488 3709 666 3749; x_wconf 88' lang='lat' dir='ltr'><strong>mors.</strong></span> <span class='ocrx_word' id='word_1_283' title='bbox 696 3697 867 3750; x_wconf 83' lang='lat' dir='ltr'><strong>Recte</strong></span> <span class='ocrx_word' id='word_1_284' title='bbox 903 3696 1288 3767; x_wconf 90' lang='lat' dir='ltr'><strong>stipendium,</strong></span> <span class='ocrx_word' id='word_1_285' title='bbox 1318 3698 1462 3769; x_wconf 90' lang='lat' dir='ltr'><strong>quia</strong></span> <span class='ocrx_word' id='word_1_286' title='bbox 1493 3697 1760 3764; x_wconf 88' lang='lat' dir='ltr'><strong>debetur,</strong></span> <span class='ocrx_word' id='word_1_287' title='bbox 1789 3701 1893 3772; x_wconf 90' lang='lat' dir='ltr'><strong>qui</strong></span> 
     </span>
    </p>
   </div>
   <div class='ocr_carea' id='block_1_41' title="bbox 227 3783 1894 3855">
    <p class='ocr_par' dir='ltr' id='par_1_41' title="bbox 227 3783 1894 3855">
     <span class='ocr_line' id='line_1_41' title="bbox 227 3783 1894 3855; baseline 0.003 -17"><span class='ocrx_word' id='word_1_288' title='bbox 227 3783 414 3853; x_wconf 87' lang='lat' dir='ltr'><strong>digne</strong></span> <span class='ocrx_word' id='word_1_289' title='bbox 445 3783 807 3850; x_wconf 88' lang='lat' dir='ltr'><strong>retribuitur,</strong></span> <span class='ocrx_word' id='word_1_290' title='bbox 836 3800 957 3855; x_wconf 92' lang='lat' dir='ltr'><strong>qua</strong></span> <span class='ocrx_word' id='word_1_291' title='bbox 985 3785 1195 3841; x_wconf 90' lang='lat' dir='ltr'><strong>merito</strong></span> <span class='ocrx_word' id='word_1_292' title='bbox 1218 3785 1504 3841; x_wconf 88' lang='lat' dir='ltr'><strong>redditur.</strong></span> <span class='ocrx_word' id='word_1_293' title='bbox 1541 3787 1784 3853; x_wconf 92' lang='lat' dir='ltr'><strong>Deinde,</strong></span> <span class='ocrx_word' id='word_1_294' title='bbox 1819 3803 1894 3844; x_wconf 89' lang='lat' dir='ltr'><strong>ne</strong></span> 
     </span>
    </p>
   </div>
   <div class='ocr_carea' id='block_1_42' title="bbox 224 3870 1889 3944">
    <p class='ocr_par' dir='ltr' id='par_1_42' title="bbox 224 3870 1889 3944">
     <span class='ocr_line' id='line_1_42' title="bbox 224 3870 1889 3944; baseline 0.002 -17"><span class='ocrx_word' id='word_1_295' title='bbox 224 3870 458 3942; x_wconf 84' lang='lat' dir='ltr'><strong>justitia</strong></span> <span class='ocrx_word' id='word_1_296' title='bbox 507 3871 582 3926; x_wconf 94' lang='lat' dir='ltr'><strong>de</strong></span> <span class='ocrx_word' id='word_1_297' title='bbox 634 3871 906 3928; x_wconf 90' lang='lat' dir='ltr'><strong>humano</strong></span> <span class='ocrx_word' id='word_1_298' title='bbox 967 3889 1027 3928; x_wconf 91' lang='lat' dir='ltr'><strong>se</strong></span> <span class='ocrx_word' id='word_1_299' title='bbox 1079 3873 1390 3930; x_wconf 87' lang='lat' dir='ltr'><strong>extolleret</strong></span> <span class='ocrx_word' id='word_1_300' title='bbox 1446 3874 1609 3931; x_wconf 91' lang='lat' dir='ltr'><strong>bono</strong></span> <span class='ocrx_word' id='word_1_301' title='bbox 1659 3877 1889 3944; x_wconf 91' lang='lat' dir='ltr'><strong>merito,</strong></span> 
     </span>
    </p>
   </div>
   <div class='ocr_carea' id='block_1_43' title="bbox 229 3961 1892 4022">
    <p class='ocr_par' dir='ltr' id='par_1_43' title="bbox 229 3961 1892 4022">
     <span class='ocr_line' id='line_1_43' title="bbox 229 3961 1892 4022; baseline 0.003 -6"><span class='ocrx_word' id='word_1_302' title='bbox 229 3961 387 4018; x_wconf 85' lang='lat' dir='ltr'><strong>sicut</strong></span> <span class='ocrx_word' id='word_1_303' title='bbox 425 3961 759 4018; x_wconf 91' lang='lat' dir='ltr'><strong>humanum</strong></span> <span class='ocrx_word' id='word_1_304' title='bbox 805 3963 1084 4018; x_wconf 88' lang='lat' dir='ltr'><strong>meritum</strong></span> <span class='ocrx_word' id='word_1_305' title='bbox 1133 3963 1358 4018; x_wconf 90' lang='lat' dir='ltr'><strong>malum</strong></span> <span class='ocrx_word' id='word_1_306' title='bbox 1409 3979 1531 4019; x_wconf 94' lang='lat' dir='ltr'><strong>non</strong></span> <span class='ocrx_word' id='word_1_307' title='bbox 1584 3965 1892 4022; x_wconf 89' lang='lat' dir='ltr'><strong>dubitatur</strong></span> 
     </span>
    </p>
   </div>
   <div class='ocr_carea' id='block_1_44' title="bbox 227 4052 1891 4122">
    <p class='ocr_par' dir='ltr' id='par_1_44' title="bbox 227 4052 1891 4122">
     <span class='ocr_line' id='line_1_44' title="bbox 227 4052 1891 4122; baseline 0.004 -18"><span class='ocrx_word' id='word_1_308' title='bbox 227 4064 364 4104; x_wconf 91' lang='lat' dir='ltr'><strong>esse</strong></span> <span class='ocrx_word' id='word_1_309' title='bbox 418 4055 754 4122; x_wconf 90' lang='lat' dir='ltr'><strong>peccatum,</strong></span> <span class='ocrx_word' id='word_1_310' title='bbox 815 4065 937 4106; x_wconf 93' lang='lat' dir='ltr'><strong>non</strong></span> <span class='ocrx_word' id='word_1_311' title='bbox 991 4067 1028 4106; x_wconf 94' lang='lat' dir='ltr'><strong>a</strong></span> <span class='ocrx_word' id='word_1_312' title='bbox 1067 4052 1366 4107; x_wconf 88' lang='lat' dir='ltr'><strong>contrario</strong></span> <span class='ocrx_word' id='word_1_313' title='bbox 1412 4053 1626 4118; x_wconf 90' lang='lat' dir='ltr'><strong>retulit,</strong></span> <span class='ocrx_word' id='word_1_314' title='bbox 1669 4054 1891 4121; x_wconf 90' lang='lat' dir='ltr'><strong>dicens,</strong></span> 
     </span>
    </p>
   </div>
   <div class='ocr_carea' id='block_1_45' title="bbox 229 4139 1891 4213">
    <p class='ocr_par' dir='ltr' id='par_1_45' title="bbox 229 4139 1891 4213">
     <span class='ocr_line' id='line_1_45' title="bbox 229 4139 1891 4213; baseline 0.002 -18"><span class='ocrx_word' id='word_1_315' title='bbox 229 4139 606 4210; x_wconf 86' lang='lat' dir='ltr'><strong>Stipendium</strong></span> <span class='ocrx_word' id='word_1_316' title='bbox 648 4139 890 4209; x_wconf 85' lang='lat' dir='ltr'><strong>justitia</strong></span> <span class='ocrx_word' id='word_1_317' title='bbox 938 4140 1059 4195; x_wconf 88' lang='lat' dir='ltr'><strong>vita</strong></span> <span class='ocrx_word' id='word_1_318' title='bbox 1089 4146 1311 4195; x_wconf 86' lang='lat' dir='ltr'><strong>aterna</strong></span> <span class='ocrx_word' id='word_1_319' title='bbox 1345 4160 1357 4208; x_wconf 91' lang='lat'><strong>;</strong></span> <span class='ocrx_word' id='word_1_320' title='bbox 1393 4142 1520 4207; x_wconf 91' lang='lat' dir='ltr'><strong>sed,</strong></span> <span class='ocrx_word' id='word_1_321' title='bbox 1555 4145 1774 4213; x_wconf 88' lang='lat' dir='ltr'><strong>gratia,</strong></span> <span class='ocrx_word' id='word_1_322' title='bbox 1807 4145 1891 4199; x_wconf 90' lang='lat' dir='ltr'><strong>in-</strong></span> 
     </span>
    </p>
   </div>
   <div class='ocr_carea' id='block_1_46' title="bbox 226 4227 1892 4301">
    <p class='ocr_par' dir='ltr' id='par_1_46' title="bbox 226 4227 1892 4301">
     <span class='ocr_line' id='line_1_46' title="bbox 226 4227 1892 4301; baseline 0.004 -20"><span class='ocrx_word' id='word_1_323' title='bbox 226 4227 371 4299; x_wconf 86' lang='lat' dir='ltr'><strong>quit,</strong></span> <span class='ocrx_word' id='word_1_324' title='bbox 407 4227 514 4284; x_wconf 88' lang='lat' dir='ltr'><strong>Dei</strong></span> <span class='ocrx_word' id='word_1_325' title='bbox 548 4231 643 4285; x_wconf 86' lang='lat' dir='ltr'><strong>via</strong></span> <span class='ocrx_word' id='word_1_326' title='bbox 697 4233 943 4286; x_wconf 70' lang='lat' dir='ltr'><strong>aterna.</strong></span> <span class='ocrx_word' id='word_1_327' title='bbox 979 4230 1041 4283; x_wconf 84' lang='lat' dir='ltr'><strong>Et</strong></span> <span class='ocrx_word' id='word_1_328' title='bbox 1071 4229 1200 4284; x_wconf 90' lang='lat' dir='ltr'><strong>hac</strong></span> <span class='ocrx_word' id='word_1_329' title='bbox 1241 4245 1314 4284; x_wconf 92' lang='lat' dir='ltr'><strong>ne</strong></span> <span class='ocrx_word' id='word_1_330' title='bbox 1359 4236 1569 4301; x_wconf 85' lang='lat' dir='ltr'><strong>prater</strong></span> <span class='ocrx_word' id='word_1_331' title='bbox 1616 4232 1892 4288; x_wconf 86' lang='lat' dir='ltr'><strong>Mediato-</strong></span> 
     </span>
    </p>
   </div>
   <div class='ocr_carea' id='block_1_47' title="bbox 227 4317 1888 4389">
    <p class='ocr_par' dir='ltr' id='par_1_47' title="bbox 227 4317 1888 4389">
     <span class='ocr_line' id='line_1_47' title="bbox 227 4317 1888 4389; baseline 0.003 -17"><span class='ocrx_word' id='word_1_332' title='bbox 227 4333 356 4373; x_wconf 91' lang='lat' dir='ltr'><strong>rem</strong></span> <span class='ocrx_word' id='word_1_333' title='bbox 389 4317 591 4388; x_wconf 87' lang='lat' dir='ltr'><strong>aliqua</strong></span> <span class='ocrx_word' id='word_1_334' title='bbox 615 4317 731 4372; x_wconf 91' lang='lat' dir='ltr'><strong>alia</strong></span> <span class='ocrx_word' id='word_1_335' title='bbox 758 4318 849 4372; x_wconf 88' lang='lat' dir='ltr'><strong>via</strong></span> <span class='ocrx_word' id='word_1_336' title='bbox 869 4323 1250 4389; x_wconf 72' lang='lat' dir='ltr'><strong>quaereretur,</strong></span> <span class='ocrx_word' id='word_1_337' title='bbox 1284 4318 1522 4389; x_wconf 91' lang='lat' dir='ltr'><strong>adjecit,</strong></span> <span class='ocrx_word' id='word_1_338' title='bbox 1557 4322 1619 4376; x_wconf 91' lang='lat' dir='ltr'><strong>in</strong></span> <span class='ocrx_word' id='word_1_339' title='bbox 1652 4321 1888 4378; x_wconf 83' lang='lat' dir='ltr'><strong>Christo</strong></span> 
     </span>
    </p>
   </div>
   <div class='ocr_carea' id='block_1_48' title="bbox 222 4407 1887 4482">
    <p class='ocr_par' dir='ltr' id='par_1_48' title="bbox 222 4407 1887 4482">
     <span class='ocr_line' id='line_1_48' title="bbox 222 4407 1887 4482; baseline 0.003 -21"><span class='ocrx_word' id='word_1_340' title='bbox 222 4407 364 4462; x_wconf 86' lang='lat' dir='ltr'><strong>Jesu</strong></span> <span class='ocrx_word' id='word_1_341' title='bbox 384 4407 631 4462; x_wconf 86' lang='lat' dir='ltr'><strong>Domino</strong></span> <span class='ocrx_word' id='word_1_342' title='bbox 653 4413 887 4463; x_wconf 85' lang='lat' dir='ltr'><strong>nostro:</strong></span> <span class='ocrx_word' id='word_1_343' title='bbox 910 4412 1198 4478; x_wconf 86' lang='lat' dir='ltr'><strong>tanquam</strong></span> <span class='ocrx_word' id='word_1_344' title='bbox 1225 4407 1465 4474; x_wconf 88' lang='lat' dir='ltr'><strong>diceret,</strong></span> <span class='ocrx_word' id='word_1_345' title='bbox 1482 4409 1699 4465; x_wconf 88' lang='lat' dir='ltr'><strong>Audito</strong></span> <span class='ocrx_word' id='word_1_346' title='bbox 1721 4411 1887 4482; x_wconf 90' lang='lat' dir='ltr'><strong>quod</strong></span> 
     </span>
    </p>
   </div>
   <div class='ocr_carea' id='block_1_49' title="bbox 225 4494 1889 4569">
    <p class='ocr_par' dir='ltr' id='par_1_49' title="bbox 225 4494 1889 4569">
     <span class='ocr_line' id='line_1_49' title="bbox 225 4494 1889 4569; baseline 0.002 -19"><span class='ocrx_word' id='word_1_347' title='bbox 225 4494 591 4567; x_wconf 87' lang='lat' dir='ltr'><strong>stipendium</strong></span> <span class='ocrx_word' id='word_1_348' title='bbox 624 4495 849 4567; x_wconf 91' lang='lat' dir='ltr'><strong>peccati</strong></span> <span class='ocrx_word' id='word_1_349' title='bbox 883 4496 956 4550; x_wconf 86' lang='lat' dir='ltr'><strong>sit</strong></span> <span class='ocrx_word' id='word_1_350' title='bbox 993 4510 1177 4561; x_wconf 91' lang='lat' dir='ltr'><strong>mors,</strong></span> <span class='ocrx_word' id='word_1_351' title='bbox 1210 4497 1356 4566; x_wconf 91' lang='lat' dir='ltr'><strong>quid</strong></span> <span class='ocrx_word' id='word_1_352' title='bbox 1389 4503 1440 4551; x_wconf 92' lang='lat' dir='ltr'><strong>te</strong></span> <span class='ocrx_word' id='word_1_353' title='bbox 1485 4498 1749 4569; x_wconf 90' lang='lat' dir='ltr'><strong>disponis</strong></span> <span class='ocrx_word' id='word_1_354' title='bbox 1794 4515 1889 4554; x_wconf 84' lang='lat' dir='ltr'><strong>ex-</strong></span> 
     </span>
    </p>
   </div>
   <div class='ocr_carea' id='block_1_50' title="bbox 227 4583 1888 4656">
    <p class='ocr_par' dir='ltr' id='par_1_50' title="bbox 227 4583 1888 4656">
     <span class='ocr_line' id='line_1_50' title="bbox 227 4583 1888 4656; baseline 0.002 -18"><span class='ocrx_word' id='word_1_355' title='bbox 227 4583 456 4649; x_wconf 91' lang='lat' dir='ltr'><strong>tollere,</strong></span> <span class='ocrx_word' id='word_1_356' title='bbox 489 4599 525 4638; x_wconf 92' lang='grc' dir='ltr'>ο</span> <span class='ocrx_word' id='word_1_357' title='bbox 555 4583 846 4645; x_wconf 89' lang='lat' dir='ltr'><strong>humana.</strong></span> <span class='ocrx_word' id='word_1_358' title='bbox 891 4598 1012 4638; x_wconf 92' lang='lat' dir='ltr'><strong>non</strong></span> <span class='ocrx_word' id='word_1_359' title='bbox 1035 4583 1282 4654; x_wconf 87' lang='lat' dir='ltr'><strong>justitia,</strong></span> <span class='ocrx_word' id='word_1_360' title='bbox 1317 4585 1418 4640; x_wconf 91' lang='lat' dir='ltr'><strong>sed</strong></span> <span class='ocrx_word' id='word_1_361' title='bbox 1448 4587 1689 4641; x_wconf 90' lang='lat' dir='ltr'><strong>nomine</strong></span> <span class='ocrx_word' id='word_1_362' title='bbox 1714 4587 1888 4656; x_wconf 90' lang='lat' dir='ltr'><strong>justi-</strong></span> 
     </span>
    </p>
   </div>
   <div class='ocr_carea' id='block_1_51' title="bbox 227 4671 1886 4744">
    <p class='ocr_par' dir='ltr' id='par_1_51' title="bbox 227 4671 1886 4744">
     <span class='ocr_line' id='line_1_51' title="bbox 227 4671 1886 4744; baseline 0.002 -18"><span class='ocrx_word' id='word_1_363' title='bbox 227 4672 322 4727; x_wconf 88' lang='lat' dir='ltr'><strong>tia</strong></span> <span class='ocrx_word' id='word_1_364' title='bbox 349 4671 526 4744; x_wconf 90' lang='lat' dir='ltr'><strong>plane</strong></span> <span class='ocrx_word' id='word_1_365' title='bbox 561 4671 844 4744; x_wconf 87' lang='lat' dir='ltr'><strong>superbia</strong></span> <span class='ocrx_word' id='word_1_366' title='bbox 872 4672 900 4726; x_wconf 85' lang='lat'><strong>?</strong></span> <span class='ocrx_word' id='word_1_367' title='bbox 925 4673 1069 4742; x_wconf 90' lang='lat' dir='ltr'><strong>quid</strong></span> <span class='ocrx_word' id='word_1_368' title='bbox 1099 4676 1152 4726; x_wconf 91' lang='lat' dir='ltr'><strong>te</strong></span> <span class='ocrx_word' id='word_1_369' title='bbox 1197 4673 1468 4743; x_wconf 90' lang='lat' dir='ltr'><strong>disponis</strong></span> <span class='ocrx_word' id='word_1_370' title='bbox 1500 4673 1796 4741; x_wconf 85' lang='lat' dir='ltr'><strong>extollere,</strong></span> <span class='ocrx_word' id='word_1_371' title='bbox 1829 4679 1886 4730; x_wconf 89' lang='lat' dir='ltr'><strong>et</strong></span> 
     </span>
    </p>
   </div>
   <div class='ocr_carea' id='block_1_52' title="bbox 226 4759 1886 4832">
    <p class='ocr_par' dir='ltr' id='par_1_52' title="bbox 226 4759 1886 4832">
     <span class='ocr_line' id='line_1_52' title="bbox 226 4759 1886 4832; baseline 0.002 -17"><span class='ocrx_word' id='word_1_372' title='bbox 226 4760 592 4816; x_wconf 87' lang='lat' dir='ltr'><strong>contrariam</strong></span> <span class='ocrx_word' id='word_1_373' title='bbox 634 4759 810 4815; x_wconf 89' lang='lat' dir='ltr'><strong>morti</strong></span> <span class='ocrx_word' id='word_1_374' title='bbox 842 4762 1022 4816; x_wconf 88' lang='lat' dir='ltr'><strong>vitam</strong></span> <span class='ocrx_word' id='word_1_375' title='bbox 1062 4765 1342 4816; x_wconf 73' lang='lat' dir='ltr'><strong>aeternam</strong></span> <span class='ocrx_word' id='word_1_376' title='bbox 1398 4766 1686 4832; x_wconf 90' lang='lat' dir='ltr'><strong>tanquam</strong></span> <span class='ocrx_word' id='word_1_377' title='bbox 1728 4762 1886 4818; x_wconf 89' lang='lat' dir='ltr'><strong>debi-</strong></span> 
     </span>
    </p>
   </div>
   <div class='ocr_carea' id='block_1_53' title="bbox 227 4848 1886 4920">
    <p class='ocr_par' dir='ltr' id='par_1_53' title="bbox 227 4848 1886 4920">
     <span class='ocr_line' id='line_1_53' title="bbox 227 4848 1886 4920; baseline 0 -15"><span class='ocrx_word' id='word_1_378' title='bbox 227 4854 357 4905; x_wconf 89' lang='lat' dir='ltr'><strong>tum</strong></span> <span class='ocrx_word' id='word_1_379' title='bbox 388 4849 753 4920; x_wconf 89' lang='lat' dir='ltr'><strong>stipendium</strong></span> <span class='ocrx_word' id='word_1_380' title='bbox 796 4848 1068 4918; x_wconf 82' lang='lat' dir='ltr'><strong>flagitare</strong></span> <span class='ocrx_word' id='word_1_381' title='bbox 1091 4849 1120 4902; x_wconf 76' lang='lat' dir='ltr'><strong>‘f</strong></span> <span class='ocrx_word' id='word_1_382' title='bbox 1149 4849 1251 4903; x_wconf 88' lang='lat' dir='ltr'><strong>Cui</strong></span> <span class='ocrx_word' id='word_1_383' title='bbox 1278 4849 1529 4904; x_wconf 91' lang='lat' dir='ltr'><strong>debetur</strong></span> <span class='ocrx_word' id='word_1_384' title='bbox 1557 4849 1679 4904; x_wconf 91' lang='lat' dir='ltr'><strong>vita</strong></span> <span class='ocrx_word' id='word_1_385' title='bbox 1718 4855 1886 4905; x_wconf 86' lang='lat' dir='ltr'><strong>ater-</strong></span> 
     </span>
    </p>
   </div>
   <div class='ocr_carea' id='block_1_54' title="bbox 227 4937 1882 5008">
    <p class='ocr_par' dir='ltr' id='par_1_54' title="bbox 227 4937 1882 5008">
     <span class='ocr_line' id='line_1_54' title="bbox 227 4937 1882 5008; baseline 0.001 -15"><span class='ocrx_word' id='word_1_386' title='bbox 227 4954 328 5003; x_wconf 89' lang='lat' dir='ltr'><strong>na,</strong></span> <span class='ocrx_word' id='word_1_387' title='bbox 362 4953 502 4993; x_wconf 89' lang='lat' dir='ltr'><strong>vera</strong></span> <span class='ocrx_word' id='word_1_388' title='bbox 525 4938 755 5008; x_wconf 91' lang='lat' dir='ltr'><strong>justitia</strong></span> <span class='ocrx_word' id='word_1_389' title='bbox 785 4945 875 4992; x_wconf 90' lang='lat' dir='ltr'><strong>est</strong></span> <span class='ocrx_word' id='word_1_390' title='bbox 904 4954 915 4992; x_wconf 91' lang='lat'>:</span> <span class='ocrx_word' id='word_1_391' title='bbox 951 4937 998 4992; x_wconf 92' lang='lat' dir='ltr'><strong>si</strong></span> <span class='ocrx_word' id='word_1_392' title='bbox 1025 4941 1224 4992; x_wconf 90' lang='lat' dir='ltr'><strong>autem</strong></span> <span class='ocrx_word' id='word_1_393' title='bbox 1258 4953 1392 4993; x_wconf 87' lang='lat' dir='ltr'><strong>vera</strong></span> <span class='ocrx_word' id='word_1_394' title='bbox 1425 4937 1649 5007; x_wconf 82' lang='lat' dir='ltr'><strong>justitia</strong></span> <span class='ocrx_word' id='word_1_395' title='bbox 1675 4946 1780 5004; x_wconf 89' lang='lat' dir='ltr'><strong>est,</strong></span> <span class='ocrx_word' id='word_1_396' title='bbox 1813 4955 1882 4994; x_wconf 85' lang='lat' dir='ltr'><strong>ex</strong></span> 
     </span>
    </p>
   </div>
   <div class='ocr_carea' id='block_1_55' title="bbox 231 5027 1887 5090">
    <p class='ocr_par' dir='ltr' id='par_1_55' title="bbox 231 5027 1887 5090">
     <span class='ocr_line' id='line_1_55' title="bbox 231 5027 1887 5090; baseline 0.001 -8"><span class='ocrx_word' id='word_1_397' title='bbox 231 5033 284 5083; x_wconf 90' lang='lat' dir='ltr'><strong>te</strong></span> <span class='ocrx_word' id='word_1_398' title='bbox 313 5043 432 5083; x_wconf 91' lang='lat' dir='ltr'><strong>non</strong></span> <span class='ocrx_word' id='word_1_399' title='bbox 456 5032 568 5090; x_wconf 83' lang='lat' dir='ltr'><strong>est,</strong></span> <span class='ocrx_word' id='word_1_400' title='bbox 600 5027 915 5082; x_wconf 88' lang='lat' dir='ltr'><strong>desursum</strong></span> <span class='ocrx_word' id='word_1_401' title='bbox 948 5032 1038 5081; x_wconf 90' lang='lat' dir='ltr'><strong>est</strong></span> <span class='ocrx_word' id='word_1_402' title='bbox 1061 5027 1434 5082; x_wconf 87' lang='lat' dir='ltr'><strong>descendens</strong></span> <span class='ocrx_word' id='word_1_403' title='bbox 1463 5043 1496 5082; x_wconf 90' lang='lat' dir='ltr'><strong>a</strong></span> <span class='ocrx_word' id='word_1_404' title='bbox 1525 5027 1693 5084; x_wconf 89' lang='lat' dir='ltr'><strong>Patre</strong></span> <span class='ocrx_word' id='word_1_405' title='bbox 1712 5028 1887 5084; x_wconf 91' lang='lat' dir='ltr'><strong>lumi-</strong></span> 
     </span>
    </p>
   </div>
   <div class='ocr_carea' id='block_1_56' title="bbox 228 5115 1886 5185">
    <p class='ocr_par' dir='ltr' id='par_1_56' title="bbox 228 5115 1886 5185">
     <span class='ocr_line' id='line_1_56' title="bbox 228 5115 1886 5185; baseline 0.001 -14"><span class='ocrx_word' id='word_1_406' title='bbox 228 5133 374 5172; x_wconf 92' lang='lat' dir='ltr'><strong>num</strong></span> <span class='ocrx_word' id='word_1_407' title='bbox 405 5116 640 5183; x_wconf 84' lang='lat' dir='ltr'><strong>(Jacobi</strong></span> <span class='ocrx_word' id='word_1_408' title='bbox 665 5132 702 5184; x_wconf 90' lang='grc' dir='ltr'>ι,</span> <span class='ocrx_word' id='word_1_409' title='bbox 746 5116 858 5185; x_wconf 81' lang='lat' dir='ltr'><strong>l7).</strong></span> <span class='ocrx_word' id='word_1_410' title='bbox 893 5117 961 5171; x_wconf 91' lang='lat' dir='ltr'><strong>Ut</strong></span> <span class='ocrx_word' id='word_1_411' title='bbox 992 5115 1240 5171; x_wconf 86' lang='lat' dir='ltr'><strong>haberes</strong></span> <span class='ocrx_word' id='word_1_412' title='bbox 1271 5131 1428 5181; x_wconf 87' lang='lat' dir='ltr'><strong>eam,</strong></span> <span class='ocrx_word' id='word_1_413' title='bbox 1463 5116 1512 5170; x_wconf 92' lang='lat' dir='ltr'><strong>si</strong></span> <span class='ocrx_word' id='word_1_414' title='bbox 1541 5121 1742 5172; x_wconf 90' lang='lat' dir='ltr'><strong>tamen</strong></span> <span class='ocrx_word' id='word_1_415' title='bbox 1782 5117 1886 5173; x_wconf 90' lang='lat' dir='ltr'><strong>ha-</strong></span> 
     </span>
    </p>
   </div>
   <div class='ocr_carea' id='block_1_57' title="bbox 227 5204 1885 5279">
    <p class='ocr_par' dir='ltr' id='par_1_57' title="bbox 227 5204 1885 5279">
     <span class='ocr_line' id='line_1_57' title="bbox 227 5204 1885 5279; baseline 0.001 -20"><span class='ocrx_word' id='word_1_416' title='bbox 227 5205 334 5260; x_wconf 90' lang='lat' dir='ltr'><strong>bes</strong></span> <span class='ocrx_word' id='word_1_417' title='bbox 351 5221 508 5273; x_wconf 90' lang='lat' dir='ltr'><strong>eam,</strong></span> <span class='ocrx_word' id='word_1_418' title='bbox 530 5205 800 5276; x_wconf 87' lang='lat' dir='ltr'><strong>profecto</strong></span> <span class='ocrx_word' id='word_1_419' title='bbox 829 5204 1111 5276; x_wconf 90' lang='lat' dir='ltr'><strong>accepisti</strong></span> <span class='ocrx_word' id='word_1_420' title='bbox 1134 5221 1146 5259; x_wconf 92' lang='lat'><strong>:</strong></span> <span class='ocrx_word' id='word_1_421' title='bbox 1168 5204 1315 5276; x_wconf 91' lang='lat' dir='ltr'><strong>quid</strong></span> <span class='ocrx_word' id='word_1_422' title='bbox 1329 5205 1489 5260; x_wconf 91' lang='lat' dir='ltr'><strong>enim</strong></span> <span class='ocrx_word' id='word_1_423' title='bbox 1517 5206 1704 5261; x_wconf 88' lang='lat' dir='ltr'><strong>habes</strong></span> <span class='ocrx_word' id='word_1_424' title='bbox 1721 5206 1885 5279; x_wconf 91' lang='lat' dir='ltr'><strong>quod</strong></span> 
     </span>
    </p>
   </div>
   <div class='ocr_carea' id='block_1_58' title="bbox 226 5292 1885 5366">
    <p class='ocr_par' dir='ltr' id='par_1_58' title="bbox 226 5292 1885 5366">
     <span class='ocr_line' id='line_1_58' title="bbox 226 5292 1885 5366; baseline 0.001 -18"><span class='ocrx_word' id='word_1_425' title='bbox 226 5309 346 5350; x_wconf 91' lang='lat' dir='ltr'><strong>non</strong></span> <span class='ocrx_word' id='word_1_426' title='bbox 379 5294 660 5366; x_wconf 87' lang='lat' dir='ltr'><strong>accepisti</strong></span> <span class='ocrx_word' id='word_1_427' title='bbox 688 5294 732 5359; x_wconf 87' lang='grc'><strong>(1</strong></span> <span class='ocrx_word' id='word_1_428' title='bbox 766 5296 900 5350; x_wconf 88' lang='lat' dir='ltr'><strong>Cor.</strong></span> <span class='ocrx_word' id='word_1_429' title='bbox 927 5309 1004 5359; x_wconf 80' lang='lat' dir='ltr'><strong>IV,</strong></span> <span class='ocrx_word' id='word_1_430' title='bbox 1031 5293 1086 5361; x_wconf 84' lang='lat'><strong>7)</strong></span> <span class='ocrx_word' id='word_1_431' title='bbox 1118 5292 1145 5347; x_wconf 75' lang='lat' dir='ltr'><strong>‘i</strong></span> <span class='ocrx_word' id='word_1_432' title='bbox 1180 5294 1573 5365; x_wconf 88' lang='lat' dir='ltr'><strong>Quapropter,</strong></span> <span class='ocrx_word' id='word_1_433' title='bbox 1615 5310 1650 5349; x_wconf 94' lang='grc' dir='ltr'>ο</span> <span class='ocrx_word' id='word_1_434' title='bbox 1681 5296 1885 5363; x_wconf 91' lang='lat' dir='ltr'><strong>homo,</strong></span> 
     </span>
    </p>
   </div>
   <div class='ocr_carea' id='block_1_59' title="bbox 229 5383 1887 5456">
    <p class='ocr_par' dir='ltr' id='par_1_59' title="bbox 229 5383 1887 5456">
     <span class='ocr_line' id='line_1_59' title="bbox 229 5383 1887 5456; baseline 0.001 -19"><span class='ocrx_word' id='word_1_435' title='bbox 229 5384 275 5438; x_wconf 91' lang='lat' dir='ltr'><strong>si</strong></span> <span class='ocrx_word' id='word_1_436' title='bbox 307 5389 663 5456; x_wconf 84' lang='lat' dir='ltr'><strong>accepturus</strong></span> <span class='ocrx_word' id='word_1_437' title='bbox 707 5398 772 5437; x_wconf 87' lang='lat' dir='ltr'><strong>es</strong></span> <span class='ocrx_word' id='word_1_438' title='bbox 809 5383 985 5437; x_wconf 87' lang='lat' dir='ltr'><strong>vitam</strong></span> <span class='ocrx_word' id='word_1_439' title='bbox 1035 5387 1342 5447; x_wconf 85' lang='lat' dir='ltr'><strong>aternam,</strong></span> <span class='ocrx_word' id='word_1_440' title='bbox 1372 5383 1610 5452; x_wconf 86' lang='lat' dir='ltr'><strong>justitia</strong></span> <span class='ocrx_word' id='word_1_441' title='bbox 1639 5384 1887 5456; x_wconf 89' lang='lat' dir='ltr'><strong>quidem</strong></span> 
     </span>
    </p>
   </div>
   <div class='ocr_carea' id='block_1_60' title="bbox 228 5470 1890 5543">
    <p class='ocr_par' dir='ltr' id='par_1_60' title="bbox 228 5470 1890 5543">
     <span class='ocr_line' id='line_1_60' title="bbox 228 5470 1890 5543; baseline 0 -16"><span class='ocrx_word' id='word_1_442' title='bbox 228 5471 596 5543; x_wconf 89' lang='lat' dir='ltr'><strong>stipendium</strong></span> <span class='ocrx_word' id='word_1_443' title='bbox 627 5476 737 5535; x_wconf 90' lang='lat' dir='ltr'><strong>est,</strong></span> <span class='ocrx_word' id='word_1_444' title='bbox 772 5471 876 5525; x_wconf 85' lang='lat' dir='ltr'><strong>sed</strong></span> <span class='ocrx_word' id='word_1_445' title='bbox 909 5470 1010 5526; x_wconf 89' lang='lat' dir='ltr'><strong>tibi</strong></span> <span class='ocrx_word' id='word_1_446' title='bbox 1038 5471 1228 5540; x_wconf 91' lang='lat' dir='ltr'><strong>gratia</strong></span> <span class='ocrx_word' id='word_1_447' title='bbox 1253 5477 1361 5536; x_wconf 89' lang='lat' dir='ltr'><strong>est,</strong></span> <span class='ocrx_word' id='word_1_448' title='bbox 1390 5472 1482 5525; x_wconf 89' lang='lat' dir='ltr'><strong>cui</strong></span> <span class='ocrx_word' id='word_1_449' title='bbox 1514 5471 1704 5540; x_wconf 90' lang='lat' dir='ltr'><strong>gratia</strong></span> <span class='ocrx_word' id='word_1_450' title='bbox 1730 5478 1816 5528; x_wconf 92' lang='lat' dir='ltr'><strong>est</strong></span> <span class='ocrx_word' id='word_1_451' title='bbox 1831 5476 1890 5527; x_wconf 88' lang='lat' dir='ltr'><strong>et.</strong></span> 
     </span>
    </p>
   </div>
   <div class='ocr_carea' id='block_1_61' title="bbox 225 5558 1886 5634">
    <p class='ocr_par' dir='ltr' id='par_1_61' title="bbox 225 5558 1886 5634">
     <span class='ocr_line' id='line_1_61' title="bbox 225 5558 1886 5634; baseline -0.001 -17"><span class='ocrx_word' id='word_1_452' title='bbox 225 5560 636 5634; x_wconf 85' lang='lat' dir='ltr'><strong>ipsajustitia.</strong></span> <span class='ocrx_word' id='word_1_453' title='bbox 669 5559 791 5615; x_wconf 87' lang='lat' dir='ltr'><strong>Tibi</strong></span> <span class='ocrx_word' id='word_1_454' title='bbox 811 5559 968 5614; x_wconf 91' lang='lat' dir='ltr'><strong>enim</strong></span> <span class='ocrx_word' id='word_1_455' title='bbox 998 5563 1286 5631; x_wconf 89' lang='lat' dir='ltr'><strong>tanquam</strong></span> <span class='ocrx_word' id='word_1_456' title='bbox 1310 5558 1505 5615; x_wconf 88' lang='lat' dir='ltr'><strong>debita</strong></span> <span class='ocrx_word' id='word_1_457' title='bbox 1527 5560 1886 5626; x_wconf 88' lang='lat' dir='ltr'><strong>redderetur,</strong></span> 
     </span>
    </p>
   </div>
   <div class='ocr_carea' id='block_1_62' title="bbox 226 5647 1891 5720">
    <p class='ocr_par' dir='ltr' id='par_1_62' title="bbox 226 5647 1891 5720">
     <span class='ocr_line' id='line_1_62' title="bbox 226 5647 1891 5720; baseline 0.001 -13"><span class='ocrx_word' id='word_1_458' title='bbox 226 5653 273 5707; x_wconf 83' lang='lat' dir='ltr'><strong>si</strong></span> <span class='ocrx_word' id='word_1_459' title='bbox 304 5667 374 5707; x_wconf 87' lang='lat' dir='ltr'><strong>ex</strong></span> <span class='ocrx_word' id='word_1_460' title='bbox 407 5654 460 5706; x_wconf 90' lang='lat' dir='ltr'><strong>te</strong></span> <span class='ocrx_word' id='word_1_461' title='bbox 499 5649 605 5705; x_wconf 90' lang='lat' dir='ltr'><strong>tibi</strong></span> <span class='ocrx_word' id='word_1_462' title='bbox 637 5655 794 5706; x_wconf 87' lang='lat' dir='ltr'><strong>esset</strong></span> <span class='ocrx_word' id='word_1_463' title='bbox 825 5649 1054 5720; x_wconf 86' lang='lat' dir='ltr'><strong>justitia</strong></span> <span class='ocrx_word' id='word_1_464' title='bbox 1085 5649 1177 5703; x_wconf 91' lang='lat' dir='ltr'><strong>cui</strong></span> <span class='ocrx_word' id='word_1_465' title='bbox 1210 5647 1479 5705; x_wconf 88' lang='lat' dir='ltr'><strong>debetur.</strong></span> <span class='ocrx_word' id='word_1_466' title='bbox 1523 5650 1690 5705; x_wconf 86' lang='lat' dir='ltr'><strong>Nunc</strong></span> <span class='ocrx_word' id='word_1_467' title='bbox 1745 5664 1891 5708; x_wconf 89' lang='lat' dir='ltr'><strong>vero</strong></span> 
     </span>
    </p>
   </div>
   <div class='ocr_carea' id='block_1_63' title="bbox 1477 192 2450 256">
    <p class='ocr_par' dir='ltr' id='par_1_63' title="bbox 1477 192 2450 256">
     <span class='ocr_line' id='line_1_63' title="bbox 1477 192 2450 256; baseline 0.006 -6"><span class='ocrx_word' id='word_1_468' title='bbox 1477 192 1976 253; x_wconf 81' lang='lat' dir='ltr'><strong>EPISTOLARUM</strong></span> <span class='ocrx_word' id='word_1_469' title='bbox 2023 193 2316 254; x_wconf 84' lang='lat' dir='ltr'><strong>CLASSIS</strong></span> <span class='ocrx_word' id='word_1_470' title='bbox 2354 198 2450 256; x_wconf 85' lang='grc' dir='ltr'><strong>ΙΙΙ.</strong></span> 
     </span>
    </p>
   </div>
   <div class='ocr_carea' id='block_1_64' title="bbox 3579 213 3688 271">
    <p class='ocr_par' dir='ltr' id='par_1_64' title="bbox 3579 213 3688 271">
     <span class='ocr_line' id='line_1_64' title="bbox 3579 213 3688 271; baseline 0.018 -2"><span class='ocrx_word' id='word_1_471' title='bbox 3579 213 3688 271; x_wconf 81' lang='lat'><strong>882</strong></span> 
     </span>
    </p>
   </div>
   <div class='ocr_carea' id='block_1_65' title="bbox 2013 321 3678 409">
    <p class='ocr_par' dir='ltr' id='par_1_65' title="bbox 2013 321 3678 409">
     <span class='ocr_line' id='line_1_65' title="bbox 2013 321 3678 409; baseline 0.013 -34"><span class='ocrx_word' id='word_1_472' title='bbox 2013 321 2089 376; x_wconf 94' lang='lat' dir='ltr'><strong>de</strong></span> <span class='ocrx_word' id='word_1_473' title='bbox 2127 321 2492 393; x_wconf 88' lang='lat' dir='ltr'><strong>plenitudine</strong></span> <span class='ocrx_word' id='word_1_474' title='bbox 2520 327 2650 399; x_wconf 89' lang='lat' dir='ltr'><strong>ejus</strong></span> <span class='ocrx_word' id='word_1_475' title='bbox 2671 329 3016 401; x_wconf 90' lang='lat' dir='ltr'><strong>accepimus</strong></span> <span class='ocrx_word' id='word_1_476' title='bbox 3032 347 3152 390; x_wconf 94' lang='lat' dir='ltr'><strong>non</strong></span> <span class='ocrx_word' id='word_1_477' title='bbox 3181 335 3376 392; x_wconf 89' lang='lat' dir='ltr'><strong>solum</strong></span> <span class='ocrx_word' id='word_1_478' title='bbox 3404 339 3678 409; x_wconf 86' lang='lat' dir='ltr'><strong>gratiam,</strong></span> 
     </span>
    </p>
   </div>
   <div class='ocr_carea' id='block_1_66' title="bbox 2013 414 3676 495">
    <p class='ocr_par' dir='ltr' id='par_1_66' title="bbox 2013 414 3676 495">
     <span class='ocr_line' id='line_1_66' title="bbox 2013 414 3676 495; baseline 0.012 -30"><span class='ocrx_word' id='word_1_479' title='bbox 2013 427 2135 482; x_wconf 90' lang='lat' dir='ltr'><strong>qua</strong></span> <span class='ocrx_word' id='word_1_480' title='bbox 2181 429 2340 470; x_wconf 90' lang='lat' dir='ltr'><strong>nunc</strong></span> <span class='ocrx_word' id='word_1_481' title='bbox 2372 414 2531 485; x_wconf 88' lang='lat' dir='ltr'><strong>juste</strong></span> <span class='ocrx_word' id='word_1_482' title='bbox 2563 416 2622 472; x_wconf 89' lang='lat' dir='ltr'><strong>in</strong></span> <span class='ocrx_word' id='word_1_483' title='bbox 2654 418 2960 474; x_wconf 90' lang='lat' dir='ltr'><strong>laboribus</strong></span> <span class='ocrx_word' id='word_1_484' title='bbox 2989 438 3179 495; x_wconf 88' lang='lat' dir='ltr'><strong>usque</strong></span> <span class='ocrx_word' id='word_1_485' title='bbox 3213 426 3272 481; x_wconf 92' lang='lat' dir='ltr'><strong>in</strong></span> <span class='ocrx_word' id='word_1_486' title='bbox 3305 427 3487 483; x_wconf 86' lang='lat' dir='ltr'><strong>ﬁnem</strong></span> <span class='ocrx_word' id='word_1_487' title='bbox 3539 431 3676 485; x_wconf 87' lang='lat' dir='ltr'><strong>vivi-</strong></span> 
     </span>
    </p>
   </div>
   <div class='ocr_carea' id='block_1_67' title="bbox 2014 504 3673 586">
    <p class='ocr_par' dir='ltr' id='par_1_67' title="bbox 2014 504 3673 586">
     <span class='ocr_line' id='line_1_67' title="bbox 2014 504 3673 586; baseline 0.011 -32"><span class='ocrx_word' id='word_1_488' title='bbox 2014 516 2172 566; x_wconf 90' lang='lat' dir='ltr'><strong>mus,</strong></span> <span class='ocrx_word' id='word_1_489' title='bbox 2213 504 2318 557; x_wconf 91' lang='lat' dir='ltr'><strong>sed</strong></span> <span class='ocrx_word' id='word_1_490' title='bbox 2375 504 2552 561; x_wconf 90' lang='lat' dir='ltr'><strong>etiam</strong></span> <span class='ocrx_word' id='word_1_491' title='bbox 2587 508 2839 577; x_wconf 87' lang='lat' dir='ltr'><strong>gratiam</strong></span> <span class='ocrx_word' id='word_1_492' title='bbox 2887 525 2995 580; x_wconf 92' lang='lat' dir='ltr'><strong>pro</strong></span> <span class='ocrx_word' id='word_1_493' title='bbox 3027 512 3138 567; x_wconf 91' lang='lat' dir='ltr'><strong>hac</strong></span> <span class='ocrx_word' id='word_1_494' title='bbox 3179 516 3368 585; x_wconf 89' lang='lat' dir='ltr'><strong>gratia</strong></span> <span class='ocrx_word' id='word_1_495' title='bbox 3410 518 3602 586; x_wconf 88' lang='lat' dir='ltr'><strong>(Joan.</strong></span> <span class='ocrx_word' id='word_1_496' title='bbox 3638 537 3673 583; x_wconf 87' lang='grc' dir='ltr'>ι,</span> 
     </span>
    </p>
   </div>
   <div class='ocr_carea' id='block_1_68' title="bbox 2021 591 3676 665">
    <p class='ocr_par' dir='ltr' id='par_1_68' title="bbox 2021 591 3676 665">
     <span class='ocr_line' id='line_1_68' title="bbox 2021 591 3676 665; baseline 0.011 -22"><span class='ocrx_word' id='word_1_497' title='bbox 2021 592 2125 660; x_wconf 83' lang='grc'><strong>16),</strong></span> <span class='ocrx_word' id='word_1_498' title='bbox 2147 595 2206 644; x_wconf 91' lang='lat' dir='ltr'><strong>ut</strong></span> <span class='ocrx_word' id='word_1_499' title='bbox 2232 591 2289 646; x_wconf 91' lang='lat' dir='ltr'><strong>in</strong></span> <span class='ocrx_word' id='word_1_500' title='bbox 2309 593 2512 664; x_wconf 90' lang='lat' dir='ltr'><strong>requie</strong></span> <span class='ocrx_word' id='word_1_501' title='bbox 2541 601 2749 665; x_wconf 92' lang='lat' dir='ltr'><strong>postea</strong></span> <span class='ocrx_word' id='word_1_502' title='bbox 2767 597 2893 652; x_wconf 90' lang='lat' dir='ltr'><strong>sine</strong></span> <span class='ocrx_word' id='word_1_503' title='bbox 2916 599 3033 654; x_wconf 89' lang='lat' dir='ltr'><strong>ﬁne</strong></span> <span class='ocrx_word' id='word_1_504' title='bbox 3054 601 3351 660; x_wconf 90' lang='lat' dir='ltr'><strong>vivamus.</strong></span> <span class='ocrx_word' id='word_1_505' title='bbox 3384 606 3505 661; x_wconf 82' lang='lat' dir='ltr'><strong>Hoc</strong></span> <span class='ocrx_word' id='word_1_506' title='bbox 3528 607 3676 663; x_wconf 87' lang='lat' dir='ltr'><strong>nihil</strong></span> 
     </span>
    </p>
   </div>
   <div class='ocr_carea' id='block_1_69' title="bbox 2013 679 3671 758">
    <p class='ocr_par' dir='ltr' id='par_1_69' title="bbox 2013 679 3671 758">
     <span class='ocr_line' id='line_1_69' title="bbox 2013 679 3671 758; baseline 0.011 -26"><span class='ocrx_word' id='word_1_507' title='bbox 2013 679 2311 735; x_wconf 89' lang='lat' dir='ltr'><strong>salubrius</strong></span> <span class='ocrx_word' id='word_1_508' title='bbox 2350 681 2497 736; x_wconf 88' lang='lat' dir='ltr'><strong>fides</strong></span> <span class='ocrx_word' id='word_1_509' title='bbox 2527 685 2732 750; x_wconf 83' lang='lat' dir='ltr'><strong>credit,</strong></span> <span class='ocrx_word' id='word_1_510' title='bbox 2767 687 2908 758; x_wconf 91' lang='lat' dir='ltr'><strong>quia</strong></span> <span class='ocrx_word' id='word_1_511' title='bbox 2934 689 3079 744; x_wconf 92' lang='lat' dir='ltr'><strong>nihil</strong></span> <span class='ocrx_word' id='word_1_512' title='bbox 3116 693 3311 747; x_wconf 90' lang='lat' dir='ltr'><strong>verius</strong></span> <span class='ocrx_word' id='word_1_513' title='bbox 3343 694 3671 751; x_wconf 88' lang='lat' dir='ltr'><strong>intellectus</strong></span> 
     </span>
    </p>
   </div>
   <div class='ocr_carea' id='block_1_70' title="bbox 2011 769 3662 851">
    <p class='ocr_par' dir='ltr' id='par_1_70' title="bbox 2011 769 3662 851">
     <span class='ocr_line' id='line_1_70' title="bbox 2011 769 3662 851; baseline 0.011 -30"><span class='ocrx_word' id='word_1_514' title='bbox 2011 769 2237 823; x_wconf 90' lang='lat' dir='ltr'><strong>invenit</strong></span> <span class='ocrx_word' id='word_1_515' title='bbox 2267 785 2280 822; x_wconf 89' lang='lat'>:</span> <span class='ocrx_word' id='word_1_516' title='bbox 2309 774 2365 824; x_wconf 90' lang='lat' dir='ltr'><strong>et</strong></span> <span class='ocrx_word' id='word_1_517' title='bbox 2390 770 2684 826; x_wconf 90' lang='lat' dir='ltr'><strong>debemus</strong></span> <span class='ocrx_word' id='word_1_518' title='bbox 2713 774 2922 829; x_wconf 90' lang='lat' dir='ltr'><strong>audire</strong></span> <span class='ocrx_word' id='word_1_519' title='bbox 2954 779 3310 848; x_wconf 88' lang='lat' dir='ltr'><strong>prophetam</strong></span> <span class='ocrx_word' id='word_1_520' title='bbox 3345 782 3662 851; x_wconf 91' lang='lat' dir='ltr'><strong>dicentem,</strong></span> 
     </span>
    </p>
   </div>
   <div class='ocr_carea' id='block_1_71' title="bbox 2009 856 3636 936">
    <p class='ocr_par' dir='ltr' id='par_1_71' title="bbox 2009 856 3636 936">
     <span class='ocr_line' id='line_1_71' title="bbox 2009 856 3636 936; baseline 0.01 -24"><span class='ocrx_word' id='word_1_521' title='bbox 2009 856 2140 912; x_wconf 84' lang='lat' dir='ltr'><strong>Nisi</strong></span> <span class='ocrx_word' id='word_1_522' title='bbox 2163 858 2551 926; x_wconf 86' lang='lat' dir='ltr'><strong>credideritis,</strong></span> <span class='ocrx_word' id='word_1_523' title='bbox 2576 877 2692 918; x_wconf 88' lang='lat' dir='ltr'><strong>non</strong></span> <span class='ocrx_word' id='word_1_524' title='bbox 2719 864 3245 936; x_wconf 82' lang='lat' dir='ltr'><strong>intelligetis([sai.</strong></span> <span class='ocrx_word' id='word_1_525' title='bbox 3297 887 3396 935; x_wconf 85' lang='lat' dir='ltr'><strong>vn,</strong></span> <span class='ocrx_word' id='word_1_526' title='bbox 3428 876 3480 935; x_wconf 91' lang='lat'><strong>9,</strong></span> <span class='ocrx_word' id='word_1_527' title='bbox 3521 888 3636 930; x_wconf 87' lang='lat' dir='ltr'><strong>sec.</strong></span> 
     </span>
    </p>
   </div>
   <div class='ocr_carea' id='block_1_72' title="bbox 2013 947 2182 1017">
    <p class='ocr_par' dir='ltr' id='par_1_72' title="bbox 2013 947 2182 1017">
     <span class='ocr_line' id='line_1_72' title="bbox 2013 947 2182 1017; baseline -0.006 -16"><span class='ocrx_word' id='word_1_528' title='bbox 2013 947 2182 1017; x_wconf 84' lang='lat' dir='ltr'><strong>LXX).</strong></span> 
     </span>
    </p>
   </div>
   <div class='ocr_carea' id='block_1_73' title="bbox 2079 1035 3669 1117">
    <p class='ocr_par' dir='ltr' id='par_1_73' title="bbox 2079 1035 3669 1117">
     <span class='ocr_line' id='line_1_73' title="bbox 2079 1035 3669 1117; baseline 0.011 -31"><span class='ocrx_word' id='word_1_529' title='bbox 2079 1035 2304 1091; x_wconf 80' lang='lat' dir='ltr'><strong>CAPUT</strong></span> <span class='ocrx_word' id='word_1_530' title='bbox 2329 1038 2415 1091; x_wconf 89' lang='lat' dir='ltr'><strong>Vl.</strong></span> <span class='ocrx_word' id='word_1_531' title='bbox 2442 1069 2503 1078; x_wconf 90' lang='lat'><strong><em>—</em></strong></span> <span class='ocrx_word' id='word_1_532' title='bbox 2523 1038 2610 1093; x_wconf 81' lang='grc'><strong>22.</strong></span> <span class='ocrx_word' id='word_1_533' title='bbox 2635 1039 2755 1096; x_wconf 85' lang='lat' dir='ltr'><strong>Sed</strong></span> <span class='ocrx_word' id='word_1_534' title='bbox 2769 1043 3140 1099; x_wconf 68' lang='lat' dir='ltr'><strong>excusabant</strong></span> <span class='ocrx_word' id='word_1_535' title='bbox 3159 1059 3234 1107; x_wconf 89' lang='lat' dir='ltr'><strong>se,</strong></span> <span class='ocrx_word' id='word_1_536' title='bbox 3255 1045 3462 1117; x_wconf 87' lang='lat' dir='ltr'><strong>inquit,</strong></span> <span class='ocrx_word' id='word_1_537' title='bbox 3486 1048 3669 1104; x_wconf 85' lang='lat' dir='ltr'><strong>homi-</strong></span> 
     </span>
    </p>
   </div>
   <div class='ocr_carea' id='block_1_74' title="bbox 2006 1124 3665 1199">
    <p class='ocr_par' dir='ltr' id='par_1_74' title="bbox 2006 1124 3665 1199">
     <span class='ocr_line' id='line_1_74' title="bbox 2006 1124 3665 1199; baseline 0.007 -22"><span class='ocrx_word' id='word_1_538' title='bbox 2006 1137 2130 1190; x_wconf 90' lang='lat' dir='ltr'><strong>nes,</strong></span> <span class='ocrx_word' id='word_1_539' title='bbox 2157 1124 2260 1194; x_wconf 87' lang='lat' dir='ltr'><strong>qui</strong></span> <span class='ocrx_word' id='word_1_540' title='bbox 2290 1127 2504 1181; x_wconf 86' lang='lat' dir='ltr'><strong>nolunt</strong></span> <span class='ocrx_word' id='word_1_541' title='bbox 2537 1134 2692 1184; x_wconf 87' lang='lat' dir='ltr'><strong>recte</strong></span> <span class='ocrx_word' id='word_1_542' title='bbox 2727 1135 2780 1183; x_wconf 92' lang='lat' dir='ltr'><strong>et</strong></span> <span class='ocrx_word' id='word_1_543' title='bbox 2808 1130 3068 1196; x_wconf 86' lang='lat' dir='ltr'><strong>ﬁdeliter</strong></span> <span class='ocrx_word' id='word_1_544' title='bbox 3113 1135 3327 1199; x_wconf 84' lang='lat' dir='ltr'><strong>vivere,</strong></span> <span class='ocrx_word' id='word_1_545' title='bbox 3361 1135 3665 1192; x_wconf 88' lang='lat' dir='ltr'><strong>dicentes:</strong></span> 
     </span>
    </p>
   </div>
   <div class='ocr_carea' id='block_1_75' title="bbox 2010 1212 3662 1295">
    <p class='ocr_par' dir='ltr' id='par_1_75' title="bbox 2010 1212 3662 1295">
     <span class='ocr_line' id='line_1_75' title="bbox 2010 1212 3662 1295; baseline 0.01 -30"><span class='ocrx_word' id='word_1_546' title='bbox 2010 1212 2165 1279; x_wconf 81' lang='lat' dir='ltr'><strong>Ouid</strong></span> <span class='ocrx_word' id='word_1_547' title='bbox 2188 1229 2293 1268; x_wconf 88' lang='lat' dir='ltr'><strong>nos</strong></span> <span class='ocrx_word' id='word_1_548' title='bbox 2315 1215 2567 1283; x_wconf 82' lang='lat' dir='ltr'><strong>fecimus</strong></span> <span class='ocrx_word' id='word_1_549' title='bbox 2593 1218 2696 1288; x_wconf 85' lang='lat' dir='ltr'><strong>qui</strong></span> <span class='ocrx_word' id='word_1_550' title='bbox 2713 1220 2868 1275; x_wconf 91' lang='lat' dir='ltr'><strong>male</strong></span> <span class='ocrx_word' id='word_1_551' title='bbox 2892 1219 3160 1284; x_wconf 87' lang='lat' dir='ltr'><strong>vivimus,</strong></span> <span class='ocrx_word' id='word_1_552' title='bbox 3181 1225 3662 1295; x_wconf 86' lang='lat' dir='ltr'><strong>quandoquidem</strong></span> 
     </span>
    </p>
   </div>
   <div class='ocr_carea' id='block_1_76' title="bbox 2006 1301 3664 1380">
    <p class='ocr_par' dir='ltr' id='par_1_76' title="bbox 2006 1301 3664 1380">
     <span class='ocr_line' id='line_1_76' title="bbox 2006 1301 3664 1380; baseline 0.009 -25"><span class='ocrx_word' id='word_1_553' title='bbox 2006 1301 2264 1370; x_wconf 85' lang='lat' dir='ltr'><strong>gratiam</strong></span> <span class='ocrx_word' id='word_1_554' title='bbox 2289 1304 2446 1360; x_wconf 87' lang='lat' dir='ltr'><strong>unde</strong></span> <span class='ocrx_word' id='word_1_555' title='bbox 2467 1305 2604 1362; x_wconf 88' lang='lat' dir='ltr'><strong>bene</strong></span> <span class='ocrx_word' id='word_1_556' title='bbox 2631 1308 2977 1373; x_wconf 84' lang='lat' dir='ltr'><strong>viveremus,</strong></span> <span class='ocrx_word' id='word_1_557' title='bbox 2999 1325 3117 1365; x_wconf 90' lang='lat' dir='ltr'><strong>non</strong></span> <span class='ocrx_word' id='word_1_558' title='bbox 3143 1313 3475 1380; x_wconf 88' lang='lat' dir='ltr'><strong>accepimus</strong></span> <span class='ocrx_word' id='word_1_559' title='bbox 3492 1313 3520 1368; x_wconf 67' lang='lat'><strong>7</strong></span> <span class='ocrx_word' id='word_1_560' title='bbox 3539 1318 3664 1370; x_wconf 88' lang='lat' dir='ltr'><strong>Non</strong></span> 
     </span>
    </p>
   </div>
   <div class='ocr_carea' id='block_1_77' title="bbox 2008 1393 3664 1473">
    <p class='ocr_par' dir='ltr' id='par_1_77' title="bbox 2008 1393 3664 1473">
     <span class='ocr_line' id='line_1_77' title="bbox 2008 1393 3664 1473; baseline 0.01 -32"><span class='ocrx_word' id='word_1_561' title='bbox 2008 1395 2262 1458; x_wconf 89' lang='lat' dir='ltr'><strong>possunt</strong></span> <span class='ocrx_word' id='word_1_562' title='bbox 2311 1393 2597 1448; x_wconf 89' lang='lat' dir='ltr'><strong>veraciter</strong></span> <span class='ocrx_word' id='word_1_563' title='bbox 2638 1394 2835 1450; x_wconf 89' lang='lat' dir='ltr'><strong>dicere</strong></span> <span class='ocrx_word' id='word_1_564' title='bbox 2867 1396 3010 1451; x_wconf 88' lang='lat' dir='ltr'><strong>nihil</strong></span> <span class='ocrx_word' id='word_1_565' title='bbox 3059 1397 3198 1453; x_wconf 89' lang='lat' dir='ltr'><strong>mali</strong></span> <span class='ocrx_word' id='word_1_566' title='bbox 3233 1415 3294 1454; x_wconf 91' lang='lat' dir='ltr'><strong>se</strong></span> <span class='ocrx_word' id='word_1_567' title='bbox 3327 1400 3534 1456; x_wconf 86' lang='lat' dir='ltr'><strong>fecisse</strong></span> <span class='ocrx_word' id='word_1_568' title='bbox 3561 1403 3664 1473; x_wconf 90' lang='lat' dir='ltr'><strong>qui</strong></span> 
     </span>
    </p>
   </div>
   <div class='ocr_carea' id='block_1_78' title="bbox 2008 1476 3666 1552">
    <p class='ocr_par' dir='ltr' id='par_1_78' title="bbox 2008 1476 3666 1552">
     <span class='ocr_line' id='line_1_78' title="bbox 2008 1476 3666 1552; baseline 0.008 -22"><span class='ocrx_word' id='word_1_569' title='bbox 2008 1476 2163 1532; x_wconf 89' lang='lat' dir='ltr'><strong>male</strong></span> <span class='ocrx_word' id='word_1_570' title='bbox 2191 1478 2396 1534; x_wconf 88' lang='lat' dir='ltr'><strong>vivunt</strong></span> <span class='ocrx_word' id='word_1_571' title='bbox 2427 1497 2440 1534; x_wconf 88' lang='lat'>:</span> <span class='ocrx_word' id='word_1_572' title='bbox 2476 1481 2524 1534; x_wconf 91' lang='lat' dir='ltr'><strong>si</strong></span> <span class='ocrx_word' id='word_1_573' title='bbox 2556 1483 2714 1538; x_wconf 92' lang='lat' dir='ltr'><strong>enim</strong></span> <span class='ocrx_word' id='word_1_574' title='bbox 2745 1484 2890 1538; x_wconf 85' lang='lat' dir='ltr'><strong>nihil</strong></span> <span class='ocrx_word' id='word_1_575' title='bbox 2937 1485 3077 1541; x_wconf 89' lang='lat' dir='ltr'><strong>mali</strong></span> <span class='ocrx_word' id='word_1_576' title='bbox 3122 1487 3367 1552; x_wconf 89' lang='lat' dir='ltr'><strong>faciunt,</strong></span> <span class='ocrx_word' id='word_1_577' title='bbox 3400 1489 3554 1544; x_wconf 91' lang='lat' dir='ltr'><strong>bene</strong></span> <span class='ocrx_word' id='word_1_578' title='bbox 3584 1491 3666 1544; x_wconf 86' lang='lat' dir='ltr'><strong>vi-</strong></span> 
     </span>
    </p>
   </div>
   <div class='ocr_carea' id='block_1_79' title="bbox 2007 1567 3661 1642">
    <p class='ocr_par' dir='ltr' id='par_1_79' title="bbox 2007 1567 3661 1642">
     <span class='ocr_line' id='line_1_79' title="bbox 2007 1567 3661 1642; baseline 0.008 -23"><span class='ocrx_word' id='word_1_579' title='bbox 2007 1572 2151 1620; x_wconf 89' lang='lat' dir='ltr'><strong>vunt</strong></span> <span class='ocrx_word' id='word_1_580' title='bbox 2183 1584 2196 1633; x_wconf 88' lang='lat'><strong>;</strong></span> <span class='ocrx_word' id='word_1_581' title='bbox 2227 1567 2274 1621; x_wconf 89' lang='lat' dir='ltr'><strong>si</strong></span> <span class='ocrx_word' id='word_1_582' title='bbox 2314 1574 2513 1623; x_wconf 91' lang='lat' dir='ltr'><strong>autem</strong></span> <span class='ocrx_word' id='word_1_583' title='bbox 2543 1570 2702 1626; x_wconf 89' lang='lat' dir='ltr'><strong>male</strong></span> <span class='ocrx_word' id='word_1_584' title='bbox 2736 1573 2962 1640; x_wconf 90' lang='lat' dir='ltr'><strong>vivunt,</strong></span> <span class='ocrx_word' id='word_1_585' title='bbox 2993 1574 3068 1628; x_wconf 91' lang='lat' dir='ltr'><strong>de</strong></span> <span class='ocrx_word' id='word_1_586' title='bbox 3101 1590 3212 1630; x_wconf 90' lang='lat' dir='ltr'><strong>suo</strong></span> <span class='ocrx_word' id='word_1_587' title='bbox 3245 1576 3400 1631; x_wconf 91' lang='lat' dir='ltr'><strong>male</strong></span> <span class='ocrx_word' id='word_1_588' title='bbox 3433 1579 3661 1642; x_wconf 89' lang='lat' dir='ltr'><strong>vivunt,</strong></span> 
     </span>
    </p>
   </div>
   <div class='ocr_carea' id='block_1_80' title="bbox 2009 1653 3665 1736">
    <p class='ocr_par' dir='ltr' id='par_1_80' title="bbox 2009 1653 3665 1736">
     <span class='ocr_line' id='line_1_80' title="bbox 2009 1653 3665 1736; baseline 0.008 -29"><span class='ocrx_word' id='word_1_589' title='bbox 2009 1653 2098 1708; x_wconf 87' lang='lat' dir='ltr'><strong>vel</strong></span> <span class='ocrx_word' id='word_1_590' title='bbox 2129 1654 2290 1725; x_wconf 92' lang='lat' dir='ltr'><strong>quod</strong></span> <span class='ocrx_word' id='word_1_591' title='bbox 2323 1656 2694 1726; x_wconf 91' lang='lat' dir='ltr'><strong>originaliter</strong></span> <span class='ocrx_word' id='word_1_592' title='bbox 2735 1664 3059 1726; x_wconf 90' lang='lat' dir='ltr'><strong>traxerunt,</strong></span> <span class='ocrx_word' id='word_1_593' title='bbox 3103 1661 3191 1716; x_wconf 91' lang='lat' dir='ltr'><strong>vel</strong></span> <span class='ocrx_word' id='word_1_594' title='bbox 3222 1663 3388 1735; x_wconf 91' lang='lat' dir='ltr'><strong>quod</strong></span> <span class='ocrx_word' id='word_1_595' title='bbox 3418 1665 3665 1736; x_wconf 89' lang='lat' dir='ltr'><strong>insuper</strong></span> 
     </span>
    </p>
   </div>
   <div class='ocr_carea' id='block_1_81' title="bbox 2006 1741 3666 1822">
    <p class='ocr_par' dir='ltr' id='par_1_81' title="bbox 2006 1741 3666 1822">
     <span class='ocr_line' id='line_1_81' title="bbox 2006 1741 3666 1822; baseline 0.007 -25"><span class='ocrx_word' id='word_1_596' title='bbox 2006 1741 2386 1799; x_wconf 90' lang='lat' dir='ltr'><strong>addiderunt.</strong></span> <span class='ocrx_word' id='word_1_597' title='bbox 2405 1744 2520 1799; x_wconf 90' lang='lat' dir='ltr'><strong>Sed</strong></span> <span class='ocrx_word' id='word_1_598' title='bbox 2539 1745 2585 1800; x_wconf 92' lang='lat' dir='ltr'><strong>si</strong></span> <span class='ocrx_word' id='word_1_599' title='bbox 2609 1762 2754 1802; x_wconf 89' lang='lat' dir='ltr'><strong>vasa</strong></span> <span class='ocrx_word' id='word_1_600' title='bbox 2780 1753 2917 1803; x_wconf 90' lang='lat' dir='ltr'><strong>sunt</strong></span> <span class='ocrx_word' id='word_1_601' title='bbox 2941 1749 3062 1814; x_wconf 82' lang='lat' dir='ltr'><strong>ira,</strong></span> <span class='ocrx_word' id='word_1_602' title='bbox 3083 1765 3219 1822; x_wconf 87' lang='lat' dir='ltr'><strong>qua</strong></span> <span class='ocrx_word' id='word_1_603' title='bbox 3246 1752 3506 1822; x_wconf 87' lang='lat' dir='ltr'><strong>perfecta</strong></span> <span class='ocrx_word' id='word_1_604' title='bbox 3528 1757 3666 1808; x_wconf 91' lang='lat' dir='ltr'><strong>sunt</strong></span> 
     </span>
    </p>
   </div>
   <div class='ocr_carea' id='block_1_82' title="bbox 2005 1831 3664 1906">
    <p class='ocr_par' dir='ltr' id='par_1_82' title="bbox 2005 1831 3664 1906">
     <span class='ocr_line' id='line_1_82' title="bbox 2005 1831 3664 1906; baseline 0.007 -20"><span class='ocrx_word' id='word_1_605' title='bbox 2005 1831 2084 1887; x_wconf 86' lang='lat' dir='ltr'><strong>ad</strong></span> <span class='ocrx_word' id='word_1_606' title='bbox 2117 1831 2532 1902; x_wconf 89' lang='lat' dir='ltr'><strong>perditionem,</strong></span> <span class='ocrx_word' id='word_1_607' title='bbox 2565 1851 2701 1906; x_wconf 86' lang='lat' dir='ltr'><strong>qua</strong></span> <span class='ocrx_word' id='word_1_608' title='bbox 2735 1836 2846 1891; x_wconf 90' lang='lat' dir='ltr'><strong>illis</strong></span> <span class='ocrx_word' id='word_1_609' title='bbox 2877 1837 3078 1894; x_wconf 91' lang='lat' dir='ltr'><strong>debita</strong></span> <span class='ocrx_word' id='word_1_610' title='bbox 3104 1839 3393 1906; x_wconf 88' lang='lat' dir='ltr'><strong>redditur,</strong></span> <span class='ocrx_word' id='word_1_611' title='bbox 3424 1841 3664 1898; x_wconf 91' lang='lat' dir='ltr'><strong>sibihoc</strong></span> 
     </span>
    </p>
   </div>
   <div class='ocr_carea' id='block_1_83' title="bbox 2005 1920 3670 2002">
    <p class='ocr_par' dir='ltr' id='par_1_83' title="bbox 2005 1920 3670 2002">
     <span class='ocr_line' id='line_1_83' title="bbox 2005 1920 3670 2002; baseline 0.007 -28"><span class='ocrx_word' id='word_1_612' title='bbox 2005 1920 2474 1992; x_wconf 90' lang='lat' dir='ltr'><strong>imputent,quia</strong></span> <span class='ocrx_word' id='word_1_613' title='bbox 2497 1938 2566 1978; x_wconf 91' lang='lat' dir='ltr'><strong>ex</strong></span> <span class='ocrx_word' id='word_1_614' title='bbox 2595 1939 2665 1980; x_wconf 91' lang='lat' dir='ltr'><strong>ea</strong></span> <span class='ocrx_word' id='word_1_615' title='bbox 2689 1940 2891 1980; x_wconf 87' lang='lat' dir='ltr'><strong>massa</strong></span> <span class='ocrx_word' id='word_1_616' title='bbox 2917 1925 3072 1982; x_wconf 88' lang='lat' dir='ltr'><strong>facta</strong></span> <span class='ocrx_word' id='word_1_617' title='bbox 3089 1934 3248 1993; x_wconf 91' lang='lat' dir='ltr'><strong>sunt,</strong></span> <span class='ocrx_word' id='word_1_618' title='bbox 3280 1945 3465 2000; x_wconf 86' lang='lat' dir='ltr'><strong>quam</strong></span> <span class='ocrx_word' id='word_1_619' title='bbox 3490 1945 3670 2002; x_wconf 90' lang='lat' dir='ltr'><strong>prop-</strong></span> 
     </span>
    </p>
   </div>
   <div class='ocr_carea' id='block_1_84' title="bbox 2005 2010 3663 2088">
    <p class='ocr_par' dir='ltr' id='par_1_84' title="bbox 2005 2010 3663 2088">
     <span class='ocr_line' id='line_1_84' title="bbox 2005 2010 3663 2088; baseline 0.005 -25"><span class='ocrx_word' id='word_1_620' title='bbox 2005 2014 2092 2064; x_wconf 91' lang='lat' dir='ltr'><strong>ter</strong></span> <span class='ocrx_word' id='word_1_621' title='bbox 2135 2010 2312 2064; x_wconf 88' lang='lat' dir='ltr'><strong>unius</strong></span> <span class='ocrx_word' id='word_1_622' title='bbox 2350 2016 2683 2081; x_wconf 89' lang='lat' dir='ltr'><strong>peccatum,</strong></span> <span class='ocrx_word' id='word_1_623' title='bbox 2740 2015 2797 2068; x_wconf 91' lang='lat' dir='ltr'><strong>in</strong></span> <span class='ocrx_word' id='word_1_624' title='bbox 2830 2031 2953 2086; x_wconf 90' lang='lat' dir='ltr'><strong>quo</strong></span> <span class='ocrx_word' id='word_1_625' title='bbox 2983 2031 3192 2071; x_wconf 90' lang='lat' dir='ltr'><strong>omnes</strong></span> <span class='ocrx_word' id='word_1_626' title='bbox 3241 2023 3663 2088; x_wconf 84' lang='lat' dir='ltr'><strong>peccaverunt,</strong></span> 
     </span>
    </p>
   </div>
   <div class='ocr_carea' id='block_1_85' title="bbox 2006 2099 3666 2172">
    <p class='ocr_par' dir='ltr' id='par_1_85' title="bbox 2006 2099 3666 2172">
     <span class='ocr_line' id='line_1_85' title="bbox 2006 2099 3666 2172; baseline 0.006 -19"><span class='ocrx_word' id='word_1_627' title='bbox 2006 2101 2216 2154; x_wconf 91' lang='lat' dir='ltr'><strong>merito</strong></span> <span class='ocrx_word' id='word_1_628' title='bbox 2241 2099 2683 2172; x_wconf 85' lang='lat' dir='ltr'><strong>Deusjusteque</strong></span> <span class='ocrx_word' id='word_1_629' title='bbox 2705 2103 3041 2159; x_wconf 89' lang='lat' dir='ltr'><strong>damnavit:</strong></span> <span class='ocrx_word' id='word_1_630' title='bbox 3067 2105 3116 2158; x_wconf 90' lang='lat' dir='ltr'><strong>si</strong></span> <span class='ocrx_word' id='word_1_631' title='bbox 3139 2111 3339 2161; x_wconf 89' lang='lat' dir='ltr'><strong>autem</strong></span> <span class='ocrx_word' id='word_1_632' title='bbox 3360 2123 3503 2163; x_wconf 90' lang='lat' dir='ltr'><strong>vasa</strong></span> <span class='ocrx_word' id='word_1_633' title='bbox 3527 2111 3666 2163; x_wconf 91' lang='lat' dir='ltr'><strong>sunt</strong></span> 
     </span>
    </p>
   </div>
   <div class='ocr_carea' id='block_1_86' title="bbox 2008 2185 3666 2266">
    <p class='ocr_par' dir='ltr' id='par_1_86' title="bbox 2008 2185 3666 2266">
     <span class='ocr_line' id='line_1_86' title="bbox 2008 2185 3666 2266; baseline 0.007 -26"><span class='ocrx_word' id='word_1_634' title='bbox 2008 2185 2454 2253; x_wconf 90' lang='lat' dir='ltr'><strong>misericordia,</strong></span> <span class='ocrx_word' id='word_1_635' title='bbox 2487 2188 2709 2259; x_wconf 89' lang='lat' dir='ltr'><strong>quibus</strong></span> <span class='ocrx_word' id='word_1_636' title='bbox 2740 2205 2810 2245; x_wconf 90' lang='lat' dir='ltr'><strong>ex</strong></span> <span class='ocrx_word' id='word_1_637' title='bbox 2843 2191 3055 2246; x_wconf 90' lang='lat' dir='ltr'><strong>eadem</strong></span> <span class='ocrx_word' id='word_1_638' title='bbox 3101 2208 3297 2248; x_wconf 89' lang='lat' dir='ltr'><strong>massa</strong></span> <span class='ocrx_word' id='word_1_639' title='bbox 3327 2193 3497 2250; x_wconf 89' lang='lat' dir='ltr'><strong>factis</strong></span> <span class='ocrx_word' id='word_1_640' title='bbox 3528 2211 3666 2266; x_wconf 90' lang='lat' dir='ltr'><strong>sup-</strong></span> 
     </span>
    </p>
   </div>
   <div class='ocr_carea' id='block_1_87' title="bbox 2005 2274 3666 2350">
    <p class='ocr_par' dir='ltr' id='par_1_87' title="bbox 2005 2274 3666 2350">
     <span class='ocr_line' id='line_1_87' title="bbox 2005 2274 3666 2350; baseline 0.007 -22"><span class='ocrx_word' id='word_1_641' title='bbox 2005 2274 2251 2346; x_wconf 91' lang='lat' dir='ltr'><strong>plicium</strong></span> <span class='ocrx_word' id='word_1_642' title='bbox 2269 2276 2537 2332; x_wconf 90' lang='lat' dir='ltr'><strong>debitum</strong></span> <span class='ocrx_word' id='word_1_643' title='bbox 2562 2278 2810 2334; x_wconf 89' lang='lat' dir='ltr'><strong>reddere</strong></span> <span class='ocrx_word' id='word_1_644' title='bbox 2837 2280 3044 2350; x_wconf 88' lang='lat' dir='ltr'><strong>noluit,</strong></span> <span class='ocrx_word' id='word_1_645' title='bbox 3071 2297 3193 2336; x_wconf 91' lang='lat' dir='ltr'><strong>non</strong></span> <span class='ocrx_word' id='word_1_646' title='bbox 3223 2298 3282 2337; x_wconf 91' lang='lat' dir='ltr'><strong>se</strong></span> <span class='ocrx_word' id='word_1_647' title='bbox 3304 2283 3528 2348; x_wconf 86' lang='lat' dir='ltr'><strong>inflent,</strong></span> <span class='ocrx_word' id='word_1_648' title='bbox 3559 2284 3666 2339; x_wconf 88' lang='lat' dir='ltr'><strong>sed</strong></span> 
     </span>
    </p>
   </div>
   <div class='ocr_carea' id='block_1_88' title="bbox 2004 2364 3668 2438">
    <p class='ocr_par' dir='ltr' id='par_1_88' title="bbox 2004 2364 3668 2438">
     <span class='ocr_line' id='line_1_88' title="bbox 2004 2364 3668 2438; baseline 0.006 -20"><span class='ocrx_word' id='word_1_649' title='bbox 2004 2364 2201 2435; x_wconf 92' lang='lat' dir='ltr'><strong>ipsum</strong></span> <span class='ocrx_word' id='word_1_650' title='bbox 2234 2364 2585 2436; x_wconf 87' lang='lat' dir='ltr'><strong>gloriﬁcent,</strong></span> <span class='ocrx_word' id='word_1_651' title='bbox 2610 2367 2716 2438; x_wconf 91' lang='lat' dir='ltr'><strong>qui</strong></span> <span class='ocrx_word' id='word_1_652' title='bbox 2738 2368 2822 2422; x_wconf 90' lang='lat' dir='ltr'><strong>eis</strong></span> <span class='ocrx_word' id='word_1_653' title='bbox 2853 2369 3323 2426; x_wconf 89' lang='lat' dir='ltr'><strong>misericordiam</strong></span> <span class='ocrx_word' id='word_1_654' title='bbox 3351 2387 3472 2427; x_wconf 91' lang='lat' dir='ltr'><strong>non</strong></span> <span class='ocrx_word' id='word_1_655' title='bbox 3504 2372 3668 2428; x_wconf 89' lang='lat' dir='ltr'><strong>debi-</strong></span> 
     </span>
    </p>
   </div>
   <div class='ocr_carea' id='block_1_89' title="bbox 2005 2454 3666 2532">
    <p class='ocr_par' dir='ltr' id='par_1_89' title="bbox 2005 2454 3666 2532">
     <span class='ocr_line' id='line_1_89' title="bbox 2005 2454 3666 2532; baseline 0.005 -24"><span class='ocrx_word' id='word_1_656' title='bbox 2005 2457 2127 2508; x_wconf 87' lang='lat' dir='ltr'><strong>tam</strong></span> <span class='ocrx_word' id='word_1_657' title='bbox 2160 2454 2452 2524; x_wconf 84' lang='lat' dir='ltr'><strong>praestitit,</strong></span> <span class='ocrx_word' id='word_1_658' title='bbox 2471 2459 2529 2510; x_wconf 92' lang='lat' dir='ltr'><strong>et</strong></span> <span class='ocrx_word' id='word_1_659' title='bbox 2558 2455 2604 2509; x_wconf 92' lang='lat' dir='ltr'><strong>si</strong></span> <span class='ocrx_word' id='word_1_660' title='bbox 2631 2456 2778 2526; x_wconf 91' lang='lat' dir='ltr'><strong>quid</strong></span> <span class='ocrx_word' id='word_1_661' title='bbox 2806 2456 2974 2512; x_wconf 90' lang='lat' dir='ltr'><strong>aliter</strong></span> <span class='ocrx_word' id='word_1_662' title='bbox 3007 2459 3268 2530; x_wconf 88' lang='lat' dir='ltr'><strong>sapiunt,</strong></span> <span class='ocrx_word' id='word_1_663' title='bbox 3298 2464 3352 2515; x_wconf 90' lang='lat' dir='ltr'><strong>et</strong></span> <span class='ocrx_word' id='word_1_664' title='bbox 3381 2461 3494 2516; x_wconf 90' lang='lat' dir='ltr'><strong>hoc</strong></span> <span class='ocrx_word' id='word_1_665' title='bbox 3520 2476 3666 2532; x_wconf 89' lang='lat' dir='ltr'><strong>quo-</strong></span> 
     </span>
    </p>
   </div>
   <div class='ocr_carea' id='block_1_90' title="bbox 2009 2541 3306 2619">
    <p class='ocr_par' dir='ltr' id='par_1_90' title="bbox 2009 2541 3306 2619">
     <span class='ocr_line' id='line_1_90' title="bbox 2009 2541 3306 2619; baseline 0.002 -23"><span class='ocrx_word' id='word_1_666' title='bbox 2009 2556 2126 2613; x_wconf 90' lang='lat' dir='ltr'><strong>que</strong></span> <span class='ocrx_word' id='word_1_667' title='bbox 2153 2541 2264 2596; x_wconf 91' lang='lat' dir='ltr'><strong>illis</strong></span> <span class='ocrx_word' id='word_1_668' title='bbox 2294 2543 2420 2613; x_wconf 88' lang='lat' dir='ltr'><strong>ipse</strong></span> <span class='ocrx_word' id='word_1_669' title='bbox 2443 2543 2728 2599; x_wconf 86' lang='lat' dir='ltr'><strong>revelabit</strong></span> <span class='ocrx_word' id='word_1_670' title='bbox 2757 2544 3047 2615; x_wconf 78' lang='lat' dir='ltr'><strong>(Philipp.</strong></span> <span class='ocrx_word' id='word_1_671' title='bbox 3079 2562 3162 2611; x_wconf 85' lang='grc' dir='ltr'>ιιι,</span> <span class='ocrx_word' id='word_1_672' title='bbox 3204 2548 3306 2619; x_wconf 77' lang='grc'><strong>15).</strong></span> 
     </span>
    </p>
   </div>
   <div class='ocr_carea' id='block_1_91' title="bbox 2078 2633 3666 2705">
    <p class='ocr_par' dir='ltr' id='par_1_91' title="bbox 2078 2633 3666 2705">
     <span class='ocr_line' id='line_1_91' title="bbox 2078 2633 3666 2705; baseline 0.007 -22"><span class='ocrx_word' id='word_1_673' title='bbox 2078 2633 2170 2686; x_wconf 83' lang='lat'><strong>23.</strong></span> <span class='ocrx_word' id='word_1_674' title='bbox 2202 2633 2502 2687; x_wconf 89' lang='lat' dir='ltr'><strong>Postremo</strong></span> <span class='ocrx_word' id='word_1_675' title='bbox 2531 2648 2798 2705; x_wconf 89' lang='lat' dir='ltr'><strong>quonam</strong></span> <span class='ocrx_word' id='word_1_676' title='bbox 2833 2650 2893 2688; x_wconf 92' lang='lat' dir='ltr'><strong>se</strong></span> <span class='ocrx_word' id='word_1_677' title='bbox 2916 2634 3008 2689; x_wconf 90' lang='lat' dir='ltr'><strong>isti</strong></span> <span class='ocrx_word' id='word_1_678' title='bbox 3034 2636 3404 2691; x_wconf 79' lang='lat' dir='ltr'><strong>excusabant</strong></span> <span class='ocrx_word' id='word_1_679' title='bbox 3427 2638 3610 2693; x_wconf 91' lang='lat' dir='ltr'><strong>modo</strong></span> <span class='ocrx_word' id='word_1_680' title='bbox 3639 2639 3666 2694; x_wconf 86' lang='lat'><strong>?</strong></span> 
     </span>
    </p>
   </div>
   <div class='ocr_carea' id='block_1_92' title="bbox 2008 2719 3668 2796">
    <p class='ocr_par' dir='ltr' id='par_1_92' title="bbox 2008 2719 3668 2796">
     <span class='ocr_line' id='line_1_92' title="bbox 2008 2719 3668 2796; baseline 0.005 -23"><span class='ocrx_word' id='word_1_681' title='bbox 2008 2721 2230 2791; x_wconf 86' lang='lat' dir='ltr'><strong>Nempe</strong></span> <span class='ocrx_word' id='word_1_682' title='bbox 2254 2719 2350 2775; x_wconf 90' lang='lat' dir='ltr'><strong>illo</strong></span> <span class='ocrx_word' id='word_1_683' title='bbox 2372 2736 2551 2792; x_wconf 90' lang='lat' dir='ltr'><strong>quem</strong></span> <span class='ocrx_word' id='word_1_684' title='bbox 2585 2721 2841 2776; x_wconf 89' lang='lat' dir='ltr'><strong>breviter</strong></span> <span class='ocrx_word' id='word_1_685' title='bbox 2874 2727 3163 2796; x_wconf 87' lang='lat' dir='ltr'><strong>tanquam</strong></span> <span class='ocrx_word' id='word_1_686' title='bbox 3192 2741 3261 2779; x_wconf 91' lang='lat' dir='ltr'><strong>ex</strong></span> <span class='ocrx_word' id='word_1_687' title='bbox 3285 2741 3494 2781; x_wconf 91' lang='lat' dir='ltr'><strong>eorum</strong></span> <span class='ocrx_word' id='word_1_688' title='bbox 3521 2741 3668 2782; x_wconf 92' lang='lat' dir='ltr'><strong>voce</strong></span> 
     </span>
    </p>
   </div>
   <div class='ocr_carea' id='block_1_93' title="bbox 2009 2807 3668 2881">
    <p class='ocr_par' dir='ltr' id='par_1_93' title="bbox 2009 2807 3668 2881">
     <span class='ocr_line' id='line_1_93' title="bbox 2009 2807 3668 2881; baseline 0.007 -21"><span class='ocrx_word' id='word_1_689' title='bbox 2009 2807 2117 2861; x_wconf 88' lang='lat' dir='ltr'><strong>sibi</strong></span> <span class='ocrx_word' id='word_1_690' title='bbox 2161 2807 2380 2879; x_wconf 84' lang='lat' dir='ltr'><strong>objecit</strong></span> <span class='ocrx_word' id='word_1_691' title='bbox 2425 2811 2762 2880; x_wconf 91' lang='lat' dir='ltr'><strong>Apostolus,</strong></span> <span class='ocrx_word' id='word_1_692' title='bbox 2818 2818 2879 2864; x_wconf 88' lang='lat' dir='ltr'><strong>ut</strong></span> <span class='ocrx_word' id='word_1_693' title='bbox 2931 2812 3135 2867; x_wconf 92' lang='lat' dir='ltr'><strong>dicant</strong></span> <span class='ocrx_word' id='word_1_694' title='bbox 3193 2831 3206 2866; x_wconf 87' lang='lat'><strong>:</strong></span> <span class='ocrx_word' id='word_1_695' title='bbox 3268 2814 3421 2881; x_wconf 84' lang='lat' dir='ltr'><strong>Quid</strong></span> <span class='ocrx_word' id='word_1_696' title='bbox 3466 2816 3668 2871; x_wconf 81' lang='lat' dir='ltr'><strong>adhuc</strong></span> 
     </span>
    </p>
   </div>
   <div class='ocr_carea' id='block_1_94' title="bbox 2007 2897 3667 2971">
    <p class='ocr_par' dir='ltr' id='par_1_94' title="bbox 2007 2897 3667 2971">
     <span class='ocr_line' id='line_1_94' title="bbox 2007 2897 3667 2971; baseline 0.005 -19"><span class='ocrx_word' id='word_1_697' title='bbox 2007 2897 2394 2966; x_wconf 81' lang='lat' dir='ltr'><strong>conqueritur</strong></span> <span class='ocrx_word' id='word_1_698' title='bbox 2417 2898 2444 2953; x_wconf 80' lang='lat'><strong>?</strong></span> <span class='ocrx_word' id='word_1_699' title='bbox 2465 2912 2606 2953; x_wconf 86' lang='lat' dir='ltr'><strong>nam</strong></span> <span class='ocrx_word' id='word_1_700' title='bbox 2636 2899 2934 2954; x_wconf 84' lang='lat' dir='ltr'><strong>voluntati</strong></span> <span class='ocrx_word' id='word_1_701' title='bbox 2959 2902 3088 2968; x_wconf 86' lang='lat' dir='ltr'><strong>ejus</strong></span> <span class='ocrx_word' id='word_1_702' title='bbox 3112 2902 3243 2971; x_wconf 87' lang='lat' dir='ltr'><strong>quis</strong></span> <span class='ocrx_word' id='word_1_703' title='bbox 3264 2903 3526 2958; x_wconf 86' lang='lat' dir='ltr'><strong>resistit?</strong></span> <span class='ocrx_word' id='word_1_704' title='bbox 3547 2905 3667 2960; x_wconf 87' lang='lat' dir='ltr'><strong>Hoc</strong></span> 
     </span>
    </p>
   </div>
   <div class='ocr_carea' id='block_1_95' title="bbox 2006 2985 3666 3062">
    <p class='ocr_par' dir='ltr' id='par_1_95' title="bbox 2006 2985 3666 3062">
     <span class='ocr_line' id='line_1_95' title="bbox 2006 2985 3666 3062; baseline 0.004 -23"><span class='ocrx_word' id='word_1_705' title='bbox 2006 2991 2093 3039; x_wconf 91' lang='lat' dir='ltr'><strong>est</strong></span> <span class='ocrx_word' id='word_1_706' title='bbox 2118 2985 2280 3039; x_wconf 89' lang='lat' dir='ltr'><strong>enim</strong></span> <span class='ocrx_word' id='word_1_707' title='bbox 2312 2985 2528 3051; x_wconf 91' lang='lat' dir='ltr'><strong>dicere,</strong></span> <span class='ocrx_word' id='word_1_708' title='bbox 2563 2986 2714 3050; x_wconf 87' lang='lat' dir='ltr'><strong>Quid</strong></span> <span class='ocrx_word' id='word_1_709' title='bbox 2746 2985 2820 3041; x_wconf 91' lang='lat' dir='ltr'><strong>de</strong></span> <span class='ocrx_word' id='word_1_710' title='bbox 2852 2988 3025 3042; x_wconf 91' lang='lat' dir='ltr'><strong>nobis</strong></span> <span class='ocrx_word' id='word_1_711' title='bbox 3079 2988 3140 3042; x_wconf 87' lang='lat' dir='ltr'><strong>ﬁt</strong></span> <span class='ocrx_word' id='word_1_712' title='bbox 3182 2990 3443 3060; x_wconf 91' lang='lat' dir='ltr'><strong>querela,</strong></span> <span class='ocrx_word' id='word_1_713' title='bbox 3500 2991 3666 3062; x_wconf 89' lang='lat' dir='ltr'><strong>quod</strong></span> 
     </span>
    </p>
   </div>
   <div class='ocr_carea' id='block_1_96' title="bbox 2009 3072 3664 3141">
    <p class='ocr_par' dir='ltr' id='par_1_96' title="bbox 2009 3072 3664 3141">
     <span class='ocr_line' id='line_1_96' title="bbox 2009 3072 3664 3141; baseline 0.002 -12"><span class='ocrx_word' id='word_1_714' title='bbox 2009 3076 2193 3129; x_wconf 89' lang='lat' dir='ltr'><strong>Deum</strong></span> <span class='ocrx_word' id='word_1_715' title='bbox 2223 3072 2604 3128; x_wconf 69' lang='lat' dir='ltr'><strong>offendamus</strong></span> <span class='ocrx_word' id='word_1_716' title='bbox 2633 3074 2788 3130; x_wconf 90' lang='lat' dir='ltr'><strong>male</strong></span> <span class='ocrx_word' id='word_1_717' title='bbox 2820 3076 3252 3141; x_wconf 90' lang='lat' dir='ltr'><strong>vivendo,cum</strong></span> <span class='ocrx_word' id='word_1_718' title='bbox 3273 3077 3427 3132; x_wconf 92' lang='lat' dir='ltr'><strong>illius</strong></span> <span class='ocrx_word' id='word_1_719' title='bbox 3457 3079 3664 3133; x_wconf 91' lang='lat' dir='ltr'><strong>volun-</strong></span> 
     </span>
    </p>
   </div>
   <div class='ocr_carea' id='block_1_97' title="bbox 2009 3162 3662 3235">
    <p class='ocr_par' dir='ltr' id='par_1_97' title="bbox 2009 3162 3662 3235">
     <span class='ocr_line' id='line_1_97' title="bbox 2009 3162 3662 3235; baseline 0.003 -18"><span class='ocrx_word' id='word_1_720' title='bbox 2009 3162 2108 3217; x_wconf 92' lang='lat' dir='ltr'><strong>tati</strong></span> <span class='ocrx_word' id='word_1_721' title='bbox 2133 3178 2310 3218; x_wconf 92' lang='lat' dir='ltr'><strong>nemo</strong></span> <span class='ocrx_word' id='word_1_722' title='bbox 2341 3163 2535 3233; x_wconf 88' lang='lat' dir='ltr'><strong>possit</strong></span> <span class='ocrx_word' id='word_1_723' title='bbox 2556 3163 2844 3229; x_wconf 91' lang='lat' dir='ltr'><strong>resistere,</strong></span> <span class='ocrx_word' id='word_1_724' title='bbox 2870 3165 2971 3235; x_wconf 92' lang='lat' dir='ltr'><strong>qui</strong></span> <span class='ocrx_word' id='word_1_725' title='bbox 3007 3180 3115 3219; x_wconf 89' lang='lat' dir='ltr'><strong>nos</strong></span> <span class='ocrx_word' id='word_1_726' title='bbox 3138 3164 3458 3221; x_wconf 88' lang='lat' dir='ltr'><strong>obduravit</strong></span> <span class='ocrx_word' id='word_1_727' title='bbox 3489 3168 3662 3222; x_wconf 69' lang='lat' dir='ltr'><strong>miseo</strong></span> 
     </span>
    </p>
   </div>
   <div class='ocr_carea' id='block_1_98' title="bbox 2003 3251 3659 3325">
    <p class='ocr_par' dir='ltr' id='par_1_98' title="bbox 2003 3251 3659 3325">
     <span class='ocr_line' id='line_1_98' title="bbox 2003 3251 3659 3325; baseline 0.003 -19"><span class='ocrx_word' id='word_1_728' title='bbox 2003 3251 2322 3306; x_wconf 90' lang='lat' dir='ltr'><strong>ricordiam</strong></span> <span class='ocrx_word' id='word_1_729' title='bbox 2349 3266 2470 3306; x_wconf 90' lang='lat' dir='ltr'><strong>non</strong></span> <span class='ocrx_word' id='word_1_730' title='bbox 2494 3251 2882 3321; x_wconf 80' lang='lat' dir='ltr'><strong>prastando‘?</strong></span> <span class='ocrx_word' id='word_1_731' title='bbox 2913 3253 2968 3308; x_wconf 86' lang='lat' dir='ltr'><strong>Si</strong></span> <span class='ocrx_word' id='word_1_732' title='bbox 2992 3268 3133 3322; x_wconf 90' lang='lat' dir='ltr'><strong>ergo</strong></span> <span class='ocrx_word' id='word_1_733' title='bbox 3157 3253 3288 3308; x_wconf 90' lang='lat' dir='ltr'><strong>illos</strong></span> <span class='ocrx_word' id='word_1_734' title='bbox 3322 3269 3443 3309; x_wconf 92' lang='lat' dir='ltr'><strong>non</strong></span> <span class='ocrx_word' id='word_1_735' title='bbox 3475 3255 3659 3325; x_wconf 89' lang='lat' dir='ltr'><strong>pudet</strong></span> 
     </span>
    </p>
   </div>
   <div class='ocr_carea' id='block_1_99' title="bbox 2005 3341 3664 3414">
    <p class='ocr_par' dir='ltr' id='par_1_99' title="bbox 2005 3341 3664 3414">
     <span class='ocr_line' id='line_1_99' title="bbox 2005 3341 3664 3414; baseline 0.002 -18"><span class='ocrx_word' id='word_1_736' title='bbox 2005 3341 2119 3396; x_wconf 91' lang='lat' dir='ltr'><strong>hac</strong></span> <span class='ocrx_word' id='word_1_737' title='bbox 2152 3341 2554 3407; x_wconf 86' lang='lat' dir='ltr'><strong>excusatione,</strong></span> <span class='ocrx_word' id='word_1_738' title='bbox 2585 3355 2706 3396; x_wconf 91' lang='lat' dir='ltr'><strong>non</strong></span> <span class='ocrx_word' id='word_1_739' title='bbox 2749 3341 2946 3408; x_wconf 89' lang='lat' dir='ltr'><strong>nobis,</strong></span> <span class='ocrx_word' id='word_1_740' title='bbox 2979 3343 3083 3397; x_wconf 91' lang='lat' dir='ltr'><strong>sed</strong></span> <span class='ocrx_word' id='word_1_741' title='bbox 3113 3343 3401 3414; x_wconf 88' lang='lat' dir='ltr'><strong>Apostolo</strong></span> <span class='ocrx_word' id='word_1_742' title='bbox 3432 3348 3664 3401; x_wconf 91' lang='lat' dir='ltr'><strong>contra-</strong></span> 
     </span>
    </p>
   </div>
   <div class='ocr_carea' id='block_1_100' title="bbox 2004 3429 3662 3502">
    <p class='ocr_par' dir='ltr' id='par_1_100' title="bbox 2004 3429 3662 3502">
     <span class='ocr_line' id='line_1_100' title="bbox 2004 3429 3662 3502; baseline 0.002 -18"><span class='ocrx_word' id='word_1_743' title='bbox 2004 3429 2222 3495; x_wconf 89' lang='lat' dir='ltr'><strong>dicere,</strong></span> <span class='ocrx_word' id='word_1_744' title='bbox 2265 3445 2371 3485; x_wconf 91' lang='lat' dir='ltr'><strong>cur</strong></span> <span class='ocrx_word' id='word_1_745' title='bbox 2414 3445 2525 3484; x_wconf 92' lang='lat' dir='ltr'><strong>nos</strong></span> <span class='ocrx_word' id='word_1_746' title='bbox 2563 3430 2765 3502; x_wconf 85' lang='lat' dir='ltr'><strong>pigeat</strong></span> <span class='ocrx_word' id='word_1_747' title='bbox 2803 3431 2887 3486; x_wconf 92' lang='lat' dir='ltr'><strong>eis</strong></span> <span class='ocrx_word' id='word_1_748' title='bbox 2927 3431 3092 3502; x_wconf 90' lang='lat' dir='ltr'><strong>quod</strong></span> <span class='ocrx_word' id='word_1_749' title='bbox 3145 3431 3290 3487; x_wconf 88' lang='lat' dir='ltr'><strong>dixit</strong></span> <span class='ocrx_word' id='word_1_750' title='bbox 3318 3433 3662 3502; x_wconf 86' lang='lat' dir='ltr'><strong>Apostolus,</strong></span> 
     </span>
    </p>
   </div>
   <div class='ocr_carea' id='block_1_101' title="bbox 2002 3518 3662 3592">
    <p class='ocr_par' dir='ltr' id='par_1_101' title="bbox 2002 3518 3662 3592">
     <span class='ocr_line' id='line_1_101' title="bbox 2002 3518 3662 3592; baseline 0.002 -19"><span class='ocrx_word' id='word_1_751' title='bbox 2002 3518 2117 3574; x_wconf 91' lang='lat' dir='ltr'><strong>hoc</strong></span> <span class='ocrx_word' id='word_1_752' title='bbox 2143 3518 2302 3573; x_wconf 91' lang='lat' dir='ltr'><strong>idem</strong></span> <span class='ocrx_word' id='word_1_753' title='bbox 2327 3523 2504 3590; x_wconf 89' lang='lat' dir='ltr'><strong>atque</strong></span> <span class='ocrx_word' id='word_1_754' title='bbox 2525 3518 2852 3574; x_wconf 90' lang='lat' dir='ltr'><strong>identidem</strong></span> <span class='ocrx_word' id='word_1_755' title='bbox 2883 3519 3078 3575; x_wconf 91' lang='lat' dir='ltr'><strong>dicere</strong></span> <span class='ocrx_word' id='word_1_756' title='bbox 3103 3542 3115 3574; x_wconf 90' lang='lat'><strong>:</strong></span> <span class='ocrx_word' id='word_1_757' title='bbox 3149 3520 3196 3575; x_wconf 92' lang='lat'><em>0</em></span> <span class='ocrx_word' id='word_1_758' title='bbox 3221 3521 3411 3580; x_wconf 86' lang='lat' dir='ltr'><strong>homo.</strong></span> <span class='ocrx_word' id='word_1_759' title='bbox 3443 3527 3506 3576; x_wconf 89' lang='lat' dir='ltr'><strong>tu</strong></span> <span class='ocrx_word' id='word_1_760' title='bbox 3530 3523 3662 3592; x_wconf 89' lang='lat' dir='ltr'><strong>quis</strong></span> 
     </span>
    </p>
   </div>
   <div class='ocr_carea' id='block_1_102' title="bbox 2003 3607 3659 3680">
    <p class='ocr_par' dir='ltr' id='par_1_102' title="bbox 2003 3607 3659 3680">
     <span class='ocr_line' id='line_1_102' title="bbox 2003 3607 3659 3680; baseline 0.002 -16"><span class='ocrx_word' id='word_1_761' title='bbox 2003 3623 2060 3664; x_wconf 90' lang='lat' dir='ltr'><strong>es</strong></span> <span class='ocrx_word' id='word_1_762' title='bbox 2089 3607 2193 3678; x_wconf 89' lang='lat' dir='ltr'><strong>qui</strong></span> <span class='ocrx_word' id='word_1_763' title='bbox 2222 3608 2580 3676; x_wconf 87' lang='lat' dir='ltr'><strong>respondeas</strong></span> <span class='ocrx_word' id='word_1_764' title='bbox 2609 3609 2730 3664; x_wconf 91' lang='lat' dir='ltr'><strong>Deo</strong></span> <span class='ocrx_word' id='word_1_765' title='bbox 2754 3608 2781 3662; x_wconf 87' lang='lat'><strong>?</strong></span> <span class='ocrx_word' id='word_1_766' title='bbox 2807 3609 3113 3679; x_wconf 87' lang='lat' dir='ltr'><strong>Numquid</strong></span> <span class='ocrx_word' id='word_1_767' title='bbox 3136 3609 3281 3665; x_wconf 86' lang='lat' dir='ltr'><strong>dicit</strong></span> <span class='ocrx_word' id='word_1_768' title='bbox 3309 3612 3659 3680; x_wconf 86' lang='lat' dir='ltr'><strong>ﬁgmentum</strong></span> 
     </span>
    </p>
   </div>
   <div class='ocr_carea' id='block_1_103' title="bbox 2003 3696 3659 3767">
    <p class='ocr_par' dir='ltr' id='par_1_103' title="bbox 2003 3696 3659 3767">
     <span class='ocr_line' id='line_1_103' title="bbox 2003 3696 3659 3767; baseline 0.002 -15"><span class='ocrx_word' id='word_1_769' title='bbox 2003 3696 2055 3752; x_wconf 85' lang='lat' dir='ltr'><strong>ei</strong></span> <span class='ocrx_word' id='word_1_770' title='bbox 2081 3696 2184 3766; x_wconf 90' lang='lat' dir='ltr'><strong>qui</strong></span> <span class='ocrx_word' id='word_1_771' title='bbox 2212 3711 2272 3751; x_wconf 91' lang='lat' dir='ltr'><strong>se</strong></span> <span class='ocrx_word' id='word_1_772' title='bbox 2293 3696 2491 3764; x_wconf 74' lang='lat' dir='ltr'><strong>ﬁnxit,</strong></span> <span class='ocrx_word' id='word_1_773' title='bbox 2527 3697 2723 3763; x_wconf 85' lang='lat' dir='ltr'><strong>Quare</strong></span> <span class='ocrx_word' id='word_1_774' title='bbox 2745 3697 2830 3752; x_wconf 89' lang='lat' dir='ltr'><strong>sic</strong></span> <span class='ocrx_word' id='word_1_775' title='bbox 2857 3713 2948 3752; x_wconf 91' lang='lat' dir='ltr'><strong>me</strong></span> <span class='ocrx_word' id='word_1_776' title='bbox 2967 3698 3168 3767; x_wconf 79' lang='lat' dir='ltr'><strong>fecisti</strong></span> <span class='ocrx_word' id='word_1_777' title='bbox 3197 3697 3224 3752; x_wconf 80' lang='lat'><strong>?</strong></span> <span class='ocrx_word' id='word_1_778' title='bbox 3250 3715 3453 3755; x_wconf 90' lang='lat' dir='ltr'><strong>annon</strong></span> <span class='ocrx_word' id='word_1_779' title='bbox 3487 3700 3659 3757; x_wconf 82' lang='lat' dir='ltr'><strong>habet</strong></span> 
     </span>
    </p>
   </div>
   <div class='ocr_carea' id='block_1_104' title="bbox 1999 3785 3656 3859">
    <p class='ocr_par' dir='ltr' id='par_1_104' title="bbox 1999 3785 3656 3859">
     <span class='ocr_line' id='line_1_104' title="bbox 1999 3785 3656 3859; baseline 0.002 -20"><span class='ocrx_word' id='word_1_780' title='bbox 1999 3791 2348 3854; x_wconf 86' lang='lat' dir='ltr'><strong>potestatem</strong></span> <span class='ocrx_word' id='word_1_781' title='bbox 2397 3785 2621 3854; x_wconf 90' lang='lat' dir='ltr'><strong>ﬁgulus</strong></span> <span class='ocrx_word' id='word_1_782' title='bbox 2664 3785 2797 3850; x_wconf 88' lang='lat' dir='ltr'><strong>luti,</strong></span> <span class='ocrx_word' id='word_1_783' title='bbox 2831 3800 2906 3841; x_wconf 75' lang='lat' dir='ltr'><strong>ex</strong></span> <span class='ocrx_word' id='word_1_784' title='bbox 2930 3785 3133 3841; x_wconf 90' lang='lat' dir='ltr'><strong>eadem</strong></span> <span class='ocrx_word' id='word_1_785' title='bbox 3183 3802 3398 3851; x_wconf 88' lang='lat' dir='ltr'><strong>massa,</strong></span> <span class='ocrx_word' id='word_1_786' title='bbox 3451 3789 3656 3859; x_wconf 90' lang='lat' dir='ltr'><strong>utique</strong></span> 
     </span>
    </p>
   </div>
   <div class='ocr_carea' id='block_1_105' title="bbox 2003 3872 3658 3944">
    <p class='ocr_par' dir='ltr' id='par_1_105' title="bbox 2003 3872 3658 3944">
     <span class='ocr_line' id='line_1_105' title="bbox 2003 3872 3658 3944; baseline 0.004 -18"><span class='ocrx_word' id='word_1_787' title='bbox 2003 3872 2212 3927; x_wconf 88' lang='lat' dir='ltr'><strong>merito</strong></span> <span class='ocrx_word' id='word_1_788' title='bbox 2241 3877 2517 3944; x_wconf 90' lang='lat' dir='ltr'><strong>recteque</strong></span> <span class='ocrx_word' id='word_1_789' title='bbox 2543 3873 2855 3937; x_wconf 88' lang='lat' dir='ltr'><strong>damnata,</strong></span> <span class='ocrx_word' id='word_1_790' title='bbox 2881 3874 3084 3942; x_wconf 85' lang='lat' dir='ltr'><strong>facere</strong></span> <span class='ocrx_word' id='word_1_791' title='bbox 3108 3874 3281 3930; x_wconf 88' lang='lat' dir='ltr'><strong>aliud</strong></span> <span class='ocrx_word' id='word_1_792' title='bbox 3324 3890 3428 3931; x_wconf 91' lang='lat' dir='ltr'><strong>vas</strong></span> <span class='ocrx_word' id='word_1_793' title='bbox 3455 3874 3519 3931; x_wconf 88' lang='lat' dir='ltr'><strong>in</strong></span> <span class='ocrx_word' id='word_1_794' title='bbox 3550 3877 3658 3932; x_wconf 86' lang='lat' dir='ltr'><strong>ho-</strong></span> 
     </span>
    </p>
   </div>
   <div class='ocr_carea' id='block_1_106' title="bbox 1999 3960 3651 4035">
    <p class='ocr_par' dir='ltr' id='par_1_106' title="bbox 1999 3960 3651 4035">
     <span class='ocr_line' id='line_1_106' title="bbox 1999 3960 3651 4035; baseline 0.001 -18"><span class='ocrx_word' id='word_1_795' title='bbox 1999 3977 2203 4018; x_wconf 90' lang='lat' dir='ltr'><strong>norem</strong></span> <span class='ocrx_word' id='word_1_796' title='bbox 2251 3960 2586 4016; x_wconf 90' lang='lat' dir='ltr'><strong>indebitum</strong></span> <span class='ocrx_word' id='word_1_797' title='bbox 2618 3968 2860 4033; x_wconf 91' lang='lat' dir='ltr'><strong>propter</strong></span> <span class='ocrx_word' id='word_1_798' title='bbox 2910 3963 3330 4018; x_wconf 86' lang='lat' dir='ltr'><strong>misericordia</strong></span> <span class='ocrx_word' id='word_1_799' title='bbox 3379 3963 3651 4035; x_wconf 86' lang='lat' dir='ltr'><strong>gratiam,</strong></span> 
     </span>
    </p>
   </div>
   <div class='ocr_carea' id='block_1_107' title="bbox 1999 4049 3656 4122">
    <p class='ocr_par' dir='ltr' id='par_1_107' title="bbox 1999 4049 3656 4122">
     <span class='ocr_line' id='line_1_107' title="bbox 1999 4049 3656 4122; baseline 0.001 -15"><span class='ocrx_word' id='word_1_800' title='bbox 1999 4050 2176 4107; x_wconf 81' lang='lat' dir='ltr'><strong>aliud</strong></span> <span class='ocrx_word' id='word_1_801' title='bbox 2204 4050 2265 4105; x_wconf 92' lang='lat' dir='ltr'><strong>in</strong></span> <span class='ocrx_word' id='word_1_802' title='bbox 2313 4051 2734 4106; x_wconf 87' lang='lat' dir='ltr'><strong>contumeliam</strong></span> <span class='ocrx_word' id='word_1_803' title='bbox 2774 4049 3037 4106; x_wconf 89' lang='lat' dir='ltr'><strong>debitam</strong></span> <span class='ocrx_word' id='word_1_804' title='bbox 3091 4057 3328 4122; x_wconf 85' lang='lat' dir='ltr'><strong>prOpter</strong></span> <span class='ocrx_word' id='word_1_805' title='bbox 3357 4052 3456 4106; x_wconf 86' lang='lat' dir='ltr'><strong>ira</strong></span> <span class='ocrx_word' id='word_1_806' title='bbox 3489 4053 3656 4122; x_wconf 86' lang='lat' dir='ltr'><strong>justi-</strong></span> 
     </span>
    </p>
   </div>
   <div class='ocr_carea' id='block_1_108' title="bbox 1999 4138 3656 4209">
    <p class='ocr_par' dir='ltr' id='par_1_108' title="bbox 1999 4138 3656 4209">
     <span class='ocr_line' id='line_1_108' title="bbox 1999 4138 3656 4209; baseline 0.003 -15"><span class='ocrx_word' id='word_1_807' title='bbox 1999 4141 2167 4206; x_wconf 89' lang='lat' dir='ltr'><strong>tiam,</strong></span> <span class='ocrx_word' id='word_1_808' title='bbox 2196 4144 2252 4194; x_wconf 91' lang='lat' dir='ltr'><strong>et</strong></span> <span class='ocrx_word' id='word_1_809' title='bbox 2278 4143 2342 4194; x_wconf 89' lang='lat' dir='ltr'><strong>ut</strong></span> <span class='ocrx_word' id='word_1_810' title='bbox 2365 4144 2537 4195; x_wconf 90' lang='lat' dir='ltr'><strong>notas</strong></span> <span class='ocrx_word' id='word_1_811' title='bbox 2570 4139 2746 4195; x_wconf 85' lang='lat' dir='ltr'><strong>faciat</strong></span> <span class='ocrx_word' id='word_1_812' title='bbox 2773 4139 3006 4195; x_wconf 76' lang='lat' dir='ltr'><strong>divitias</strong></span> <span class='ocrx_word' id='word_1_813' title='bbox 3037 4138 3238 4209; x_wconf 87' lang='lat' dir='ltr'><strong>gloria</strong></span> <span class='ocrx_word' id='word_1_814' title='bbox 3265 4157 3390 4196; x_wconf 90' lang='lat' dir='ltr'><strong>sua</strong></span> <span class='ocrx_word' id='word_1_815' title='bbox 3419 4141 3479 4195; x_wconf 93' lang='lat' dir='ltr'><strong>in</strong></span> <span class='ocrx_word' id='word_1_816' title='bbox 3514 4156 3656 4199; x_wconf 86' lang='lat' dir='ltr'><strong>vasa</strong></span> 
     </span>
    </p>
   </div>
   <div class='ocr_carea' id='block_1_109' title="bbox 1998 4227 3650 4303">
    <p class='ocr_par' dir='ltr' id='par_1_109' title="bbox 1998 4227 3650 4303">
     <span class='ocr_line' id='line_1_109' title="bbox 1998 4227 3650 4303; baseline 0.001 -20"><span class='ocrx_word' id='word_1_817' title='bbox 1998 4227 2443 4297; x_wconf 87' lang='lat' dir='ltr'><strong>misericordia,</strong></span> <span class='ocrx_word' id='word_1_818' title='bbox 2486 4227 2571 4283; x_wconf 84' lang='lat' dir='ltr'><strong>sic</strong></span> <span class='ocrx_word' id='word_1_819' title='bbox 2623 4228 2945 4284; x_wconf 90' lang='lat' dir='ltr'><strong>ostendens</strong></span> <span class='ocrx_word' id='word_1_820' title='bbox 2999 4229 3147 4299; x_wconf 91' lang='lat' dir='ltr'><strong>quid</strong></span> <span class='ocrx_word' id='word_1_821' title='bbox 3204 4230 3289 4285; x_wconf 90' lang='lat' dir='ltr'><strong>eis</strong></span> <span class='ocrx_word' id='word_1_822' title='bbox 3344 4230 3650 4303; x_wconf 74' lang='lat' dir='ltr'><strong>largiatur,</strong></span> 
     </span>
    </p>
   </div>
   <div class='ocr_carea' id='block_1_110' title="bbox 1997 4316 3652 4389">
    <p class='ocr_par' dir='ltr' id='par_1_110' title="bbox 1997 4316 3652 4389">
     <span class='ocr_line' id='line_1_110' title="bbox 1997 4316 3652 4389; baseline -0.001 -16"><span class='ocrx_word' id='word_1_823' title='bbox 1997 4332 2135 4373; x_wconf 90' lang='lat' dir='ltr'><strong>cum</strong></span> <span class='ocrx_word' id='word_1_824' title='bbox 2173 4316 2234 4371; x_wconf 92' lang='lat' dir='ltr'><strong>id</strong></span> <span class='ocrx_word' id='word_1_825' title='bbox 2262 4316 2626 4388; x_wconf 89' lang='lat' dir='ltr'><strong>supplicium</strong></span> <span class='ocrx_word' id='word_1_826' title='bbox 2658 4316 2948 4388; x_wconf 89' lang='lat' dir='ltr'><strong>recipient</strong></span> <span class='ocrx_word' id='word_1_827' title='bbox 2977 4333 3124 4372; x_wconf 90' lang='lat' dir='ltr'><strong>vasa</strong></span> <span class='ocrx_word' id='word_1_828' title='bbox 3156 4318 3277 4386; x_wconf 87' lang='lat' dir='ltr'><strong>ira,</strong></span> <span class='ocrx_word' id='word_1_829' title='bbox 3306 4319 3470 4389; x_wconf 91' lang='lat' dir='ltr'><strong>quod</strong></span> <span class='ocrx_word' id='word_1_830' title='bbox 3498 4318 3652 4388; x_wconf 75' lang='lat' dir='ltr'><strong>pari~</strong></span> 
     </span>
    </p>
   </div>
   <div class='ocr_carea' id='block_1_111' title="bbox 1997 4404 3650 4462">
    <p class='ocr_par' dir='ltr' id='par_1_111' title="bbox 1997 4404 3650 4462">
     <span class='ocr_line' id='line_1_111' title="bbox 1997 4404 3650 4462; baseline -0.002 -1"><span class='ocrx_word' id='word_1_831' title='bbox 1997 4411 2085 4462; x_wconf 90' lang='lat' dir='ltr'><strong>ter</strong></span> <span class='ocrx_word' id='word_1_832' title='bbox 2139 4404 2420 4461; x_wconf 91' lang='lat' dir='ltr'><strong>omnibus</strong></span> <span class='ocrx_word' id='word_1_833' title='bbox 2450 4405 2834 4460; x_wconf 89' lang='lat' dir='ltr'><strong>debebatur?</strong></span> <span class='ocrx_word' id='word_1_834' title='bbox 2880 4404 3035 4461; x_wconf 90' lang='lat' dir='ltr'><strong>Satis</strong></span> <span class='ocrx_word' id='word_1_835' title='bbox 3077 4405 3152 4460; x_wconf 92' lang='lat' dir='ltr'><strong>sit</strong></span> <span class='ocrx_word' id='word_1_836' title='bbox 3180 4407 3413 4461; x_wconf 90' lang='lat' dir='ltr'><strong>interim</strong></span> <span class='ocrx_word' id='word_1_837' title='bbox 3469 4406 3650 4460; x_wconf 90' lang='lat' dir='ltr'><strong>chris-</strong></span> 
     </span>
    </p>
   </div>
   <div class='ocr_carea' id='block_1_112' title="bbox 1995 4492 3648 4556">
    <p class='ocr_par' dir='ltr' id='par_1_112' title="bbox 1995 4492 3648 4556">
     <span class='ocr_line' id='line_1_112' title="bbox 1995 4492 3648 4556; baseline 0 -8"><span class='ocrx_word' id='word_1_838' title='bbox 1995 4493 2159 4548; x_wconf 90' lang='lat' dir='ltr'><strong>tiano</strong></span> <span class='ocrx_word' id='word_1_839' title='bbox 2196 4509 2268 4547; x_wconf 87' lang='lat' dir='ltr'><strong>ex</strong></span> <span class='ocrx_word' id='word_1_840' title='bbox 2318 4492 2434 4548; x_wconf 86' lang='lat' dir='ltr'><strong>ﬁde</strong></span> <span class='ocrx_word' id='word_1_841' title='bbox 2465 4493 2664 4548; x_wconf 90' lang='lat' dir='ltr'><strong>adhuc</strong></span> <span class='ocrx_word' id='word_1_842' title='bbox 2696 4493 2937 4556; x_wconf 90' lang='lat' dir='ltr'><strong>viventi,</strong></span> <span class='ocrx_word' id='word_1_843' title='bbox 2969 4496 3024 4547; x_wconf 92' lang='lat' dir='ltr'><strong>et</strong></span> <span class='ocrx_word' id='word_1_844' title='bbox 3055 4494 3328 4548; x_wconf 90' lang='lat' dir='ltr'><strong>nondum</strong></span> <span class='ocrx_word' id='word_1_845' title='bbox 3383 4493 3648 4548; x_wconf 88' lang='lat' dir='ltr'><strong>cernenti</strong></span> 
     </span>
    </p>
   </div>
   <div class='ocr_carea' id='block_1_113' title="bbox 1993 4580 3646 4653">
    <p class='ocr_par' dir='ltr' id='par_1_113' title="bbox 1993 4580 3646 4653">
     <span class='ocr_line' id='line_1_113' title="bbox 1993 4580 3646 4653; baseline 0.002 -17"><span class='ocrx_word' id='word_1_846' title='bbox 1993 4581 2158 4653; x_wconf 92' lang='lat' dir='ltr'><strong>quod</strong></span> <span class='ocrx_word' id='word_1_847' title='bbox 2189 4581 2514 4652; x_wconf 89' lang='lat' dir='ltr'><strong>perfectum</strong></span> <span class='ocrx_word' id='word_1_848' title='bbox 2563 4586 2668 4648; x_wconf 91' lang='lat' dir='ltr'><strong>est,</strong></span> <span class='ocrx_word' id='word_1_849' title='bbox 2707 4580 2811 4635; x_wconf 89' lang='lat' dir='ltr'><strong>sed</strong></span> <span class='ocrx_word' id='word_1_850' title='bbox 2843 4596 2914 4635; x_wconf 90' lang='lat' dir='ltr'><strong>ex</strong></span> <span class='ocrx_word' id='word_1_851' title='bbox 2963 4586 3132 4651; x_wconf 91' lang='lat' dir='ltr'><strong>parte</strong></span> <span class='ocrx_word' id='word_1_852' title='bbox 3183 4581 3386 4636; x_wconf 91' lang='lat' dir='ltr'><strong>scienti</strong></span> <span class='ocrx_word' id='word_1_853' title='bbox 3427 4582 3471 4652; x_wconf 86' lang='lat' dir='ltr'><strong>(I</strong></span> <span class='ocrx_word' id='word_1_854' title='bbox 3505 4583 3646 4640; x_wconf 84' lang='lat' dir='ltr'><strong>Cor.</strong></span> 
     </span>
    </p>
   </div>
   <div class='ocr_carea' id='block_1_114' title="bbox 1993 4668 3644 4740">
    <p class='ocr_par' dir='ltr' id='par_1_114' title="bbox 1993 4668 3644 4740">
     <span class='ocr_line' id='line_1_114' title="bbox 1993 4668 3644 4740; baseline 0 -16"><span class='ocrx_word' id='word_1_855' title='bbox 1993 4684 2115 4732; x_wconf 87' lang='lat' dir='ltr'><strong>xm,</strong></span> <span class='ocrx_word' id='word_1_856' title='bbox 2148 4673 2198 4733; x_wconf 84' lang='lat'><strong>9,</strong></span> <span class='ocrx_word' id='word_1_857' title='bbox 2234 4669 2347 4739; x_wconf 73' lang='lat'><strong>10),</strong></span> <span class='ocrx_word' id='word_1_858' title='bbox 2377 4684 2553 4724; x_wconf 89' lang='lat' dir='ltr'><strong>nosse</strong></span> <span class='ocrx_word' id='word_1_859' title='bbox 2583 4668 2675 4723; x_wconf 92' lang='lat' dir='ltr'><strong>vel</strong></span> <span class='ocrx_word' id='word_1_860' title='bbox 2706 4668 2946 4724; x_wconf 91' lang='lat' dir='ltr'><strong>credere</strong></span> <span class='ocrx_word' id='word_1_861' title='bbox 2975 4669 3138 4740; x_wconf 91' lang='lat' dir='ltr'><strong>quod</strong></span> <span class='ocrx_word' id='word_1_862' title='bbox 3162 4669 3466 4725; x_wconf 90' lang='lat' dir='ltr'><strong>neminem</strong></span> <span class='ocrx_word' id='word_1_863' title='bbox 3492 4672 3644 4726; x_wconf 88' lang='lat' dir='ltr'><strong>Deus</strong></span> 
     </span>
    </p>
   </div>
   <div class='ocr_carea' id='block_1_115' title="bbox 1993 4757 3644 4829">
    <p class='ocr_par' dir='ltr' id='par_1_115' title="bbox 1993 4757 3644 4829">
     <span class='ocr_line' id='line_1_115' title="bbox 1993 4757 3644 4829; baseline 0.002 -17"><span class='ocrx_word' id='word_1_864' title='bbox 1993 4757 2203 4813; x_wconf 88' lang='lat' dir='ltr'><strong>liberet</strong></span> <span class='ocrx_word' id='word_1_865' title='bbox 2251 4757 2366 4812; x_wconf 91' lang='lat' dir='ltr'><strong>nisi</strong></span> <span class='ocrx_word' id='word_1_866' title='bbox 2411 4758 2668 4826; x_wconf 90' lang='lat' dir='ltr'><strong>gratuita</strong></span> <span class='ocrx_word' id='word_1_867' title='bbox 2720 4757 3128 4814; x_wconf 89' lang='lat' dir='ltr'><strong>misericordia</strong></span> <span class='ocrx_word' id='word_1_868' title='bbox 3175 4774 3281 4829; x_wconf 92' lang='lat' dir='ltr'><strong>per</strong></span> <span class='ocrx_word' id='word_1_869' title='bbox 3325 4760 3644 4815; x_wconf 89' lang='lat' dir='ltr'><strong>Dominum</strong></span> 
     </span>
    </p>
   </div>
   <div class='ocr_carea' id='block_1_116' title="bbox 1993 4846 3644 4910">
    <p class='ocr_par' dir='ltr' id='par_1_116' title="bbox 1993 4846 3644 4910">
     <span class='ocr_line' id='line_1_116' title="bbox 1993 4846 3644 4910; baseline 0.001 -9"><span class='ocrx_word' id='word_1_870' title='bbox 1993 4851 2265 4901; x_wconf 89' lang='lat' dir='ltr'><strong>nostrum</strong></span> <span class='ocrx_word' id='word_1_871' title='bbox 2284 4849 2485 4900; x_wconf 84' lang='lat' dir='ltr'><strong>Jesum</strong></span> <span class='ocrx_word' id='word_1_872' title='bbox 2515 4846 2832 4910; x_wconf 89' lang='lat' dir='ltr'><strong>Christum,</strong></span> <span class='ocrx_word' id='word_1_873' title='bbox 2863 4850 2918 4901; x_wconf 89' lang='lat' dir='ltr'><strong>et</strong></span> <span class='ocrx_word' id='word_1_874' title='bbox 2939 4847 3242 4902; x_wconf 90' lang='lat' dir='ltr'><strong>neminem</strong></span> <span class='ocrx_word' id='word_1_875' title='bbox 3265 4847 3512 4903; x_wconf 91' lang='lat' dir='ltr'><strong>damnet</strong></span> <span class='ocrx_word' id='word_1_876' title='bbox 3533 4847 3644 4902; x_wconf 90' lang='lat' dir='ltr'><strong>nisi</strong></span> 
     </span>
    </p>
   </div>
   <div class='ocr_carea' id='block_1_117' title="bbox 1993 4935 3646 5008">
    <p class='ocr_par' dir='ltr' id='par_1_117' title="bbox 1993 4935 3646 5008">
     <span class='ocr_line' id='line_1_117' title="bbox 1993 4935 3646 5008; baseline 0 -17"><span class='ocrx_word' id='word_1_877' title='bbox 1993 4935 2341 5007; x_wconf 85' lang='lat' dir='ltr'><strong>aquissima</strong></span> <span class='ocrx_word' id='word_1_878' title='bbox 2353 4935 2596 4991; x_wconf 88' lang='lat' dir='ltr'><strong>veritate</strong></span> <span class='ocrx_word' id='word_1_879' title='bbox 2615 4951 2721 5008; x_wconf 90' lang='lat' dir='ltr'><strong>per</strong></span> <span class='ocrx_word' id='word_1_880' title='bbox 2737 4935 3015 4992; x_wconf 90' lang='lat' dir='ltr'><strong>eumdem</strong></span> <span class='ocrx_word' id='word_1_881' title='bbox 3037 4935 3357 4992; x_wconf 90' lang='lat' dir='ltr'><strong>Dominum</strong></span> <span class='ocrx_word' id='word_1_882' title='bbox 3371 4937 3646 4991; x_wconf 88' lang='lat' dir='ltr'><strong>nostrum</strong></span> 
     </span>
    </p>
   </div>
   <div class='ocr_carea' id='block_1_118' title="bbox 1993 5023 3645 5096">
    <p class='ocr_par' dir='ltr' id='par_1_118' title="bbox 1993 5023 3645 5096">
     <span class='ocr_line' id='line_1_118' title="bbox 1993 5023 3645 5096; baseline 0.001 -17"><span class='ocrx_word' id='word_1_883' title='bbox 1993 5026 2194 5079; x_wconf 84' lang='lat' dir='ltr'><strong>Jesum</strong></span> <span class='ocrx_word' id='word_1_884' title='bbox 2226 5023 2546 5079; x_wconf 90' lang='lat' dir='ltr'><strong>Christum.</strong></span> <span class='ocrx_word' id='word_1_885' title='bbox 2595 5027 2708 5080; x_wconf 89' lang='lat' dir='ltr'><strong>Cur</strong></span> <span class='ocrx_word' id='word_1_886' title='bbox 2738 5031 2938 5080; x_wconf 90' lang='lat' dir='ltr'><strong>autem</strong></span> <span class='ocrx_word' id='word_1_887' title='bbox 2991 5025 3156 5080; x_wconf 92' lang='lat' dir='ltr'><strong>illum</strong></span> <span class='ocrx_word' id='word_1_888' title='bbox 3209 5026 3404 5096; x_wconf 89' lang='lat' dir='ltr'><strong>potius</strong></span> <span class='ocrx_word' id='word_1_889' title='bbox 3457 5039 3645 5096; x_wconf 89' lang='lat' dir='ltr'><strong>quam</strong></span> 
     </span>
    </p>
   </div>
   <div class='ocr_carea' id='block_1_119' title="bbox 1994 5112 3646 5185">
    <p class='ocr_par' dir='ltr' id='par_1_119' title="bbox 1994 5112 3646 5185">
     <span class='ocr_line' id='line_1_119' title="bbox 1994 5112 3646 5185; baseline 0.001 -17"><span class='ocrx_word' id='word_1_890' title='bbox 1994 5113 2160 5168; x_wconf 91' lang='lat' dir='ltr'><strong>illum</strong></span> <span class='ocrx_word' id='word_1_891' title='bbox 2193 5112 2399 5168; x_wconf 88' lang='lat' dir='ltr'><strong>liberet</strong></span> <span class='ocrx_word' id='word_1_892' title='bbox 2431 5117 2534 5168; x_wconf 90' lang='lat' dir='ltr'><strong>aut</strong></span> <span class='ocrx_word' id='word_1_893' title='bbox 2564 5128 2687 5169; x_wconf 94' lang='lat' dir='ltr'><strong>non</strong></span> <span class='ocrx_word' id='word_1_894' title='bbox 2725 5113 2948 5178; x_wconf 89' lang='lat' dir='ltr'><strong>liberet,</strong></span> <span class='ocrx_word' id='word_1_895' title='bbox 2985 5118 3276 5169; x_wconf 88' lang='lat' dir='ltr'><strong>scrutetur</strong></span> <span class='ocrx_word' id='word_1_896' title='bbox 3316 5113 3419 5185; x_wconf 87' lang='lat' dir='ltr'><strong>qui</strong></span> <span class='ocrx_word' id='word_1_897' title='bbox 3450 5116 3646 5184; x_wconf 90' lang='lat' dir='ltr'><strong>potest</strong></span> 
     </span>
    </p>
   </div>
   <div class='ocr_carea' id='block_1_120' title="bbox 1990 5202 3647 5274">
    <p class='ocr_par' dir='ltr' id='par_1_120' title="bbox 1990 5202 3647 5274">
     <span class='ocr_line' id='line_1_120' title="bbox 1990 5202 3647 5274; baseline 0.001 -17"><span class='ocrx_word' id='word_1_898' title='bbox 1990 5203 2354 5272; x_wconf 89' lang='lat' dir='ltr'><strong>judiciorum</strong></span> <span class='ocrx_word' id='word_1_899' title='bbox 2378 5203 2506 5273; x_wconf 91' lang='lat' dir='ltr'><strong>ejus</strong></span> <span class='ocrx_word' id='word_1_900' title='bbox 2527 5207 2653 5258; x_wconf 85' lang='lat' dir='ltr'><strong>tam</strong></span> <span class='ocrx_word' id='word_1_901' title='bbox 2679 5218 2970 5272; x_wconf 88' lang='lat' dir='ltr'><strong>magnum</strong></span> <span class='ocrx_word' id='word_1_902' title='bbox 2998 5202 3386 5274; x_wconf 88' lang='lat' dir='ltr'><strong>profundum,</strong></span> <span class='ocrx_word' id='word_1_903' title='bbox 3414 5218 3647 5258; x_wconf 88' lang='lat' dir='ltr'><strong>verum-</strong></span> 
     </span>
    </p>
   </div>
   <div class='ocr_carea' id='block_1_121' title="bbox 1999 5290 3648 5363">
    <p class='ocr_par' dir='ltr' id='par_1_121' title="bbox 1999 5290 3648 5363">
     <span class='ocr_line' id='line_1_121' title="bbox 1999 5290 3648 5363; baseline 0 -17"><span class='ocrx_word' id='word_1_904' title='bbox 1999 5298 2198 5347; x_wconf 89' lang='lat' dir='ltr'><strong>tamen</strong></span> <span class='ocrx_word' id='word_1_905' title='bbox 2220 5297 2429 5346; x_wconf 90' lang='lat' dir='ltr'><strong>caveat</strong></span> <span class='ocrx_word' id='word_1_906' title='bbox 2459 5291 2878 5363; x_wconf 89' lang='lat' dir='ltr'><strong>pracipitium.</strong></span> <span class='ocrx_word' id='word_1_907' title='bbox 2909 5290 3215 5363; x_wconf 86' lang='lat' dir='ltr'><strong>Numquid</strong></span> <span class='ocrx_word' id='word_1_908' title='bbox 3245 5291 3404 5346; x_wconf 92' lang='lat' dir='ltr'><strong>enim</strong></span> <span class='ocrx_word' id='word_1_909' title='bbox 3427 5297 3518 5346; x_wconf 89' lang='lat' dir='ltr'><strong>est</strong></span> <span class='ocrx_word' id='word_1_910' title='bbox 3539 5291 3648 5346; x_wconf 90' lang='lat' dir='ltr'><strong>ini-</strong></span> 
     </span>
    </p>
   </div>
   <div class='ocr_carea' id='block_1_122' title="bbox 1995 5379 3649 5452">
    <p class='ocr_par' dir='ltr' id='par_1_122' title="bbox 1995 5379 3649 5452">
     <span class='ocr_line' id='line_1_122' title="bbox 1995 5379 3649 5452; baseline 0.001 -18"><span class='ocrx_word' id='word_1_911' title='bbox 1995 5380 2193 5452; x_wconf 89' lang='lat' dir='ltr'><strong>quitas</strong></span> <span class='ocrx_word' id='word_1_912' title='bbox 2223 5379 2384 5452; x_wconf 90' lang='lat' dir='ltr'><strong>apud</strong></span> <span class='ocrx_word' id='word_1_913' title='bbox 2414 5383 2597 5434; x_wconf 92' lang='lat' dir='ltr'><strong>Deum</strong></span> <span class='ocrx_word' id='word_1_914' title='bbox 2628 5379 2656 5434; x_wconf 77' lang='lat' dir='ltr'><strong>‘I</strong></span> <span class='ocrx_word' id='word_1_915' title='bbox 2694 5379 2855 5434; x_wconf 88' lang='lat' dir='ltr'><strong>Absit</strong></span> <span class='ocrx_word' id='word_1_916' title='bbox 2883 5396 2897 5435; x_wconf 90' lang='lat'><strong>:</strong></span> <span class='ocrx_word' id='word_1_917' title='bbox 2930 5379 3033 5434; x_wconf 92' lang='lat' dir='ltr'><strong>sed</strong></span> <span class='ocrx_word' id='word_1_918' title='bbox 3060 5379 3468 5435; x_wconf 89' lang='lat' dir='ltr'><strong>inscrutabilia</strong></span> <span class='ocrx_word' id='word_1_919' title='bbox 3507 5384 3649 5436; x_wconf 89' lang='lat' dir='ltr'><strong>sunt</strong></span> 
     </span>
    </p>
   </div>
   <div class='ocr_carea' id='block_1_123' title="bbox 1992 5467 3282 5540">
    <p class='ocr_par' dir='ltr' id='par_1_123' title="bbox 1992 5467 3282 5540">
     <span class='ocr_line' id='line_1_123' title="bbox 1992 5467 3282 5540; baseline 0 -18"><span class='ocrx_word' id='word_1_920' title='bbox 1992 5468 2214 5540; x_wconf 90' lang='lat' dir='ltr'><strong>judicia</strong></span> <span class='ocrx_word' id='word_1_921' title='bbox 2241 5469 2390 5538; x_wconf 89' lang='lat' dir='ltr'><strong>ejus,</strong></span> <span class='ocrx_word' id='word_1_922' title='bbox 2422 5473 2479 5523; x_wconf 91' lang='lat' dir='ltr'><strong>et</strong></span> <span class='ocrx_word' id='word_1_923' title='bbox 2517 5467 2963 5536; x_wconf 89' lang='lat' dir='ltr'><strong>investigabiles</strong></span> <span class='ocrx_word' id='word_1_924' title='bbox 2995 5468 3102 5523; x_wconf 87' lang='lat' dir='ltr'><strong>via</strong></span> <span class='ocrx_word' id='word_1_925' title='bbox 3132 5467 3282 5538; x_wconf 89' lang='lat' dir='ltr'><strong>ejus.</strong></span> 
     </span>
    </p>
   </div>
   <div class='ocr_carea' id='block_1_124' title="bbox 2067 5556 3650 5628">
    <p class='ocr_par' dir='ltr' id='par_1_124' title="bbox 2067 5556 3650 5628">
     <span class='ocr_line' id='line_1_124' title="bbox 2067 5556 3650 5628; baseline 0.001 -17"><span class='ocrx_word' id='word_1_926' title='bbox 2067 5558 2154 5611; x_wconf 81' lang='grc'><strong>24.</strong></span> <span class='ocrx_word' id='word_1_927' title='bbox 2189 5560 2254 5614; x_wconf 88' lang='lat' dir='ltr'><strong>Et</strong></span> <span class='ocrx_word' id='word_1_928' title='bbox 2310 5557 2368 5611; x_wconf 93' lang='lat' dir='ltr'><strong>in</strong></span> <span class='ocrx_word' id='word_1_929' title='bbox 2423 5557 2755 5628; x_wconf 89' lang='lat' dir='ltr'><strong>majoribus</strong></span> <span class='ocrx_word' id='word_1_930' title='bbox 2787 5557 3081 5612; x_wconf 87' lang='lat' dir='ltr'><strong>duntaxat</strong></span> <span class='ocrx_word' id='word_1_931' title='bbox 3112 5556 3383 5612; x_wconf 86' lang='lat' dir='ltr'><strong>atatibus</strong></span> <span class='ocrx_word' id='word_1_932' title='bbox 3438 5557 3650 5613; x_wconf 90' lang='lat' dir='ltr'><strong>merito</strong></span> 
     </span>
    </p>
   </div>
   <div class='ocr_carea' id='block_1_125' title="bbox 1998 5644 3654 5721">
    <p class='ocr_par' dir='ltr' id='par_1_125' title="bbox 1998 5644 3654 5721">
     <span class='ocr_line' id='line_1_125' title="bbox 1998 5644 3654 5721; baseline 0 -19"><span class='ocrx_word' id='word_1_933' title='bbox 1998 5644 2120 5702; x_wconf 91' lang='lat' dir='ltr'><strong>dici</strong></span> <span class='ocrx_word' id='word_1_934' title='bbox 2149 5650 2343 5721; x_wconf 88' lang='lat' dir='ltr'><strong>potest</strong></span> <span class='ocrx_word' id='word_1_935' title='bbox 2377 5661 2390 5701; x_wconf 85' lang='lat'><strong>:</strong></span> <span class='ocrx_word' id='word_1_936' title='bbox 2429 5646 2489 5701; x_wconf 86' lang='lat' dir='ltr'><strong>Hi</strong></span> <span class='ocrx_word' id='word_1_937' title='bbox 2517 5644 2837 5704; x_wconf 90' lang='lat' dir='ltr'><strong>noluerunt</strong></span> <span class='ocrx_word' id='word_1_938' title='bbox 2866 5644 3212 5718; x_wconf 89' lang='lat' dir='ltr'><strong>intelligere,</strong></span> <span class='ocrx_word' id='word_1_939' title='bbox 3243 5648 3306 5702; x_wconf 89' lang='lat' dir='ltr'><strong>ut</strong></span> <span class='ocrx_word' id='word_1_940' title='bbox 3333 5644 3486 5702; x_wconf 90' lang='lat' dir='ltr'><strong>bene</strong></span> <span class='ocrx_word' id='word_1_941' title='bbox 3517 5661 3654 5718; x_wconf 86' lang='lat' dir='ltr'><strong>age-</strong></span> 
     </span>
    </p>
   </div>
  </div>
