4118 6164
555 172 659 228 883

535 299 674 353 rent
703 295 895 366 (Psal.
927 309 1104 362 xxxv,
1133 295 1209 363 4).
1247 292 1332 357 Hi,
1365 291 1529 364 quod
1557 293 1800 363 gravius
1837 297 1943 361 est,
1974 293 2205 349 intelle-

540 389 774 450 xerunt,
817 388 872 439 et
917 398 1036 437 non
1086 381 1440 437 obedierunt
1474 401 1488 435 :
1524 382 1688 454 quia,
1722 383 1872 439 sicut
1915 384 2203 454 scriptum

542 481 649 538 est,
693 472 887 528 Verbis
906 487 1024 526 non
1051 471 1464 526 emendabitur
1487 487 1698 528 servus
1725 473 1914 528 durus
1935 490 1954 536 ;
1981 472 2032 527 si
2052 472 2206 528 enim

543 569 596 619 et
629 562 1010 628 intellexerit,
1043 575 1162 614 non
1195 560 1416 617 obediet
1463 563 1674 632 (Prov.
1707 577 1866 627 xxrx,
1906 562 2006 631 19).
2043 560 2207 616 Unde

542 666 659 705 non
695 648 954 716 obediet,
985 648 1101 703 nisi
1136 665 1247 704 sua
1273 650 1537 721 pessima
1567 650 1870 705 voluntate
1895 649 1921 702 ‘I
1953 650 2054 704 Cui
2078 664 2209 718 gra-

544 739 671 792 vior
700 737 1012 793 damnatio
1043 737 1249 793 divina
1281 739 1557 807 aequitate
1592 739 1846 794 debetur
1877 755 1889 793 :
1923 739 2015 793 cui
2048 738 2207 793 enim

547 827 683 898 plus
714 825 910 894 datur,
944 826 1078 898 plus
1112 826 1364 895 exigitur
1391 826 1469 882 ab
1497 843 1567 882 eo
1620 829 1790 896 (Luc.
1843 843 1942 894 xu,
1977 828 2061 889 47,
2093 829 2207 896 48).

549 919 698 970 lstos
750 915 975 986 quippe
1027 917 1326 986 Scriptura
1373 915 1513 970 dicit
1563 915 2020 981 inexcusabiles,
2055 930 2210 987 quos

550 1020 672 1059 non
707 1004 847 1058 latet
878 1003 1087 1058 veritas
1119 1011 1175 1058 et
1205 1004 1263 1058 in
1287 1004 1369 1059 eis
1393 1010 1733 1074 perseverat
1765 1004 2072 1076 iniquitas.
2108 1005 2213 1059 Re-

555 1093 794 1148 velatur
822 1092 973 1148 enim
1003 1093 1096 1147 ira
1129 1094 1234 1148 Dei
1259 1093 1331 1148 de
1355 1093 1520 1157 caelo,
1558 1093 1638 1147 ait
1667 1093 2002 1163 Apostolus,
2034 1107 2215 1161 super

557 1196 781 1236 omnem
815 1181 1173 1248 impietatem
1205 1187 1257 1236 et
1290 1181 1646 1250 injustitiam
1679 1181 1983 1237 hominum
2011 1196 2213 1236 eorum

559 1269 662 1338 qui
693 1271 998 1324 veritatem
1028 1272 1085 1324 in
1110 1270 1408 1339 injustitia
1435 1270 1699 1325 detinent
1724 1287 1739 1324 :
1763 1270 1903 1339 quia
1937 1270 2095 1341 quod
2115 1283 2216 1324 no-

562 1361 684 1412 tum
708 1365 786 1412 est
806 1357 930 1422 Dei,
964 1358 1344 1426 manifestum
1363 1365 1446 1413 est
1480 1359 1540 1412 in
1569 1359 1713 1413 illis.
1747 1360 1898 1414 Deus
1920 1359 2072 1413 enim
2091 1357 2216 1416 illis

565 1463 618 1501 m
628 1447 990 1515 anifestavit.
1002 1447 1325 1502 Invisibilia
1337 1449 1492 1503 enim
1509 1449 1629 1517 ejus
1643 1463 1679 1502 a
1693 1454 1972 1503 creatura
1986 1447 2213 1510 mundi,

565 1550 674 1604 per
702 1549 771 1589 ea
809 1550 939 1605 qua
978 1535 1147 1603 facta
1177 1543 1337 1600 sunt,
1371 1536 1670 1591 intellecta
1719 1535 2169 1603 conspiciuntur
2199 1557 2218 1604 ,-

569 1624 926 1691 sempiterna
955 1638 1185 1694 quoque
1211 1625 1396 1680 virtus
1425 1627 1552 1694 ejus
1579 1639 1650 1680 ac
1678 1624 1982 1689 divinitas,
2016 1630 2076 1678 ut
2101 1624 2216 1680 sint

571 1712 920 1768 inexcusabi
926 1714 1025 1768 les.

643 1805 730 1856 25.
771 1801 827 1856 Si
859 1815 999 1870 ergo
1029 1801 1172 1856 istos
1219 1801 1661 1858 inexcusabiles
1695 1802 1854 1866 dicit,
1889 1802 1989 1873 qui
2021 1801 2222 1856 invisi-

571 1889 715 1946 bilia
739 1889 893 1944 illius
917 1905 1021 1961 per
1045 1905 1114 1945 ea
1145 1907 1280 1962 quae
1305 1891 1462 1945 facta
1490 1897 1646 1954 sunt,
1673 1890 1967 1946 intellecta
1994 1889 2224 1962 conspi-

572 1993 700 2032 cere
725 1982 1065 2047 potuerunt,
1098 1995 1205 2034 nec
1229 1979 1583 2034 obedierunt
1614 1984 1814 2034 tamen
1843 1979 2091 2043 veritati,
2119 1977 2223 2032 sed

569 2066 760 2137 iniqui
787 2074 842 2120 et
872 2065 1042 2137 impii
1065 2074 1524 2138 permanserunt
1553 2085 1566 2134 ;
1601 2083 1793 2139 neque
1817 2070 1972 2122 enim
1999 2082 2226 2123 nonco-

569 2161 924 2225 gnoverunt,
956 2155 1058 2210 sed
1088 2161 1517 2224 cognoscentes,
1543 2157 1750 2229 inquit,
1779 2158 1985 2221 Deum,
2018 2172 2136 2212 non
2162 2159 2226 2210 ut

568 2244 753 2300 Deum
785 2245 1296 2313 gloriﬁcaverunt,
1327 2252 1430 2300 aut
1467 2247 1697 2315 gratias
1746 2252 1990 2315 egerunt
2035 2246 2222 2316 (Rom-

565 2345 604 2396 ι,
631 2333 814 2403 18-21)
846 2350 857 2387 :
892 2339 1119 2403 quanto
1147 2334 1342 2403 magis
1378 2333 1817 2390 inexcusabiles
1841 2339 1997 2398 sunt,
2026 2335 2128 2405 qui
2154 2349 2225 2388 ex

565 2419 694 2491 lege
745 2422 876 2491 ejus
909 2421 1179 2476 instructi
1233 2422 1546 2477 conﬁdunt
1579 2438 1641 2476 se
1670 2423 1836 2492 ipsos
1881 2422 2064 2477 duces
2095 2438 2224 2477 esse

566 2525 884 2575 caecorum,
919 2515 974 2564 et
1005 2509 1152 2564 alios
1193 2511 1495 2574 docentes,
1530 2512 1757 2581 seipsos
1789 2527 1906 2565 non
1957 2510 2173 2566 docent
2203 2532 2218 2576 ;

564 2601 667 2670 qui
698 2599 1027 2669 priedicant
1056 2613 1177 2654 non
1211 2599 1555 2664 furandum,
1590 2604 1645 2654 et
1674 2599 1946 2654 furantur
1980 2615 1994 2664 ;
2026 2605 2081 2654 et
2111 2615 2222 2654 ete-

569 2693 689 2742 tera
724 2703 860 2758 quae
892 2687 966 2741 de
997 2687 1146 2757 ipsis
1176 2687 1496 2758 Apostolus
1535 2688 1798 2760 loquitur
1830 2688 1842 2743 l
1878 2689 1968 2743 Eis
1998 2687 2223 2760 quippe

569 2774 711 2829 dicit
745 2790 756 2827 :
803 2775 1131 2844 Propterea
1175 2776 1600 2832 inexcusabilis
1634 2792 1711 2842 es,
1757 2793 1789 2832 ο
1826 2776 1996 2832 homo
2034 2777 2223 2832 omnis

565 2865 669 2934 qui
683 2864 927 2934 judicas
952 2885 970 2921 :
992 2864 1055 2920 in
1073 2880 1188 2935 quo
1201 2865 1350 2921 enim
1371 2866 1558 2921 alium
1567 2865 1833 2934 judicas,
1855 2867 2219 2936 temetipsum

567 2954 925 3009 condemnas
945 2966 967 3024 ;
988 2954 1189 3010 eadem
1208 2955 1360 3010 enim
1381 2956 1509 3024 agis
1531 2956 1910 3026 quwjudicas
1928 2955 2041 3026 (Id.
2058 2970 2116 3021 ιι,
2153 2956 2220 3025 ι).

637 3044 725 3098 26.
746 3042 889 3098 Dicit
914 3043 1092 3099 etiam
1109 3043 1239 3115 ipse
1270 3043 1556 3098 Dominus
1574 3044 1632 3098 in
1648 3044 1993 3114 Evangelio:
2021 3045 2087 3100 Si
2104 3059 2221 3099 non

575 3134 857 3189 venissem
885 3138 938 3189 et
974 3133 1204 3188 locutus
1234 3133 1313 3188 eis
1341 3133 1610 3200 fuissem,
1636 3140 1946 3200 peccatum
1973 3149 2093 3188 non
2121 3132 2227 3187 ha-

577 3221 777 3277 berent
803 3243 822 3290 ,-
853 3236 1014 3277 nunc
1056 3228 1253 3278 autem
1295 3222 1734 3278 excusationem
1760 3237 1877 3277 non
1911 3222 2130 3277 habent
2155 3222 2226 3277 de

567 3316 810 3378 peccato
842 3325 947 3364 suo
995 3309 1192 3376 (Joan.
1224 3326 1319 3375 xv,
1370 3310 1478 3380 '22).
1507 3313 1634 3366 Non
1679 3310 1881 3380 utique
1915 3314 2226 3380 peccatum

573 3398 807 3452 nullum
835 3397 1150 3462 haberent,
1177 3398 1278 3468 qui
1299 3397 1455 3468 pleni
1480 3402 1648 3453 erant
1672 3397 1800 3451 aliis
1825 3398 2060 3466 magnis
2081 3397 2230 3452 mul-

575 3487 768 3557 tisque
793 3486 1049 3556 peccatis
1071 3503 1086 3555 ;
1113 3486 1214 3540 sed
1233 3485 1347 3541 hoc
1366 3492 1677 3557 peccatum
1705 3486 1828 3541 vult
1848 3486 2090 3556 intelligi
2109 3501 2228 3541 non

573 3589 677 3629 eos
722 3573 1030 3630 habituros
1080 3574 1282 3643 fuisse,
1326 3576 1374 3630 si
1426 3590 1547 3631 non
1579 3575 1860 3640 venisset,
1892 3591 2034 3647 quo,
2093 3591 2228 3630 cum

577 3661 893 3718 audissent
917 3677 1076 3727 eum,
1108 3678 1232 3718 non
1257 3663 1638 3719 crediderunt
1663 3665 1723 3719 in
1756 3679 1913 3720 eum.
1947 3668 2105 3720 Hanc
2130 3680 2232 3720 eos

577 3750 1030 3807 excusationem
1063 3767 1184 3807 non
1222 3751 1438 3808 habere
1479 3753 1705 3819 asserit,
1737 3769 1856 3825 qua
1888 3754 2120 3825 possint
2146 3753 2232 3807 di-

577 3851 758 3897 cere:
809 3844 934 3897 Non
964 3842 1330 3908 audivimus,
1364 3842 1500 3898 ideo
1537 3857 1660 3898 non
1692 3843 2076 3898 credidimus.
2121 3842 2235 3896 Hu-

579 3944 762 3985 mana
791 3930 1016 4001 quippe
1043 3931 1324 4001 superbia
1353 3936 1638 4002 tanquam
1664 3946 2036 4002 praesumens
2055 3931 2129 3986 de
2156 3930 2236 3985 vi-

541 4018 746 4072 .ribus
797 4017 965 4072 liberi
1009 4018 1227 4073 arbitrii
1275 4024 1622 4075 excusatam
1655 4036 1717 4075 se
1765 4025 1954 4091 putat,
1989 4018 2236 4090 quando

582 4105 1081 4174 ignorantitemon
1100 4105 1417 4160 voluntatis
1438 4106 1660 4162 videtur
1671 4107 1966 4178 essequod
1985 4123 2158 4177 pecce
2172 4109 2234 4162 t‘.

653 4196 741 4247 27.
769 4192 1107 4248 Secundum
1136 4193 1293 4248 hanc
1315 4193 1782 4259 excusationem,
1805 4194 2238 4250 inexcusabiles

584 4280 725 4336 dicit
745 4281 1045 4351 Scriptura
1065 4281 1267 4337 divina
1290 4297 1708 4353 quoscumque
1723 4283 1976 4339 scientes
1994 4298 2238 4354 peccare

585 4368 899 4426 convincit.
925 4369 1019 4426 Dei
1048 4375 1248 4426 tamen
1266 4371 1493 4440 justum
1519 4371 1814 4442 judicium
1839 4387 1949 4426 nec
1974 4371 2087 4426 illis
2110 4388 2240 4444 par-

588 4461 685 4529 cit,
707 4460 810 4532 qui
837 4475 957 4515 non
981 4459 1299 4516 audierunt
1323 4480 1334 4519 :
1372 4461 1737 4533 Quicumque
1761 4462 1913 4518 enim
1940 4463 2068 4519 sine
2091 4463 2241 4531 Lege

549 4603 554 4609 .
586 4555 1002 4620 peccaverunt,
1034 4549 1161 4606 sine
1188 4551 1340 4620 Lege
1363 4552 1643 4619 peribunt
1695 4552 1880 4621 (Rom.
1933 4568 1989 4617 ιι,
2030 4552 2132 4623 t2).
2181 4553 2241 4606 Et

587 4637 866 4709 quamvis
894 4653 956 4692 se
989 4638 1104 4708 ipsi
1143 4654 1429 4694 excusare
1463 4639 1793 4704 videantur,
1829 4655 1947 4695 non
1988 4639 2241 4696 admittit

587 4728 744 4781 hanc
783 4726 1250 4792 excusationem,
1295 4728 1398 4799 qui
1427 4729 1537 4783 scit
1581 4744 1641 4783 se
1680 4727 1889 4784 fecisse
1934 4729 2238 4784 hominem

588 4818 817 4871 rectum
850 4813 1022 4884 eique
1057 4814 1414 4871 obedientiaa
1445 4816 1682 4872 dedisse
1716 4823 2103 4888 praeceptum,
2133 4832 2240 4872 nec

588 4903 702 4960 nisi
732 4903 882 4974 ejus,
916 4904 1079 4974 quod
1113 4904 1268 4960 male
1293 4921 1435 4960 usus
1463 4910 1571 4974 est,
1600 4905 1786 4961 libero
1812 4905 2131 4962 voluntatis
2152 4921 2242 4962 ar-

585 4993 783 5058 bitrio,
817 4991 995 5048 etiam
1038 4993 1198 5064 quod
1239 4995 1514 5049 transiret
1541 4994 1600 5048 in
1631 4999 1922 5064 posteros,
1965 5010 2240 5050 manasse

586 5088 920 5155 peccatum.
955 5084 1151 5153 Neque
1178 5082 1338 5137 enim
1376 5081 1742 5137 damnantur
1762 5083 1866 5153 qui
1894 5099 2011 5138 non
2038 5099 2240 5154 pecca-

587 5178 816 5242 verunt,
843 5170 1337 5245 quandoquidem
1368 5169 1514 5226 illud
1540 5185 1608 5226 ex
1643 5186 1761 5225 uno
1787 5171 1846 5227 in
1873 5187 2083 5227 omnes
2113 5187 2242 5242 per-

543 5299 552 5304 -
589 5262 838 5324 transiit,
863 5262 1061 5332 inquo
1089 5265 1225 5315 ante
1256 5259 1500 5331 propria
1521 5260 1580 5315 in
1622 5260 1872 5328 singulis
1899 5259 2240 5332 quibusque

587 5358 832 5420 peccata
853 5364 1064 5405 omnes
1086 5349 1486 5404 communiter
1501 5355 1896 5419 peccaverunt
1915 5349 2029 5420 (Id.
2053 5366 2105 5418 ν,
2129 5351 2236 5418 12).

588 5439 666 5490 Ac
711 5453 816 5506 per
854 5437 966 5494 hoc
997 5436 1420 5494 inexcusabilis
1464 5443 1551 5494 est
1580 5438 1776 5494 omnis
1821 5444 2114 5509 peccator,
2149 5437 2240 5495 vel

538 5649 546 5655 .
650 5606 673 5674 ‘_
697 5603 1162 5674 Lov.,_v_o_luntatis
1193 5609 1437 5674 estquod
1468 5615 1652 5674 peccat.
1686 5611 1753 5659 At
1799 5609 2065 5661 editiones
2105 5611 2238 5662 anti-

587 5666 800 5734 quiores
827 5669 878 5712 et
905 5666 1027 5715 Mss.
1053 5680 1245 5720 novem
1281 5666 1498 5728 habent,
1531 5673 1734 5724 videtur
1763 5687 1862 5722 esse
1896 5674 2030 5740 quod
2046 5678 2233 5736 peccat.

1822 168 1884 225 S.
1928 166 2315 226 AUGUSTINI
2354 167 2681 228 EPISCOPI
3795 183 3880 240 ω

2311 300 2478 350 reatu
2507 295 2777 366 originis,
2809 295 2893 351 vel
2933 295 3343 354 additamento
3373 297 3545 355 etiam
3574 302 3793 373 propria
3810 322 3889 362 vo-

2312 383 2555 440 luntatis
2593 401 2606 450 ;
2637 385 2765 439 sive
2790 384 2889 457 qui
2920 384 3108 450 novit,
3140 385 3256 441 sive
3298 388 3401 459 qui
3431 389 3665 457 ignorat,
3695 391 3796 445 sive
3816 395 3893 464 qui

2308 472 2560 542 judicat,
2591 474 2716 527 sive
2747 474 2848 545 qui
2881 489 3002 528 non
3022 474 3249 543 judicat
3276 476 3414 547 quia
3439 483 3492 530 et
3521 477 3643 549 ipsa
3673 478 3895 547 ignoran-

2314 562 2395 616 tia
2424 562 2483 616 in
2505 563 2589 616 eis
2603 561 2707 634 qui
2738 561 3062 632 intelligere
3089 563 3424 629 noluerunt,
3454 565 3578 620 sine
3594 566 3899 625 dubitatione

2315 655 2629 721 peccatum
2653 654 2744 704 est
2753 668 2771 720 ;
2804 651 2861 704 iu
2881 651 2964 705 eis
2986 658 3186 706 autem
3217 652 3317 723 qui
3335 668 3454 707 non
3481 660 3788 724 potuerunt,
3806 672 3904 728 pte-

2318 753 2393 794 na
2413 738 2657 810 peccati.
2683 739 2834 808 Ergo
2855 739 2916 794 in
2939 741 3202 812 utrisque
3220 756 3340 796 non
3365 749 3455 796 est
3469 741 3621 812 justa
3635 747 3904 809 excusatio,

2317 827 2421 882 sed
2448 827 2614 896 justa
2638 827 2972 884 damnatio.

2389 918 2476 970 28.
2511 915 2650 970 ldeo
2675 922 2876 972 autem
2905 916 3112 972 divina
3142 916 3384 990 eloquia
3408 933 3512 974 eos
3538 918 3910 977 inexcusabiles

2317 1002 2545 1067 dicunt,
2579 1003 2683 1075 qui
2717 1021 2835 1059 nou
2881 1005 3248 1073 ignorantes,
3281 1007 3386 1063 sed
3419 1007 3664 1062 scientes
3690 1015 3907 1079 peccant,

2319 1098 2385 1146 ut
2415 1092 2748 1150 secundum
2772 1092 3066 1164 judicium
3091 1095 3392 1165 superbiae
3412 1111 3557 1161 suae,
3579 1112 3692 1168 quo
3711 1096 3911 1153 multum

2319 1180 2634 1236 confidunt
2657 1182 2732 1237 de
2767 1181 2985 1237 viribus
3013 1185 3270 1254 propriae
3298 1184 3632 1249 voluntatis,
3653 1200 3709 1239 se
3728 1184 3913 1240 inexcu-

2320 1269 2536 1326 sabiles
2560 1270 2799 1326 videant
2820 1289 2836 1342 ;
2861 1272 3002 1342 quia
3021 1271 3094 1326 de
3112 1272 3460 1340 ignorantia
3476 1274 3599 1343 jam
3621 1288 3727 1328 non
3742 1274 3914 1330 habent

2319 1360 2766 1414 excusationem
2817 1376 3012 1425 suam,
3047 1367 3102 1415 et
3130 1363 3406 1417 nondum
3441 1364 3456 1398 ¹
3493 1367 3578 1417 est
3601 1361 3822 1432 justitia,
3849 1363 3915 1417 cui

2322 1448 2772 1520 praesumebant
2799 1449 3073 1504 sufﬁcere
3101 1450 3498 1506 voluntatem.
3524 1456 3588 1506 At
3615 1466 3737 1506 vero
3757 1450 3834 1506 ille
3849 1453 3915 1506 cui

2325 1537 2611 1592 Dominus
2639 1543 2696 1591 et
2736 1537 2963 1593 sciendi
2991 1544 3050 1594 et
3089 1538 3412 1594 obediendi
3445 1539 3686 1609 largitus
3710 1545 3787 1594 est
3819 1554 3919 1608 gra-

2324 1625 2487 1690 tiam,
2524 1627 2640 1680 Per
2666 1627 2899 1695 Legem,
2925 1627 3135 1698 inquit,
3187 1627 3464 1697 Cugnitio
3494 1628 3712 1696 peccati
3748 1627 3838 1697 (Id.
3861 1643 3917 1692 ιιι,

2325 1717 2454 1784 20);
2488 1720 2563 1779 et,
2598 1715 2914 1770 Peccatum
2957 1731 3077 1771 non
3109 1718 3380 1786 cognovi,
3414 1717 3532 1772 nisi
3572 1732 3675 1784 per
3713 1718 3919 1786 Legem:

2325 1817 2464 1860 nam
2490 1803 3022 1872 concupiscentiam
3054 1805 3401 1871 nesciebam,
3435 1805 3550 1861 nisi
3589 1805 3708 1860 Lm:
3734 1804 3918 1871 diceret,

2323 1893 2459 1949 Non
2486 1892 2879 1960 concupisces.
2914 1896 3029 1949 Nec
3073 1894 3190 1948 vult
3218 1895 3468 1965 intelligi
3495 1894 3780 1949 hominem
3809 1910 3921 1965 pra.

2328 1980 2598 2052 ceptricis
2631 1980 2776 2050 legis
2820 1982 3123 2050 ignarum,
3156 1983 3258 2037 sed
3291 1983 3644 2039 liberatricis
3671 1982 3921 2052 indignum

2329 2068 2553 2137 gratiis,
2591 2069 2692 2123 ubi
2737 2069 2900 2134 dicit,
2931 2070 3323 2127 Condelector
3376 2072 3496 2142 legi
3541 2071 3640 2127 Dei
3664 2071 3919 2126 secundum

2328 2157 2667 2214 interiorem
2696 2158 2985 2215 hominem
3014 2177 3034 2214 :
3057 2164 3114 2214 et
3135 2176 3272 2215 cum
3295 2161 3410 2216 hac
3434 2175 3555 2216 non
3579 2159 3756 2214 solum
3783 2160 3923 2213 scien-

2330 2248 2431 2310 tia,
2462 2262 2668 2302 verum
2695 2246 2875 2302 etiam
2904 2254 2959 2302 et
2979 2247 3372 2304 delectatione
3399 2248 3565 2319 legis,
3597 2254 3786 2319 postea
3802 2246 3920 2308 dicit,

2330 2337 2510 2392 Miser
2536 2351 2639 2405 ego
2671 2336 2861 2401 homo,
2887 2336 3018 2408 quis
3043 2352 3134 2394 me
3163 2336 3438 2393 liberabit
3471 2339 3544 2394 de
3568 2351 3783 2403 corpore
3810 2351 3922 2390 mor-

2333 2426 2406 2479 tis
2435 2425 2616 2494 hujus
2643 2425 2670 2479 ?
2697 2425 2907 2481 Gratia
2934 2425 3042 2482 Dei
3068 2441 3178 2494 per
3202 2427 3407 2483 Jesum
3463 2427 3749 2482 Christum
3779 2424 3922 2479 Domi-

2333 2529 2474 2568 num
2508 2520 2777 2569 nostrum
2810 2514 2923 2583 (Id.
2961 2530 3060 2579 vu,
3101 2521 3154 2578 7,
3189 2519 3278 2580 22,
3311 2519 3402 2579 24,
3430 2515 3545 2586 25).
3579 2517 3748 2570 Nemo
3772 2513 3923 2583 itaque

2333 2602 2544 2658 liberat
2574 2618 2609 2657 a
2641 2602 2991 2657 vulneribus
3041 2603 3199 2658 illius
3229 2604 3630 2669 trucidatoris,
3657 2603 3757 2658 nisi
3793 2601 3922 2670 hujus

2333 2692 2522 2761 gratia
2573 2691 2916 2746 Salvator-is.
2950 2693 3137 2748 Nemo
3187 2693 3403 2749 liberat
3438 2693 3810 2748 venumdatos
3845 2689 3924 2743 sub

2333 2785 2578 2850 peccato
2591 2795 2627 2835 a
2640 2780 2891 2835 vinculis
2905 2783 3408 2852 captivantis,nisi
3424 2784 3610 2852 gratia
3625 2779 3923 2835 redimentis.

2403 2870 2492 2922 29.
2526 2869 2604 2921 Ac
2631 2883 2736 2938 per
2765 2867 2880 2924 hoc
2909 2869 3170 2925 universi
3193 2871 3298 2941 qui
3325 2885 3390 2926 se
3418 2871 3477 2926 in
3510 2868 3771 2940 nequitiis
3792 2873 3836 2922 et
3853 2865 3925 2920 ini-

2332 2956 2662 3026 quitatibus
2676 2964 2991 3013 excusatos
3005 2958 3231 3023 volunt,
3251 2958 3719 3029 ideojustissime
3731 2956 3926 3027 puniun-

2336 3051 2448 3110 tur,
2466 3046 2756 3116 quoniam
2778 3047 2878 3118 qui
2897 3047 3242 3112 liberantur,
3263 3049 3510 3104 nonnisi
3534 3047 3713 3118 gratia
3730 3045 3926 3101 liberan-

2337 3136 2446 3188 tur.
2477 3136 2624 3190 Nam
2650 3135 2694 3188 si
2723 3136 3033 3192 excusatio
3055 3136 3171 3192 illic
3190 3137 3358 3207 justa
3377 3143 3556 3202 esset,
3581 3134 3926 3202 nonindejam

2336 3223 2545 3291 gratia,
2576 3224 2677 3278 sed
2708 3224 2940 3294 justitia
2964 3225 3260 3281 liberaret.
3294 3229 3440 3282 Cum
3473 3242 3609 3281 vero
3635 3240 3746 3280 non
3769 3223 3929 3278 liberat

2336 3311 2449 3366 nisi
2480 3313 2686 3381 gratia,
2723 3311 2865 3368 nihil
2888 3313 3119 3384 justum
3170 3315 3395 3370 invenit
3425 3317 3488 3370 in
3523 3330 3591 3370 eo
3620 3328 3785 3385 quem
3825 3309 3930 3364 libe-

2337 3406 2427 3456 rat
2452 3417 2464 3465 ;
2491 3416 2612 3456 non
2633 3400 3017 3468 voluntatem,
3044 3419 3162 3459 non
3187 3403 3622 3474 operationem,
3646 3417 3750 3458 non
3770 3398 3925 3455 saltem

2338 3489 2538 3560 ipsam
2571 3491 3020 3547 excusationem
3053 3510 3066 3547 :
3101 3507 3244 3547 nam
3281 3493 3326 3547 si
3359 3492 3492 3549 haec
3516 3493 3671 3564 justa
3698 3495 3792 3553 est.
3817 3487 3931 3558 quis-

2339 3579 2477 3650 quis
2509 3594 2580 3633 ea
2609 3579 2809 3644 utitur,
2862 3581 3094 3649 merito,
3125 3596 3242 3636 non
3287 3581 3484 3650 gratia
3521 3581 3800 3636 liberatur.
3827 3573 3928 3631 Novi

2341 3667 2640 3722 musenim
2695 3667 2928 3723 liberari
2986 3684 3088 3738 per
3145 3668 3396 3739 gratiam
3448 3668 3657 3726 Christi
3691 3664 3928 3739 quosdam

2341 3757 2522 3812 etiam
2553 3771 2759 3811 eorum
2787 3757 2890 3829 qui
2913 3757 3139 3820 dicunt,
3171 3758 3326 3825 Quid
3345 3758 3550 3815 adhuc
3571 3748 3930 3828 conqueritur?

2341 3860 2482 3901 nam
2514 3846 2814 3902 voluntati
2843 3848 2972 3915 ejus
3014 3849 3147 3917 quis
3184 3847 3398 3903 resistit
3425 3847 3451 3902 ‘t
3481 3849 3622 3913 Quin
3651 3848 3695 3901 si
3719 3846 3854 3914 justa
3871 3845 3931 3893 est

2344 3934 2673 3999 excusatio,
2722 3949 2841 3990 non
2883 3934 3008 4005 jam
3043 3937 3302 4004 gratuita
3349 3938 3560 4006 gratia,
3603 3934 3701 3990 sed
3749 3934 3934 4004 propter

2343 4022 2527 4092 hujus
2560 4023 2961 4078 excusationis
2984 4023 3278 4095 justitiam
3321 4023 3666 4080 liberantur.
3695 4022 3745 4079 Si
3783 4025 3931 4075 autem

2347 4111 2535 4181 gratia
2576 4116 2661 4166 est
2690 4127 2813 4182 qua
2853 4111 3200 4178 liberantur,
3234 4113 3501 4185 profecto
3541 4114 3663 4170 haec
3691 4104 3934 4166 excusatio

2341 4201 2505 4270 justa
2522 4215 2643 4255 non
2669 4206 2774 4256 est.
2794 4203 2952 4256 Tunc
2975 4203 3135 4256 enim
3167 4218 3307 4257 vera
3333 4202 3528 4271 gratia
3544 4206 3646 4267 est,
3674 4215 3782 4272 qua
3799 4196 3934 4252 homo

2347 4289 2654 4353 liberatur,
2688 4290 2736 4344 si
2767 4305 2888 4345 non
2917 4290 3251 4346 secundum
3279 4291 3545 4346 debitum
3576 4288 3796 4361 justitia.
3819 4281 3937 4339 retri-

2348 4378 2570 4434 buitur.
2597 4377 2744 4434 Nihil
2767 4393 2909 4448 ergo
2930 4380 2991 4434 ﬁt
3016 4379 3074 4434 in
3100 4379 3205 4439 eis,
3229 4381 3332 4451 qui
3361 4381 3587 4444 dicunt,
3622 4377 3765 4445 Quid
3784 4371 3936 4431 adhuc

2304 4507 2320 4516 .
2349 4466 2775 4538 conqueritur?
2800 4482 2938 4523 nam
2966 4469 3266 4524 voluntati
3290 4471 3418 4538 ejus
3440 4469 3569 4540 quis
3595 4465 3791 4524 resistit
3813 4461 3834 4514 ?
3856 4457 3937 4514 nisi

2349 4556 2510 4626 quod
2561 4555 2775 4624 legitur
2803 4556 2862 4610 in
2907 4556 3059 4612 libro
3093 4556 3449 4621 Salomonis,
3487 4554 3819 4625 [nsipientia
3857 4545 3940 4603 viri

2349 4645 2532 4700 violat
2579 4644 2703 4701 vias
2734 4647 2862 4715 ejus
2915 4664 2934 4700 :
2963 4646 3149 4701 Deum
3181 4653 3374 4702 autem
3427 4651 3698 4702 causatur
3723 4643 3776 4697 in
3804 4635 3937 4695 corde

2349 4749 2453 4789 suo
2482 4734 2686 4805 (Prov.
2720 4751 2839 4799 xix,
2869 4735 2945 4804 3).

2423 4826 2507 4878 30.
2543 4823 2827 4887 Quamvis
2854 4824 3052 4894 itaque
3088 4826 3243 4878 Deus
3274 4823 3451 4880 faciat
3482 4839 3626 4879 vasa
3653 4821 3744 4875 ira:
3769 4819 3819 4872 in
3839 4826 3936 4886 per-

2349 4911 2659 4974 ditionem,
2694 4917 2756 4965 ut
2794 4911 3069 4967 ostendat
3095 4913 3267 4976 iram,
3301 4917 3354 4967 et
3388 4911 3740 4967 demonstret
3775 4909 3937 4976 poten-

2352 5001 2490 5056 tiam
2519 5015 2715 5066 suam,
2742 5016 2862 5072 qua
2892 5001 3045 5055 bene
3077 5001 3254 5055 etiam
3289 5000 3468 5055 utitur
3493 4998 3660 5055 malis
3689 5015 3700 5060 ;
3726 4996 3842 5050 etut
3861 5002 3934 5043 no-

2350 5093 2438 5144 tas
2471 5088 2895 5144 faciatdivitias
2917 5089 3118 5158 glorias
3142 5105 3264 5143 sum
3295 5089 3352 5143 in
3381 5104 3528 5144 vasa
3557 5078 3932 5143 misericordias,

2347 5193 2481 5248 quas
2513 5177 2650 5231 facit
2673 5177 2731 5231 in
2760 5176 3070 5242 honorem,
3095 5193 3213 5233 non
3231 5176 3558 5233 damnabili
3591 5187 3787 5231 massas
3809 5162 3932 5222 debi-

2350 5269 2497 5335 tum,
2522 5266 2626 5320 sed
2658 5282 2780 5320 suae
2814 5269 3017 5337 gratiae
3047 5267 3317 5334 largitate
3347 5266 3630 5322 donatum
3664 5280 3675 5318 :
3707 5253 3930 5317 tamenin

2349 5354 2572 5410 eisdem
2604 5355 2704 5411 iras
2737 5357 2910 5420 vasis,
2941 5363 3181 5427 propter
3220 5355 3496 5410 meritum
3531 5367 3726 5410 massas
3751 5350 3800 5403 in
3824 5355 3928 5398 con-

2351 5442 2654 5499 tumeliam
2686 5444 2948 5500 debitam
2973 5444 3162 5510 factis,
3182 5445 3242 5500 id
3263 5449 3350 5500 est
3375 5444 3435 5499 in
3453 5440 3773 5500 hominibus
3794 5445 3925 5505 pI‘OP'

2407 5613 2421 5643 ί
2466 5611 2548 5661 Sic
2579 5611 2703 5661 Bad.
2740 5612 2856 5661 Am.
2889 5611 2978 5665 Er.
3019 5613 3073 5661 et
3125 5611 3356 5662 melioris
3409 5613 3547 5662 nota:
3581 5609 3694 5659 Mss.
3725 5605 3780 5654 At
3815 5599 3914 5648 Lov.

2347 5672 2524 5737 habet,
2561 5679 2605 5722 et
2635 5674 2754 5723 dum
2784 5688 2889 5724 non
2919 5679 3005 5731 est,
3033 5677 3132 5723 etc.
