4118 6164
231 182 356 241 ’885

241 489 461 544 veritas
489 489 809 560 improbat,
845 492 1136 548 damnare
1157 495 1319 550 novit
1350 496 1502 567 ipse,
1536 511 1652 551 non
1691 496 1901 551 facere.

243 576 409 631 Sicut
431 578 591 632 enim
614 579 900 634 voluntati
928 581 1054 651 ejus
1074 582 1348 638 tribuitur
1375 586 1638 639 humana
1669 591 1902 652 natura,

241 665 410 720 nullo
441 666 752 724 dubitante
805 668 1111 726 laudanda
1145 687 1157 736 ;
1187 673 1269 726 sic
1321 672 1580 728 hominis
1613 673 1903 729 voluntati

240 754 423 826 culpa
458 755 750 822 tribuitur,
799 758 962 814 nullo
998 765 1307 816 recusante
1339 761 1709 816 damnanda.
1761 763 1901 826 Quae

237 842 517 899 voluntas
563 845 822 901 hominis
853 852 954 902 aut
988 847 1430 904 haereditarium
1467 850 1674 905 vitium
1705 854 1902 904 trans-

239 932 403 987 misit
427 933 487 988 in
518 939 809 1005 posteros,
838 951 991 1008 quos
1018 938 1078 992 in
1109 953 1171 993 se
1203 938 1415 994 habuit
1435 955 1570 994 cum
1595 943 1900 1010 peccaret;

236 1024 345 1074 aut
394 1022 710 1094 acquisivit
737 1025 915 1080 etiam
949 1030 1159 1081 caatera
1203 1027 1362 1092 vitia,
1397 1044 1536 1084 cum
1587 1029 1646 1082 in
1699 1029 1898 1098 seipso

231 1110 654 1182 unusquisque
675 1113 898 1183 perdite
916 1115 1154 1170 viveret.
1175 1116 1286 1171 Sed
1307 1131 1500 1188 neque
1521 1118 1594 1171 ab
1621 1117 1714 1172 illo
1732 1117 1896 1189 quod

233 1197 607 1265 originaliter
639 1200 906 1266 trahitur,
938 1218 1132 1274 neque
1163 1204 1241 1259 ab
1273 1204 1362 1259 his
1401 1221 1534 1275 quae
1569 1205 1900 1276 unusquis-

233 1300 356 1356 que
391 1288 447 1340 in
493 1288 611 1345 vita
642 1292 886 1361 propria
917 1291 1010 1346 vel
1042 1308 1160 1347 non
1193 1296 1209 1329 ι
1247 1293 1630 1363 intelligendo
1661 1294 1748 1349 vel
1789 1309 1896 1350 no-

231 1372 416 1431 lendo
456 1377 800 1448 intelligere,
839 1381 1001 1436 mala
1049 1388 1395 1451 congregat,
1431 1384 1521 1438 vel
1550 1384 1729 1438 etiam
1774 1383 1894 1437 ins-

228 1467 464 1519 tructus
486 1481 554 1521 ex
587 1468 733 1539 lege,
759 1469 1172 1526 additamento
1196 1472 1700 1542 praevaricationis
1721 1487 1899 1542 exag-

234 1559 428 1622 gerat,
463 1557 786 1628 quisquam
818 1559 1104 1615 liberatur
1136 1566 1190 1615 et
1213 1561 1594 1630 justiﬁcatur,
1633 1561 1743 1616 nisi
1770 1577 1898 1630 gra-

233 1640 317 1696 tia
352 1644 449 1697 Dei
485 1660 588 1715 per
617 1648 815 1702 Jesum
849 1648 1148 1704 Christum
1196 1650 1517 1704 Dominum
1573 1656 1842 1705 nostrum
1877 1671 1891 1720 ;

226 1743 355 1785 non
377 1732 570 1788 solum
599 1737 954 1792 remissione
983 1743 1364 1808 peccatorum
1385 1738 1486 1792 sed
1511 1739 1674 1809 prius
1707 1740 1893 1810 ipsius

224 1817 621 1891 inspiratione
650 1823 786 1878 ﬁdei
814 1830 869 1880 et
904 1826 1132 1881 timoris
1164 1826 1283 1891 Dei,
1317 1827 1618 1898 impartito
1645 1828 1895 1884 salubri-

223 1912 312 1962 ter
341 1911 625 1965 orationis
655 1911 870 1968 aﬁ'ectu
900 1919 956 1968 et
986 1913 1228 1981 effectu,
1262 1915 1454 1970 donec
1493 1922 1661 1971 sanet
1685 1932 1896 1972 omnes

221 1994 550 2066 languores
569 2006 828 2066 nostros,
858 2007 912 2059 et
939 2002 1198 2058 redimat
1216 2003 1290 2058 de
1312 2005 1689 2075 corruptione
1712 2006 1891 2062 vitam

226 2093 521 2156 nostram,
549 2096 604 2144 et
634 2097 880 2149 coronet
908 2108 1017 2148 nos
1049 2093 1106 2147 in
1152 2094 1532 2149 miseratione
1561 2095 1751 2165 (Psal.
1794 2111 1886 2164 cn,

227 2176 287 2240 3,
321 2176 404 2247 4).

295 2265 524 2322 CAPUT
552 2267 670 2322 Vll.
716 2300 782 2310 —
823 2274 912 2328 3t.
963 2271 1194 2326 Verum
1229 2271 1325 2326 isti
1358 2272 1460 2343 qui
1495 2287 1890 2342 personarum

222 2361 600 2426 acceptorem
619 2357 742 2412 ﬁeri
769 2359 1125 2414 existimant
1149 2363 1355 2426 Deum,
1380 2360 1426 2414 si
1444 2360 1502 2414 in
1525 2363 1890 2416 unaeadem-

223 2457 344 2513 que
357 2459 540 2499 causa
555 2462 736 2517 super
749 2447 895 2502 alios
913 2449 1107 2503 veniat
1128 2449 1536 2504 misericordia
1550 2449 1892 2520 ejus,super

223 2530 375 2586 alios
399 2548 538 2588 vero
569 2541 809 2590 maneat
840 2537 926 2591 ira
955 2537 1107 2607 ejus,
1140 2553 1350 2608 nempe
1365 2543 1514 2593 totas
1539 2539 1692 2593 vires
1715 2554 1889 2608 argu-

227 2621 614 2677 mentationis
638 2623 922 2680 humanae
950 2625 1012 2679 in
1037 2625 1303 2697 parvulis
1335 2627 1612 2697 perdunt.
1647 2626 1792 2682 Nam
1827 2632 1888 2682 ut

225 2707 465 2766 interim
527 2716 754 2768 taceam
809 2715 971 2785 quod
1019 2720 1259 2769 nonest
1318 2721 1531 2786 preter
1580 2715 1885 2786 parvulos,

227 2797 560 2868 quamlibet
589 2807 859 2855 materno
893 2805 1056 2856 utero
1097 2803 1560 2867 recentissimos,
1605 2819 1676 2859 ea
1709 2820 1887 2874 poena

229 2885 306 2941 de
332 2903 454 2958 qua
485 2887 737 2960 loquens
772 2890 1086 2960 Apostolus
1105 2891 1202 2956 ait,
1235 2893 1342 2946 Per
1367 2893 1531 2947 unius
1551 2892 1807 2946 delictum
1828 2894 1885 2946 in

225 2992 404 3031 omnes
432 2977 668 3032 homines
697 2978 1272 3034 adcondemnationem
1298 3002 1319 3049 ,-
1353 2981 1508 3034 unde
1525 2996 1642 3035 non
1671 2981 1885 3036 liberat

227 3066 340 3120 nisi
369 3082 523 3122 unus
553 3067 664 3132 ille,
700 3068 774 3122 de
805 3083 927 3139 quo
958 3068 1118 3123 idem
1150 3071 1250 3134 ait,
1279 3071 1392 3123 Per
1431 3072 1592 3123 unius
1611 3071 1883 3140 justi/ica-

227 3152 426 3207 tionem
460 3155 518 3209 in
533 3171 709 3210 omnes
735 3155 970 3210 homines
993 3157 1063 3210 ad
1071 3158 1518 3228 justiﬁcationem
1549 3160 1674 3212 vitae
1695 3161 1877 3229 (Rom.

223 3256 279 3308 v,
318 3243 398 3311 l8)
427 3258 439 3296 :
476 3251 534 3297 ut
565 3260 703 3314 ergo
726 3246 838 3300 hoc
871 3246 1106 3301 interim
1137 3249 1430 3312 omittam,
1461 3253 1517 3301 et
1540 3247 1654 3302 hoc
1683 3247 1877 3303 solum

218 3336 296 3386 de
324 3332 584 3402 parvulis
617 3333 835 3398 dicam,
869 3335 1034 3406 quod
1090 3335 1208 3406 ipsi
1257 3352 1497 3408 quoque
1529 3338 1878 3393 auctoritate

218 3421 568 3491 evangelica
601 3424 798 3487 territi,
831 3424 918 3477 vel
947 3424 1143 3494 potius
1175 3424 1642 3480 christianorum
1685 3441 1876 3497 popu-

218 3509 415 3564 lorum
443 3513 913 3568 concordissima
929 3512 1094 3568 ﬁdei'
1117 3515 1552 3583 conspiratione
1577 3515 1872 3585 perfracti,

219 3601 348 3655 sine
381 3599 500 3655 ulla
532 3603 906 3656 recusatione
938 3602 1292 3666 concedunt,
1323 3604 1485 3674 quod
1516 3604 1712 3658 nullus
1745 3619 1877 3675 par-

219 3688 412 3751 vulus,
442 3690 551 3743 nisi
578 3694 822 3745 renatus
849 3707 917 3745 ex
944 3707 1102 3762 aqua
1133 3699 1187 3746 et
1220 3692 1457 3761 Spiritu,
1487 3695 1662 3749 intrat
1694 3693 1752 3748 in
1785 3711 1876 3748 re-

217 3791 408 3845 gnum
439 3777 727 3833 cmlorum
759 3779 1037 3845 (Joan.1n,
1059 3781 1110 3850 5)
1140 3799 1152 3848 ;
1187 3796 1371 3851 quam
1403 3797 1613 3851 quaeso
1639 3782 1874 3838 allaturi

215 3872 357 3921 sunt
381 3881 650 3933 causam,
683 3867 847 3939 quod
883 3868 1040 3922 alius
1073 3869 1155 3922 sic
1186 3868 1554 3939 gubernatur
1585 3875 1648 3925 ut
1677 3871 1873 3942 bapti-

214 3960 384 4010 zatus
396 3955 536 4010 hinc
556 3961 743 4021 exeat,
769 3956 920 4011 alius
943 3957 1277 4012 inﬁdelium
1296 3958 1575 4013 manibus
1595 3959 1867 4025 traditus,

215 4043 310 4099 vel
339 4044 518 4100 etiam
545 4044 807 4099 ﬁdelium
839 4046 1192 4116 priusquam
1247 4046 1325 4101 ab
1351 4046 1437 4101 eis
1475 4048 1870 4117 baptizandus

213 4133 522 4202 oﬁ'eratur,
554 4133 861 4205 exspirat?
887 4136 973 4188 An
993 4134 1103 4188 hoc
1136 4134 1278 4200 fato,
1299 4135 1391 4189 vel
1405 4135 1656 4191 fortuna
1678 4137 1866 4194 daturi

218 4222 414 4276 sunt?
442 4224 566 4277 Νοιι
598 4223 814 4293 Opinor
840 4237 944 4278 eos
973 4222 1030 4276 in
1064 4228 1289 4278 tantam
1323 4223 1688 4280 dementiam
1730 4241 1869 4297 pro-

217 4315 524 4381 rupturos,
565 4310 1187 4382 quantulumcumque
1229 4327 1448 4366 nomen
1476 4312 1866 4369 christianum

217 4403 418 4454 tenere
449 4400 774 4471 cupientes.

286 4489 378 4544 32.
411 4489 526 4542 Cur
551 4503 692 4557 ergo
721 4488 778 4543 in
819 4502 1072 4557 regnum
1128 4488 1436 4558 ccelorum,
1470 4505 1588 4545 non
1621 4497 1863 4562 accepto

214 4577 684 4646 regenerationis
713 4577 971 4642 lavacro,
1036 4577 1314 4648 parvulus
1345 4577 1542 4632 nullus
1572 4578 1866 4634 intrabit?

213 4666 658 4737 numquidnam
683 4667 809 4736 ipse
837 4665 950 4720 sibi
971 4672 1243 4736 parentes
1270 4666 1541 4720 inﬁdeles
1573 4666 1659 4721 vel
1677 4668 1864 4737 negli-

216 4761 442 4824 gentes,
476 4756 550 4809 de
576 4755 797 4826 quibus
826 4761 1188 4818 nasceretur,
1215 4754 1440 4822 elegit?
1482 4754 1632 4818 Quid
1665 4756 1863 4812 dicam

215 4843 290 4897 de
318 4844 661 4915 inopinatis,
690 4849 744 4900 et
776 4843 1096 4914 repentinis
1128 4841 1669 4897 innumerabilibus
1703 4859 1864 4899 mor-

213 4931 392 4998 tibus,
425 4932 649 5004 quibus
681 4949 839 5003 smpe
865 4932 1043 4987 etiam
1076 4931 1489 4999 religiosorum
1511 4931 1865 4989 christiano-

211 5036 346 5076 rum
375 5022 820 5091 praeveniuntur
837 5027 892 5076 et
917 5021 1213 5091 Baptismo
1232 5019 1653 5091 prmripiuntur
1673 5021 1865 5079 infan-

219 5115 304 5166 tes
331 5127 345 5176 ;
375 5126 512 5164 cum
545 5126 576 5164 e
605 5110 903 5166 contrario
929 5108 1357 5178 sacrilogorum
1399 5115 1453 5164 et
1482 5109 1861 5168 inimicorum

217 5198 429 5253 Christi
457 5198 659 5270 aliquo
692 5199 871 5254 modo
903 5198 960 5253 in
1000 5197 1466 5253 christianorum
1520 5214 1737 5254 manus
1769 5216 1865 5255 ve-

217 5288 466 5354 nientes,
499 5303 568 5342 ex
601 5287 714 5344 hac
745 5288 862 5342 vita
893 5302 1012 5341 non
1045 5287 1170 5342 sine
1202 5288 1585 5342 Sacramento
1615 5303 1864 5357 regene-

216 5375 465 5432 rationis
507 5377 805 5446 emigrent
840 5376 868 5428 ‘I
892 5375 1038 5447 quid
1066 5373 1163 5429 hic
1211 5375 1424 5430 dicturi
1459 5383 1618 5439 sunt,
1647 5377 1772 5448 qui,
1803 5383 1867 5434 ut

280 5537 289 5563 ¹
325 5535 620 5599 Ιηᾉθκευδίε
640 5535 822 5599 deerat
845 5534 926 5584 hic
944 5534 1174 5598 negatio,
1190 5545 1354 5597 quam
1368 5533 1697 5584 restituimus
1714 5537 1865 5599 quin-

218 5597 486 5662 que_Mss.
526 5598 866 5662 auctoritate.

276 5661 293 5689 ³
319 5660 399 5730 Sic
430 5674 616 5710 omnes
637 5659 788 5717 Cdd.,
825 5661 1045 5723 excepto
1080 5658 1206 5709 Lov.
1239 5658 1332 5725 qui
1352 5657 1529 5714 habet,
1557 5659 1687 5724 ﬁeri.

1514 189 2024 249 EPISTOLARUM
2063 191 2349 250 CLASSIS
2379 194 2478 251 ΙΙΙ.

249 312 337 365 ter
367 313 595 367 naturae
621 311 870 385 quidem
901 314 1064 371 bona
1089 316 1320 382 creatis,
1357 317 1462 373 sed
1504 322 1748 390 propter
1765 317 1910 372 vitia

242 400 542 470 supplicio
571 401 910 471 destinatis,
936 404 1330 476 iniquitatem,
1369 423 1554 479 quam
1573 407 1908 463 rectissimo

3577 203 3684 258 886

2020 319 2215 387 gratia
2245 319 2372 376 dari
2410 323 2610 394 possit,
2638 325 2927 382 nonnulla
2958 328 3292 398 praecedere
3327 327 3536 384 merita
3563 329 3675 384 hu'

2018 423 2198 463 mana
2216 412 2554 466 contendun
2568 417 2684 476 t,ne
2698 414 2767 467 sit
2783 430 3174 485 personarum
3188 422 3463 487 acceptor
3477 420 3628 472 Deus
3645 418 3672 472 ?

2015 510 2150 566 qum
2164 498 2404 553 tandem
2423 499 2513 554 hic
2531 501 2738 557 merita
2752 506 3215 574 praecesserunt?
3236 506 3289 559 Si
3316 507 3666 562 eorumdem

2015 585 2365 652 cogitaveris
2379 591 2956 658 parvulorum,nulla
2969 597 3106 646 sunt
3121 593 3381 663 propria,
3401 595 3666 665 utrisque

2013 678 2098 728 est
2131 673 2229 728 illa
2255 691 2455 731 massa
2485 681 2824 734 communis
2852 696 2864 733 :
2901 681 2947 734 si
2986 686 3300 751 parentum
3321 682 3663 746 attenderis,

2013 760 2174 817 bona
2204 765 2452 819 suntilla
2469 782 2728 837 quorum
2754 769 2857 822 ﬁlii
2881 770 3204 838 repentinis
3231 771 3519 825 mortibus
3537 771 3664 825 sine

2012 849 2221 906 Christi
2253 851 2610 924 baptismate
2641 857 2977 927 perierunt;
3012 859 3169 912 mala
3202 874 3339 913 vero
3386 858 3484 913 illa
3517 875 3664 930 quo-

2009 952 2141 992 rum
2164 940 2267 994 ﬁlii
2296 957 2399 1012 per
2420 941 2892 1000 Christianorum
2915 946 3181 1017 aliquam
3208 951 3562 1016 potestatem
3581 947 3658 1002 ad

2009 1029 2392 1085 Sacramenta
2415 1032 2686 1088 Ecclesim
2702 1041 3119 1104 pervenerunt.
3140 1038 3201 1089 Et
3219 1043 3416 1090 tamen
3432 1037 3448 1070 ¹
3469 1035 3661 1106 provi-

2007 1116 2206 1172 dentia
2234 1119 2353 1184 Dei,
2389 1122 2481 1176 cui
2538 1123 2719 1178 nostri
2751 1123 2947 1194 capilli
2979 1125 3275 1178 numerati
3317 1129 3474 1189 sunt,
3532 1124 3659 1181 sine

2007 1207 2178 1275 cujus
2196 1208 2492 1265 voluntate
2518 1227 2637 1266 non
2655 1213 2817 1266 cadit
2840 1214 3115 1283 passerin
3133 1218 3347 1268 terram
3364 1213 3580 1283 (Matth.
3597 1231 3654 1277 x,

2005 1296 2092 1358 29,
2115 1296 2225 1366 30),
2253 1313 2388 1368 quae
2414 1315 2519 1353 nec
2544 1299 2664 1354 fato
2683 1302 2991 1371 premitur,
3019 1317 3125 1356 nec
3145 1301 3396 1357 fortuitis
3420 1303 3657 1357 casibus

2005 1383 2347 1454 impeditur,
2381 1403 2487 1442 nec
2509 1388 3384 1461 ullainiquitatecorrumpitur,
3418 1396 3658 1446 utrena-

2004 1477 2247 1527 scantur
2260 1475 2336 1528 ad
2363 1475 3099 1544 hmreditatemcmlestem,
3117 1495 3237 1533 non
3265 1479 3655 1534 consulitom-

2001 1560 2178 1615 nibus
2192 1564 2457 1632 parvulis
2473 1565 2727 1620 ﬁliorum
2744 1583 3013 1633 suorum,
3034 1572 3087 1621 et
3105 1567 3383 1622 nonnulis
3399 1568 3657 1622 consulit

2001 1649 2179 1702 etiam
2213 1651 2475 1719 parvulis
2505 1652 2847 1723 impiorum.
2884 1658 2991 1708 Iste
3033 1654 3229 1709 infans
3271 1655 3344 1709 de
3379 1655 3654 1710 ﬁdelibus

2001 1737 2532 1807 conjugatisortus,
2553 1741 2749 1796 lmtitia
2763 1748 3079 1813 parentum
3096 1744 3656 1814 susceptus,,matris

2001 1825 2092 1881 vel
2111 1816 2352 1881 nutricis
2369 1829 2767 1885 somnolentia
2793 1829 3122 1886 suffocatus
3141 1831 3205 1885 ﬁt
3223 1831 3469 1886 extorris
3483 1837 3537 1885 et
3560 1847 3657 1885 ex-

2002 1929 2136 1985 pers
2167 1913 2304 1969 ﬁdei
2332 1932 2581 1972 suorum
2611 1933 2622 1971 :
2656 1918 2749 1972 ille
2778 1918 2976 1975 infans
3007 1919 3080 1974 de
3120 1919 3412 1988 sacrilego
3447 1927 3653 1990 stupro

2000 2004 2511 2068 nascitur,crudeli
2527 2006 2734 2061 timore
2751 2009 2954 2062 matris
2966 2008 3302 2077 exponitur,
3321 2008 3653 2063 alienorum

2001 2090 2367 2146 misericordi
2397 2093 2607 2163 pietate
2630 2094 2943 2163 colligitur,
2973 2111 3181 2150 eorum
3205 2095 3529 2151 christiana
3543 2096 3656 2150 sol-

1997 2177 2304 2235 licitudine
2334 2180 2685 2251 baptizatur,
2705 2183 2767 2238 ﬁt
2791 2185 3256 2239 aaterniconsors
3278 2189 3334 2238 et
3359 2184 3655 2255 particeps

1999 2269 2185 2338 regni.
2216 2269 2331 2323 Ista
2362 2269 2639 2339 cogitent,
2668 2271 2782 2326 ista
2812 2271 3207 2336 considerent,
3240 2272 3333 2327 hic
3391 2273 3656 2328 audeant

1999 2357 2195 2412 dicere
2221 2360 2402 2412 Deum
2431 2358 2518 2413 vel
2540 2365 2918 2430 acceptorem
2945 2361 3002 2415 in
3019 2377 3128 2416 sua
3157 2362 3347 2429 gratia
3369 2377 3652 2432 persona-

1998 2461 2152 2511 rum,
2172 2447 2258 2501 vel
2275 2452 2784 2503 remuneratorem
2799 2449 3261 2519 praecedentium
3280 2450 3651 2505 meritorum.

2067 2534 2154 2589 33.
2189 2538 2337 2590 Nam
2367 2536 2473 2590 etsi
2518 2536 2898 2591 conabuntur
2950 2537 3198 2607 majoris
3230 2537 3418 2593 aetatis
3450 2539 3654 2610 aliqua

1994 2623 2201 2679 merita
2233 2624 2522 2694 suspicari
2555 2640 2656 2679 seu
2690 2625 2848 2679 bona
2881 2640 2987 2680 seu
3022 2625 3198 2689 mala,
3243 2626 3390 2697 quid
3421 2627 3495 2681 de
3527 2627 3652 2682 istis

1994 2711 2321 2766 infantibus
2351 2713 2568 2778 dicent,
2602 2729 2864 2783 quorum
2897 2729 3006 2769 nec
3045 2714 3155 2769 iste
3197 2715 3310 2769 sibi
3356 2715 3487 2769 ullis
3520 2731 3653 2785 pro-

1995 2800 2136 2870 priis
2171 2802 2393 2855 meritis
2414 2801 2582 2857 malis
2609 2802 2802 2872 potuit
2827 2803 3133 2873 acquirere
3170 2802 3514 2859 violentiam
3535 2804 3651 2858 suf-

1993 2889 2265 2954 focantis,
2313 2905 2422 2944 nec
2457 2891 2630 2944 bonis
2685 2890 2778 2944 ille
2831 2889 3200 2961 diligentiam
3235 2892 3593 2962 baptizantis
3622 2894 3650 2948 Ἰ

1993 2978 2198 3032 Nimim
2225 2979 2499 3033 vanitatis
2525 2983 2582 3033 et
2612 2979 2889 3033 caecitatis
2910 2984 3070 3044 sunt,
3100 2980 3146 3032 si
3181 2981 3358 3034 etiam
3390 2981 3482 3034 bis
3512 2995 3650 3036 con-

1992 3066 2261 3121 sideratis
2294 3067 2564 3120 nondum
2595 3067 2921 3136 dignantur
2938 3066 3272 3122 exclamare
3291 3068 3605 3122 nobiscum
3633 3086 3644 3123 :

1991 3155 2286 3210 Oaltitudo
2308 3155 2632 3210 divitiarum
2662 3155 2948 3226 sapientiae
2971 3161 3020 3208 et
3047 3156 3288 3209 scientiae
3320 3156 3418 3210 Dei
3445 3155 3644 3220 lQuam

1988 3245 2373 3300 z'ncrustabilia
2402 3255 2527 3300 sunt
2576 3245 2796 3316 judicia
2844 3247 2977 3314 ejus,
3010 3253 3056 3299 et
3093 3246 3490 3315 investigabites
3541 3247 3641 3301 via:

1985 3338 2098 3404 ejus
2126 3335 2300 3405 (Rom.
2333 3350 2411 3399 xx,
2436 3335 2560 3405 33)!
2592 3338 2715 3390 Non
2743 3335 2946 3405 itaque
2971 3334 3393 3388 misericordia:
3423 3335 3640 3403 gratui-

1987 3429 2057 3478 tae
2087 3425 2186 3478 Dei
2219 3423 2693 3494 pertinacissima
2719 3423 3112 3478 adversentur
3141 3423 3393 3478 insania.
3431 3423 3638 3478 Sinant

1988 3513 2193 3568 Filium
2207 3513 2470 3567 hominis
2484 3513 2542 3566 in
2557 3513 2824 3583 qualibet
2839 3518 3010 3567 aetate
3025 3527 3311 3582 quaerere,
3333 3516 3388 3566 et
3404 3511 3636 3567 salvum

1983 3601 2176 3657 facere
2208 3602 2371 3672 quod
2400 3602 2653 3672 perierat
2674 3601 2831 3669 (Luc.
2861 3617 2980 3665 xxx,
3012 3602 3100 3671 40)
3131 3620 3142 3659 :
3175 3617 3283 3656 nec
3314 3602 3387 3656 de
3413 3602 3640 3656 inseru-

1983 3691 2261 3746 tabilibus
2287 3689 2526 3760 judiciis
2553 3690 2680 3758 ejus
2704 3690 3272 3760 audeantjudicare,
3307 3706 3413 3746 cur
3435 3691 3493 3746 in
3516 3705 3637 3747 una

1980 3780 2313 3851 eademque
2343 3794 2530 3834 causa
2560 3794 2739 3850 super
2779 3779 2965 3834 alium
2996 3779 3192 3834 veniat
3224 3780 3635 3835 misericordia

1979 3869 2132 3939 ejus,
2166 3883 2345 3936 super
2365 3868 2545 3922 alium
2578 3871 2818 3922 maneat
2840 3867 2928 3922 ira
2959 3867 3106 3936 ejus.

2051 3956 2277 4013 CAPUT
2300 3957 2617 4012 ναι-34.
2655 3956 2764 4021 Qui
2791 3956 2951 4011 enim
2979 3959 3118 4011 sunt
3138 3954 3231 4009 isti
3257 3955 3360 4027 qui
3384 3971 3632 4025 respon-

1977 4045 2159 4101 deant
2191 4048 2328 4111 Deo,
2381 4043 2880 4117 quandoquidem
2938 4044 3035 4098 ille
3066 4044 3347 4100 Rebeccae
3377 4044 3626 4100 habenti

1977 4136 2248 4204 geminos
2279 4151 2350 4190 ex
2378 4149 2496 4189 uno
2527 4134 3028 4189 concubitulsaac
3052 4136 3233 4205 patris
3265 4135 3469 4199 nostri,
3489 4151 3628 4190 cum

1975 4224 2054 4280 illi
2085 4224 2355 4278 nondum
2403 4224 2527 4278 nati
2558 4223 2701 4278 nihil
2753 4224 3013 4292 egissent
3043 4223 3186 4279 boni
3217 4224 3307 4278 vel
3371 4223 3530 4289 mali,
3568 4229 3630 4280 ut

1973 4312 2308 4368 secundum
2365 4313 2716 4367 electionem
2769 4313 3143 4383 propositum
3177 4311 3303 4382 ejus
3336 4318 3624 4382 maneret,

1973 4401 2320 4456 electionem
2355 4401 2574 4455 scilicet
2601 4403 2825 4470 gratiae,
2867 4415 2988 4454 non
3032 4399 3240 4466 debiti,
3273 4400 3624 4457 electionem

1973 4506 2092 4560 qua
2123 4489 2429 4557 eligendos
2463 4488 2601 4543 facit
2621 4489 2766 4558 ipse,
2794 4503 2914 4542 non
2945 4486 3204 4551 invenit;
3244 4502 3364 4541 non
3391 4504 3461 4541 ex
3483 4503 3624 4558 ope-

1972 4579 2158 4644 ribus,
2187 4577 2291 4631 sed
2316 4592 2386 4631 ex
2411 4581 2658 4631 vocante
2682 4576 2835 4637 dicit,
2865 4575 3079 4630 minori
3100 4574 3455 4630 serviturum
3489 4591 3621 4631 esse

1973 4667 2262 4735 majorem
2299 4665 2325 4719 ?
2349 4668 2408 4718 In
2441 4681 2625 4735 quam
2657 4664 3016 4719 sententiam
3059 4663 3270 4719 beatus
3306 4665 3624 4735 Apostolus

1971 4754 2154 4809 etiam
2193 4753 2602 4808 testimonium
2626 4753 2932 4822 prophetae
2957 4752 3135 4821 longe
3157 4754 3501 4823 posterioris
3525 4769 3618 4810 as-

1971 4844 2246 4913 sumpsit,
2272 4842 2431 4896 Jacob
2460 4841 2649 4904 dilexi,
2668 4843 2815 4896 Esau
2836 4849 3011 4896 autem
3032 4842 3155 4896 odio
3179 4842 3344 4896 habui
3359 4843 3614 4910 (Malach.

1971 4933 2022 4998 1,
2049 4935 2102 4993 2,
2137 4933 2222 5002 3);
2266 4937 2329 4987 ut
2369 4931 2787 5000 intelligeretur
2813 4932 2923 4986 hoc
2956 4942 3230 5002 apertum
3271 4936 3482 5002 postea
3518 4946 3624 5001 per

1971 5023 2347 5093 prophetam,
2381 5020 2546 5092 quod
2577 5025 2903 5092 antequam
2947 5020 3027 5075 illi
3058 5025 3466 5085 nascerentur,
3499 5023 3625 5074 erat

1970 5114 2030 5166 in
2060 5111 2156 5166 Dei
2192 5110 2712 5181 praedestinatione
2738 5125 2844 5180 per
2864 5111 3141 5178 gratiam.
3173 5108 3324 5172 Quid
3343 5109 3501 5162 enim
3530 5107 3629 5162 di-

1970 5198 2194 5268 ligebat
2244 5198 2303 5252 in
2334 5197 2524 5253 Jacob
2554 5203 2880 5267 antequam
2913 5201 3088 5252 natus
3129 5196 3363 5251 fecisset
3395 5195 3625 5266 aliquid

1971 5287 2140 5358 boni,
2176 5287 2286 5342 nisi
2315 5287 2638 5357 gratuitum
2673 5285 3093 5341 misericordias
3131 5301 3253 5339 sua:
3279 5283 3629 5341 donum?et

1973 5375 2411 5447 quidoderatin
2437 5377 2593 5430 Esau
2622 5381 2946 5445 antequam
2963 5379 3136 5429 natus
3149 5373 3629 5444 fecissetaliquid

1972 5464 2254 5526 mali,nisi
2271 5463 2559 5532 originale
2579 5464 2934 5534 peccatum?
2966 5462 3114 5518 Nam
3133 5477 3324 5534 neque
3351 5462 3410 5516 in
3425 5461 3520 5518 illo
3534 5461 3630 5517 di-

1972 5553 2177 5622 ligeret
2205 5552 2518 5622 justitiam,
2553 5567 2738 5624 quam
2773 5551 3001 5609 nullam
3035 5551 3129 5608 ille
3156 5551 3408 5622 fecerat;
3434 5566 3631 5624 neque

2043 5661 2060 5697 ³
2098 5660 2156 5709 In
2179 5659 2334 5716 Edd.,
2361 5663 2406 5708 et
2429 5673 2516 5708 cur
2548 5664 2731 5710 tamen.
