4122 6170
567 189 671 244 887

566 313 628 370 in
657 314 768 371 isto
793 315 1020 371 odisset
1048 317 1346 380 naturam,
1373 328 1559 386 quam
1581 313 1804 369 bonam
1833 313 1958 384 ipse
1980 311 2215 369 fecerat.

637 405 946 460 35.Mirum
963 409 1049 458 est
1063 407 1250 458 autem
1267 419 1392 457 cum
1407 403 1500 458 his
1513 407 1888 458 coarctantur
1899 401 2214 471 angustiis,

563 493 626 547 in
663 495 892 562 quanta
918 507 978 546 se
1031 491 1290 561 abrupta
1321 491 1688 564 praecipitent
1714 496 2043 546 metuentes
2070 489 2214 546 retia

565 579 844 633 veritatis.
876 578 1026 644 Ideo,
1047 580 1345 650 inquiunt,
1379 581 1616 635 nondum
1650 580 2078 635 natorumalium
2093 579 2214 634 ode-

561 667 850 730 rat,alium
865 667 1276 740 diligebat,quia
1289 687 1469 725 eorum
1482 671 1675 741 futura
1686 687 1845 740 opera
1855 669 2210 740 praevidebat.

563 756 896 820 Quisistum
924 758 1340 814 acutissimum
1371 775 1616 814 sensum
1642 758 1900 814 defuisse
1930 757 2211 830 Apostolo

563 860 682 898 non
717 846 962 901 miretur
982 846 1488 919 ‘tHocquippeille
1504 864 1623 903 non
1638 848 1805 913 vidit,
1833 848 2081 919 quando
2101 847 2212 902 sibi

565 934 720 988 velut
749 934 1122 990 adversantis
1155 937 1391 1006 objecta
1411 938 1758 1009 quaestione,
1777 952 1894 991 non
1926 936 1984 991 id
2013 936 2210 1008 potius

563 1027 688 1077 tam
700 1021 1033 1086 breve,tum
1050 1029 1457 1094 apertam,tam
1471 1025 1746 1096 (sicutisti
1764 1025 1998 1096 putant)
2015 1040 2211 1079 verum

561 1110 1031 1183 absolutumque
1045 1113 1523 1182 respondit.Cum
1538 1113 1695 1168 enim
1711 1130 1834 1168 rem
1850 1112 2209 1184 stupendam

560 1201 1305 1272 proposuisset,quomodo
1319 1201 1392 1257 de
1407 1202 1678 1257 nondum
1694 1203 1850 1257 natis
1865 1217 1973 1257 nec
1989 1200 2211 1273 aliquid

557 1289 874 1355 agentibus
903 1290 1044 1344 boni
1076 1295 1178 1345 aut
1207 1291 1346 1345 mali
1380 1299 1534 1346 recte
1564 1291 1681 1346 dici
1725 1292 2002 1363 potuerit,
2041 1289 2208 1362 quod

557 1392 746 1431 unum
773 1380 921 1432 Deus
951 1379 1430 1444 dilexerit,alium
1463 1381 1602 1436 odio
1626 1380 1922 1445 habuerit,
1947 1382 2080 1450 ipsa
2096 1378 2210 1433 sibi

554 1464 790 1535 objecta
846 1469 1175 1538 quaestione
1225 1473 1456 1524 motum
1490 1470 1833 1540 exprimens
1889 1469 2201 1535 auditoris,

563 1553 705 1620 Quid
734 1572 857 1625 ergo
893 1556 1125 1611 dicemus
1157 1559 1184 1612 7
1216 1558 1429 1628 inquit,
1474 1558 1735 1629 numquid
1779 1558 2042 1629 iniquitas
2065 1557 2210 1628 apud

558 1642 773 1698 Deum?
800 1644 976 1698 Absit.
1008 1647 1106 1700 Hic
1120 1661 1260 1713 ergo
1285 1646 1605 1712 eratlocus,
1635 1647 2100 1718 utdiceretquod
2117 1647 2207 1702 isti

551 1733 838 1790 sentiunt:
881 1733 1100 1788 Futura
1122 1735 1263 1788 enim
1287 1735 1427 1791 Deus
1447 1753 1609 1806 opera
1631 1735 1979 1806 praevidebat,
1999 1736 2209 1806 quando

555 1821 760 1875 minori
787 1823 1040 1892 majorem
1073 1825 1406 1878 serviturum
1432 1841 1535 1879 esse
1583 1825 1814 1880 dicebat.
1851 1828 1974 1880 Non
2007 1831 2205 1880 autem

546 1909 660 1962 hoc
693 1911 1010 1980 Apostolus
1023 1912 1187 1976 dicit,
1205 1913 1304 1967 sed
1325 1914 1522 1984 potius
1547 1929 1619 1968 ne
1637 1914 1962 1986 quisquam
1977 1915 2050 1970 de
2065 1930 2208 1970 suo-

544 2012 680 2051 rum
711 2015 963 2069 operum
978 2001 1437 2056 audeatmeritis
1453 2002 1712 2071 gloriari,
1737 2003 1814 2059 ad
1840 2004 1932 2058 Dei
1950 2004 2205 2073 gratiam

544 2091 600 2140 et
634 2087 884 2155 gloriam
916 2090 1470 2145 commendandam
1500 2090 1892 2146 voluitvalere
1919 2092 2080 2161 quod
2117 2092 2202 2146 di-

539 2174 645 2229 xit.
687 2177 832 2231 Cum
867 2178 1028 2232 enim
1055 2178 1322 2241 dixisset,
1355 2178 1512 2234 Absit
1553 2185 1612 2234 ut
1657 2180 1727 2236 sit
1762 2181 2026 2251 iniquitas
2059 2180 2204 2251 apud

543 2263 748 2333 Deum,-
782 2270 1069 2336 tanquam
1100 2269 1150 2322 ei
1183 2267 1538 2334 diceremus,
1574 2269 1738 2324 Unde
1770 2270 1883 2324 hoc
1912 2270 2199 2335 ostendis,

542 2369 678 2408 cum
708 2369 947 2409 asseras
982 2371 1101 2410 non
1134 2371 1200 2410 ex
1236 2357 1542 2428 operibus,
1564 2358 1666 2412 sed
1699 2374 1769 2413 ex
1794 2364 2042 2414 vocante
2074 2359 2196 2415 dic-

543 2447 674 2499 tum
707 2459 857 2506 esse,
892 2444 1076 2513 Major
1115 2445 1310 2499 serviet
1366 2447 1571 2501 minori
1596 2448 1623 2503 ?
1653 2448 1829 2519 Moysi
1852 2449 1994 2502 enim
2041 2448 2196 2516 dicit,

543 2532 753 2602 inquit,
782 2533 837 2589 Μ
847 2533 1088 2588 iserebor
1108 2535 1198 2588 cui
1230 2536 1477 2589 misertus
1524 2553 1633 2600 ero,
1665 2544 1712 2590 et
1763 2537 2190 2593 misericordiam

541 2620 811 2691 praestabo
840 2623 932 2674 cui
961 2622 1266 2677 misericors
1277 2625 1646 2695 [uero.Igitur
1676 2643 1780 2680 non
1794 2626 2015 2681 volentis
2032 2644 2194 2698 neque

541 2710 840 2774 currentis,
891 2710 981 2764 sed
1018 2711 1322 2767 miserentis
1350 2721 1426 2768 est
1474 2715 1595 2769 Dei.
1632 2715 1736 2770 Ubi
1770 2731 1928 2771 nunc
1962 2718 2191 2782 merita,

543 2797 646 2852 ubi
673 2813 860 2869 opera
891 2799 980 2854 vel
1015 2801 1311 2870 prasterita
1343 2802 1427 2858 vel
1458 2802 1656 2858 futura
1704 2809 1992 2876 tanquam
2026 2806 2196 2862 liberi

541 2885 772 2942 arbitrii
803 2887 1032 2943 viribus
1051 2889 1377 2960 adimpleta
1404 2891 1494 2946 vel
1526 2892 1918 2963 adimplenda
1938 2894 1966 2947 ‘i
1992 2898 2196 2951 Nonne

543 2981 817 3046 apertam
847 2977 1420 3049 protulitApostolus
1443 2980 1516 3036 de
1541 2983 1812 3050 gratuitae
1836 2985 2060 3051 gratiae.
2084 2984 2197 3039 hoc

539 3069 626 3121 est
648 3080 802 3120 veras
817 3066 1022 3134 gratiae
1041 3068 1562 3125 commendatione
1581 3072 1930 3127 sententiam
1949 3074 1976 3128 ἳ
1995 3075 2198 3128 Nonne

540 3153 788 3210 stultam
815 3154 952 3210 fecit
983 3156 1138 3211 Deus
1163 3155 1576 3214 haereticorum
1616 3159 1971 3230 sapientiam
1995 3161 2022 3215 ‘l

619 3242 705 3298 36.
730 3243 880 3310 Quid
895 3251 1093 3300 autem
1108 3247 1613 3314 agebatur,uthoc
1627 3251 1944 3320 Apostolus
1957 3251 2198 3316 diceret,

545 3337 606 3388 ut
634 3347 841 3388 eorum
876 3335 1259 3402 geminorum
1281 3344 1782 3394 commemoraret
1811 3340 2153 3412 exemplum
2176 3340 2203 3396 ?

541 3421 689 3492 quid
722 3422 1088 3491 persuadere
1120 3423 1533 3479 moliebatur?
1565 3427 1711 3497 quid
1746 3428 2048 3484 inculcare
2098 3447 2200 3485 cu-

547 3509 792 3581 piebat?
824 3513 1047 3581 Nempe
1070 3511 1182 3567 hoc
1201 3513 1364 3583 quod
1384 3514 1652 3584 ipsorum
1667 3525 1979 3586 Oppugnat
1996 3536 2204 3575 amen-

553 3599 651 3665 tia,
684 3600 847 3668 quod
872 3600 1109 3669 superbi
1128 3603 1144 3636 ¹
1165 3616 1287 3657 non
1310 3603 1576 3674 capiunt,
1592 3605 1757 3676 quod
1772 3623 1979 3678 sapere
1996 3608 2207 3664 nolunt

552 3685 655 3756 qui
679 3686 1024 3754 ignorantes
1057 3690 1477 3760 Deijustitiam,
1497 3698 1736 3749 etsuam
1757 3694 2013 3751 volentes
2027 3713 2207 3751 cons-

556 3775 1048 3846 tituere,justitiae
1082 3779 1179 3835 Dei
1207 3795 1329 3834 non
1362 3786 1502 3837 sunt
1532 3781 1776 3853 subjecti
1809 3784 1985 3853 (Rom.
2016 3801 2074 3851 ι,
2109 3788 2205 3856 3);

554 3861 628 3918 de
660 3863 795 3934 ipsa
825 3867 1048 3938 quippe
1080 3869 1274 3937 gratia
1306 3870 1449 3926 satis
1505 3871 1724 3941 agebat
1779 3874 2120 3945 Apostolus,
2153 3881 2210 3932 et

555 3951 694 4008 ideo
723 3957 1143 4023 promissionis
1169 3957 1318 4014 ﬁlios
1337 3960 1822 4017 commendabat.
1855 3965 2024 4029 Quod
2047 3966 2206 4020 enim

557 4042 849 4111 promittit
879 4047 1048 4111 Deus,
1083 4062 1204 4101 non
1234 4047 1372 4103 facit
1393 4050 1501 4104 nisi
1532 4052 1712 4106 Deus:
1742 4052 1922 4108 habet
1948 4070 2211 4127 namque

561 4128 792 4198 aliquid
816 4134 1060 4188 rationis
1092 4140 1146 4189 et
1181 4136 1461 4204 veritatis,
1493 4143 1557 4193 ut
1586 4139 1768 4196 homo
1797 4143 2119 4212 promittat,
2159 4151 2216 4202 et

567 4219 723 4272 Deus
749 4219 923 4276 faciat
963 4239 976 4287 ;
1017 4229 1076 4278 ut
1108 4228 1306 4279 autem
1338 4225 1521 4282 homo
1555 4244 1617 4284 se
1646 4228 1836 4285 facere
1866 4232 2024 4288 dicat
2051 4235 2214 4305 quod

566 4307 902 4378 promiserit
933 4314 1108 4376 Deus,
1154 4315 1428 4385 superbas
1459 4316 1781 4388 impietatis
1808 4325 1894 4376 est
1921 4322 2215 4394 reprobus

567 4411 806 4454 εθῐιευε.

639 4487 726 4544 37.
761 4490 1206 4549 Commendans
1235 4509 1376 4566 ergo
1434 4496 1586 4553 ﬁlios
1616 4500 2048 4570 promissionis,
2104 4502 2218 4559 hoc

566 4575 831 4647 primum
881 4579 1286 4648 signiﬁcatum
1336 4586 1613 4653 ostendit,
1666 4604 1770 4660 per
1828 4591 1996 4645 Isaac
2027 4591 2216 4647 ﬁlium

567 4665 840 4722 Abrahae.
875 4669 1217 4727 Evidentius
1246 4689 1508 4746 namque
1541 4692 1696 4748 opus
1745 4679 1845 4734 Dei
1877 4690 2128 4751 apparet
2157 4681 2216 4735 in

567 4768 660 4817 eo,
693 4770 871 4825 quem
906 4773 1026 4813 non
1059 4762 1264 4829 genuit
1292 4765 1542 4820 usitatus
1573 4766 1722 4821 ordo
1749 4773 1972 4824 naturai
1999 4770 2072 4825 de
2100 4774 2218 4824 ste-

565 4841 776 4897 rilibus
808 4845 1130 4903 visceribus
1155 4856 1212 4905 et
1243 4859 1544 4909 senectute
1577 4855 1885 4921 confectis,
1908 4864 1968 4913 ut
1995 4858 2053 4911 in
2081 4858 2216 4913 ﬁliis

566 4931 686 4996 Dei,
715 4933 817 5004 qui
845 4933 1019 4990 futuri
1050 4941 1627 5009 praenuntiabantur,
1656 4945 1770 5000 hoc
1792 4951 1946 5001 esset
1979 4947 2217 5016 signum

564 5019 747 5078 divini
779 5025 996 5094 operis,
1029 5042 1148 5081 non
1173 5028 1444 5085 humani.
1478 5033 1544 5085 In
1575 5033 1744 5098 Isaac,
1769 5034 1985 5106 inquit,
2008 5037 2218 5091 vocabi-

565 5114 659 5164 tur
682 5111 782 5166 tibi
802 5129 1010 5170 semen:
1041 5115 1138 5171 hoc
1159 5124 1254 5182 est,
1284 5134 1386 5172 non
1418 5121 1514 5190 qui
1535 5121 1647 5190 ﬁlii
1672 5124 1875 5187 carnis,
1895 5125 1944 5179 ii
1952 5125 2064 5195 ﬁlii
2082 5125 2217 5190 Dei;

563 5199 652 5253 sed
679 5202 788 5272 filii
808 5205 1184 5274 promissionis
1205 5207 1542 5278 deputantur
1571 5211 1631 5265 in
1656 5229 1848 5268 semen.
1886 5214 2219 5270 Promissio-

563 5290 650 5342 nis
680 5294 818 5348 enim
833 5294 1046 5350 verbum
1070 5296 1162 5350 hoc
1187 5304 1304 5354 est:
1329 5298 1417 5353 Ad
1431 5299 1521 5354 hoc
1549 5307 1750 5372 tempus
1770 5305 1998 5367 veniam,
2035 5310 2083 5358 et
2111 5306 2216 5360 erit

565 5377 716 5433 Sara:
741 5381 908 5451 ﬁlius.
930 5385 1050 5440 Non
1072 5386 1245 5442 solum
1258 5397 1455 5453 autem,
1475 5391 1682 5462 inquit,
1714 5391 1806 5445 sed
1829 5396 1876 5445 et
1900 5393 2134 5448 Rebecca
2150 5411 2216 5449 ex

562 5482 668 5521 uno
699 5473 978 5529 concubitu
1005 5477 1217 5542 habens,
1263 5478 1410 5532 Isaac
1436 5480 1616 5549 patris
1648 5482 1841 5535 nostri.
1878 5484 2004 5547 Quo
2034 5485 2216 5554 perti-

559 5557 688 5611 nuit
716 5563 776 5614 ut
795 5561 1056 5630 adderet,
1086 5583 1150 5621 eo:
1167 5583 1272 5622 uno
1299 5568 1602 5633 concubitu,
1638 5569 1751 5624 nisi
1780 5574 1843 5624 ut
1871 5585 1994 5627 non
2019 5572 2212 5629 solum

619 5727 633 5760 ³
660 5725 814 5785 Edd.,
847 5729 1106 5790 superbia.
1137 5734 1203 5784 At
1236 5733 1359 5784 Mss.
1388 5735 1586 5803 plures,
1609 5738 1838 5802 superbi.

1853 186 1914 244 S.
1951 184 2345 244 AUGUSTINI
2373 183 2693 243 EPISCOPI

3800 196 3889 255 εδδ

2321 310 2396 367 de
2427 311 2571 379 suis,
2603 325 2799 382 neque
2825 310 2899 366 de
2930 313 3250 382 parentum
3302 310 3519 368 meritis
3555 311 3797 385 aliorum,
3817 321 3897 377 sed

2322 416 2394 456 ne
2425 399 2500 456 de
2527 400 2714 472 ipsius
2743 399 2990 471 quidem
3020 399 3196 455 unius
3224 400 3426 472 patris,
3469 407 3682 458 mutata
3710 405 3831 461 forte
3854 409 3898 462 in

2325 488 2537 544 melius
2570 489 2871 544 voluntate
2902 487 3256 558 gloriaretur
3284 489 3487 554 Jacob,
3513 489 3703 546 dicens
3725 493 3838 550 ideo
3855 513 3898 551 se

2321 595 2356 634 a
2387 579 2658 634 Creatore
2688 579 2990 641 dilectum,
3023 578 3164 650 quia
3187 584 3352 650 pater
3379 579 3525 649 ejus,
3552 582 3776 651 quando
3795 599 3901 639 eum

2323 669 2656 734 seminavit,
2713 667 3060 723 melioribus
3112 667 3468 723 laudabilior
3507 669 3754 724 moribus
3779 671 3904 728 fuit?

2319 773 2384 811 ea:
2415 773 2541 821 uno,
2567 756 2779 826 inquit,
2804 755 3126 826 concubitu;
3161 772 3348 811 unum
3375 765 3510 812 tunc
3541 757 3614 812 ad
3644 773 3738 812 eos
3765 762 3905 815 semi-

2320 845 2557 901 nandos
2584 844 2861 901 meritum
2879 847 3086 916 patris,
3109 861 3296 902 unum
3313 846 3388 901 ad
3404 845 3802 918 concipiendos
3822 864 3909 904 me-

2318 935 2498 988 ritum
2531 935 2736 990 matris
2779 955 2791 989 :
2845 934 2988 1005 quia
3018 933 3126 990 etsi
3161 939 3350 990 mater
3380 949 3482 990 eos
3516 935 3698 991 donec
3725 943 3908 1007 pareret

2321 1023 2645 1078 visceribus
2680 1024 2935 1093 portavit
2960 1022 3248 1091 inclusos,
3279 1027 3336 1078 et
3359 1023 3508 1080 forte
3535 1023 3910 1080 voluntatesal-

2318 1111 2720 1184 fectionesque
2747 1112 3015 1177 variavit,
3045 1127 3165 1167 non
3201 1111 3300 1167 uni
3333 1112 3435 1167 sed
3449 1113 3736 1169 ambobus
3756 1115 3909 1186 utique

2319 1200 2586 1265 variavit,
2614 1217 2770 1272 quos
2803 1201 3021 1272 pariter
3052 1205 3252 1257 ventre
3280 1201 3555 1272 portavit.

2390 1293 2475 1346 38.
2498 1292 2743 1345 Intentio
2759 1291 2938 1359 igitur
2964 1290 3251 1346 intuenda
3273 1296 3363 1346 est
3387 1290 3911 1362 Apostoliquomodo

2319 1383 2562 1450 prOpter
2584 1381 2836 1451 gratiam
2865 1379 3413 1435 commendandam
3440 1380 3728 1436 noliteum
3742 1380 3805 1434 de
3823 1397 3911 1453 quo

2318 1466 2540 1522 dictum
2556 1474 2662 1533 est,
2689 1468 2849 1523 Jacob
2869 1468 3078 1533 dilexi,
3108 1468 3224 1523 nisi
3250 1469 3308 1522 in
3341 1469 3594 1524 Domino
3617 1468 3852 1538 gloriari:
3869 1477 3912 1524 ut

2317 1572 2454 1611 cum
2477 1573 2544 1612 ex
2569 1558 2779 1612 eodem
2806 1562 2989 1628 patre,
3009 1558 3220 1613 eadem
3247 1563 3456 1622 matre,
3478 1573 3595 1613 uno
3623 1558 3910 1622 concubitu,

2309 1651 2642 1717 antequam
2673 1646 2901 1718 aliquid
2929 1646 3188 1716 egissent
3216 1646 3354 1702 boni
3387 1654 3491 1702 aut
3523 1646 3680 1710 mali,
3715 1646 3912 1703 alterum

2317 1736 2468 1788 Deus
2502 1734 2711 1804 diligit,
2743 1736 2868 1791 odit
2897 1736 3146 1791 alterum
3173 1752 3186 1800 ;
3242 1735 3532 1804 intelligat
3561 1735 3733 1791 Jacob
3760 1752 3818 1790 ex
3842 1735 3913 1791 illa

2313 1839 2517 1879 massa
2542 1822 2850 1894 originalis
2874 1824 3221 1896 iniquitatis,
3239 1824 3598 1880 ubitratrem
3619 1840 3912 1893 suum,cum

2311 1929 2434 1984 quo
2450 1913 3059 1968 habuitcommunem
3076 1928 3326 1968 causam
3339 1956 3352 1978 ,
3375 1913 3539 1970 videt
3567 1929 3666 1984 per
3681 1913 3911 1983 justitiam

2313 2002 2605 2057 meruisse
2630 2002 2929 2066 damnari,
2945 2002 3181 2058 nonnisi
3214 2018 3321 2074 per
3341 2003 3598 2072 gratiam
3620 2019 3679 2058 se
3702 2002 3912 2073 potuisse

2310 2090 2588 2144 discerni.
2613 2090 2888 2146 Nondum
2903 2091 3062 2145 enim
3086 2091 3492 2155 nascentibus,
3509 2107 3617 2146 nec
3653 2091 3913 2160 agentibus

2309 2178 2538 2234 bonum
2554 2183 2658 2234 aut
2678 2178 3292 2244 malum,utsecundum
3304 2182 3612 2237 electionem
3640 2179 3910 2250 propositum

2313 2267 2411 2322 Dei
2441 2275 2696 2333 maneret,
2735 2285 2838 2323 non
2863 2285 2928 2322 ea:
2979 2268 3250 2340 operibus,
3284 2269 3374 2324 sed
3402 2287 3473 2324 ea:
3517 2275 3726 2324 vocante
3761 2269 3912 2323 dictum

2306 2364 2382 2411 est
2412 2359 2490 2411 ei:
2523 2357 2706 2427 Major
2732 2357 2927 2412 serviet
2954 2358 3178 2413 minori.

2376 2447 2463 2501 39.
2496 2446 2854 2502 Electionem
2881 2453 3079 2502 autem
3106 2447 3310 2516 gratiae
3340 2446 3522 2502 nullis
3554 2445 3675 2501 ﬁeri
3714 2461 3913 2516 operum

2305 2534 2774 2606 praecedentibus
2808 2535 3052 2603 meritis,
3091 2536 3206 2591 alio
3241 2536 3374 2591 loco
3405 2535 3765 2606 apertissime
3793 2533 3911 2588 idem

2303 2624 2615 2693 apostolus
2648 2624 3008 2678 ostendens:
3040 2624 3132 2678 Sic
3164 2642 3306 2695 ergo,
3338 2625 3622 2696 inquit,et
3649 2640 3704 2677 in
3730 2623 3908 2677 hostem-

2304 2729 2430 2783 pore
2461 2713 2702 2784 reliquie
2727 2714 3018 2768 secundum
3043 2713 3349 2768 electionem
3373 2715 3579 2785 gratiae
3613 2713 3766 2768 salva
3790 2713 3913 2780 [acta

2303 2809 2448 2858 sunt.
2480 2801 2539 2857 Si
2566 2810 2744 2857 autem
2779 2803 2982 2873 gratia,
3016 2805 3136 2873 jam
3173 2820 3279 2857 non
3304 2820 3369 2856 es:
3399 2803 3684 2874 operibus;
3714 2801 3912 2872 alioquin

2304 2892 2490 2962 gratia
2511 2909 2630 2961 Jam
2655 2909 2760 2946 non
2786 2898 2861 2946 est
2887 2892 3072 2961 gratia
3103 2893 3283 2962 (Rom.
3314 2908 3394 2959 ιι,
3428 2898 3484 2957 5,
3520 2893 3597 2963 6).
3629 2891 3914 2948 Secundum

2305 2980 2462 3036 hanc
2475 2996 2616 3050 ergo
2629 2981 2902 3049 gratiam,
2925 2981 3102 3036 etiam
3120 2980 3542 3051 propheticum
3561 2978 3908 3036 testimonium

2306 3076 2740 3141 consequenter
2765 3086 3098 3130 assumens.
3131 3070 3276 3125 Sicut
3314 3070 3580 3141 scriptum
3615 3077 3709 3136 est,
3747 3066 3914 3138 inquit.

2306 3159 2468 3215 Jacob
2495 3158 2680 3223 dilexi,
2701 3159 2848 3214 Esau
2863 3165 3040 3214 autem
3052 3159 3172 3214 odio
3189 3159 3352 3214 habui
3371 3181 3390 3228 ,-
3409 3169 3466 3215 et
3492 3160 3787 3223 continuo,
3810 3153 3912 3220 Quid

2309 3265 2434 3319 ergo
2443 3248 2673 3303 dicemus
2687 3248 3194 3320 ?inquit,numquid
3215 3249 3488 3320 iniquitas
3514 3256 3589 3303 est
3609 3247 3745 3319 apud
3759 3243 3915 3300 Deum?

2311 3340 2355 3393 A
2368 3338 2492 3392 bsit.
2512 3338 2617 3394 Sed
2639 3353 2846 3408 quare,
2861 3338 3055 3393 Absit?
3068 3354 3144 3394 an
3161 3344 3402 3409 propter
3419 3354 3609 3409 opera
3625 3354 3750 3410 quae
3766 3335 3915 3390 futura

2312 3428 2664 3499 prmsciebat
2693 3427 3056 3483 amborum?
3107 3431 3230 3483 lmo
3294 3435 3352 3483 et
3407 3428 3525 3483 hoc
3559 3428 3742 3483 absit:
3779 3423 3918 3492 Moysi

2311 3519 2449 3575 enim
2463 3518 2614 3582 dicit,
2649 3517 2937 3574 Miserebor
2951 3518 3038 3573 cui
3058 3517 3428 3583 misertusero,
3464 3525 3517 3573 et
3550 3513 3913 3572 misericordiam

2312 3606 2578 3680 praestabo
2600 3607 2688 3662 cui
2708 3606 3010 3662 misericors
3024 3608 3180 3676 fuero
3207 3607 3386 3676 Igitur
3408 3624 3516 3661 non
3547 3605 3766 3662 volentis
3794 3616 3912 3671 neque

2313 3697 2605 3762 currentis,
2638 3697 2726 3751 sed
2776 3697 3077 3751 miserentis
3101 3702 3175 3750 est
3221 3696 3339 3752 Dei.
3397 3699 3591 3768 Atque
3631 3695 3766 3750 utin
3796 3689 3914 3744 vasis

2316 3802 2451 3859 quas
2485 3785 2744 3858 perfecta
2771 3792 2908 3842 sunt
2933 3785 2991 3840 iu
3027 3785 3442 3857 perditionem,
3477 3803 3618 3858 quas
3667 3784 3915 3839 damnata

2317 3876 2520 3932 debita
2532 3882 2617 3932 est
2645 3891 2879 3940 massas,
2914 3883 3243 3945 agnoscant
3267 3891 3412 3931 vasa
3438 3891 3514 3931 ex
3541 3874 3748 3931 eadem
3765 3881 3918 3926 massa

2317 3967 2379 4023 in
2409 3966 2702 4022 honorem
2731 3965 2887 4022 facta
2913 3965 3063 4038 quid
3093 3966 3176 4022 eis
3206 3965 3620 4023 misericordia
3641 3959 3919 4019 divinalar-

2320 4057 2444 4128 gita
2474 4055 2567 4124 sit,
2600 4056 2743 4111 Dicit
2763 4056 2926 4120 enim,
2960 4056 3170 4128 inquit,
3197 4055 3486 4126 Scriptura
3511 4056 3584 4110 ad
3608 4055 3917 4110 Pharaonem,

2323 4145 2464 4210 Quia
2494 4144 2562 4198 ad
2598 4144 2689 4199 hoc
2721 4150 2769 4197 te
2801 4143 3054 4208 excitavi,
3105 4151 3164 4198 ut
3193 4143 3465 4198 ostendam
3507 4145 3570 4198 in
3602 4149 3648 4198 te
3677 4137 3921 4214 potentiam

2323 4239 2637 4299 meam,etut
2664 4233 3002 4304 gloriﬁcetur
3028 4249 3214 4288 nomen
3245 4249 3417 4288 meum
3439 4233 3498 4286 in
3529 4233 3773 4287 universa
3789 4235 3919 4281 terra.

2326 4322 2588 4394 Denique
2619 4322 2697 4377 ad
2731 4327 3048 4394 utrumque
3098 4321 3418 4387 concludit,
3472 4322 3623 4392 Ergo
3660 4319 3798 4390 cujus
3836 4311 3920 4368 vult

2324 4413 2636 4475 miseretur,
2653 4415 2700 4465 et
2717 4427 2867 4482 quem
2888 4411 3002 4465 vult
3021 4410 3250 4466 obdurat
3273 4411 3410 4466 :hoc
3435 4410 3573 4466 facit
3601 4407 3756 4481 apud
3779 4416 3921 4476 quem

2324 4515 2444 4555 non
2475 4506 2566 4556 est
2594 4501 2896 4572 iniquitas.
2926 4500 3222 4556 Miseretur
3246 4499 3447 4572 itaque
3478 4498 3727 4570 gratuito
3755 4497 3887 4550 dono
3913 4505 3922 4550 ;

2323 4589 2584 4646 obdurat
2612 4596 2813 4645 autem
2846 4588 3181 4659 justissimo
3211 4590 3439 4646 merito.

2396 4682 2483 4734 40.
2518 4679 2626 4734 Sed
2641 4678 2800 4733 dicat
2820 4678 3018 4734 adhuc
3036 4677 3127 4733 vel
3141 4678 3383 4750 superbi
3398 4677 3654 4734 inﬁdelis
3669 4673 3842 4733 elatio,
3857 4665 3925 4721 vel

2326 4767 2518 4840 puniti
2535 4767 2900 4822 damnabilis
2914 4767 3389 4833 excusatio,0uid
3404 4768 3577 4823 adhuc
3591 4755 3922 4836 conqueritur!

2326 4875 2451 4912 nam
2463 4856 2729 4912 voluntati
2751 4857 2863 4926 ejus
2877 4858 3000 4926 quis
3024 4856 3268 4911 resistit?
3289 4857 3466 4921 dicat,
3495 4865 3550 4911 et
3575 4854 3770 4910 audiat
3790 4842 3921 4922 quod

2326 4946 2872 5010 convenithomini,
2903 4945 2946 5000 0
2969 4946 3139 5011 homo,
3181 4951 3240 5000 tu
3268 4946 3390 5016 quis
3434 4963 3485 5000 es
3528 4945 3628 5016 qui
3649 4936 3922 5012 respondeat

2329 5036 2434 5090 Deo
2457 5035 2564 5105 (Id.
2593 5051 2670 5099 ix,
2685 5035 2834 5102 7-23)
2854 5033 2880 5088 ?
2900 5039 3197 5098 etcastera,
3214 5034 3287 5089 de
3301 5034 3654 5106 quibusjam
3671 5031 3921 5102 quantum

2327 5124 2491 5198 potui
2519 5126 2659 5179 satis
2701 5139 2771 5178 ac
2798 5139 2951 5194 saepe
3010 5123 3282 5179 disserui.
3339 5123 3552 5178 Audiat
3602 5122 3722 5177 hinc
3751 5123 3798 5172 et
3827 5125 3917 5167 non

2323 5218 2686 5269 contemnat.
2729 5213 2901 5280 Quod
2929 5213 2975 5266 si
3002 5212 3442 5284 contempserit,
3484 5211 3658 5266 etiam
3679 5214 3733 5263 ut
3761 5206 3919 5259 conte-

2325 5307 2572 5367 mneret,
2591 5318 2652 5357 se
2679 5302 2942 5357 inveniat
2967 5301 3360 5356 obduratum:
3391 5301 3651 5356 siautem
3685 5310 3791 5352 non
3814 5304 3920 5346 con-

2324 5392 2650 5463 tempserit,
2664 5392 2839 5446 etiam
2859 5395 2918 5444 ut
2932 5406 3047 5445 non
3066 5395 3489 5455 contemneret,
3513 5405 3573 5444 se
3587 5379 3919 5450 credatadju-

2323 5485 2484 5550 tum;
2521 5479 2622 5534 sed
2655 5479 3019 5535 obduratum
3048 5479 3269 5544 debito,
3303 5479 3568 5553 adjutum
3597 5474 3772 5547 gratia
3797 5474 3830 5522 ¹.

2395 5570 2616 5625 CAPUT
2647 5570 2732 5623 IX.
2777 5600 2830 5610 ——
2891 5571 2978 5624 41.
3040 5571 3237 5640 Neque
3279 5569 3462 5634 enim,
3519 5567 3565 5622 si
3595 5566 3828 5621 duorum
3861 5555 3914 5608 de

2383 5742 2397 5772 ί
2435 5739 2561 5790 Mss.
2583 5739 2886 5799 duodecim,
2914 5740 3222 5792 obduratum
3249 5741 3429 5798 debite,
3449 5729 3844 5804 adjutumfgratit.
