4118 6164
214 200 339 260 -889

228 331 397 385 Isaac
416 326 756 399 patriarcha
785 325 1186 398 geminorum,
1209 327 1369 399 quod
1400 327 1643 400 quidem
1653 329 1673 400 j
1683 344 1779 384 am
1793 343 1884 384 os-

230 417 540 474 tendimus
569 422 798 488 quanta
825 416 1084 472 caecitate
1116 416 1368 485 dicatur,
1387 417 1584 474 futura
1613 417 1884 489 praevidit

230 508 387 562 Deus
419 521 622 576 opera,
647 506 741 577 qui
770 505 1035 561 vixerunt
1061 512 1238 577 atque
1258 512 1604 576 senuerunt,
1629 511 1684 562 et
1702 523 1884 579 prop-

226 601 390 652 terea
416 595 602 652 Jacob
633 595 856 661 dilexit,
894 597 1047 650 Esau
1080 599 1282 651 autem
1314 595 1452 652 odio
1484 596 1713 663 habuit,
1748 597 1882 653 ideo

226 686 657 741 moriturorum
690 685 870 740 etiam
913 684 1303 755 parvulorum
1337 690 1528 756 potest
1557 687 1880 758 quisquam

223 774 444 842 dicere,
479 781 542 829 ut
571 773 709 829 huic
748 773 823 828 ad
856 773 1314 845 percipiendum
1359 775 1726 846 Baptismum
1760 791 1880 830 non

221 863 518 927 consulat,
551 861 630 917 illi
658 867 852 918 autem
910 862 1206 925 consulat,
1255 866 1437 919 Deum
1472 863 1673 919 futura
1697 880 1883 936 opera

222 967 436 1008 eorum
459 952 786 1022 prtevidere
815 969 828 1007 :
859 951 1172 1024 quomodo
1188 953 1348 1008 enim
1372 954 1567 1009 futura
1601 954 1882 1009 dicuntur

221 1056 363 1114 qum
398 1040 562 1096 nulla
585 1041 801 1096 erunt?

295 1134 385 1186 42.
417 1129 517 1186 Sed
548 1129 711 1197 Deus,
728 1129 1024 1202 inquiunt,
1055 1129 1201 1201 injeis
1218 1146 1346 1201 quos
1373 1130 1494 1185 hinc
1514 1131 1715 1202 aufert,
1734 1149 1884 1202 prae-

220 1219 368 1274 videt
397 1219 831 1290 quemadmodum
854 1219 1098 1274 victurus
1115 1227 1244 1274 esset
1257 1221 1477 1291 quisque
1500 1221 1550 1275 si
1579 1221 1806 1276 viveret:
1830 1228 1878 1275 et

220 1308 342 1363 ideo
369 1326 522 1380 quem
543 1309 795 1380 nequiter
808 1309 954 1363 novit
965 1309 1132 1378 fuisse
1157 1310 1444 1375 victurum,
1461 1312 1575 1365 sine
1605 1310 1880 1380 Baptismo

215 1397 364 1465 facit
400 1397 572 1452 emori
595 1419 615 1466 ,-
640 1398 716 1452 sic
749 1398 805 1451 in
836 1413 895 1452 eo
910 1398 1142 1468 puniens
1162 1415 1325 1468 opera
1344 1399 1508 1463 mala,
1538 1416 1643 1454 non
1661 1417 1778 1471 quae
1802 1402 1878 1468 fe-

217 1485 314 1554 cit,
336 1486 425 1540 sed
444 1503 562 1557 quae
590 1487 840 1558 facturus
861 1488 990 1557 fuit.
1008 1487 1064 1541 Si
1077 1503 1218 1557 ergo
1241 1487 1524 1543 divinitus
1543 1488 1720 1543 etiam
1743 1505 1875 1559 quae

221 1576 550 1630 commissa
577 1591 697 1630 non
723 1581 878 1640 sunt,
901 1575 1058 1631 mala
1079 1591 1263 1647 opera
1289 1576 1650 1648 puniuntur;
1681 1577 1877 1648 primo

221 1662 533 1718 attendant
555 1679 738 1736 quam
761 1663 915 1719 falso
934 1663 1327 1736 polliceantur
1348 1664 1406 1719 in
1423 1664 1874 1721 damnationem

220 1750 506 1821 parvulos
519 1751 840 1807 nonituros
866 1752 1108 1824 quisine
1131 1752 1492 1823 Baptismate
1518 1754 1873 1817 moriuntur,

215 1840 323 1911 qui
354 1845 672 1911 prOpterea
703 1855 819 1895 non
871 1841 1264 1911 baptizantur,
1295 1840 1438 1913 quia
1472 1841 1625 1897 male
1665 1841 1874 1897 victuri

217 1933 414 1993 erant,
452 1928 501 1983 si
530 1929 793 1984 viverent
836 1946 849 1984 :
882 1934 1127 2001 propter
1155 1929 1351 2000 ipsam
1393 1931 1616 2002 quippe
1650 1930 1874 1986 malam

216 2018 404 2073 vitam
443 2018 654 2089 procul
679 2017 866 2073 dubio
897 2018 1372 2084 damnabuntur,
1408 2019 1456 2073 si
1503 2019 1680 2074 etiam
1712 2019 1876 2076 mala

214 2121 356 2177 quae
384 2105 620 2162 fuerant
649 2105 847 2162 futura
889 2107 1273 2163 damnantur.
1322 2107 1562 2174 Deinde,
1593 2108 1638 2161 si
1683 2109 1766 2164 eis
1798 2108 1874 2166 ad

215 2193 670 2266 percipiendum
693 2195 1070 2266 Baptismatis
1084 2195 1415 2250 consulitur
1431 2201 1873 2252 sacramentum

217 2297 381 2354 quos
413 2283 578 2338 novit
614 2282 768 2338 Deus
795 2283 843 2338 si
883 2282 1153 2338 viverent
1183 2282 1336 2338 bene
1366 2283 1551 2339 fuisse
1590 2284 1870 2350 victuros,

213 2386 324 2426 cur
354 2385 475 2426 non
507 2387 721 2427 omnes
750 2376 1024 2428 tenentur
1054 2371 1113 2427 in
1141 2372 1279 2436 vita,
1308 2388 1490 2444 quam
1525 2374 1694 2428 bonis
1734 2389 1873 2446 ope-

212 2458 386 2515 ribus
421 2461 688 2516 ornaturi
711 2462 899 2516 sunt?
929 2476 1036 2516 cur
1067 2461 1244 2515 etiam
1287 2476 1496 2516 eorum
1541 2461 1642 2534 qui
1681 2462 1874 2533 bapti-

210 2548 682 2619 zanturquidam
696 2549 797 2604 diu
811 2549 1078 2604 viventes
1090 2550 1347 2622 pessime
1363 2549 1588 2615 vivunt,
1606 2556 1660 2606 et
1675 2567 1865 2622 usque

211 2637 290 2695 ad
318 2637 686 2709 apostasiam
734 2638 1061 2710 aliquando
1092 2639 1441 2710 perveniunt
1478 2638 1506 2693 εἰ
1537 2655 1642 2694 cur
1666 2640 1864 2710 ipsum

211 2725 471 2798 primum
500 2727 847 2798 conjugium
873 2732 1267 2800 peccatorum,
1289 2744 1442 2800 quos
1467 2729 1669 2799 utique
1690 2745 1867 2784 nove-

212 2823 306 2871 rat
338 2817 491 2870 Deus
520 2824 895 2888 peccaturos,
921 2833 1039 2872 non
1069 2817 1142 2872 de
1166 2817 1444 2888 paradiso
1467 2818 1866 2888 anteprojecit

207 2919 282 2957 ne
310 2903 392 2958 ibi
420 2905 855 2961 committerent
877 2907 1039 2977 quod
1073 2910 1193 2961 tam
1215 2913 1423 2961 sancto
1457 2906 1586 2961 loco
1601 2912 1758 2962 esset
1781 2908 1865 2962 in-

209 2992 484 3062 dignum,
514 2994 559 3048 si
579 2995 738 3064 juste
768 2999 1012 3065 peccata
1043 2995 1220 3050 etiam
1248 2994 1518 3049 nondum
1546 2996 1863 3050 commissa

211 3082 544 3153 puniuntur
570 3083 754 3154 ‘Iquid
783 3083 1043 3154 denique
1066 3088 1381 3154 praestatur
1405 3083 1456 3138 ei
1484 3084 1586 3155 qui
1615 3084 1865 3155 rapitur,

212 3185 289 3225 ne
323 3169 544 3226 malitia
571 3176 757 3226 mutet
786 3171 1148 3226 intellectum
1183 3171 1335 3241 ejus,
1353 3177 1407 3226 et
1433 3187 1504 3226 ne
1525 3171 1684 3226 ﬁctio
1711 3172 1864 3228 deci-

208 3259 336 3331 piat
358 3259 623 3315 animam
641 3261 768 3331 ejus
791 3261 942 3331 (Sap.
965 3277 1041 3325 iv,
1075 3261 1177 3330 lt),
1197 3263 1242 3315 si
1262 3261 1418 3331 juste
1445 3260 1863 3333 etiamillapu-

207 3348 476 3414 niuntur,
510 3365 642 3420 quae
667 3349 800 3404 licet
815 3365 934 3405 non
950 3349 1168 3415 fecerit,
1185 3349 1377 3404 fuerat
1393 3354 1589 3404 tamen
1607 3351 1861 3405 vivendo

208 3437 476 3493 facturus
504 3439 530 3492 ?
550 3439 854 3494 Postremo
869 3453 974 3493 cur
987 3453 1107 3493 non
1123 3438 1200 3494 ad
1230 3437 1685 3509 percipiendum
1700 3454 1864 3508 rege-

206 3525 533 3581 nerationis
556 3527 886 3591 lavacrum,
916 3526 962 3582 ei
992 3527 1182 3598 magis
1207 3526 1534 3582 consulitur
1553 3528 1858 3593 morituro,

205 3615 310 3688 qui
347 3616 500 3671 male
531 3616 719 3672 fuerat
751 3615 1012 3671 victurus
1044 3617 1090 3670 si
1124 3616 1364 3682 viveret,
1413 3621 1475 3672 ut
1521 3618 1571 3671 ei
1617 3623 1862 3688 peccata

205 3719 345 3774 quae
370 3702 560 3759 fuerat
591 3705 1040 3768 commissurus,
1057 3705 1498 3760 remittanturin
1515 3705 1819 3776 Baptismo
1835 3706 1864 3762 ?

207 3793 349 3857 Quis
369 3793 528 3848 enim
557 3798 645 3848 est
676 3798 794 3848 tam
827 3809 1054 3863 vecors,
1087 3794 1189 3865 qui
1212 3809 1283 3848 ea
1312 3799 1483 3863 neget
1515 3810 1617 3865 per
1641 3795 1864 3866 Baptis-

205 3897 377 3936 mum
410 3881 986 3954 possedimitti,qute
1019 3882 1148 3938 sine
1188 3882 1489 3954 Baptismo
1521 3882 1862 3954 dicitposse

205 3970 451 4043 puniri?

282 4057 510 4116 CAPUT
535 4060 594 4115 X.
631 4088 696 4099 —
734 4061 824 4115 43.
866 4059 979 4116 Sed
1019 4059 1388 4132 disputando
1415 4059 1706 4116 adversus
1755 4076 1859 4117 eos

207 4147 311 4220 qui
332 4163 768 4221 usquequaque
783 4149 1035 4204 convicti
1052 4149 1228 4204 etiam
1248 4164 1370 4204 non
1397 4150 1861 4207 commissorum

207 4241 789 4310 peccatorumDeum
832 4239 1195 4310 persuadere
1227 4238 1554 4294 moliuntur
1586 4239 1859 4307 ultorem,

209 4325 542 4382 verendum
575 4331 666 4382 est
706 4342 780 4382 ne
812 4343 920 4382 nos
949 4327 1009 4382 in
1033 4343 1135 4383 eos
1165 4327 1276 4384 ista
1313 4326 1538 4397 ﬁngere
1566 4328 1864 4384 existime-

208 4430 384 4481 mur;
420 4414 502 4470 illi
533 4420 731 4472 autem
763 4415 928 4471 nullo
951 4416 1134 4472 modo
1165 4421 1284 4471 tam
1317 4415 1558 4472 hebetes
1587 4433 1714 4472 esse
1741 4432 1862 4473 cre-

207 4504 452 4570 dantur,
473 4505 674 4562 uthaec
686 4505 779 4561 vel
793 4505 1070 4569 sentiant,
1086 4506 1178 4563 vel
1193 4507 1474 4578 cuiquam
1497 4507 1861 4576 persuadere

207 4598 501 4649 conentur
529 4609 540 4647 ε
575 4599 985 4650 verumtamen
1008 4595 1116 4650 nisi
1146 4611 1245 4650 eos
1272 4595 1394 4650 haec
1417 4595 1611 4650 dicere
1645 4596 1866 4651 audiis-

206 4697 358 4747 sem,
389 4681 711 4740 refellenda
737 4699 863 4738 esse
893 4699 1013 4738 non
1041 4683 1376 4739 arbitrarer.
1403 4683 1865 4753 Circumstipan-

209 4773 306 4825 tur
344 4771 503 4826 enim
555 4776 610 4826 et
661 4771 998 4827 divinarum
1043 4771 1390 4828 auctoritate
1431 4771 1772 4837 lectionum,
1808 4777 1864 4827 et

208 4859 540 4932 antiquitus
571 4861 786 4916 tradito
817 4865 873 4916 et
895 4864 1124 4917 retento
1154 4862 1329 4915 ﬁrmo
1357 4860 1627 4915 Ecclesiae
1661 4862 1774 4915 ritu
1801 4860 1862 4915 in

205 4948 569 5020 baptismate
596 4950 1008 5021 parvulorum,
1050 4948 1145 5004 ubi
1176 4950 1547 5020 apertissime
1583 4949 1862 5004 demons-

209 5043 442 5093 trantur
470 5038 748 5100 infantes,
771 5045 828 5094 et
861 5055 998 5093 cum
1022 5039 1433 5094 exorcizantur
1463 5043 1520 5095 et
1549 5055 1688 5093 cum
1719 5041 1769 5092 ei
1803 5053 1862 5094 se

205 5143 316 5198 per
345 5143 448 5183 eos
469 5144 504 5184 a
524 5127 745 5197 quibus
772 5133 1102 5198 gestantur,
1131 5128 1468 5184 renuntiare
1500 5128 1865 5199 respondent

210 5231 246 5272 a
276 5216 501 5272 diaboli
523 5217 932 5273 dominatione
951 5217 1188 5273 liberari
1218 5235 1235 5288 ;
1265 5222 1323 5273 et
1345 5233 1466 5273 non
1495 5217 1864 5272 invenientes

206 5321 331 5377 qua
362 5310 590 5368 exeant,
613 5306 943 5378 perguntin
973 5306 1330 5378 praecipitem
1359 5306 1691 5376 stultitiam,
1717 5307 1862 5361 dum

206 5394 419 5450 nolunt
449 5401 678 5451 mutare
707 5397 1088 5453 sententiam.

281 5483 371 5540 44.
390 5483 536 5540 Illud
554 5500 694 5540 sane
708 5484 818 5540 sibi
835 5483 1106 5540 videntur
1118 5485 1461 5540 acutissime
1473 5484 1669 5539 dicere
1695 5501 1706 5538 :
1728 5485 1863 5543 Quo-

205 5573 362 5630 modo
389 5580 658 5645 peccatum
688 5575 892 5629 transit
926 5575 982 5628 in
1007 5575 1158 5646 ﬁiios
1185 5573 1453 5644 ﬁdelium,
1486 5573 1624 5645 quod
1653 5589 1861 5642 paren-

206 5663 355 5720 tibus
385 5679 491 5720 non
518 5663 826 5721 dubitamus
872 5664 1159 5723 dimissum
1197 5679 1302 5723 esse
1328 5679 1426 5736 per
1456 5663 1793 5736 Baptismum
1835 5663 1863 5717 ν

1446 195 1960 256 EPISTOLAHUM
1995 195 2284 256 CLASSIS
2320 198 2418 255 III.

3527 254 3529 256 .
3542 203 3649 260 890

1997 325 2176 393 Quasi
2194 331 2514 398 propterea
2525 327 2710 400 possit
2728 342 2851 384 non
2869 328 3091 386 habere
3110 329 3410 402 generatio
3441 345 3644 386 carna-

1993 415 2067 470 lis
2087 416 2250 487 quod
2273 416 2401 472 sola
2425 417 2952 487 tollitregeneratio
2983 419 3306 491 spiritualis
3333 436 3342 473 :
3374 426 3476 476 aut
3503 435 3645 476 vero

1994 503 2054 559 in
2089 506 2395 576 Baptismo
2416 508 2911 578 concupiscentiae
2942 510 3138 563 carnis
3164 509 3479 564 inﬁrmitas
3506 523 3644 564 con-

1994 593 2159 649 tinuo
2191 600 2450 659 sanetur,
2487 597 2637 651 sicut
2661 598 2941 652 continuo
2968 603 3166 653 reatus
3193 597 3319 668 ejus
3349 597 3638 662 aboletur,

1994 683 2098 737 sed
2143 683 2335 752 gratia
2387 685 2758 749 renascendi,
2805 701 2926 741 non
2958 686 3297 742 conditione
3329 689 3637 742 nascendi.

1995 771 2160 827 Unde
2190 772 2462 843 quisquis
2493 788 2598 844 per
2648 773 2803 828 hanc
2844 776 3415 845 concupiscentiam.
3464 776 3644 831 etiam

1929 855 1937 860 ’
1993 859 2066 914 de
2106 865 2315 916 renato
2343 862 2627 927 nascitur,
2662 863 2787 916 sine
2828 862 3200 919 dubitatione
3243 863 3433 918 oberit
3481 869 3643 932 nato,

1990 947 2104 1002 nisi
2137 953 2193 1003 et
2223 951 2349 1020 ipse
2381 950 2647 1004 similiter
2684 955 3053 1006 renascatur.
3085 953 3297 1006 Verum
3341 951 3641 1023 quidquid

1991 1041 2078 1092 est
2102 1036 2162 1092 in
2191 1037 3057 1109 hacquaestionedifﬁcultatis,
3083 1040 3237 1096 itain
3267 1055 3411 1109 agro
3433 1040 3645 1095 Christi

1989 1140 2110 1181 non
2145 1126 2394 1197 impedit
2418 1128 2723 1198 operarios
2750 1129 2877 1198 ejus
2898 1129 3224 1199 quominus
3247 1129 3323 1184 ab
3355 1129 3438 1184 eis
3471 1129 3530 1184 in
3557 1145 3646 1184 re-

1991 1215 2339 1270 missionem
2372 1221 2754 1287 peccatorum
2788 1217 3166 1289 baptizentur
3205 1218 3477 1282 infantes,
3516 1220 3642 1274 sive

1988 1302 2062 1357 de
2089 1303 2385 1366 ﬁdelibus,
2403 1306 2522 1359 sive
2549 1305 2980 1361 deinﬁdelibus
3007 1308 3125 1362 nati
3165 1308 3301 1373 sint,
3319 1307 3469 1364 sicut
3490 1309 3644 1378 agri-

1989 1392 2150 1447 colas
2173 1408 2286 1448 non
2318 1393 2906 1466 impeditquominus
2927 1396 3004 1450 ab
3025 1396 3127 1460 eis,
3153 1396 3449 1452 inserendi
3475 1413 3637 1467 cura,

1985 1481 2045 1536 in
2059 1481 2222 1537 oleas
2243 1489 2662 1538 convertantur
2682 1483 2938 1549 oleastri,
2956 1484 3082 1539 sive
3100 1486 3172 1539 de
3196 1485 3357 1541 oleas
3375 1486 3493 1550 tris,
3514 1486 3635 1540 sive

1987 1569 2062 1625 de
2093 1570 2236 1626 oleis
2266 1572 2546 1626 orientur.
2568 1574 2716 1627 Nam
2748 1577 2803 1626 et
2828 1573 3638 1644 hoc,siutrespondeat,rus-

1987 1660 2099 1715 tico
2116 1665 2506 1730 proponatur,
2524 1675 2658 1732 quae
2672 1677 2854 1717 causa
2873 1663 2942 1717 sit
2972 1667 3030 1717 ut
3049 1679 3182 1716 cum
3198 1662 3362 1718 aliud
3385 1663 3459 1717 sit
3486 1663 3638 1728 olea,

1985 1748 2148 1804 aliud
2180 1748 2453 1814 oleaster,
2481 1765 2600 1805 non
2625 1755 2823 1806 tamen
2849 1751 2961 1806 nisi
3002 1752 3256 1807 oleaster
3289 1751 3364 1806 de
3406 1752 3635 1807 semine

1987 1842 2240 1909 utroque
2255 1845 2571 1904 nascatur;
2601 1855 2721 1895 non
2755 1841 2971 1896 omittit
3014 1841 3314 1896 inserendi
3346 1840 3641 1911 operatio-

1983 1941 2146 1992 nem,
2169 1927 2401 1983 etiamsi
2427 1943 2546 1982 non
2575 1929 2759 1998 possit
2782 1929 2956 1984 istam
2973 1929 3196 1985 solvere
3210 1930 3602 2001 quaestionem
3623 1946 3635 1984 :

1985 2014 2250 2087 alioquin
2268 2016 2414 2071 dum
2435 2032 2504 2071 ex
2537 2016 2707 2072 olivae
2724 2018 2950 2072 semine
2980 2023 3181 2073 exorta
3201 2018 3493 2087 virgulata
3512 2033 3634 2074 non

1986 2104 2146 2160 aliud
2171 2121 2354 2177 quam
2373 2106 2536 2162 oleas
2561 2122 2691 2162 esse
2719 2107 3040 2172 existimat,
3073 2108 3250 2162 efﬁcit
3281 2107 3515 2162 desidia
3536 2124 3638 2162 va-

1983 2194 2185 2249 nitatis
2213 2199 2274 2249 ut
2292 2199 2448 2250 totus
2479 2194 2722 2266 illeager
2753 2212 2960 2251 amara
3001 2197 3301 2252 sterilitate
3342 2197 3633 2252 silvescat.

2051 2286 2138 2338 45.
2173 2286 2320 2340 Nam
2353 2283 2498 2338 illud
2511 2286 2671 2355 quod
2691 2286 3199 2353 excogitaverunt,
3219 2301 3356 2341 cum
3374 2285 3636 2341 veritatis

1981 2371 2248 2441 pondere
2271 2377 2694 2443 premerentur,
2709 2373 2851 2444 quia
2863 2373 3052 2429 ﬁdelis
3068 2375 3345 2429 Dominus
3360 2375 3419 2429 in
3437 2375 3635 2429 verbis

1982 2459 2127 2524 suis,
2149 2465 2470 2533 propterea
2496 2462 2624 2532 ejus
2659 2462 2919 2517 Ecclesia
2952 2461 3114 2518 nullo
3147 2463 3329 2518 modo
3351 2462 3635 2518 fallaciter

1979 2549 2262 2619 parvulos
2293 2550 2352 2604 in
2376 2550 2787 2605 remissionem
2813 2557 3196 2622 peccatorum
3223 2552 3501 2623 baptizat,
3528 2552 3631 2607 sed

1980 2642 2041 2692 ut
2071 2637 2187 2692 ﬁde
2218 2644 2429 2707 agatur
2450 2639 2618 2710 quod
2643 2640 2861 2711 agitur,
2883 2642 3087 2712 utique
3111 2640 3353 2713 ﬁtquod
3378 2641 3589 2696 dicitur
3615 2658 3627 2695 :

1976 2727 2134 2796 quod
2161 2742 2302 2796 ergo
2317 2729 2822 2796 excogitaverunt,
2840 2744 2975 2783 cum
2993 2729 3119 2784 hinc
3133 2745 3234 2783 eos
3253 2729 3634 2800 apertissima

1978 2815 2165 2869 moles
2181 2816 2440 2872 veritatis
2459 2821 2750 2888 urgeret,q
2761 2818 2847 2871 uis
2863 2833 2982 2871 non
2997 2819 3354 2873 christianus
3368 2819 3629 2882 irrideat,

1975 2904 2309 2974 quamlibet
2360 2905 2833 2958 versutissimum
2888 2913 3089 2959 cernat
3120 2905 3147 2958 ?
3189 2906 3394 2960 Dicunt
3449 2907 3630 2972 enim,

1984 2991 2271 3049 Veraciter
2293 2993 2502 3063 quidem
2543 2992 2860 3063 respondere
2887 2993 3141 3063 parvulos
3167 3011 3266 3063 per
3296 3011 3397 3048 ora
3424 3001 3632 3063 gestan-

1974 3083 2134 3144 tium,
2168 3083 2228 3135 in
2265 3081 2629 3136 remissionem
2642 3098 2693 3135 se
2712 3081 2924 3136 credere
2950 3089 3285 3152 peccatorum
3310 3099 3412 3135 non
3456 3092 3631 3136 tamen

1971 3173 2101 3242 quia
2125 3170 2233 3225 sibi
2261 3171 2637 3233 remittantur,
2666 3170 2754 3224 sed
2769 3171 2898 3240 quia
2909 3170 3128 3224 credant
3150 3170 3287 3241 quod
3309 3170 3367 3224 in
3389 3170 3632 3225 Ecclesia

1972 3261 2053 3315 vel
2066 3261 2123 3314 in
2141 3261 2418 3328 Baptismo
2432 3261 2810 3324 remittantur,
2839 3261 2897 3313 in
2912 3260 3103 3330 quibus
3124 3260 3506 3325 inveniuntur,
3521 3275 3626 3314 non

1971 3349 2034 3406 in
2045 3349 2235 3421 quibus
2249 3349 2399 3403 nulla
2421 3356 2579 3403 sunt:
2612 3352 2693 3404 Ac
2709 3364 2810 3420 per
2823 3349 2936 3403 hoc
2950 3349 3251 3404 nolanteos
3264 3349 3344 3402 ita
3357 3348 3634 3417 baptizari

1973 3441 2034 3494 in
2064 3439 2430 3493 remissionem
2459 3445 2797 3509 peccatorum
2820 3445 3073 3509 tanquam
3099 3437 3155 3492 in
3185 3438 3264 3492 eis
3291 3437 3386 3507 ﬁat
3411 3437 3525 3507 ipsa
3543 3453 3624 3490 re-

1971 3529 2173 3592 missio,
2202 3544 2327 3598 quos
2346 3527 2668 3582 contendunt
2700 3527 2914 3582 nullum
2946 3528 3136 3581 habere
3165 3534 3442 3597 peccatum
3481 3548 3503 3595 ,-
3531 3527 3627 3581 sed

1971 3617 2224 3688 quoniam
2241 3617 2360 3670 licet
2374 3618 2488 3670 sine
2500 3624 2726 3686 peccato,
2748 3616 2805 3670 in
2826 3633 2880 3669 eo
2904 3623 3083 3670 tamen
3096 3616 3434 3684 Baptismate
3457 3615 3628 3685 bapti-

1971 3713 2195 3771 zantur,
2225 3721 2325 3775 quo
2347 3705 2409 3775 ﬁt
2441 3705 2501 3759 in
2530 3704 2816 3776 quibusque
2842 3705 3205 3775 peccatoribus
3240 3705 3486 3759 remissio
3509 3719 3631 3775 pec-

1971 3803 2125 3850 cator
2132 3812 2218 3850 um
2229 3837 2240 3849 .

2045 3888 2131 3940 46.
2169 3883 2313 3938 Fieri
2343 3883 2590 3955 quidem
2613 3886 2806 3953 potest
2839 3885 2901 3937 ut
2927 3882 3055 3937 haec
3071 3881 3393 3952 versipellis
3407 3881 3627 3936 astutia

1971 3972 2245 4029 subtilius
2279 3976 2335 4029 et
2364 3972 2599 4028 acutius
2623 3987 2694 4027 ex
2712 3973 2832 4027 otio
2854 3971 3165 4026 refellatur.
3200 3973 3624 4025 Verumtamen

1972 4062 2307 4117 secundum
2337 4061 2510 4117 istam
2542 4077 2716 4116 suam
2731 4060 3114 4116 calliditatem
3146 4075 3268 4115 non
3315 4059 3631 4114 inveniunt

1971 4150 2117 4223 quid
2149 4151 2227 4206 ad
2257 4151 2371 4206 hoc
2419 4150 2839 4221 respondeant,
2898 4151 3064 4221 quod
3104 4148 3537 4214 exorcizantur,
3571 4152 3626 4204 et

1971 4239 2365 4296 exsufﬂantur
2390 4240 2644 4295 infautes
2669 4256 2682 4294 :
2713 4239 2826 4295 hoc
2854 4239 3010 4293 enim
3030 4238 3237 4310 procul
3255 4237 3440 4293 dubio
3461 4236 3626 4293 falla-

1971 4330 2116 4384 citer
2130 4329 2211 4394 ﬁt,
2230 4328 2566 4384 sidiabolus
2581 4329 2664 4383 eis
2679 4344 2800 4383 non
2818 4327 3172 4382 dominatur
3201 4327 3270 4392 ;si
3290 4331 3487 4382 autem
3516 4325 3621 4378 do-

1972 4417 2256 4483 minatur,
2290 4421 2344 4473 et
2375 4417 2508 4472 ideo
2535 4431 2656 4471 non
2694 4415 2982 4470 fallaciter
3011 4416 3413 4469 cxorcizantur
3442 4417 3498 4467 et
3526 4428 3624 4468 ex-

1973 4505 2309 4569 sufﬂantur,
2328 4521 2432 4576 per
2456 4505 2600 4575 quid
2628 4502 2994 4569 dominatur,
3022 4503 3134 4556 nisi
3162 4517 3266 4573 per
3287 4504 3620 4572 peccatum,

1974 4596 2251 4665 princeps
2280 4593 2484 4665 utique
2523 4598 2908 4663 peccatorum
2932 4591 2961 4643 ‘I
2985 4591 3230 4646 Proinde
3263 4591 3309 4644 si
3336 4591 3463 4660 jam
3496 4605 3624 4645 eru-

1971 4683 2224 4738 bescunt
2249 4697 2358 4736 nec
2386 4681 2608 4737 audent
2628 4681 2824 4735 dicere
2850 4680 2979 4735 haec
3007 4679 3066 4734 in
3097 4679 3352 4735 Ecclesia
3380 4678 3623 4735 menda-

1972 4772 2113 4828 citer
2147 4771 2290 4841 geri,
2325 4769 2638 4836 fateantur,
2666 4769 2831 4841 quod
2871 4768 3144 4840 perierat,
3183 4768 3361 4824 etiam
3393 4767 3455 4823 in
3484 4783 3622 4840 par-

1974 4860 2126 4916 vulis
2156 4860 2342 4932 qumri
2375 4876 2387 4914 :
2420 4874 2614 4931 neque
2654 4858 2810 4914 enim
2851 4858 2958 4913 nisi
3009 4863 3251 4930 propter
3305 4862 3621 4930 peccatum

1973 4950 2244 5021 perierat,
2277 4948 2440 5020 quod
2471 4948 2587 5003 nisi
2616 4963 2720 5019 per
2754 4948 3011 5017 gratiam
3034 4963 3154 5004 non
3185 4952 3378 5018 potest
3407 4945 3615 5017 quaeri,

1973 5054 2092 5093 non
2120 5041 2318 5110 potest
2340 5037 2610 5092 inveniri.
2642 5036 2754 5092 Sed
2776 5039 2891 5092 Deo
2923 5036 3166 5106 gratias,
3209 5034 3371 5106 quod
3407 5033 3617 5088 saltem

1975 5143 2112 5183 cum
2144 5131 2596 5198 argumentatur
2651 5131 2860 5181 contra
2899 5125 3311 5180 remissionem
3353 5126 3614 5194 peccato-

1973 5233 2126 5283 rum,
2145 5217 2353 5273 neﬁeri
2369 5215 2715 5271 credaturin
2732 5214 3155 5286 parvulis,jam
3170 5217 3392 5283 tamen,
3408 5226 3620 5284 quam-

1973 5307 2061 5362 vis
2094 5322 2197 5377 per
2227 5305 2411 5362 corda
2449 5309 2505 5360 et
2529 5320 2636 5359 ora
2675 5303 2995 5372 majorum,
3044 5302 3280 5357 credere
3333 5299 3616 5372 parvulos

1974 5395 2350 5452 conﬁtentur.
2367 5394 2678 5462 Sicutergo
2692 5392 2941 5448 audiunt
2958 5391 3274 5447 Dominum
3294 5391 3614 5454 dicentem,

1976 5487 2087 5553 Qui
2111 5501 2210 5539 non
2240 5482 2638 5552 renatusfuerit
2651 5498 2716 5535 ex
2730 5497 2868 5551 aqua
2879 5487 2926 5535 et
2948 5480 3176 5551 Spiritu
3198 5485 3399 5543 sancto,
3414 5495 3520 5533 non
3538 5479 3621 5532 in-

1972 5573 2162 5629 troibit
2197 5573 2255 5627 in
2280 5589 2504 5643 regnum
2527 5571 2776 5626 calorum
2804 5569 2988 5642 (Joan.
3006 5585 3080 5637 ιιι,
3101 5570 3174 5641 5),
3198 5572 3440 5643 propter
3455 5569 3622 5641 quod

1974 5678 2076 5720 eos
2105 5661 2494 5734 baptizandos
2525 5675 2656 5720 esse
2678 5660 3034 5726 concedunt,
3067 5660 3152 5716 sic
3181 5659 3425 5718 audiant
3454 5673 3620 5715 eum-
