4118 6164
526 187 654 245 «891

547 311 688 368 dem
726 311 1041 370 Dominum
1056 310 1371 379 dicentem,
1400 307 1507 375 Qui
1526 324 1631 364 non
1650 302 2194 364 credideritcondem-

550 402 781 457 nabitur
810 401 1003 472 (Marc.
1043 414 1163 465 xvr,
1200 398 1285 470 t6)
1320 420 1332 452 :
1365 397 1511 471 quia
1536 398 1802 454 sicuteos
1829 394 2059 452 renasci
2089 408 2194 464 per

548 490 941 546 ministerium
971 488 1425 560 baptizantium,
1477 487 1557 543 ita
1606 487 1783 543 etiam
1813 484 2051 541 credere
2088 496 2194 554 per

549 578 729 633 corda
763 581 818 632 et
852 592 961 632 ora
1013 575 1428 632 conﬁtentium
1482 576 1864 632 confitentur.
1925 572 2197 629 Audeant

546 680 688 734 ergo
715 665 911 720 dicere
937 664 1103 736 quod
1133 682 1169 721 a
1193 666 1360 736 justo
1381 666 1499 720 Deo
1520 665 1809 720 innocens
1833 661 2195 719 condemna-

544 754 727 819 bitur,
762 754 809 809 si
837 754 1001 810 nullo
1035 754 1264 811 vinculo
1282 756 1506 827 peccati
1525 752 1832 823 originalis
1856 750 2193 808 innectitur.

615 845 703 897 47.
738 843 795 899 Si
822 859 1020 899 sermo
1037 843 1144 899 iste
1163 844 1429 915 prolixus
1448 850 1536 899 est
1556 849 1612 899 et
1626 858 1917 900 onerosus
1934 854 2199 910 occupa—

546 930 807 988 tionibus
834 933 964 998 tuis,
992 933 1073 989 da
1104 935 1340 989 veniam
1375 950 1389 999 ;
1434 932 1576 1005 quia
1605 936 1667 989 ut
1702 933 1830 987 haec
1860 930 1937 987 ad
1969 935 2022 985 te
2052 927 2197 983 scri-

546 1021 774 1086 berem,
808 1026 863 1077 et
889 1028 1216 1094 occupatus
1237 1021 1444 1077 litteris
1467 1022 1602 1087 tuis,
1616 1019 1908 1076 indicibus
1924 1034 2067 1089 erga
2086 1033 2197 1073 nos

554 1109 982 1167 benevolentiae
1028 1116 1163 1176 ture,
1196 1116 1394 1167 tecum
1434 1112 1544 1167 ista
1582 1110 1971 1182 colloquerer,
2016 1107 2197 1163 etiam

551 1214 663 1269 ego
695 1200 815 1254 vim
839 1198 947 1254 ieci
974 1200 1478 1271 interrumpendis
1508 1199 2003 1271 occupationibus
2030 1198 2195 1253 meis.

553 1288 606 1344 Si
638 1303 760 1358 qua
784 1287 917 1343 illos
936 1287 1053 1345 alia
1071 1288 1411 1358 excogitare
1434 1289 1510 1343 ad
1521 1304 1723 1343 versus
1754 1288 1935 1343 ﬁdem
1958 1285 2199 1343 catholi-

552 1393 685 1433 cam
710 1378 978 1443 scieritis,
998 1383 1463 1450 etquaecumque
1477 1378 1763 1434 adversus
1776 1393 1899 1443 eos,
1914 1393 1989 1433 ne
2009 1376 2199 1434 domi-

556 1466 673 1521 nici
697 1467 893 1536 gregis
922 1466 1157 1523 infirma
1187 1468 1515 1534 devastent,
1548 1484 1658 1523 vos
1685 1482 1926 1539 quoque
1958 1466 2113 1522 ﬁdeli
2144 1470 2201 1522 et

552 1555 732 1625 plane
750 1556 1033 1626 pastorali
1048 1556 1359 1613 dilectione
1372 1557 1578 1612 disseri
1589 1558 1830 1622 tis,nota
1843 1557 2011 1612 facite
2025 1555 2202 1611 nobis

552 1643 978 1700 Hmreticorum
1004 1645 1224 1717 quippe
1246 1646 1676 1718 inquietudine,
1693 1650 1758 1701 ut
1771 1645 2102 1717 Scripturas
2120 1644 2202 1700 vi-

562 1732 845 1797 gilantius
885 1739 1347 1804 perscrutemur,
1380 1735 1555 1800 unde,
1592 1751 1666 1791 ne
1692 1736 1830 1791 ovili
1862 1735 2070 1791 Christi
2100 1750 2202 1789 no-

556 1825 749 1887 ceant,
773 1821 858 1877 eis
879 1823 1072 1893 possit
1092 1824 1340 1889 occurri,
1371 1829 1658 1895 tanquam
1681 1826 1757 1879 de
1785 1839 1999 1880 somno
2033 1824 2205 1893 igna-

556 1908 667 1964 viae
695 1915 897 1965 nostra
923 1911 1206 1967 excitatur
1226 1912 1525 1969 industria
1554 1914 1666 1969 :ita
1697 1929 1802 1985 per
1816 1912 2200 1985 multiplicem

553 1997 807 2067 gratiam
837 1998 1180 2064 Salvatoris,
1206 2001 1386 2056 etiam
1418 2001 1584 2073 quod
1612 2001 1890 2057 inimicus
1916 2001 1975 2057 in
2010 2000 2205 2074 perni-

555 2084 708 2141 ciem
743 2088 1139 2156 machinatur,
1184 2090 1337 2145 Deus
1381 2092 1667 2147 convertit
1695 2091 1757 2146 in
1787 2091 2153 2163 adjutorium
2183 2106 2200 2156 ;

554 2175 843 2246 quoniam
874 2176 1256 2247 diligentibus
1278 2182 1463 2235 Deum
1485 2180 1692 2237 omnia
1718 2186 2114 2253 cooperantur
2142 2180 2203 2237 in

555 2264 787 2319 bonum
822 2266 995 2335 (Rom.
1021 2283 1134 2335 VIII,
1168 2270 1281 2338 28).
1313 2270 1560 2341 Semper
1589 2270 1779 2326 inDeo
1796 2270 2206 2326 vivasmemor

554 2353 761 2418 nostri,
794 2353 973 2410 frater
1001 2355 1366 2412 charissime.

1022 2445 1359 2502 EPISTOLA
1400 2446 1574 2503 cxcv
1604 2448 1739 2517 '(a).

561 2530 917 2603 Hieronymus
929 2532 1253 2604 Augustino,
1273 2535 1558 2605 gratulans
1571 2535 1661 2590 illi
1677 2536 1814 2607 quod
1827 2537 2205 2594 haereticorum

546 2672 547 2675 η
630 2620 877 2675 omnium
906 2624 1170 2677 meruerit
1206 2623 1390 2679 odium
1417 2642 1437 2690 ;
1466 2626 1601 2696 quod
1628 2626 1833 2697 quidem
1873 2628 2065 2698 gaudet
2097 2629 2206 2685 sibi

629 2724 749 2763 cum
778 2708 876 2763 illo
913 2726 1017 2765 esse
1043 2726 1333 2767 commune.

595 2798 849 2854 Domino
880 2806 1106 2866 sancto,
1139 2817 1239 2927 acii
1242 2802 1588 2859 beatissimo
1627 2820 1801 2878 papas
1828 2808 2164 2875 Aucusrmo,

1241 2890 1567 2927 isnonrnus.

1241 2890 1567 2931 IERONYMUS.

632 2958 796 3014 Omni
814 2960 1032 3030 quidem
1056 2968 1286 3034 tempore
1313 2964 1710 3022 Beatitudinem
1735 2973 1883 3022 tuam
1908 2985 1964 3024 eo
1990 2985 2093 3039 quo
2112 2969 2203 3023 de-

557 3054 637 3103 cet
662 3046 861 3105 honore
892 3058 1174 3107 veneratus
1222 3070 1359 3119 sum,
1412 3061 1462 3109 et
1502 3054 1837 3111 habitantem
1866 3057 1924 3111 in
1957 3065 2005 3113 te
2034 3058 2205 3113 dilexi

562 3136 850 3193 Dominum
883 3139 1213 3196 Salvatorem
1244 3143 1361 3197 :sed
1386 3159 1549 3209 nunc,
1570 3145 1620 3198 si
1637 3145 1764 3214 fieri
1782 3153 1972 3215 potest,
1994 3147 2205 3203 cumulo

560 3226 774 3297 aliquid
801 3228 1049 3285 addimus
1067 3238 1117 3285 et
1146 3231 1305 3301 plena
1332 3232 1667 3303 complemus,
1698 3241 1757 3289 ut
1782 3236 1977 3306 absque
2009 3237 2093 3292 tui
2114 3254 2205 3292 no-

560 3317 723 3371 minis
738 3319 1006 3374 mentione
1031 3334 1098 3375 ne
1109 3336 1271 3375 unam
1284 3321 1495 3391 quidem
1507 3322 1693 3381 horam
1705 3327 2002 3394 praeterire
2021 3328 2206 3397 patia-

557 3422 682 3461 mur
712 3424 730 3473 ;
761 3409 860 3479 qui
894 3415 1084 3462 contra
1113 3409 1303 3476 ﬂantes
1330 3417 1509 3465 ventos
1529 3411 1726 3466 ardore
1745 3414 1874 3483 ﬁdei
1891 3416 2204 3485 perstitisti,

559 3495 925 3567 maluistique,
955 3503 1215 3567 quantum
1232 3498 1291 3553 in
1321 3505 1369 3553 te
1396 3500 1689 3569 luit,solns
1713 3502 1947 3558 liberari
1974 3504 2203 3561 deSodo-

557 3585 679 3651 mis,
704 3601 859 3655 quam
886 3602 1006 3640 cum
1031 3588 1378 3657 pereuntibus
1397 3592 1737 3647 commoravi.
1754 3592 2013 3664 Scitquid
2032 3594 2205 3651 dicam

553 3674 847 3744 prudentia
860 3681 974 3729 tua.
1000 3675 1177 3730 Macte
1190 3677 1393 3732 virtute
1421 3698 1443 3747 ;
1469 3680 1525 3733 in
1537 3679 1661 3734 orbe
1672 3680 1987 3745 celebraris,
2007 3684 2203 3739 Catho-

562 3762 658 3818 lici
671 3770 717 3817 te
730 3763 1057 3819 conditorem
1071 3765 1313 3837 antiquae
1333 3783 1553 3822 rursum
1568 3769 1698 3839 ﬁdei
1710 3778 2041 3827 venerantur
2050 3779 2207 3844 atque

555 3853 877 3924 suspiciunt,
906 3859 956 3908 et
984 3854 1122 3926 quod
1149 3855 1363 3927 signum
1393 3859 1619 3929 majoris
1646 3859 1838 3931 gloriae
1876 3868 1972 3925 est,
2031 3879 2206 3918 omnes

559 3942 813 3997 haretici
827 3942 1163 3999 detestantur
1192 3958 1210 3996 :
1237 3952 1287 3999 et
1324 3962 1401 4001 me
1412 3948 1547 4017 pari
1551 3956 1951 4019 persequuntur
1970 3950 2090 4005 odio
2109 3968 2129 4015 ;
2146 3957 2205 4006 ut

555 4047 682 4100 quos
709 4031 912 4101 gladiis
942 4040 1226 4103 nequeunt,
1260 4040 1376 4088 voto
1407 4035 1764 4106 interficiant.
1788 4038 2132 4106 Incolumem,
2156 4047 2205 4096 et

556 4120 665 4173 mei
692 4134 973 4175 memorem
1000 4127 1045 4175 te
1073 4121 1287 4177 Christi
1305 4123 1529 4178 Domini
1548 4123 1831 4181 clementia
1851 4134 2089 4195 tueatur,
2112 4129 2204 4184 do-

560 4207 703 4261 mine
728 4208 1050 4275 venerande,
1083 4215 1133 4263 et
1173 4209 1472 4266 beatissime
1495 4229 1659 4283 papa.

1007 4299 1344 4356 EPISTOLA
1370 4302 1568 4357 CXCVI
1593 4302 1625 4319 ··
1650 4302 1747 4373 (b).

558 4386 901 4459 Augustinus
948 4388 1184 4445 Asellico
1231 4391 1490 4463 episcopo,
1537 4392 1723 4449 docens
1752 4410 1869 4466 qum
1889 4396 1963 4451 sit
1996 4397 2208 4454 utilitas

629 4476 880 4533 Mosaicw
913 4477 1059 4551 legis,
1090 4496 1249 4551 quam
1276 4481 1599 4538 Judworum
1629 4500 1769 4539 more
1801 4484 2081 4542 observare
2100 4504 2205 4542 non

633 4565 754 4621 licet
788 4566 1123 4623 Christianis
1154 4585 1172 4623 :
1204 4570 1446 4627 hosenim
1469 4588 1588 4627 vere
1614 4589 1719 4627 esse
1732 4573 2020 4630 Israelitas
2037 4577 2206 4647 juxta

628 4672 839 4712 sensum
849 4658 1192 4728 spiritualem
1214 4683 1233 4730 ,-
1258 4667 1499 4717 attamen
1524 4663 1670 4717 istud
1685 4680 1875 4719 nomen
1888 4665 2043 4737 vulgo
2072 4666 2207 4738 ipsis

630 4746 1011 4816 imponendum
1040 4766 1146 4804 non
1192 4766 1320 4805 esse.
1378 4751 1696 4823 Pelagianos
1738 4754 1912 4810 obiter
1958 4762 2107 4811 notat
2146 4757 2208 4811 in

629 4834 990 4893 damnabilem
1016 4839 1357 4895 Judaismum
1385 4841 1655 4897 incidisse.

561 4925 814 4982 Domino
840 4924 1190 4984 beatissimo
1227 4928 1393 4985 fratri
1431 4938 1486 4985 et
1531 4931 1893 5005 coepiscopo
1915 4937 2205 5002 Asssuco,

862 5018 1230 5084 Auausrmus,
1262 5018 1321 5073 in
1349 5018 1601 5076 Domino
1626 5020 1901 5077 salutem.

631 5106 855 5163 CAPUT
878 5108 1165 5165 PRIMUM.
1203 5139 1272 5148 —
1297 5108 1348 5162 1.
1395 5107 1644 5164 Litteras
1694 5111 2032 5168 Sanctitatis
2067 5117 2209 5187 tuae,

622 5223 637 5239 ‘
678 5222 881 5273 Collata
912 5237 1035 5274 cum
1070 5236 1115 5273 c.
1144 5238 1248 5277 mr.
1284 5226 1346 5273 tt.
1375 5223 1686 5274 duobusvd.
1721 5239 1811 5275 sex
1837 5240 1888 5276 ν.
1925 5229 2046 5282 Αω,
2082 5227 2205 5277 Bad.

561 5284 993 5414 Eringgéensiia
1021 5347 1089 5414 a‘d
1116 5363 1148 5397 a
1174 5349 1259 5412 bg.
1295 5348 1364 5399 bl.
1393 5362 1437 5398 c.
1471 5363 1553 5403 ce.
1592 5350 1644 5398 11'.
1673 5365 1724 5414 g.
1758 5364 1845 5414 gv.
1875 5351 1913 5414 l.
1945 5366 1998 5401 n.
2032 5367 2075 5401 r.
2098 5367 2198 5401 rm.

561 5422 603 5456 s.
632 5424 716 5475 vc.
759 5410 895 5475 duos
926 5412 1003 5460 sb.
1033 5410 1170 5461 duos
1196 5410 1233 5460 ιζ
1269 5416 1503 5475 quatuor
1533 5427 1584 5461 ν.
1622 5410 1743 5464 Axii.
1763 5410 1906 5461 'Bad.
1946 5415 2029 5463 Er.
2080 5416 2206 5463 Lov.

625 5472 696 5580 (αἱ
718 5471 951 5546 Αιὶαεβδ
985 5490 996 5521 :
1024 5488 1144 5537 quae
1173 5471 1355 5524 autem
1380 5476 1469 5524 195
1499 5479 1630 5531 erat,
1664 5476 1875 5525 nuncin
1906 5478 2210 5541 Appendice

563 5534 664 5599 est_
680 5534 749 5599 _L._
771 5536 980 5599 Scripta
1003 5536 1139 5585 forte
1175 5550 1262 5586 an.
1291 5538 1400 5586 418.

602 5592 986 5670 Δᾼξὶθίεξῖςξο
1025 5612 1037 5669 ξ
1069 5612 1188 5670 qua:
1231 5603 1411 5670 autem
1444 5600 1702 5670 l96_erat,
1735 5615 1878 5653 nunc
1913 5602 1967 5653 in
1999 5602 2207 5670 Appen-

562 5654 687 5704 dice'
709 5659 789 5704 est
820 5658 897 5704 16.
931 5654 1138 5719 Script'a
1165 5666 1392 5711 exeunte
1419 5674 1507 5713 an.
1538 5664 1648 5713 518.

1861 180 1924 237 S.
1964 172 2347 236 AUGUSTINI
2382 172 2703 232 EPISCOPI

3793 182 3881 243 Μ

2299 315 2452 374 quas
2480 299 2556 357 ad
2587 298 2991 358 venerabilem
3014 314 3220 357 senem
3245 299 3627 360 Domitianum
3649 303 3717 375 (α)
3738 303 3888 363 deca-

2300 390 2477 446 vendi
2493 388 2787 446 Judaismi
2804 388 3237 462 disceptatione
3254 389 3481 449 misisti.
3504 390 3677 461 adme
3691 392 3804 463 ipse
3818 393 3890 449 di-

2301 484 2518 550 gnatus
2547 484 2634 534 est
2664 480 2915 544 mittere,
2948 485 3126 550 atque
3161 485 3223 535 ut
3252 479 3337 535 eis
3368 478 3788 552 responderem,
3813 498 3892 555 pe

2302 567 2484 623 tendo
2513 567 2929 624 vehementius
2958 568 3275 640 imperavit
3306 584 3317 623 :
3351 583 3530 640 quem
3556 571 3761 624 veritus
3785 586 3897 626 con-

2302 660 2584 722 temnere,
2618 660 2682 712 ut
2698 671 2947 727 possum
2972 658 3225 712 Domino
3236 655 3561 727 adjuvante
3572 656 3893 728 respondeo;

2301 752 2539 815 gratum
2568 745 2917 802 existimans
2943 746 3124 803 etiam
3148 746 3425 802 Charitati
3448 749 3580 812 ture,
3604 746 3755 817 quod
3777 747 3842 802 ad
3859 754 3899 803 te

2302 834 2639 900 scribendo,
2670 833 2752 889 illi
2773 834 3029 906 jubenti,
3052 850 3231 906 quem
3256 850 3365 907 pro
3384 834 3508 890 suis
3530 834 3737 889 meritis
3754 834 3899 893 ambo

2302 939 2680 988 veneramur.
2714 922 3133 995 obtemperare
3157 939 3281 980 non
3302 923 3495 979 renui.

2374 1015 2429 1068 2.
2460 1011 2845 1084 Christianos,
2892 1012 3155 1068 maxime
3186 1027 3260 1068 ex
3302 1011 3589 1069 Gentibus
3629 1011 3901 1079 venientes,

2286 1101 2603 1173 .judaizare
2624 1116 2740 1157 non
2772 1106 3047 1173 oportere
3078 1098 3798 1172 Paulusapostolusdocet,
3823 1100 3901 1156 ubi

2307 1190 2408 1254 ait,
2442 1189 2580 1245 Dixi
2601 1189 2765 1245 Petro
2796 1205 2979 1245 coram
2998 1189 3262 1257 omnibus,
3287 1189 3362 1247 Si
3390 1188 3901 1255 tu,cumsisJudzus,

2303 1278 2585 1350 gentiliter
2613 1284 2662 1333 et
2693 1294 2799 1333 non
2819 1278 3040 1350 judaice
3080 1278 3242 1344 vivis,
3284 1276 3716 1350 quemadmodum
3754 1277 3903 1333 Gentes

2305 1367 2445 1438 cogis
2455 1367 2751 1438 judaizare
2781 1368 2809 1425 7
2837 1370 2900 1424 Et
2916 1374 3154 1423 secutus
3177 1367 3455 1438 adjunxit
3483 1366 3806 1421 :Nosnatura
3829 1366 3908 1421 lu-

2306 1456 2433 1521 dzi,
2466 1464 2515 1512 et
2547 1472 2655 1512 non
2682 1473 2749 1511 ea:
2778 1456 3035 1514 Gentibus
3049 1462 3365 1528 peccatores.
3396 1456 3908 1527 Scientesautentquo—

2306 1546 2454 1601 niam
2484 1562 2591 1601 non
2611 1546 2954 1617 justiﬁcatur
2983 1546 3134 1601 homo
3161 1562 3230 1601 eo;
3257 1546 3510 1617 operibus
3530 1544 3698 1615 Legis,
3722 1544 3819 1599 nisi
3831 1561 3907 1614 per

2306 1634 2465 1706 ﬁdem
2492 1634 2620 1689 Jesu
2652 1634 2889 1700 Christi,
2908 1641 2956 1690 et
2974 1651 3064 1689 nos
3085 1634 3277 1690 inlesu
3305 1633 3527 1690 Christo
3542 1631 3907 1697 credidimus,ut

2293 1723 2665 1793 justiﬁcemur
2675 1739 2777 1793 per
2794 1723 2951 1794 ﬁdem
2967 1722 3200 1789 Christi,
3224 1737 3272 1777 et
3298 1740 3404 1777 non
3416 1721 3732 1793 exoperibus
3748 1722 3879 1791 Legis
3897 1738 3910 1785 ;

2307 1813 2558 1884 quoniam
2585 1811 2912 1883 exopersbus
2946 1812 3102 1884 Legis
3113 1828 3220 1867 non
3220 1810 3626 1883 justiﬁcabitur
3646 1811 3799 1866 omnis
3818 1825 3913 1865 caro

2310 1900 2518 1973 (Galat.
2552 1916 2610 1965 ιι,
2645 1901 2856 1972 ιιι-ιθ).

2383 1993 2435 2045 3.
2459 1992 2585 2045 Non
2619 1988 2814 2045 solum
2848 1993 3047 2046 autem
3060 1988 3356 2061 illaopera
3385 1989 3573 2059 Legis,
3599 1993 3851 2061 quassant
3869 1986 3911 2042 in

2311 2078 2605 2134 veteribus
2627 2080 3033 2145 sacramentis,
3051 2085 3101 2133 et
3126 2094 3287 2133 nunc
3305 2077 3570 2134 revelato
3590 2076 3911 2133 Testamento

2312 2169 2477 2223 Novo
2508 2181 2631 2222 non
2659 2167 3051 2223 observantur
3072 2183 3108 2222 a
3139 2166 3513 2232 Christianis,
3548 2166 3714 2222 sicuti
3737 2171 3812 2221 est
3831 2166 3910 2220 cir-

2313 2254 2601 2311 cumcisio
2631 2255 2928 2327 prmputii,
2961 2254 3551 2312 etsabbaticarnalis
3577 2253 3810 2317 vacatio,
3826 2258 3908 2309 ets

2311 2343 2678 2416 quibusdam
2704 2344 2854 2399 escis
2884 2344 3263 2411 abstinentia,
3300 2350 3357 2400 et
3380 2358 3665 2416 pecorum
3694 2346 3749 2397 in
3775 2341 3911 2397 sacri-

2311 2431 2462 2487 ﬁciis
2482 2431 2834 2498 immolatio,
2850 2437 2907 2488 et
2925 2432 3263 2499 neomenia,
3277 2438 3652 2503 etazymum,
3675 2435 3727 2487 et
3747 2435 3910 2485 cetera

2312 2520 2661 2592 hujusmodi
2691 2538 2706 2586 ;
2735 2536 2940 2576 verum
2954 2521 3131 2576 etiam
3146 2520 3472 2592 illudquod
3497 2520 3559 2575 in
3588 2519 3909 2589 Legedictum

2280 2616 2419 2673 ‘est,
2451 2609 2581 2665 Non
2603 2611 2905 2680 concupises
2936 2609 3133 2679 (Exod.
3165 2626 3264 2676 xx,
3303 2610 3395 2681 17)
3442 2608 3629 2681 (quod
3677 2608 3850 2679 utique
3871 2609 3911 2662 et

2313 2696 2661 2754 Christianis
2675 2698 2871 2754 nullus
2893 2698 3145 2769 ambigit
3160 2714 3288 2753 esse
3308 2698 3675 2768 dicendum),
3695 2711 3802 2751 non
3811 2699 3908 2765 jus-

2314 2786 2491 2843 tiﬁcat
2524 2787 2831 2843 hominem
2865 2786 2980 2843 nisi
3008 2802 3112 2858 per
3135 2787 3315 2842 ﬁdem
3334 2787 3480 2842 Iesu
3510 2786 3709 2843 Christi
3737 2789 3787 2840 et
3806 2797 3909 2852 grs-

2312 2876 2457 2931 tiam
2490 2876 2587 2931 Dei
2620 2892 2723 2946 per
2749 2878 2953 2931 Jesum
2986 2876 3283 2932 Christum
3314 2874 3639 2931 Dominum
3669 2878 3907 2929 nostrum.

2310 2963 2475 3019 Idem
2498 2964 2861 3035 ipsequippe
2880 2964 3023 3019 dicit
3039 2962 3377 3034 apostolus:
3398 2962 3547 3030 Quid
3558 2956 3911 3032 ergodicemus?

2299 3053 2428 3137 ‘Lea:
2442 3058 2713 3124 peccatum
2744 3057 2820 3107 est
2858 3053 2886 3107 ἵ
2913 3052 3090 3107 Absit.
3128 3052 3238 3107 Sed
3264 3058 3547 3121 peccatum
3586 3067 3686 3105 non
3712 3047 3905 3120 cognovi,

2311 3136 2420 3197 nisi
2426 3158 2527 3212 per
2538 3141 2720 3213 Legem
2737 3162 2756 3198 :
2769 3158 2894 3196 nam
2904 3141 3385 3212 concupiscentiam
3400 3139 3706 3204 nesciebam,
3724 3136 3816 3193 nisi
3826 3138 3910 3191 Le:

2312 3231 2528 3295 diceret,
2550 3231 2676 3287 Non
2698 3231 3049 3300 concupisces.
3073 3231 3356 3289 Occasione
3382 3237 3570 3285 autem
3593 3232 3805 3298 accepta,
3825 3240 3909 3296 pro

2312 3327 2492 3374 catum
2513 3336 2611 3390 per
2630 3319 2946 3375 mandatum
2965 3326 3243 3391 apemtum
3269 3324 3345 3374 est
3374 3322 3433 3372 in
3457 3336 3543 3374 me
3554 3334 3745 3374 omnem
3765 3330 3908 3370 concu-

2309 3410 2649 3480 piscentiam.
2683 3409 2812 3465 Sine
2834 3409 2967 3481 Lege
2977 3409 3120 3463 enim
3143 3415 3413 3479 peccatum
3436 3414 3706 3463 mortuum
3726 3402 3910 3473 est.qu

2310 3504 2488 3554 autem
2508 3498 2751 3553 vivebam
2779 3497 3076 3569 aliquando
3095 3497 3212 3552 sine
3240 3497 3397 3567 Lege.
3425 3497 3747 3552 Adveniente
3773 3499 3908 3547 autem

2310 3587 2564 3642 mandato
2582 3594 2853 3657 peccatum
2875 3587 3102 3641 revixit.
3130 3586 3244 3657 Ego
3261 3592 3442 3641 autem
3470 3591 3714 3640 mortuus
3738 3597 3835 3636 sum
3848 3583 3908 3643 ;et

2311 3678 2591 3731 inventum
2619 3682 2697 3731 est
2728 3675 2869 3729 mihi
2883 3674 3199 3731 mandatum
3228 3675 3364 3745 quod
3393 3682 3516 3729 erat
3556 3691 3616 3728 in
3643 3674 3813 3733 vitam,
3846 3669 3909 3721 hoc

2310 3782 2414 3820 esse
2446 3766 2504 3819 in
2535 3772 2783 3821 mortem.
2822 3765 3103 3819 Peccatum
3138 3766 3279 3819 enim
3323 3764 3597 3818 occasione
3624 3766 3815 3831 accepta
3842 3772 3911 3828 per

2308 3854 2625 3910 mandatum
2655 3852 2859 3925 fefellit
2888 3869 2991 3919 me,
3016 3858 3067 3908 et
3100 3868 3195 3923 per
3220 3851 3362 3907 illud
3387 3852 3605 3907 occidit.
3642 3851 3806 3921 Itaque
3828 3846 3910 3902 με

2308 3943 2529 4014 quidem
2543 3947 2807 4007 sancta,et
2820 3942 3135 3997 mandatum
3146 3948 3388 3997 sanctum
3414 3948 3464 3995 et
3471 3943 3679 4013 justum
3689 3944 3734 3993 et
3746 3937 3908 3992 bonum

2311 4032 2463 4099 Quod
2485 4049 2611 4101 ergo
2630 4031 2822 4086 bonum
2845 4038 2940 4097 est,
2959 4031 3097 4086 mihi
3108 4032 3312 4103 factum
3336 4038 3412 4086 est
3432 4047 3579 4085 mors
3607 4030 3635 4087 7
3652 4026 3815 4083 Absit.
3837 4020 3909 4078 Sed

2308 4129 2581 4193 peccatum
2612 4127 2670 4176 ut
2709 4124 2970 4191 appareat
2990 4126 3283 4190 peccatum,
3299 4136 3396 4190 per
3422 4117 3616 4174 bonum
3629 4116 3755 4172 mihi
3770 4127 3911 4185 opera-

2310 4217 2422 4265 tum
2452 4214 2529 4264 est
2558 4216 2778 4264 mortem
2802 4226 2827 4274 ;
2856 4215 2916 4264 ut
2956 4208 3057 4280 ﬁat
3086 4224 3258 4280 supra
3295 4207 3507 4263 modum
3549 4212 3802 4279 peccatum
3824 4213 3910 4271 pec-

2308 4315 2440 4355 cans
2464 4315 2566 4369 per
2606 4298 2921 4353 mandatum
2948 4296 3156 4353 Scimus
3188 4297 3331 4352 enim
3359 4297 3494 4368 quia
3521 4297 3629 4352 Lex
3648 4288 3909 4366 spiritualis

2306 4394 2385 4442 est
2412 4409 2435 4458 ;
2462 4404 2552 4458 ego
2578 4392 2761 4442 autem
2787 4385 3029 4441 carnalis
3069 4402 3209 4451 sum,
3240 4386 3578 4442 venundatus
3612 4384 3703 4440 sub
3728 4384 3910 4453 peccato.

2309 4477 2458 4541 Quod
2494 4476 2636 4530 enim
2675 4492 2887 4545 operor,
2920 4475 3111 4546 ignoro
3139 4497 3158 4544 ς
3192 4492 3296 4529 non
3328 4475 3475 4531 enim
3523 4472 3659 4546 quod
3708 4469 3812 4527 voto
3842 4467 3910 4519 hoc

2302 4582 2426 4636 ago,
2453 4564 2543 4619 sed
2565 4564 2703 4636 quod
2732 4564 2823 4619 odi
2854 4563 2998 4619 illud
3023 4564 3188 4634 facio.
3229 4563 3290 4619 Si
3329 4570 3512 4619 autem
3544 4561 3678 4635 quod
3714 4557 3817 4615 nolo
3840 4555 3914 4609 hoc

2311 4655 2472 4726 facio,
2496 4654 2763 4709 consentio
2784 4653 2935 4724 Legi,
2962 4655 3216 4724 quoniam
3237 4651 3640 4723 bonaest(Rom.
3663 4664 3756 4716 vn,
3773 4644 3910 4711 7-16).

2380 4744 2435 4797 4.
2470 4741 3039 4813 Videmusitaquein
3066 4741 3158 4797 his
3171 4741 3517 4812 apostolicis
3538 4738 3724 4796 verbis
3737 4736 3911 4804 Legem

2312 4846 2435 4887 non
2464 4829 2659 4886 solum
2686 4845 2807 4886 non
2828 4845 2958 4886 esse
2989 4835 3326 4901 peccatum,
3351 4828 3456 4886 sed
3481 4829 3659 4885 etiam
3672 4840 3791 4882 esse
3810 4835 3913 4876 san-

2314 4924 2497 4988 ctam,
2521 4923 2579 4973 et
2605 4918 2963 4975 mandatum
2991 4922 3265 4974 sanctum
3297 4926 3353 4974 et
3376 4923 3601 4988 justum
3628 4921 3681 4971 et
3701 4915 3909 4970 bonum,

2312 5025 2436 5081 quo
2461 5007 2690 5064 dictum
2719 5014 2827 5073 est,
2854 5007 2979 5064 Non
3007 5008 3355 5079 concupisces.
3386 5006 3503 5063 Sed
3526 5007 3815 5078 peccatum
3834 5010 3911 5069 per

2312 5098 2543 5153 bonum
2564 5095 2727 5161 fallit,
2747 5102 2803 5151 et
2819 5095 3075 5168 perillud
3090 5096 3528 5168 occiditeosqui
3554 5110 3686 5150 eum
3702 5090 3912 5146 sintcar-

2313 5187 2505 5252 nales,
2524 5190 2736 5257 putant
2747 5185 2871 5240 suis
2885 5184 3109 5240 viribus
3123 5184 3343 5254 Legem
3355 5182 3715 5256 spiritualem
3733 5194 3788 5233 se
3808 5188 3909 5246 pos-

2314 5290 2376 5330 se
2407 5274 2707 5346 complere
2742 5291 2756 5340 ;
2789 5278 2848 5328 et
2880 5288 2986 5344 per
3010 5273 3125 5329 hoc
3155 5272 3307 5329 ﬁunt
3333 5289 3454 5329 non
3477 5272 3665 5328 solum
3692 5272 3909 5339 peccato.

2313 5379 2406 5419 res
2444 5362 2608 5435 quod
2644 5366 2858 5426 essent,
2892 5362 3128 5417 etiamsi
3174 5363 3385 5433 Legem
3416 5376 3535 5417 non
3566 5354 3905 5441 accepissent.

2315 5452 2419 5509 sed
2450 5452 2626 5508 etiam
2670 5450 3178 5523 praevaricatores,
3223 5450 3391 5522 quod
3436 5465 3556 5506 non
3603 5448 3781 5502 essent
3818 5436 3902 5494 nisi

2314 5543 2528 5612 Legem
2555 5540 2925 5612 accepissent
2956 5539 3071 5595 :sic
3101 5539 3259 5595 enim
3275 5536 3695 5601 aliolocodicit,
3726 5525 3902 5588 Ubiis:

2378 5664 2450 5729 (α)
2482 5663 2767 5715 Prlmatem
2787 5663 3053 5717 Bizacenaa
3070 5661 3377 5728 provincias.
