4118 6164
242 196 354 253 893

206 337 316 378 non
345 327 442 388 est,
469 336 560 377 nec
591 321 981 394 praevaricatio
1005 321 1114 394 (Id.
1143 339 1216 389 ιν,
1247 324 1357 394 15).
1393 325 1508 380 Lex
1537 342 1660 396 ergo
1687 324 1874 380 subin-

202 411 400 476 travit,
419 412 569 466 sicut
590 410 731 466 alibi
761 412 886 482 ipse
914 416 1186 476 testatur,
1201 420 1261 468 ut
1277 413 1578 470 abundaret
1603 415 1870 470 delictum.

217 499 325 556 Ubi
349 506 529 554 autem
559 499 859 556 abundaret
877 500 1136 556 dilectum
1155 502 1617 567 superabundavit
1629 511 1678 559 et
1689 504 1876 575 gratia

207 589 349 660 (Id.,
385 605 442 657 v,
478 589 590 660 20).

278 680 504 735 CAPUT
533 678 603 733 II.
639 709 704 719 —
747 684 798 735 5.
823 679 955 735 Haec
987 678 1263 748 estigitur
1278 680 1503 736 utilitas
1520 681 1710 749 Legis,
1733 682 1878 754 quia

203 766 471 822 ostendit
501 766 812 822 hominem
847 766 961 822 sibi
989 767 1121 839 ipsi,
1173 773 1236 822 ut
1283 769 1429 824 sciat
1471 768 1876 824 inﬁrmitatem

207 871 384 911 suam
418 860 473 911 et
504 855 698 912 videat
727 856 1252 928 quemadmodum
1285 872 1390 928 per
1416 857 1878 928 prohibitionem

205 949 504 1014 augeatur
519 945 720 1016 potius
735 945 992 1001 carnalis
1010 961 1158 1001 conc
1170 947 1498 1017 upiscentia
1511 963 1694 1019 quam
1710 964 1879 1004 sane-

209 1038 328 1088 tur.
360 1037 741 1105 Appetuntur
761 1035 921 1089 enim
937 1034 1704 1107 ardentiusquaevetantur,
1731 1037 1878 1093 dum

209 1121 454 1194 idquod
502 1122 885 1194 spiritualiter
929 1123 1195 1194 jubetur,
1255 1124 1512 1180 carnalis
1559 1125 1879 1180 observare

208 1210 606 1282 compellitur.
629 1213 700 1268 Ut
721 1216 923 1267 autem
950 1213 1020 1266 sit
1040 1213 1393 1284 spiritualis,
1417 1215 1518 1283 qui
1541 1216 1752 1283 Legem
1770 1215 1878 1270 im-

207 1299 370 1371 pleat
395 1300 785 1372 spiritualem,
803 1316 924 1356 non
945 1301 1010 1356 ﬁt
1031 1301 1161 1372 ipsa
1185 1304 1360 1370 Lege,
1385 1302 1489 1357 sed
1512 1305 1737 1372 gratia;
1765 1303 1879 1359 hoc

207 1393 322 1454 est,
356 1404 474 1443 non
493 1388 762 1460 imperio,
783 1392 887 1444 sed
905 1389 1202 1445 beneficio
1239 1407 1253 1455 ;
1276 1406 1394 1445 non
1413 1391 1879 1462 jubentelittera,

209 1477 316 1532 sed
339 1477 588 1548 juvante
603 1478 843 1548 Spiritu.
877 1478 1087 1550 Incipit
1111 1484 1318 1535 autem
1336 1479 1525 1535 homo
1548 1482 1879 1536 secundum

209 1566 466 1635 gratiam
498 1567 835 1623 ininteriori
867 1568 1110 1624 homine
1133 1573 1405 1624 renovari
1435 1568 1642 1639 (IlCor.
1670 1585 1744 1636 iv,
1765 1571 1875 1641 t6),

213 1658 279 1710 ut
305 1661 503 1711 mente
545 1661 684 1727 agat
715 1657 878 1727 quod
921 1662 1120 1722 amat,
1176 1672 1284 1712 nec
1337 1658 1501 1712 carni
1548 1659 1880 1714 consentiat

205 1743 406 1812 agenti
438 1745 603 1815 quod
633 1745 804 1815 odit;
836 1745 894 1800 id
942 1751 1050 1815 est,
1087 1761 1213 1800 non
1269 1750 1327 1800 ut
1355 1746 1402 1800 si
1454 1746 1702 1802 omnino
1759 1763 1878 1802 non

206 1833 616 1904 concupiscat,
659 1834 763 1888 sed
796 1839 855 1889 ut
878 1839 1010 1905 post
1039 1850 1228 1889 concu
1245 1834 1567 1906 piscentias
1591 1851 1733 1890 suas
1762 1852 1879 1891 non

205 1926 326 1977 eat.
362 1921 526 1986 Quod
555 1922 800 1993 quidem
820 1927 940 1978 tam
974 1938 1269 1992 magnum
1287 1927 1394 1988 est,
1428 1923 1545 1978 utsi
1573 1925 1882 1978 omnimo-

208 2009 289 2064 do
321 2009 505 2074 tieret,
537 2016 588 2065 et
620 2012 1120 2082 quamvisinsint,
1154 2011 1306 2067 dum
1337 2011 1880 2085 sumusincorpore

208 2099 418 2154 mortis
449 2099 650 2168 hujus,
681 2100 978 2155 desideria
1011 2101 1259 2172 peccati,
1307 2101 1352 2155 si
1387 2100 1531 2155 nulli
1554 2116 1759 2155 eorum
1792 2106 1878 2157 ta-

206 2202 346 2243 men
374 2187 1146 2254 adhiberemus'assensum,
1182 2205 1303 2244 non
1332 2204 1464 2243 esse
1488 2189 1644 2244 unde
1661 2189 1878 2244 dicere-

207 2291 346 2330 mus
365 2276 516 2330 l’atri
532 2283 733 2332 nostro
747 2278 849 2349 qui
878 2284 969 2333 est
993 2279 1050 2332 in
1077 2278 1247 2334 caelis
1274 2277 1882 2334 :Dimittenobisdebita

204 2365 634 2434 nostra(Matth.
667 2382 740 2431 v1,
759 2367 868 2438 l2).
895 2370 1005 2422 Nec
1023 2373 1180 2421 tame
1203 2382 1238 2421 n
1266 2367 1400 2422 ideo
1426 2367 1568 2422 tales
1588 2368 1714 2437 jam
1728 2384 1882 2423 esse-

206 2468 368 2519 mus,
396 2453 605 2524 quales
637 2455 860 2510 erimus
889 2472 1026 2510 cum
1070 2455 1320 2511 mortale
1350 2455 1464 2511 hoc
1494 2456 1748 2511 induerit
1770 2457 1879 2512 im-

205 2542 633 2597 mortalitatem
667 2560 681 2598 :
717 2548 854 2598 tunc
885 2545 1042 2599 enim
1080 2560 1200 2599 non
1243 2544 1434 2600 solum
1470 2545 1612 2599 nulli
1644 2544 1869 2601 deside-

207 2630 299 2686 rio
332 2633 553 2702 peccati
585 2632 963 2699 obediemus,
1019 2633 1123 2688 sed
1171 2633 1332 2689 nulla
1361 2639 1532 2688 erunt
1570 2634 1868 2690 desideria

211 2719 379 2788 talia,
419 2720 642 2791 quibus
673 2737 793 2777 non
837 2722 1083 2778 obedire
1107 2722 1452 2792 jubeamur.

281 2809 337 2862 6.
369 2811 536 2864 Nunc
563 2825 704 2878 ergo
734 2810 833 2866 ubi
866 2811 1236 2880 dicitur,Jam
1256 2827 1359 2865 non
1377 2827 1467 2880 ego
1487 2827 1678 2882 operor
1704 2812 1862 2877 illud,

204 2897 301 2952 sed
339 2897 395 2951 id
422 2899 557 2968 quod
583 2900 641 2952 in
681 2917 760 2954 me
785 2899 992 2955 habitat
1017 2901 1492 2971 peccatum(Rom.
1523 2916 1615 2964 vn,
1653 2902 1758 2971 t7),
1792 2901 1865 2956 de

203 2987 697 3057 concupiscentia
726 2989 925 3045 carnis
955 2989 1191 3054 dicitur,
1217 3005 1351 3060 quae
1375 2996 1655 3060 operatur
1683 2990 1741 3044 in
1759 3005 1864 3044 no-

208 3075 304 3130 bis
330 3081 529 3131 motus
559 3093 720 3142 suos,
754 3077 934 3133 etiam
966 3077 1214 3149 quando
1245 3080 1330 3133 eis
1361 3093 1479 3133 non
1520 3077 1860 3143 obedimus,

207 3165 357 3219 dum
373 3180 490 3220 non
518 3173 727 3235 regnat
754 3173 1069 3237 peccatum
1098 3167 1155 3222 in
1175 3174 1376 3223 nostro
1392 3167 1625 3222 mortali
1656 3183 1865 3239 corpo-

204 3268 268 3308 re
301 3253 379 3308 ad
409 3254 814 3310 obediendum
841 3255 1149 3310 desideriis
1182 3256 1333 3326 ejus,
1365 3271 1473 3310 nec
1504 3256 1862 3311 exhibemus

200 3343 482 3398 membra
511 3349 714 3401 nostra
746 3361 915 3400 arma
962 3345 1293 3417 iniquitatis
1325 3350 1571 3416 peccato
1617 3345 1754 3416 (Id.,
1784 3362 1859 3411 γι,

210 3433 296 3496 12,
326 3432 440 3502 13);
477 3433 534 3486 in
556 3448 677 3504 qua
701 3433 934 3503 justitia
965 3433 1237 3490 nondum
1270 3441 1694 3490 consummata
1729 3450 1860 3505 per—

207 3526 551 3576 severanter
581 3522 974 3591 proﬁcientes,
1009 3522 1084 3578 ad
1117 3523 1247 3592 ejus
1271 3525 1859 3578 consummationem

177 3609 576 3682 quandoque
609 3611 933 3677 veniemus,
979 3611 1080 3666 ubi
1113 3615 1340 3682 peccati
1373 3613 1864 3683 concupiscentia

205 3713 330 3753 non
355 3699 691 3755 cohibenda
730 3707 909 3772 atque
937 3700 1246 3764 frenanda,
1283 3701 1386 3756 sed
1420 3701 1581 3756 nulla
1611 3702 1701 3756 sit.
1745 3704 1862 3756 Hoc

203 3786 366 3842 enim
385 3788 496 3842 Lex
515 3789 1000 3859 posuitdicendo,
1026 3791 1148 3845 Non
1160 3791 1672 3860 concuspisces,non
1695 3789 1861 3862 quod

205 3875 308 3932 hic
346 3877 678 3946 valeamus,
725 3879 832 3933 sed
897 3878 970 3933 ad
1027 3880 1190 3950 quod
1231 3879 1596 3949 proﬁciendo
1653 3878 1860 3933 tenda-

202 3981 367 4021 mus.
398 3965 611 4022 Verum
637 3968 752 4023 hoc
782 3968 847 4022 tit
877 3983 997 4023 non
1045 3967 1198 4036 Lege
1229 3983 1366 4038 quae
1421 3967 1537 4023 hoc
1578 3967 1856 4038 imperat,

205 4055 312 4110 sed
345 4054 610 4127 ﬁdeque
634 4056 1040 4128 hocimpetrat
1062 4074 1076 4124 ;
1097 4071 1218 4111 non
1247 4056 1572 4127 litteraqua
1593 4055 1856 4126 jubetur,

205 4143 320 4199 sed
347 4143 565 4214 Spiritu
593 4161 715 4218 quo
728 4146 987 4202 donatur
1015 4162 1028 4201 :
1054 4161 1176 4200 non
1193 4161 1334 4214 ergo
1360 4145 1584 4200 meritis
1607 4160 1860 4215 operan-

205 4233 280 4288 tis
293 4232 578 4299 hominis,
608 4234 709 4289 sed
727 4234 1030 4304 largientis
1055 4235 1245 4304 gratia
1267 4233 1607 4291 Salvatoris.
1633 4233 1857 4289 Utilitas

205 4322 415 4393 itaque
441 4323 604 4391 Legis
629 4328 742 4388 est,
775 4328 840 4379 ut
876 4323 1182 4379 hominem
1229 4323 1304 4377 de
1357 4337 1468 4378 sua
1514 4323 1857 4378 infirmitate

203 4410 545 4474 convincat,
577 4411 849 4481 etgratiaa
881 4412 1236 4467 medicinam
1255 4427 1388 4484 quae
1411 4412 1468 4466 in
1495 4412 1721 4467 Christo
1747 4416 1853 4475 est,

205 4497 532 4569 implorare
569 4499 906 4570 compellat.
951 4499 1142 4555 Omnis
1181 4499 1345 4555 enim
1391 4499 1487 4569 qui
1525 4500 1856 4554 invocaverit

201 4603 396 4640 nomen
426 4586 669 4655 Domini,
699 4588 880 4642 salvus
909 4589 1016 4642 erit
1049 4589 1188 4659 (Joet
1219 4604 1279 4652 ll,
1311 4592 1397 4651 32,
1426 4595 1473 4642 et
1501 4589 1624 4642 Act.
1657 4604 1712 4649 ιι.
1746 4589 1854 4654 2t).

203 4675 479 4740 Quomodo
509 4691 636 4747 ergo
662 4676 1002 4741 invocabant,
1037 4679 1093 4732 in
1137 4694 1287 4748 quem
1323 4693 1428 4730 non
1460 4674 1859 4730 crediderunt?

201 4765 464 4836 quomodo
489 4766 731 4832 credent,
763 4783 913 4837 quem
939 4784 1043 4821 non
1077 4764 1426 4821 audierunt?
1458 4765 1620 4820 Unde
1679 4764 1858 4835 paulo

207 4860 345 4926 post
374 4854 518 4910 dicit
552 4871 564 4908 :
593 4854 779 4925 Igitur
805 4856 932 4926 ﬁdes
960 4873 1024 4911 ea:
1053 4855 1290 4921 auditu;
1314 4854 1540 4910 auditus
1559 4861 1735 4908 autem
1765 4869 1861 4924 per

206 4943 427 4998 verbum
468 4943 695 4999 Christi.

278 5035 333 5085 7.
367 5034 509 5097 Quae
542 5049 678 5089 cum
713 5034 794 5089 ita
825 5034 960 5102 sint,
1008 5033 1110 5105 qui
1153 5049 1214 5088 se
1246 5031 1538 5088 lsraelitas
1568 5047 1699 5087 esse
1732 5047 1855 5086 car-

208 5120 425 5176 naliter
451 5122 736 5192 gaudent,
767 5128 823 5179 et
848 5129 1065 5191 praeter
1085 5123 1335 5193 gratiam
1365 5121 1594 5187 Christi,
1625 5121 1683 5176 in
1708 5121 1860 5190 Lege

206 5210 558 5280 gloriantur,
606 5211 645 5266 ii
691 5216 831 5266 sunt
882 5212 956 5266 de
981 5212 1202 5283 quibus
1249 5213 1385 5267 item
1417 5211 1740 5282 Apostolus
1781 5210 1863 5265 ait

207 5298 378 5370 quod
408 5300 717 5369 ignorantes
736 5301 841 5355 Dei
857 5301 1157 5372 justitiam,
1200 5307 1247 5355 et
1279 5317 1431 5354 suam
1459 5300 1686 5354 volentes
1717 5317 1863 5354 conss

211 5389 432 5452 tituere,
481 5389 726 5459 justitim
763 5390 865 5443 Dei
892 5407 997 5444 non
1044 5398 1168 5444 sunt
1207 5389 1431 5458 subjecti
1459 5390 1633 5460 (Rom.
1682 5405 1739 5453 x,
1773 5389 1860 5453 14,

216 5482 300 5541 l7,
335 5478 410 5546 3).
442 5477 536 5532 Dei
564 5478 789 5550 quippe
825 5478 1296 5548 dixitjustitiam,
1331 5494 1466 5549 quae
1516 5478 1743 5534 homini
1798 5493 1864 5532 ex

211 5565 334 5621 Deo
375 5570 499 5631 est;
556 5583 730 5622 suam
763 5583 919 5635 vero,
979 5583 1168 5640 quam
1209 5572 1420 5638 putant
1445 5565 1557 5620 sibi
1591 5565 1865 5623 sufﬁcere

213 5655 295 5712 ad
326 5654 602 5712 facienda
641 5656 930 5715 mandata
960 5657 1085 5712 sine
1116 5655 1412 5729 adjutorio
1442 5659 1497 5712 et
1537 5655 1701 5712 dono
1733 5656 1861 5727 ejus

1456 197 1973 256 EPISTOLARUM
2011 198 2300 257 CLASSIS
2339 199 2435 256 III.

3515 195 3638 254 ’894

1986 324 2091 396 qui
2125 328 2335 395 Legem
2364 325 2659 384 dedit.His
2691 329 2891 382 autem
2923 325 3143 380 similes
3175 327 3333 388 sunt,
3365 321 3467 394 qui
3496 337 3634 377 cum

1985 415 2381 484 profiteantur
2412 432 2473 472 se
2508 430 2638 470 esse
2669 414 3174 484 christianos,ipsi
3197 413 3399 482 gratiae
3432 410 3637 466 Christi

1986 503 2068 558 sic
2128 504 2543 569 adversantur,
2601 509 2662 559 ut
2717 520 2778 558 se
2835 503 3116 559 humanis
3160 501 3383 556 viribus
3435 499 3635 555 divina

1984 592 2333 648 existiment
2377 593 2622 665 implere
2672 592 2962 648 mandata
3003 611 3015 658 ;
3054 608 3122 646 ac
3170 591 3254 645 sic
3291 589 3470 644 etiam
3519 587 3632 658 ipsi

1985 681 2331 750 ignorantes
2369 683 2463 737 Dei
2487 682 2800 751 justitiam,
2829 687 2885 736 et
2922 697 3091 734 suam
3123 679 3386 734 volentes
3420 677 3635 732 consti-

1987 776 2170 836 tuere,
2198 770 2442 841 justitiae
2473 771 2702 825 Deinon
2732 768 3213 838 suntsubjecti,et
3236 783 3354 820 non
3387 764 3635 837 quidem

1985 861 2253 925 nomine,
2301 859 2403 914 sed
2435 865 2636 914 tamen
2666 874 2861 914 errore
2899 857 3232 930 judaizant.
3280 858 3396 910 Hoc
3445 868 3631 922 genus

1985 949 2298 1004 hominum
2325 949 2521 1020 capita
2551 947 2661 1003 sibi
2689 948 2997 1002 invenerat
3028 945 3334 1014 Pelagium
3360 948 3414 997 et
3447 942 3632 997 Celes-

1985 1039 2155 1103 tium,
2189 1039 2505 1109 impietatis
2535 1038 2716 1106 hujus
2749 1042 3074 1092 assertores
3118 1033 3441 1089 acerrimos
3473 1045 3487 1086 :
3523 1029 3630 1101 qui

1985 1127 2450 1198 recentijudicio
2488 1127 2587 1181 Dei
2615 1142 2718 1197 per
2744 1125 3054 1195 diligentes
3085 1128 3139 1178 et
3169 1121 3374 1176 ﬁdeles
3428 1134 3633 1173 servos

1985 1217 2114 1286 ejus
2145 1217 2320 1272 etiam
2353 1215 2645 1270 catholica
2689 1213 3110 1269 communione
3148 1209 3357 1282 privati
3387 1213 3545 1272 sunt,
3580 1211 3635 1262 et

1987 1311 2226 1377 propter
2251 1321 2352 1360 cor
2374 1304 2754 1377 impuauitens
2780 1303 2978 1358 adhuc
3013 1303 3070 1356 in
3101 1317 3211 1355 sua
3243 1297 3634 1354 damnatione

1986 1395 2333 1466 persistunt.

2056 1487 2108 1538 8.
2135 1483 2411 1554 Quisquis
2433 1481 2512 1537 ab
2541 1483 2646 1537 isto
2665 1481 2888 1537 carnali
2919 1483 2973 1535 et
3003 1477 3268 1541 animali,
3292 1483 3468 1547 atque
3497 1474 3633 1528 ideo

1985 1588 2104 1627 non
2136 1571 2434 1628 immerito
2459 1569 2908 1642 reprehensibili
2955 1573 3133 1638 atque
3184 1563 3630 1620 damnabiliJu-

1985 1661 2218 1716 daismo
2231 1675 2362 1715 esse
2379 1661 2591 1731 quaerit
2615 1659 2865 1722 alienus,
2896 1673 3015 1711 non
3048 1654 3245 1710 solum
3260 1659 3478 1708 veteres
3494 1651 3625 1706 illas

1985 1748 2434 1805 observationes
2455 1765 2490 1804 a
2521 1765 2583 1804 se
2625 1749 2816 1802 facere
2843 1745 3020 1801 debet
3047 1745 3291 1807 alienas,
3333 1755 3469 1813 quin
3498 1740 3627 1810 jam

1983 1839 2246 1894 revelato
2276 1841 2651 1893 Testamento
2684 1839 2863 1900 Novo,
2916 1839 3312 1906 posteaquam
3343 1833 3632 1885 venerunt

1987 1943 2058 1983 ea
2086 1943 2221 1998 quae
2250 1926 2500 1997 perillas
2530 1924 3026 1994 signiﬁcabuntur
3040 1938 3167 1978 esse
3182 1921 3396 1983 futura,
3426 1917 3634 1988 procul

1986 2015 2172 2072 dubio
2203 2031 2331 2070 esse
2362 2014 2716 2069 necessariae
2771 2012 3145 2074 destiterunt,
3173 2015 3234 2064 ut
3258 2024 3378 2063 non
3405 2007 3634 2076 judice-

1986 2110 2081 2160 tur
2103 2104 2158 2158 in
2189 2105 2322 2159 cibo
2349 2102 2727 2174 etpotu,etin
2749 2106 2913 2172 parte
2929 2100 3043 2154 dici
3067 2098 3192 2153 festi
3223 2101 3276 2152 et
3297 2094 3631 2151 neomeniaa

1986 2197 2040 2248 et
2075 2191 2656 2262 sabbatorum,quod
2690 2195 2779 2245 est
2803 2190 3015 2244 umbra
3045 2188 3379 2242 futurorum
3403 2183 3627 2253 (Coloss.

1987 2298 2043 2347 ιι,
2088 2284 2176 2347 16,
2216 2283 2328 2345 l7):
2366 2296 2570 2335 verum
2597 2278 2894 2335 etiamilla
2939 2276 3155 2349 queein
3189 2277 3336 2343 Lege
3363 2274 3436 2328 ita
3483 2287 3630 2342 prae-

1985 2377 2160 2443 cepta
2189 2377 2348 2436 sunt,
2378 2369 2689 2425 utvaleant
2717 2369 2793 2424 ad
2817 2365 3231 2424 informandos
3263 2378 3459 2418 mores
3489 2360 3626 2415 fide-

1984 2461 2132 2516 lium
2162 2459 2248 2530 (id
2279 2463 2392 2524 est,
2432 2465 2492 2513 ut
2520 2458 2835 2528 abnegantes
2874 2456 3206 2527 impietatem
3245 2459 3294 2508 et
3335 2451 3620 2506 swculares

1980 2550 2325 2620 cupiditates,
2383 2555 2749 2618 temperanter
2786 2553 2833 2600 et
2864 2548 3011 2616 juste
3062 2552 3110 2599 et
3164 2544 3253 2613 pic
3303 2542 3544 2595 vivamus
3577 2539 3635 2592 in

1975 2639 2071 2694 hoc
2096 2637 2444 2709 saeculo[Tit.
2473 2653 2532 2702 ιι,
2568 2635 2652 2707 t2]
2686 2653 2698 2702 ;
2731 2634 2887 2689 unde
2909 2638 2998 2688 est
3023 2633 3198 2687 etiam
3218 2631 3332 2686 hoc
3361 2629 3526 2700 quod
3559 2644 3630 2682 ex

1975 2731 2123 2798 Lege
2155 2727 2417 2782 maxime
2445 2723 2994 2780 commendandum
3060 2721 3232 2792 elegit
3284 2717 3629 2788 Apostolus,

1972 2817 2100 2871 Non
2125 2815 2474 2886 concupisces,
2511 2818 2566 2867 et
2593 2827 2992 2883 quaecumque
3020 2813 3094 2864 (te
3130 2812 3245 2864 Deo
3269 2812 3322 2861 et
3351 2806 3628 2877 proximo

1970 2904 2276 2972 diligendo
2305 2903 2428 2957 sine
2456 2901 2588 2956 ullis
2629 2900 2832 2968 figuris
2867 2902 3385 2953 sacramentorum
3426 2893 3627 2966 praeci-

1971 2993 2218 3064 piuntur
2241 2993 2302 3046 in
2329 2990 2561 3059 Lege,in
2590 2989 2808 3061 quibus
2833 2988 3073 3042 duobus
3106 2983 3414 3056 praeceptis
3446 2983 3625 3036 etiam

1971 3081 2099 3152 ipse
2136 3081 2425 3136 Dominus
2461 3079 2727 3134 Christus
2761 3076 2902 3132 dicit
2930 3081 3111 3131 totam
3143 3077 3352 3142 Legem
3371 3069 3628 3140 Prophe-

1972 3175 2185 3242 tasque
2234 3169 2496 3241 pendere
2542 3167 2777 3239 [Μαίιὴ.
2807 3182 2948 3236 xxn,
2978 3165 3114 3236 40]),
3149 3163 3232 3218 sic
3264 3160 3496 3231 accipit,
3540 3158 3623 3212 sic

1970 3258 2365 3329 amplectitur,
2405 3258 2490 3312 sic
2537 3255 2916 3311 observanda
2966 3269 3096 3309 esse
3140 3267 3257 3307 non
3277 3249 3528 3311 dubitat,
3561 3250 3624 3301 ut

1971 3348 2266 3420 quidquid
2299 3348 2357 3402 in
2393 3348 2478 3402 eis
2495 3345 2863 3418 proﬁcitnon
2894 3344 3007 3400 sibi
3032 3343 3271 3408 tribuat,
3303 3337 3406 3393 sed
3424 3336 3624 3406 gratiae

1973 3438 2071 3491 Dei
2094 3453 2200 3509 per
2230 3439 2429 3492 Jesum
2469 3435 2768 3492 Christum
2794 3433 3114 3489 Dominum
3148 3434 3441 3486 nostrum.

2043 3527 2268 3582 CAPUT
2296 3527 2392 3581 lll.
2421 3557 2485 3565 -—
2513 3526 2564 3578 9.
2596 3525 3023 3579 Verumtamen
3058 3536 3195 3576 cum
3228 3517 3482 3590 quisque
3508 3513 3625 3568 isto

1972 3615 2155 3669 modo
2187 3615 2357 3669 fuerit
2374 3630 2542 3669 verus
2574 3626 3016 3682 germanusque
3031 3608 3622 3670 Christianus,utrum

1970 3703 2149 3757 etiam
2169 3702 2414 3758 Iudaeus
2436 3708 2537 3756 aut
2553 3701 2813 3756 Israelita
2827 3698 3117 3753 dicendus
3139 3698 3230 3762 sit,
3247 3695 3456 3750 merito
3487 3706 3623 3762 quae

1969 3791 2140 3845 ritur.
2187 3791 2355 3855 Quod
2402 3789 2703 3860 quidemsi
2729 3803 2849 3842 non
2878 3802 3076 3849 carne,
3112 3785 3214 3838 sed
3250 3783 3457 3852 spiritu
3486 3781 3626 3834 hoc-

1969 3895 2098 3933 esse
2151 3879 2513 3948 intelligitur,
2551 3893 2668 3932 non
2719 3875 2897 3930 debet
2926 3875 3120 3944 ipsum
3160 3885 3377 3926 nomen
3411 3867 3524 3921 sibi
3563 3867 3623 3919 in

1969 3967 2401 4023 consuetudine
2431 3965 2726 4021 sermonis
2755 3965 3079 4034 imponere,
3103 3961 3203 4016 sed
3233 3955 3622 4029 spiritualiin-

1967 4057 2287 4127 telligentia
2316 4057 2666 4123 retinere,ne
2697 4058 2941 4127 propter
2967 4050 3420 4119 ambiguitatem
3451 4060 3625 4100 voca-

1966 4145 2112 4210 buli,
2145 4162 2330 4218 quam
2364 4161 2481 4200 non
2509 4144 2793 4201 discernit
2823 4141 3177 4215 quotidiana
3206 4137 3442 4199 locutio,
3476 4132 3623 4189 illud

1964 4237 2222 4305 protiteri
2240 4235 2510 4291 videatur
2541 4234 2700 4307 quod
2732 4231 3147 4288 estinimicum
3183 4226 3411 4283 nomini
3441 4225 3622 4280 chris-

1966 4324 2150 4380 tiano.
2196 4328 2355 4380 Hanc
2387 4329 2587 4380 autem
2620 4323 3036 4394 quaestionem,
3066 4320 3124 4374 id
3147 4323 3257 4385 est,
3294 4323 3492 4370 utrum
3519 4312 3620 4383 qui

1966 4414 2333 4470 Christianus
2355 4419 2461 4480 est,
2504 4414 2683 4468 etiam
2713 4411 2957 4466 Judaeus
2990 4409 3078 4464 vel
3128 4405 3387 4462 Israelita
3431 4402 3621 4473 possit

1967 4502 2230 4571 intelligi,
2266 4503 2422 4556 idem
2464 4502 2676 4557 beatus
2694 4499 2867 4554 nobis
2887 4493 3422 4566 aperitetdissolvit
3450 4506 3622 4561 apos-

1969 4590 2248 4656 tolus,ubi
2278 4589 2418 4644 dicit
2453 4607 2464 4643 :
2501 4587 2861 4643 Circumcisio
2887 4585 3098 4657 quidem
3126 4581 3410 4653 prodest,si
3430 4580 3617 4650 Legem

1965 4678 2229 4734 custodias
2255 4696 2271 4732 :
2302 4679 2542 4746 siautem
2572 4675 3144 4745 prmearicatorchis
3171 4673 3265 4740 sis,
3281 4668 3623 4726 circumcisio

1968 4774 2061 4822 tua
2076 4769 2408 4838 praeputium
2423 4769 2572 4838 facta
2602 4774 2698 4822 est.
2739 4765 2986 4836 Siigitur
3012 4764 3345 4835 praeputium
3377 4760 3625 4830 justitias

1966 4857 2122 4928 Legis
2149 4856 2440 4921 custodiat,
2462 4872 2633 4910 nonne
2662 4857 2996 4926 przeputium
3031 4851 3147 4922 ejus
3177 4851 3232 4905 in
3260 4848 3626 4906 circumcisio-

1966 4962 2085 5000 nem
2103 4946 2475 5016 reputabitur,
2497 4953 2544 5000 et
2554 4943 2831 5014 judicabit
2853 4943 2989 5015 quod
3004 4959 3070 4997 ex
3083 4949 3286 4997 natura
3303 4946 3377 4994 est
3395 4952 3622 5009 praepu-

1967 5035 2130 5102 tium,
2169 5035 2352 5106 Legem
2375 5035 2682 5106 perﬁciens,
2716 5040 2762 5088 te
2796 5035 2889 5104 qui
2920 5049 3018 5103 per
3046 5032 3289 5086 litteram
3316 5035 3364 5082 et
3395 5027 3624 5082 circum-

1967 5125 2224 5180 cisionem
2291 5126 2692 5196 praevaricator
2750 5125 2902 5194 Legis
2954 5123 3054 5178 es?
3107 5119 3232 5175 Non
3260 5118 3401 5171 enim
3440 5116 3532 5186 qui
3565 5115 3624 5169 in

1969 5215 2254 5284 manifesto
2282 5215 2506 5270 Iudaeus
2529 5221 2624 5279 est,
2659 5230 2823 5284 neque
2847 5228 2962 5282 qua:
2991 5214 3046 5263 in
3074 5208 3356 5278 mani/“esto
3374 5206 3432 5260 in
3462 5221 3622 5261 carne

1970 5309 2043 5357 est
2075 5303 2408 5358 circumcisio
2433 5325 2450 5366 ,-
2473 5303 2560 5357 sed
2595 5302 2686 5372 qui
2721 5301 2779 5355 in
2833 5298 3138 5354 abscondito
3180 5296 3404 5352 Judzeus
3435 5302 3530 5360 est,
3573 5302 3622 5349 et

1969 5393 2308 5446 circumcisio
2337 5391 2532 5455 cordis,
2565 5408 2682 5461 quae
2711 5390 2918 5460 spiritu
2943 5393 3038 5453 est,
3083 5403 3187 5441 non
3225 5387 3430 5447 littera,
3463 5386 3621 5454 cujus

1974 5479 2090 5534 laus
2115 5497 2218 5534 non
2243 5497 2308 5535 ex
2335 5480 2663 5544 hominibus,
2678 5478 2767 5533 sed
2796 5494 2863 5534 ea:
2892 5478 2997 5532 Deo
3027 5483 3099 5530 est
3119 5477 3294 5546 (Rom.
3319 5491 3372 5538 ιι,
3395 5479 3480 5539 '25,
3503 5474 3612 5542 29).

1973 5569 2120 5625 Cum
2155 5569 2328 5638 igitur
2346 5569 2667 5624 audiamus
2700 5566 3050 5638 Apostolum
3073 5563 3284 5621 Christi
3315 5577 3621 5619 commen-

1971 5656 2216 5714 dantem
2261 5657 2435 5713 nobis
2456 5656 2732 5712 Judaeum
2764 5657 2823 5712 in
2851 5654 3225 5722 abscondito,
3271 5669 3395 5712 non
3430 5652 3625 5711 carnis
