4118 6164
574 192 693 253 ’795

589 320 1063 387 circumcisione,
1098 322 1201 377 sed
1244 320 1457 389 cordis,
1490 323 1550 376 et
1585 318 1820 390 spiritu,
1852 332 1972 373 non
1993 316 2187 373 littera
2217 332 2233 384 ;

588 410 727 484 quis
756 410 990 478 estiste,
1018 410 1128 464 nisi
1162 409 1535 465 Christianus
1558 408 1587 465 i’

660 500 745 554 10.
769 500 857 553 Sic
886 498 1084 570 itaque
1112 514 1321 553 sumus
1347 497 1563 562 Judaei,
1597 511 1719 552 non
1763 494 2098 559 carnaliter,
2130 492 2235 549 sed

588 586 1505 658 spiritualiter,quemadmodum
1520 601 1723 640 sumus
1742 598 1944 639 semen
1959 582 2235 645 Abrahae,

587 689 707 729 non
735 675 1066 730 secundum
1080 675 1501 739 carnem,sicut
1515 674 1595 729 illi
1616 673 1719 746 qui
1741 673 1815 728 de
1842 673 1976 741 ipso
1994 670 2236 726 nomine

587 762 809 818 carnali
823 764 1105 836 superbia
1118 762 1581 833 gloriantur,sed
1604 761 1939 817 secundum
1953 759 2234 831 spiritum

586 850 747 918 ﬁdei,
780 853 943 924 quod
968 868 1088 908 non
1119 853 1218 908 illi.
1258 853 1489 909 Scimus
1519 851 1681 907 enim
1712 867 1823 905 nos
1854 849 2037 904 fuisse
2086 862 2230 919 pro-

586 939 825 1006 missos,
870 942 1117 1011 quando
1147 942 1198 996 ei
1256 941 1403 997 dixit
1430 944 1583 996 Deus
1615 956 1629 995 :
1682 939 1903 995 Patrem
1940 936 2239 993 multarum

586 1030 826 1100 gentium
855 1030 1010 1100 posui
1044 1036 1089 1084 te
1110 1030 1263 1101 (Gen.
1306 1035 1448 1099 xvu,
1480 1033 1558 1097 4),
1612 1032 1676 1084 Et
1703 1044 1889 1100 quam
1923 1027 2115 1082 multa
2164 1025 2238 1080 de

589 1118 701 1173 hac
716 1134 775 1173 re
790 1117 945 1174 dicat
960 1119 1280 1190 Apostolus
1294 1119 1431 1174 novi
1443 1118 1845 1173 mus.Dicimus
1856 1114 2236 1187 enim,inquit,

588 1208 835 1277 quoniam
868 1206 1122 1278 deputata
1152 1211 1227 1262 est
1255 1207 1495 1262 Abrahm
1531 1207 1659 1277 ﬁdes
1688 1206 1759 1261 ad
1776 1205 2073 1277 justitiam.
2105 1204 2242 1269 Quo-

589 1296 740 1351 modo
763 1312 882 1366 ergo
906 1296 1162 1368 deputata
1187 1297 1310 1352 est?
1330 1314 1450 1352 cum
1470 1297 1529 1351 in
1558 1295 1973 1351 circumcisione
1995 1299 2141 1357 esset,
2168 1307 2241 1346 an

590 1401 706 1440 cum
732 1392 858 1440 esset
912 1386 970 1440 in
1002 1389 1271 1457 praeputio
1291 1387 1320 1438 ?
1352 1389 1474 1441 Non
1506 1386 1566 1440 in
1596 1384 2022 1451 circumcisione,
2049 1381 2148 1437 sed
2181 1382 2241 1435 in

586 1476 884 1545 praeputio.
942 1476 1015 1532 Et
1052 1476 1261 1547 signum
1299 1476 1507 1545 accepit
1561 1473 2018 1537 circumcisionis,
2064 1472 2242 1542 signa-

587 1569 765 1618 culum
787 1564 1022 1634 justitiae
1046 1564 1195 1635 ﬁdei,
1221 1582 1338 1635 quae
1361 1570 1443 1619 est
1482 1564 1541 1618 in
1572 1562 1847 1634 praeputio
1866 1577 1889 1617 .’
1910 1568 1969 1616 ut
1998 1560 2049 1615 si
2080 1566 2243 1630 pater

587 1653 827 1707 omnium
856 1654 1191 1708 credentium
1204 1670 1299 1724 per
1308 1654 1667 1724 praeputium:
1682 1658 1741 1707 ut
1766 1652 2058 1722 deputetur
2070 1655 2118 1703 et
2130 1648 2243 1703 illis

586 1741 657 1796 ad
684 1742 963 1812 justitiam
992 1749 1051 1796 ut
1077 1742 1149 1796 sit
1166 1749 1330 1811 pater
1358 1741 1808 1805 circumcisionis,
1842 1756 1950 1795 non
1973 1739 2044 1792 iis
2072 1737 2243 1792 solum

590 1831 686 1901 qui
694 1831 1173 1885 excircumcisione
1188 1837 1313 1886 sunt
1332 1831 1440 1897 ,sed
1456 1838 1503 1885 et
1528 1830 2010 1901 iisquisequuntur
2022 1827 2243 1897 vestigia

585 1919 853 1990 ﬁdei,quae
865 1927 938 1973 est
950 1920 1010 1974 in
1016 1937 1134 1990 pra
1138 1920 1290 1990 putio
1298 1922 1481 1990 patris
1492 1920 1669 1974 nostri
1676 1919 1737 1973 .A
1750 1918 1973 1973 braham
1983 1956 1996 1969 .
2013 1918 2079 1971 Et
2096 1918 2243 1970 Pau-

588 2008 649 2065 lo
664 2012 801 2079 post
829 2024 841 2063 :
866 2008 1010 2074 Ideo,
1044 2010 1255 2081 inquit,
1284 2025 1352 2063 ex
1378 2009 1499 2079 ﬁde,
1518 2007 1876 2063 utsecundum
1892 2006 2132 2077 gratiam
2151 2004 2243 2075 ﬁr-

586 2114 673 2151 ma
708 2096 781 2152 sit
817 2097 1107 2167 promissio
1135 2100 1281 2153 omni
1306 2097 1501 2153 semini
1522 2114 1541 2161 ;
1573 2114 1679 2152 non
1704 2096 1756 2151 ei
1771 2103 1986 2151 tantum
2010 2093 2154 2166 quod
2176 2109 2244 2147 ex

586 2186 724 2258 Lege
747 2194 840 2252 est,
856 2187 947 2242 sed
974 2195 1022 2242 et
1036 2187 1239 2258 eiquod
1250 2204 1316 2242 ea:
1338 2187 1439 2258 ﬁde
1460 2194 1539 2242 est
1554 2187 1863 2252 Abraham,
1889 2185 1985 2256 qui
1996 2191 2071 2239 est
2081 2190 2244 2255 pater

587 2277 825 2331 omnium
880 2282 1145 2341 nostrum,
1194 2277 1335 2332 sicut
1373 2276 1638 2346 scriptum
1690 2282 1785 2338 est,
1840 2274 1982 2339 Quia
2034 2280 2243 2344 patrem

587 2366 892 2421 multarum
923 2367 1161 2436 gentium
1201 2366 1355 2437 posui
1388 2371 1434 2421 te
1468 2366 1641 2437 (Rom.
1673 2380 1749 2429 IV,
1784 2364 1963 2436 9-17).
1994 2366 2135 2419 Item
2167 2360 2244 2417 ad

591 2455 827 2512 Galatas
850 2474 870 2511 :
896 2454 1043 2510 Sicut
1074 2455 1378 2519 Abraham,
1414 2453 1628 2525 inquit,
1659 2452 1894 2507 credidit
1927 2452 2059 2515 Deo,
2081 2458 2129 2506 et
2159 2451 2245 2505 de-

595 2551 849 2615 putatum
880 2551 952 2598 est
984 2542 1074 2597 illi
1096 2541 1799 2614 adjustitiam.1ntelligite
1837 2557 1962 2612 ergo
1987 2541 2244 2611 quoniam

588 2634 682 2703 qui
712 2648 777 2685 ea:
814 2631 935 2703 ﬁde,
969 2631 1028 2684 hi
1063 2639 1188 2686 sunt
1214 2631 1323 2701 ﬁlii
1371 2631 1669 2685 Abraham.
1729 2629 2026 2684 Providens
2062 2635 2245 2684 autem

593 2720 886 2791 Scriptura
905 2722 1034 2790 quia
1062 2736 1128 2774 ea:
1148 2719 1249 2790 ﬁde
1271 2720 1541 2791 justiﬁcat
1568 2726 1743 2790 gentes
1789 2719 1959 2783 Deus,
1987 2732 2248 2788 praenun-

592 2808 753 2865 tiavit
782 2808 1039 2873 Abrahae,
1075 2808 1215 2874 Quia
1242 2808 1623 2863 benedicentur
1652 2809 1712 2862 in
1742 2814 1792 2862 te
1821 2824 1998 2861 omnes
2026 2814 2205 2878 gentes
2224 2823 2246 2862 ,⁸

593 2900 675 2953 ita
685 2905 745 2952 ut
773 2898 869 2968 qui
879 2914 943 2952 ea:
956 2898 1058 2968 ﬁde
1071 2903 1216 2963 sunt,
1237 2897 1620 2953 benedicuntur
1640 2914 1759 2952 cum
1770 2896 1916 2967 ﬁdeli
1942 2898 1988 2951 Α
1999 2896 2242 2951 braham.

590 2988 721 3043 lam
770 2987 1079 3058 aliquanto
1130 2992 1261 3057 post
1314 2988 1372 3041 in
1417 2987 1629 3043 eadem
1664 2985 2244 3058 EpistolazFratres,

594 3076 806 3148 inquit,
840 3077 1126 3132 secundum
1146 3077 1409 3132 hominem
1441 3077 1561 3132 dico
1585 3092 1609 3141 ;
1651 3082 1839 3131 tamen
1869 3075 2101 3130 hominis
2125 3091 2250 3129 con-

592 3167 871 3238 ﬁrmatum
899 3172 1266 3221 testamentum
1289 3182 1438 3220 nemo
1460 3164 1839 3235 irritum/acu
1869 3171 1965 3219 aut
1993 3179 2249 3234 superor-

592 3254 768 3310 dinat.
802 3254 1037 3310 Abrahae
1067 3255 1226 3310 dictae
1255 3260 1381 3309 sunt
1403 3254 1781 3326 promissiones
1801 3261 1850 3309 et
1887 3252 2080 3308 semini
2110 3253 2243 3324 ejus.

593 3345 717 3401 Non
738 3344 891 3409 dicit,
932 3345 1006 3399 Et
1032 3343 1347 3408 seminibus,
1380 3350 1635 3415 tanquam
1664 3344 1720 3397 in
1750 3342 1941 3397 multis
1970 3341 2096 3407 ;sed
2126 3347 2250 3395 tan—

593 3450 749 3505 quam
778 3433 837 3487 in
866 3450 994 3499 uno,
1015 3434 1090 3487 Et
1121 3432 1313 3486 semini
1335 3439 1444 3497 tuo,
1473 3432 1611 3503 quod
1657 3438 1733 3487 est
1778 3431 2049 3487 Christus.
2103 3431 2247 3485 Item

596 3523 778 3595 paulo
802 3526 935 3593 post
967 3537 980 3576 :
1025 3522 1216 3576 Omnes
1244 3538 1387 3575 enim
1426 3537 1534 3589 oos,
1570 3521 1780 3593 inquit,
1847 3536 2015 3575 unum
2040 3519 2165 3574 estis
2190 3521 2250 3573 in

596 3611 810 3667 Christo
862 3611 987 3666 Iesu
1017 3626 1040 3677 ;
1065 3611 1115 3664 si
1152 3617 1329 3666 autem
1373 3627 1459 3665 vos
1485 3610 1611 3664 estis
1645 3609 1877 3676 Christi,
1904 3626 2027 3680 ergo
2068 3608 2252 3663 Abra—

597 3699 679 3754 hae
708 3715 876 3755 semen
908 3699 1349 3767 estis,secundum
1358 3698 1769 3770 promissionem
1796 3697 2247 3769 hmredes(Galat.

598 3804 679 3854 ιιι,
709 3787 880 3859 6-29).

669 3887 756 3942 11.
793 3887 1137 3944 Secundum
1162 3886 1342 3943 istum
1370 3901 1513 3956 ergo
1564 3884 1927 3941 intellectum
1976 3882 2253 3956 apostoli-

597 3990 733 4031 cum
763 3975 1148 4032 inveniuntur
1173 3975 1364 4030 Judmi
1396 3975 1501 4047 qui
1557 3973 1866 4030 Christiani
1919 3989 2040 4029 non
2091 3976 2248 4038 sunt,

607 4080 746 4118 cum
776 4080 843 4118 ex
874 4079 1052 4120 carne
1083 4063 1334 4119 Abrahae
1364 4062 1659 4132 originem
1689 4062 1936 4126 ducant,
1963 4076 2083 4117 non
2116 4077 2250 4116 esse

600 4150 701 4205 ﬁlii
715 4151 992 4206 Abrahae.
1018 4153 1162 4206 Cum
1196 4150 1355 4205 enim
1387 4149 1849 4220 dicit,lntelligite
1864 4165 1987 4220 ergo
1998 4149 2253 4221 quoniam

598 4240 696 4311 qui
722 4255 789 4293 ex
815 4238 933 4310 ﬁde,
980 4238 1039 4293 hi
1062 4246 1190 4293 sunt
1221 4238 1326 4309 ﬁlii
1356 4237 1599 4293 Abrahae
1627 4261 1647 4308 ,-
1677 4237 1940 4309 profecto
1962 4238 2254 4307 signiﬁcat

598 4343 700 4384 eos
730 4328 831 4400 qui
861 4343 928 4384 ex
948 4327 1065 4383 ﬁde
1098 4343 1220 4384 non
1242 4332 1398 4393 sunt,
1416 4343 1537 4383 non
1565 4326 1716 4382 ﬁlios
1730 4326 2005 4383 Abrahae.
2030 4329 2111 4383 Ac
2124 4340 2253 4382 esse

596 4433 703 4490 per
727 4417 858 4484 hoc,
895 4416 1007 4472 nisi
1044 4416 1263 4472 Judaais
1293 4432 1363 4473 eo
1405 4416 1587 4472 modo
1621 4414 1696 4471 sit
1728 4420 1896 4486 pater
1926 4415 2251 4480 Abraham,

597 4506 908 4579 quomodo
935 4506 1225 4572 estnobis,
1251 4504 1398 4578 quid
1425 4506 1508 4561 eis
1524 4504 1966 4577 prodest,quod
1988 4504 2061 4560 de
2076 4519 2253 4561 carne

596 4596 727 4668 ejus
758 4596 943 4651 exorti
966 4599 1189 4659 sunt,et
1209 4610 1428 4650 nomen
1461 4594 1589 4649 sine
1623 4593 1832 4649 virtute
1859 4596 1875 4629 ¹
1896 4593 2255 4650 tenuerunt?

597 4686 744 4741 Cum
789 4688 989 4741 autem
1042 4684 1120 4740 ad
1152 4684 1449 4742 Christum
1504 4688 1831 4749 transeunt,
1861 4688 1918 4739 et
1962 4683 2255 4755 incipiunt

599 4788 727 4828 esse
756 4788 825 4827 ex
856 4772 973 4828 ﬁde
1015 4772 1122 4828 ﬁlii
1165 4772 1439 4837 Abrahae,
1489 4777 1631 4828 tunc
1664 4778 1831 4829 erant
1877 4771 2087 4837 Judaei,
2129 4787 2253 4827 non

598 4861 660 4918 in
692 4860 1141 4927 manifesto,sed
1165 4861 1225 4915 in
1257 4860 2098 4929 abscondito,circumcisione
2119 4876 2256 4916 cor-

597 4950 728 5017 dis;
782 4949 1011 5023 spiritu,
1044 4964 1164 5005 non
1194 4949 1383 5007 littera
1416 4968 1429 5019 ;
1463 4966 1722 5022 quorum
1754 4951 1884 5006 laus
1933 4965 2054 5005 non
2090 4950 2163 5005 sit
2184 4965 2255 5006 ex

594 5038 957 5104 hominibus,
979 5037 1085 5092 sed
1114 5052 1183 5093 ex
1210 5037 1347 5094 Deo.
1367 5038 1453 5093 Ab
1480 5037 1591 5094 hac
1619 5043 1819 5094 autem
1835 5037 1956 5093 ﬁde
1987 5038 2251 5105 alienati,

595 5129 656 5185 in
689 5129 873 5186 ramis
896 5125 1101 5183 fractis
1128 5126 1579 5198 deputabuntur
1607 5143 1680 5183 ex
1708 5127 1809 5184 illa
1833 5128 1963 5183 olea
1992 5130 2054 5182 in
2086 5127 2255 5198 cujus

598 5218 859 5275 radicem
892 5217 1050 5272 idem
1082 5216 1222 5272 dicit
1251 5216 1562 5287 apostolus
1597 5216 1773 5271 inseri
1814 5215 2161 5281 oleastrum,
2195 5215 2255 5271 id

598 5311 686 5363 est
717 5311 923 5375 gentes
951 5306 1129 5377 (Rom.
1152 5323 1229 5373 ιι,
1266 5304 1478 5377 16-25);
1502 5305 1666 5377 quod
1697 5306 1901 5376 utique
1926 5319 2047 5359 non
2072 5304 2139 5359 ﬁt
2153 5319 2255 5376 per

601 5410 869 5459 carnem,
918 5396 1025 5450 sed
1057 5411 1163 5467 per
1226 5394 1408 5450 ﬁdem
1442 5409 1678 5466 ;neque
1726 5409 1831 5466 per
1878 5392 2114 5463 Legem,
2149 5394 2254 5449 sed

601 5497 706 5552 per
741 5483 1027 5553 gratiam;
1069 5500 1178 5540 nec
1194 5499 1297 5556 per
1326 5483 1604 5551 litteram,
1655 5482 1760 5539 sed
1804 5497 1909 5554 per
1935 5483 2206 5554 spiritum
2236 5500 2249 5550 ;

602 5584 797 5641 neque
854 5574 1049 5628 carnis
1098 5574 1568 5640 circumcisione,
1619 5571 1723 5628 sed
1766 5572 2010 5638 cordis;
2052 5587 2162 5629 nec
2190 5572 2252 5629 in

668 5714 685 5747 ι
718 5709 867 5763 Unus
901 5724 929 5762 e
964 5711 1136 5770 Vatic.
1172 5711 1320 5773 Mss.,
1354 5712 1595 5770 veritate.

1868 191 1925 248 S.
1965 188 2354 249 AUGUSTINI
2394 188 2715 249 EPISCOPI
3834 205 3923 261 me,

2346 316 2697 385 manifesto,
2728 315 2837 373 sed
2856 315 2916 373 in
2940 315 3337 386 abscondito;
3365 332 3475 375 nec
3500 317 3669 378 laude
3690 338 3757 379 ex
3771 323 3928 383 homi-

2345 405 2544 469 nibus,
2604 406 2711 463 sed
2738 420 2811 462 ex
2840 406 2961 462 Deo
2994 423 3008 461 :
3048 410 3110 463 ul
3168 406 3242 463 sit
3278 409 3678 481 unusquisque
3706 412 3933 471 Christia-

2344 495 2637 561 nus,sicut
2658 510 2778 551 non
2792 494 3050 552 carnalis
3068 494 3175 551 sed
3197 495 3516 567 spiritualis
3539 497 3771 556 Abrahae
3784 500 3931 569 ﬁlius;

2344 583 2423 639 ita
2451 600 2570 641 non
2585 584 2845 641 carnalis
2876 584 2984 640 sed
3014 584 3337 657 spiritualis
3374 586 3624 653 Judmus,
3654 603 3754 645 nec
3771 605 3934 647 carna-

2347 672 2419 728 lis
2447 677 2552 731 sed
2581 673 2907 746 spiritualis
2938 673 3220 730 Israelita.
3256 676 3405 730 Nam
3426 679 3483 730 et
3504 675 3577 730 de
3614 675 3719 733 isto
3739 679 3935 736 nomine

2347 762 2431 818 sic
2447 762 2768 834 Apostolus
2790 762 3054 835 loquitur
3076 780 3090 818 :
3109 762 3234 818 Non
3250 764 3391 819 enim
3406 779 3583 821 omnes
3599 766 3689 836 qui
3711 781 3771 821 es:
3788 766 3939 837 Israel,

2347 851 2407 906 hi
2428 858 2559 907 sunt
2582 851 2757 908 Israel
2784 869 2801 907 :
2838 868 3007 924 neque
3034 852 3128 924 qui
3164 860 3294 909 sunt
3321 870 3496 909 semen
3530 853 3806 923 Abraham,
3849 871 3940 913 om-

2345 957 2436 995 nes
2463 941 2579 1012 ﬁlii
2600 957 2625 1007 ;
2665 941 2759 996 sed
2778 940 2840 995 in
2863 941 3021 997 Isaac
3055 943 3344 998 vocabitur
3375 942 3479 998 tibi
3520 959 3723 999 semen:
3767 944 3843 999 hoc
3867 954 3939 1011 est,

2345 1045 2451 1084 non
2481 1029 2530 1084 ii
2564 1030 2660 1101 qui
2689 1030 2803 1101 ﬁlii
2825 1032 3038 1094 carnis,
3070 1030 3131 1084 hi
3156 1030 3268 1101 ﬁlii
3294 1029 3414 1095 Dei,
3445 1030 3541 1086 sed
3556 1030 3663 1101 ﬁlii
3689 1031 3944 1100 promissio-

2346 1118 2435 1172 nis
2458 1118 2791 1190 deputantur
2820 1121 2883 1174 in
2912 1136 3089 1175 semen
3128 1119 3236 1192 (Ιά.
3271 1136 3346 1185 Ix,
3380 1124 3412 1175 6
3443 1120 3519 1191 8).
3566 1120 3765 1176 Nonne
3800 1122 3943 1179 mira-

2347 1206 2492 1264 bilia
2512 1224 2737 1279 magna
2765 1213 2906 1264 sunt
2925 1209 3059 1275 ista,
3101 1208 3594 1281 profundumque
3622 1210 3943 1281 mysterium,

2349 1300 2414 1351 ut
2439 1296 2606 1352 multi
2635 1314 2707 1353 ex
2747 1297 2926 1355 Israel
2958 1298 3103 1365 nati,
3147 1313 3267 1354 non
3318 1299 3437 1354 sint
3477 1297 3657 1354 Israel
3684 1300 3724 1364 ¹,
3750 1304 3801 1354 et
3819 1299 3946 1355 multi
4050 1342 4051 1371 1

2349 1400 2471 1441 non
2503 1387 2620 1441 sint
2644 1386 2769 1453 ﬁlii,
2790 1402 2927 1443 cum
2958 1387 3077 1443 sint
3117 1402 3320 1443 semen
3354 1386 3611 1443 Abrahae
3631 1388 3659 1443 ?
3689 1388 3947 1452 Quomodo

2349 1474 2511 1530 enim
2543 1490 2664 1531 non
2698 1481 2855 1542 sunt,
2874 1476 3182 1550 quomodo
3223 1482 3373 1533 nos'
3407 1492 3618 1532 sumus
3661 1475 3689 1531 7
3716 1476 3816 1532 nisi
3837 1476 3947 1548 quia
4050 1474 4051 1535 ἶ

2349 1577 2470 1619 non
2494 1570 2630 1620 sunt
2650 1564 2752 1620 ﬁlii
2780 1565 3195 1637 promissionis
3216 1566 3293 1621 ad
3318 1564 3536 1622 Christi
3560 1565 3796 1637 gratiam
3817 1565 3951 1635 perti-
4050 1582 4051 1587 π

2350 1656 2578 1718 nentes,
2601 1653 2706 1708 sed
2740 1653 2841 1709 ﬁlii
2874 1654 3070 1709 carnis
3091 1668 3313 1710 nomen
3344 1653 3528 1710 inane
3551 1658 3828 1724 gestantes
3851 1651 3947 1710 ‘tAc

2350 1756 2456 1812 per
2499 1741 2613 1797 hoc
2638 1757 2748 1798 nec
2779 1741 2859 1798 illi
2884 1748 3024 1799 sunt
3054 1742 3251 1808 Israel,
3300 1742 3452 1799 sicut
3482 1758 3689 1798 sumus
3718 1757 3844 1805 nos;
3869 1758 3949 1798 nec

2350 1844 2463 1885 nos
2506 1846 2715 1886 sumus
2742 1831 2941 1897 Israel,
2984 1833 3137 1888 sicut
3179 1831 3446 1888 suntilli.
3481 1834 3597 1888 Nos
3614 1832 3764 1887 enim
3788 1846 3949 1886 sumus

2352 1918 2688 1974 secundum
2721 1920 3092 1992 spiritualem
3124 1919 3663 1991 regenerationem,
3689 1919 3764 1975 illi
3786 1936 3947 1975 secun-

2351 2006 2499 2063 dum
2519 2008 2824 2065 carnalem
2850 2009 3326 2080 generationem.

2428 2096 2873 2153 lZJntuendum
2899 2098 3222 2172 estquippe
3235 2113 3306 2155 ac
3331 2096 3947 2162 discernendum,alium

2353 2200 2488 2241 esse
2539 2186 2719 2242 Israel
2751 2187 2854 2259 qui
2886 2191 3123 2260 propter
3179 2202 3427 2244 carnem
3480 2201 3699 2242 nomen
3751 2185 3948 2256 accepit,

2354 2274 2537 2330 alium
2565 2290 2699 2330 vero
2715 2276 3078 2348 quipropter
3106 2276 3403 2349 spiritum,
3449 2292 3578 2331 rem
3608 2291 3734 2347 quae
3762 2273 3847 2330 illo
3872 2289 3950 2329 no-

2354 2364 2516 2419 mine
2536 2363 2926 2433 signiﬁcatur,
2950 2365 3225 2422 obtinuit.
3254 2364 3563 2437 Numquid
3577 2365 3730 2420 enim
3754 2379 3816 2418 ex
3832 2363 3949 2432 Agar

2357 2452 2571 2509 ancilla
2593 2453 2756 2509 Saraa
2782 2454 2907 2509 nati
2934 2458 3078 2509 sunt
3110 2453 3387 2510 Israelita;
3408 2455 3438 2511 7
3471 2468 3670 2510 nonne
3694 2451 3876 2507 Ismael
3901 2466 3951 2506 ex

2355 2541 2454 2597 illa
2486 2548 2662 2599 natus
2693 2548 2799 2608 est,
2833 2548 2889 2599 et
2932 2559 3054 2600 non
3091 2544 3514 2611 lsraelitarum,
3558 2542 3662 2598 sed
3692 2540 3952 2596 Ismaelila-

2355 2646 2490 2687 rum
2518 2636 2755 2701 gentem
2783 2648 2893 2687 suo
2912 2632 3140 2689 semine
3159 2634 3516 2704 propagavit
3535 2633 3560 2687 Ἰ
3576 2634 3651 2687 De
3674 2632 3804 2688 Sara
3828 2644 3952 2685 nam-

2356 2736 2473 2792 que
2501 2720 2661 2775 venit
2688 2720 2863 2777 Israel
2878 2736 2983 2792 per
3004 2721 3194 2787 Isaac,
3209 2722 3391 2793 quiex
3407 2720 3791 2794 promissione
3814 2722 3946 2773 natus

2357 2814 2445 2865 est
2482 2809 2758 2865 Abrahae.
2802 2812 3025 2865 Tamen
3060 2826 3198 2866 cum
3249 2811 3588 2865 secundum
3622 2808 3951 2881 propaginem

2357 2899 2554 2953 carnis
2604 2915 2666 2954 se
2698 2899 2781 2955 ita
2806 2914 2900 2955 res
2930 2898 3179 2965 habeat,
3234 2899 3475 2955 venitur
3528 2898 3606 2954 ad
3646 2896 3948 2953 intellectum

2359 2987 2745 3058 spiritualem,
2762 2993 2817 3043 et
2840 2988 3221 3043 inveniuntur
3238 2986 3317 3043 ad
3341 2989 3555 3044 Saram
3582 3002 3698 3042 non
3719 2982 3953 3057 pertinere

2357 3075 2629 3131 carnales
2658 3075 2958 3143 Israelita,
3000 3077 3102 3149 qui
3143 3091 3213 3132 ex
3247 3075 3346 3132 illa
3370 3076 3572 3132 carnis
3598 3074 3861 3145 originem
3878 3070 3955 3124 du-

2357 3168 2501 3219 cunt
2529 3180 2543 3229 ;
2571 3170 2628 3220 et
2666 3166 2961 3236 pertinere
3009 3165 3086 3221 ad
3139 3181 3274 3221 eam
3307 3166 3511 3237 potius
3549 3160 3855 3225 Christiani,
3880 3158 3955 3230 qui

2357 3267 2475 3308 non
2505 3253 2839 3308 secundum
2872 3252 3088 3309 Ismael
3110 3252 3214 3308 ﬁlii
3242 3257 3381 3309 sunt
3416 3254 3638 3321 carnis,
3666 3250 3767 3307 sed
3789 3261 3951 3304 secun-

2358 3339 2506 3396 dum
2562 3342 2730 3397 Isaac
2769 3342 2873 3397 ﬁlii
2902 3346 3041 3398 sunt
3080 3341 3520 3413 promissionis,
3563 3356 3682 3397 non
3714 3338 3786 3395 ad
3807 3336 3949 3409 ipsius

2361 3432 2521 3486 Isaac
2538 3429 2776 3487 carnale
2817 3447 3047 3501 semen,
3082 3430 3185 3486 sed
3220 3431 3292 3487 ad
3325 3430 3635 3503 spirituale
3660 3425 3951 3501 mysterium

2360 3520 2740 3591 pertinentes.
2770 3521 2853 3575 Ita
2872 3521 3099 3592 quippe
3130 3519 3209 3575 ad
3235 3519 3477 3576 Galatas
3499 3517 3803 3592 Apostolus
3815 3511 3954 3584 loqui-

2359 3612 2476 3672 tur,
2508 3606 2691 3663 Dicite
2711 3609 2869 3673 mihi,
2898 3608 2994 3664 sub
3023 3611 3156 3680 Lege
3168 3625 3273 3663 esse
3299 3608 3556 3675 colentes,
3582 3608 3758 3679 Legem
3785 3619 3871 3659 non
3886 3617 3954 3656 au-

2358 3696 2519 3751 distis
2545 3696 2573 3751 ‘l
2598 3696 2874 3766 Scriptum
2905 3705 2979 3753 est
3018 3698 3165 3754 enim
3194 3697 3330 3770 quod
3374 3700 3416 3752 Α
3432 3696 3661 3751 braham
3710 3695 3825 3749 duos
3852 3691 3954 3763 ﬁlim

2360 3785 2569 3850 habuit,
2615 3803 2783 3842 unum
2816 3787 2878 3842 de
2903 3786 3132 3852 ancilla,
3160 3794 3209 3842 et
3245 3803 3413 3842 unum
3442 3786 3507 3842 de
3544 3786 3732 3841 libera.
3761 3781 3848 3838 Sed
3891 3778 3954 3833 ille

2359 3875 2568 3946 quidem
2592 3878 2688 3946 qui
2715 3875 2778 3930 de
2796 3876 3023 3941 ancilla,
3046 3875 3329 3932 secundum
3356 3891 3576 3931 carnem
3594 3880 3747 3930 natus
3765 3879 3835 3928 est
3856 3868 3955 3939 :qui

2359 3969 2536 4019 autem
2566 3964 2627 4019 de
2650 3964 2844 4031 libera,
2876 3982 2974 4036 per
3004 3964 3483 4037 repromissionem
3514 3980 3675 4036 ;quae
3697 3967 3809 4017 sunt
3836 3959 3881 4013 in
3901 3955 3955 4011 al-

2360 4053 2582 4123 legoria.
2610 4053 2739 4109 Haec
2761 4054 2903 4109 enim
2927 4060 3054 4109 sunt
3082 4053 3188 4109 duo
3220 4055 3571 4109 Testamenta.
3609 4053 3775 4109 Unum
3794 4046 3955 4122 quidem

2359 4159 2393 4196 a
2423 4150 2596 4198 monte
2622 4142 2774 4207 Sina,
2800 4144 2857 4198 in
2884 4144 3203 4199 servitutem
3224 4158 3506 4214 generans,
3547 4141 3684 4214 quod
3712 4147 3778 4196 est
3800 4139 3953 4208 Agar:

2361 4230 2495 4286 Sina
2525 4232 2665 4286 enim
2697 4248 2848 4287 mons
2866 4239 2940 4287 est
2969 4233 3027 4287 in
3048 4231 3288 4298 Arabia,
3321 4232 3414 4303 qui
3442 4232 3755 4302 conjunctus
3775 4234 3839 4282 est
3859 4223 3951 4279 huic

2358 4336 2478 4391 quae
2508 4336 2650 4375 nunc
2674 4328 2748 4376 est
2787 4321 3108 4385 Jerusalem,
3140 4328 3189 4376 et
3214 4321 3382 4376 servit
3405 4335 3532 4376 rum
3562 4318 3695 4391 ﬁliis
3714 4316 3833 4372 suis.
3861 4311 3957 4375 Qua!

2362 4416 2541 4466 autem
2569 4426 2784 4466 sursum
2807 4416 2883 4465 est
2902 4410 3228 4475 Jerusalem,
3264 4408 3441 4465 libera
3468 4416 3583 4479 est;
3602 4423 3714 4479 qua
3739 4411 3808 4460 est
3826 4406 3956 4456 mater
4050 4416 4051 4423 ‘

2361 4505 2569 4553 nostra.
2595 4499 2875 4570 Scriptum
2927 4507 3000 4554 est
3046 4498 3210 4564 enim,
3242 4498 3464 4553 Laetare
3485 4496 3708 4560 sterilis,
3756 4507 3857 4565 quae

2354 4589 2540 4659 paris,
2581 4604 2797 4659 erumpe
2850 4592 2899 4642 et
2924 4586 3187 4654 exclama,
3219 4603 3336 4658 quae
3385 4602 3492 4641 non
3546 4582 3830 4657 parturis;
3861 4582 3957 4649 quia
4050 4618 4051 4625 η

2362 4675 2523 4731 multi
2550 4676 2661 4747 ﬁlii
2683 4676 2925 4743 desertae,
2949 4677 3122 4747 magis
3143 4692 3303 4748 quam
3333 4675 3447 4746 ejus
3473 4690 3593 4746 quae
3620 4672 3762 4727 habet
3797 4668 3955 4723 cirum.

2364 4767 2473 4823 Nos
2500 4773 2699 4834 autem,
2723 4766 2945 4837 fratres,
2977 4765 3270 4821 secundum
3296 4764 3449 4820 Isaac
3503 4758 3852 4834 promissionis
3876 4751 3959 4823 ﬁlii

2363 4871 2564 4911 sumus.
2622 4854 2731 4911 Sed
2772 4856 2909 4910 sicut
2937 4861 3081 4921 tunc,
3131 4855 3227 4925 qui
3265 4853 3551 4909 secundum
3604 4865 3804 4907 carnem
3836 4847 3958 4899 nam

2362 4944 2567 5016 fuerat,
2597 4944 3011 5016 persequebatur
3039 4960 3154 4998 eum
3182 4944 3279 5014 qui
3300 4942 3589 4998 secundum
3608 4939 3866 5011 spiritum,
3900 4931 3955 4983 ita

2365 5041 2415 5088 et
2443 5048 2605 5089 nunc.
2629 5032 2729 5088 Sed
2751 5032 2881 5105 quid
2931 5032 3067 5087 dicit
3101 5032 3397 5103 Scriptura
3425 5032 3454 5088 7
3482 5030 3641 5101 Ejice
3678 5023 3899 5082 ancillam
3920 5021 3955 5071 et

2363 5123 2542 5194 ﬁlim"
2563 5124 2676 5194 cf!“
2700 5138 2718 5187 ;
2749 5139 2853 5176 ηοη
2880 5120 3021 5176 enim
3036 5121 3207 5177 heres
3231 5121 3341 5175 erit
3364 5119 3513 5191 ﬁlius
3539 5116 3855 5173 ancillzcum
3865 5106 3954 5179 ﬁlio

2367 5212 2576 5267 liberm.
2605 5211 2716 5268 Nos
2743 5217 2946 5276 autem,
2993 5210 3226 5281 fratres,
3267 5226 3372 5265 non
3429 5225 3608 5264 sumus
3644 5202 3835 5260 ancillas
3854 5195 3949 5269 ﬁlii,

2364 5300 2453 5356 sed
2490 5300 2673 5356 liberae
2695 5318 2715 5365 ;
2745 5316 2851 5373 qua
2873 5299 3123 5356 libertate
3146 5298 3502 5355 Christusnos
3532 5293 3769 5353 liberavit
3788 5286 3948 5361 (Galat-

2365 5406 2441 5456 ιν,
2469 5391 2683 5460 2t-3I).

2442 5480 2531 5535 13.
2598 5480 2743 5534 Ecce
2797 5476 3132 5533 secundum
3186 5475 3359 5532 istam
3418 5471 3767 5547 spiritualem
3811 5469 3947 5534 atque

2429 5588 2444 5618 ¹
2480 5586 2565 5637 Sic
2616 5588 2738 5637 Mss.
2766 5587 2834 5637 At
2859 5585 2991 5636 Edd.
3028 5584 3246 5646 habent,
3277 5597 3339 5633 ea:
3387 5582 3553 5633 Israel
3577 5594 3678 5631 non
3723 5574 3843 5631 sati;
3870 5570 3945 5619 sint

2366 5650 2595 5765 l‘rlileid.
2625 5711 2829 5763 Am.Er
2854 5726 2868 5761 :
2891 5710 3155 5772 Quomodo
3186 5709 3322 5761 enim
3341 5722 3448 5760 non
3471 5711 3605 5765 sunt,
3620 5694 3941 5772 quomodasunl-
