4118 6164
172 159 282 216 897

173 282 573 355 apostolicam
599 281 1052 352 intelligentiam
1102 297 1212 338 nos
1238 281 1436 354 potius
1457 281 1828 354 pertinemus

167 372 249 429 ad
272 372 521 428 liberam
563 372 793 436 Saram,
822 370 923 443 qui
956 386 1028 426 ex
1073 370 1171 426 illa
1209 371 1440 426 nullam
1470 371 1665 426 carnis
1693 386 1827 442 pro-

173 463 462 534 paginem
496 461 787 517 trahimus
823 460 1048 516 :Judaai
1078 464 1303 525 autem,
1344 460 1448 532 qui
1479 476 1551 514 ex
1581 459 1681 516 illa
1706 476 1830 516 car-

171 553 267 607 nis
301 550 695 623 propaginem
735 549 999 615 trahunt,
1033 550 1108 605 ad
1137 551 1291 619 Agar
1317 549 1513 621 potius
1546 549 1824 604 ancillam

171 641 467 713 pertinere
502 643 931 702 monstrantur,
965 639 1039 694 de
1070 654 1190 710 qua
1218 637 1414 693 carnis
1457 638 1831 710 propagatio-

172 744 318 786 nem
347 743 470 786 non
503 729 764 785 trahunt.
798 731 860 783 In
903 727 1223 799 nepotibus
1247 728 1427 784 etiam
1471 726 1724 783 Abrahae
1773 729 1829 782 et

173 820 358 883 Sarni,
393 817 449 872 id
500 823 587 874 est
618 817 754 872 ﬁliis
788 819 954 872 Isaac
1005 819 1061 870 et
1101 815 1400 882 Rebeccae,
1432 815 1543 871 illis
1574 814 1828 885 geminis

171 909 332 962 Esau
363 907 638 970 etJacob,
661 905 761 976 qui
789 910 998 977 postea
1016 908 1258 960 vocatus
1277 909 1362 960 est
1386 903 1582 971 Israel,
1616 903 1834 976 hocip-

174 1012 314 1052 sum
349 1011 642 1068 magnum
665 999 720 1050 et
749 993 1116 1066 profondum
1145 995 1494 1064 mysterium
1515 995 1826 1064 reperitur.

176 1085 260 1141 De
280 1101 404 1157 quo
427 1084 578 1140 idem
606 1083 914 1155 apostolus
935 1082 1363 1155 loquens,cum
1389 1099 1492 1153 per
1524 1085 1831 1153 lsaacpro-

174 1174 480 1229 missionis
501 1172 656 1228 ﬁlios
682 1176 1215 1227 commemorasset
1235 1171 1313 1227 ad
1338 1172 1544 1227 Christi
1573 1171 1827 1241 gratiam

172 1265 535 1335 pertinentes
569 1277 583 1317 :
615 1261 738 1318 Non
762 1261 929 1316 solum
959 1267 1157 1326 autem,
1187 1259 1500 1332 inquit,sed
1523 1267 1572 1316 et
1601 1260 1827 1316 Rebecca

171 1369 241 1407 ea:
267 1368 373 1408 uno
399 1351 686 1407 concubitu
714 1350 928 1406 habens.
961 1350 1115 1405 Isaac
1143 1350 1322 1420 patris
1347 1351 1542 1405 nostri.
1576 1349 1829 1404 Nondum

171 1441 320 1496 enim
348 1442 514 1506 natis,
546 1457 639 1495 nec
667 1441 762 1511 qui
783 1440 990 1510 egerint
1022 1439 1236 1509 aliquid
1264 1439 1384 1494 boni
1419 1447 1514 1494 aut
1568 1439 1720 1504 mali,
1767 1445 1828 1492 ut

169 1529 463 1586 secundum
492 1529 795 1584 electionem
831 1529 1159 1598 propositum
1191 1528 1293 1582 Dei
1324 1535 1585 1592 maneret,
1619 1545 1724 1582 non
1765 1543 1830 1582 ex

168 1619 449 1692 operibus,
480 1619 573 1674 sed
605 1636 670 1674 ea:
681 1625 895 1673 vocante
920 1617 1125 1672 dictum
1154 1623 1228 1671 est
1255 1618 1326 1680 ei,
1343 1618 1483 1682 Quia
1510 1618 1688 1687 major
1715 1633 1830 1672 ser-

170 1710 283 1764 viet
313 1710 523 1763 minori
547 1725 564 1774 ;
594 1710 731 1762 sicut
760 1707 1023 1777 scriptum
1038 1713 1134 1771 est,
1152 1705 1312 1760 Jacob
1339 1706 1694 1769 dilexi,Esau
1722 1723 1827 1760 au-

171 1805 277 1853 tem
307 1798 427 1852 odio
445 1796 832 1868 habuit(Rom.
868 1812 947 1864 ix,
978 1796 1187 1863 10-13).
1216 1797 1347 1850 Haec
1374 1801 1530 1850 certe
1561 1795 1829 1850 doctrina

169 1887 511 1959 apostolica
525 1891 702 1958 atque
715 1885 1007 1940 catholica
1021 1884 1163 1938 satis
1177 1884 1476 1939 evidenter
1497 1884 1832 1939 indicatno-

170 1976 293 2047 bis,
313 1975 642 2032 secundum
662 1973 959 2044 originem
991 1973 1189 2028 carnis
1220 1972 1299 2027 ad
1324 1973 1532 2028 Saram
1563 1972 1829 2037 Judteos,

171 2066 236 2121 id
255 2070 346 2120 est
381 2064 676 2121 Israelitas
708 2081 722 2131 ;
755 2063 832 2118 ad
869 2067 1026 2131 Agar
1058 2077 1196 2116 vero
1228 2062 1559 2117 lsmaelitas
1575 2063 1833 2133 pertine-

171 2169 240 2210 re
269 2174 281 2213 :
314 2153 644 2209 secundum
662 2159 860 2208 autem
889 2149 1241 2222 mysterium
1259 2150 1606 2221 spiritus,ad
1623 2153 1830 2206 Saram

173 2243 567 2307 Christianos,
609 2242 681 2298 ad
715 2240 1154 2310 Agarludaaos.
1184 2244 1324 2295 Item
1353 2240 1688 2295 secundum
1714 2240 1834 2295 ori-

173 2334 380 2404 ginem
411 2331 607 2388 carnis
635 2331 712 2386 ad
744 2333 917 2395 Esau,
945 2329 1046 2401 qui
1081 2329 1272 2384 dictus
1298 2335 1385 2384 est
1414 2329 1593 2384 etiam
1619 2329 1830 2398 Edom,

173 2427 417 2491 gentem
449 2419 849 2475 Idumaorum
879 2435 892 2484 ;
926 2418 1004 2474 ad
1033 2417 1216 2473 Jacob
1243 2423 1462 2482 autem,
1501 2417 1605 2488 qui
1636 2417 1830 2472 dictus

175 2511 461 2568 estetiam
491 2509 683 2574 Israel,
719 2513 956 2579 gentem
985 2506 1335 2562 Judaaorum
1368 2525 1380 2561 :
1411 2522 1592 2574 porro
1621 2522 1831 2562 secun-

175 2600 325 2655 dum
359 2599 707 2670 mysterium
735 2595 1079 2668 spiritus,ad
1110 2597 1264 2650 Esau
1289 2595 1633 2660 Judaeos,ad
1657 2595 1832 2652 Israel

180 2689 476 2761 pertinere
518 2686 901 2742 Christianos.
965 2685 1050 2740 Ita
1080 2683 1304 2756 quippe
1351 2685 1636 2756 impletur
1666 2685 1834 2757 quod

181 2777 467 2849 scriptum
528 2780 634 2840 est,
681 2775 865 2846 Major
919 2774 1118 2829 serviet
1156 2773 1382 2839 minori,
1420 2774 1480 2829 id
1521 2779 1629 2835 est,
1674 2775 1835 2845 prior

181 2871 361 2922 natus
393 2865 652 2938 populus
685 2864 1029 2919 Judaeorum
1065 2862 1373 2932 posteriori
1414 2869 1556 2918 nato
1607 2864 1834 2934 pOpulo

186 2954 680 3011 Christianorum.
711 2955 855 3008 Ecce
885 2950 1403 3024 quemadmodum
1420 2968 1630 3006 sumus
1657 2952 1838 3010 Israel

185 3044 510 3117 adoptione
540 3042 901 3107 divina,non
931 3040 1567 3110 humanacognatione
1582 3041 1838 3111 glorian-

187 3139 314 3200 tes;
343 3148 452 3189 nec
493 3133 553 3188 in
593 3131 932 3195 manifesto,
966 3130 1070 3186 sed
1102 3129 1161 3184 in
1202 3130 1434 3186 occulto
1461 3147 1480 3201 ;
1504 3146 1612 3186 nec
1646 3131 1839 3188 littera

189 3223 296 3280 sed
324 3220 534 3294 spiritu
568 3237 582 3288 ;
611 3236 720 3277 nec
747 3219 964 3285 carnis,
998 3220 1104 3277 sed
1133 3219 1331 3276 cordis
1362 3220 1836 3287 circumcisione,

183 3312 395 3370 Judaei.

251 3417 474 3476 CAPUT
497 3419 582 3472 IV.
611 3419 778 3472 -14.
808 3417 950 3482 Quae
969 3431 1104 3471 cum
1127 3416 1207 3472 ita
1229 3414 1582 3480 sehaheant,
1612 3433 1734 3473 non
1757 3422 1841 3474 ta-

175 3525 319 3566 men
345 3508 638 3563 debemus
660 3504 1155 3561 consuetudinem
1179 3505 1471 3560 sermonis
1488 3504 1736 3561 humani
1755 3506 1838 3563 in-

175 3596 684 3672 eptaloquacitate
697 3593 1082 3659 confundere,
1099 3593 1223 3649 etin
1239 3593 1418 3648 rebus
1430 3593 1838 3652 discernendis

175 3689 552 3761 frequentata
573 3684 868 3741 vocabula
885 3682 1231 3755 perturbata
1248 3682 1676 3754 signiﬁcatione
1695 3684 1837 3740 mis-

176 3792 332 3841 cere,
349 3782 411 3832 ut
430 3791 535 3831 eos
552 3774 654 3847 qui
669 3772 990 3830 Christiani
1013 3776 1149 3826 sunt
1165 3776 1221 3826 et
1238 3771 1638 3843 appellatione
1661 3774 1838 3830 usita-

174 3866 411 3924 tissima
435 3862 748 3920 Christiani
775 3866 1076 3926 vocantur,
1097 3859 1381 3915 inusitato
1403 3859 1701 3916 vocabqu
1734 3862 1836 3918 ali-

180 3955 319 4028 quis
363 3953 597 4010 aﬂ'ectet
627 3951 933 4023 appellare
967 3949 1245 4014 Judmos;
1289 3951 1380 4004 vel
1419 3965 1556 4004 cum
1588 3949 1663 4004 sit
1710 3950 1836 4022 ipse

175 4050 545 4114 voceturque
559 4041 948 4100 Christianus,
963 4038 1236 4094 Israelita:
1260 4039 1455 4109 potius
1477 4039 1717 4094 nomine
1739 4041 1838 4095 de-

175 4139 424 4194 lectetur
438 4129 701 4204 ;etquod
753 4130 810 4184 in
844 4126 1319 4200 mysteriodebet
1358 4142 1594 4197 semper
1624 4129 1838 4184 intelli-

177 4222 805 4298 gere,parciusautem
833 4233 934 4272 ore
950 4215 1361 4288 proferre,hoc
1393 4217 1452 4271 in
1484 4216 1837 4288 quotidiana

173 4310 464 4386 loquendi
519 4307 952 4365 consuetudine
1008 4304 1201 4375 magis
1243 4304 1420 4374 eligat
1461 4303 1837 4378 frequentare

175 4404 384 4474 inepta
404 4397 736 4462 insolentia,
756 4401 831 4459 et,
855 4396 902 4450 si
924 4395 1039 4450 dici
1055 4399 1263 4466 potest,
1284 4395 1558 4466 imperita
1571 4395 1834 4452 scientia.

176 4489 483 4563 Numquid
497 4488 657 4544 enim
672 4483 960 4557 Apostoli,
988 4500 1091 4556 per
1105 4500 1257 4556 quos
1275 4500 1346 4540 ea
1357 4484 1696 4551 didicimus,
1725 4486 1839 4541 ista

175 4577 547 4642 nesciebant,
563 4575 868 4647 quomodo
889 4589 996 4628 nos
1017 4575 1212 4643 potius
1233 4575 1420 4626 simus
1440 4589 1642 4628 semen
1659 4573 1840 4629 Abra-

178 4670 276 4726 hac
299 4665 630 4723 secundum
657 4664 823 4719 Isaac
837 4662 1252 4734 promissionis
1269 4661 1534 4716 hteredes
1550 4678 1563 4727 ;
1580 4667 1636 4718 et
1649 4662 1676 4715 Ι
1687 4662 1838 4717 ιιόωὶ

179 4757 415 4829 spiritu,
441 4769 563 4810 non
593 4753 782 4808 littera
808 4751 1034 4817 ;cordis
1062 4749 1536 4815 circumcisione,
1567 4766 1687 4804 non
1715 4766 1840 4805 car-

178 4847 308 4917 nis;
332 4851 389 4902 et
409 4860 528 4900 non
543 4842 875 4898 secundum
894 4856 1136 4896 carnem
1159 4837 1356 4902 Israel,
1379 4842 1482 4894 sed
1506 4838 1681 4894 Israel
1701 4839 1798 4894 Dci
1813 4837 1842 4894 ‘l

177 4935 461 4993 Sciebant
492 4933 692 5005 utique
735 4931 845 4987 ista
877 4929 1062 4985 multo
1118 4927 1449 5000 sapientius
1505 4928 1841 4998 certiusque

176 5041 366 5098 quam
391 5039 499 5079 nos
524 5037 538 5088 ;
566 5027 621 5076 et
650 5025 847 5076 tamen
884 5019 944 5073 in
971 5016 1255 5089 loquendi
1277 5016 1715 5072 consuetudine
1745 5017 1840 5074 Ju-

176 5117 345 5170 daios
371 5119 425 5169 et
450 5110 741 5167 Israelitas
767 5125 870 5164 eos
898 5107 1305 5179 appellabant,
1347 5106 1452 5178 qui
1508 5105 1841 5163 secundum

175 5219 424 5259 carnem
454 5204 528 5256 de
549 5199 802 5255 Abrahae
829 5197 1009 5269 stirpe
1049 5196 1375 5261 venientes,
1429 5196 1506 5251 ab
1554 5196 1842 5252 omnibus

175 5290 594 5349 vocitabantur
631 5289 746 5345 hoc
785 5285 1050 5342 nomine.

258 5403 341 5453 15.
379 5397 568 5453 Judzei
597 5395 768 5466 signa
798 5399 1027 5463 petunt,
1062 5392 1137 5449 ait
1171 5389 1484 5464 apostolus
1521 5389 1757 5456 Paulus,
1790 5398 1843 5448 et

178 5487 375 5546 Graeci
391 5483 743 5556 sapientiam
760 5488 1038 5555 quaerunt
1062 5499 1081 5538 :
1101 5497 1203 5538 nos
1231 5487 1426 5536 autem
1444 5479 1846 5549 praedicamus

179 5577 479 5634 Christum
513 5575 890 5644 cruciﬁxum,
919 5572 1142 5628 Judacis
1177 5569 1413 5642 quidem
1466 5568 1843 5635 scandalum,

177 5666 464 5727 Gentibus
501 5671 692 5724 autem
729 5662 1083 5734 stultitiam,-
1114 5659 1258 5732 ipsis
1308 5663 1506 5717 autem
1531 5658 1751 5716 vocatis
1790 5663 1846 5717 et

1389 154 1894 213 EPISTOLARUM
1932 153 2223 211 CLASSIS
2264 155 2362 210 Ill.

3473 162 3579 219 898

1933 281 2148 337 Judais
2191 280 2429 345 Graecis,
2457 280 2759 338 Christum
2795 285 2903 340 Dei
2942 285 3242 350 Virtutem,
3265 292 3318 342 et
3345 287 3455 343 Dei
3491 289 3600 345 Sa-

1929 370 2214 439 pientiam
2247 370 2300 441 (I
2328 371 2464 426 Cor.
2496 387 2575 436 XI,
2607 373 2816 440 22-24).
2843 374 3002 438 Quos
3034 374 3179 429 dixit
3203 377 3450 442 Graecos,
3485 377 3595 432 hos

1934 459 2110 514 etiam
2149 460 2421 514 Gentium
2454 461 2691 514 nomine
2735 462 3106 531 signiﬁcavit,
3144 479 3214 518 eo
3255 465 3420 534 quod
3469 467 3598 522 haec

1934 546 2141 616 lingua
2172 547 2431 602 maxime
2457 547 2684 603 excellit
2715 549 2774 604 in
2799 551 3114 606 Gentibus:
3143 552 3376 607 Judseos
3400 559 3598 610 tamen

1936 635 2099 705 ipsos
2127 635 2376 699 vocavit,
2409 651 2563 706 quos
2589 653 2798 691 omnes
2824 637 2936 694 hoc
2978 640 3220 694 nomine
3269 642 3592 712 appellant.

1937 726 2084 778 Nam
2116 723 2166 777 si
2206 723 2521 779 Christiani
2561 726 2676 796 ipsi
2722 732 2863 781 sunt
2891 728 3100 793 Judaei,
3132 729 3474 784 Christianis
3511 736 3602 786 est

1936 827 2078 882 ergo
2099 812 2451 867 scandalum
2475 814 2742 869 Christus
2770 817 3102 884 cruciﬁxus,
3131 833 3202 872 ne
3229 834 3350 890 quo
3371 819 3598 874 dictum

1937 907 2062 957 est:
2094 901 2316 957 Judaeis
2347 903 2580 974 quidem
2613 905 2989 961 scandalum.
3023 907 3162 970 Quis
3189 907 3301 961 hoc
3345 909 3456 962 nisi
3509 909 3600 962 in-

1937 990 2294 1046 sanissimus
2326 993 2536 1047 sentiat
2557 993 2732 1048 iilem
2749 994 2890 1049 dicit
2914 994 3074 1050 :Sine
3091 996 3602 1064 offensioneestote

1933 1080 2158 1136 Judwis
2189 1084 2242 1136 et
2268 1079 2486 1136 Gracis
2518 1089 2567 1135 et
2599 1083 2876 1139 Ecclesiae
2917 1083 3023 1139 Dei
3049 1084 3156 1154 (Id.
3182 1101 3238 1150 x,
3280 1087 3392 1156 32).
3429 1088 3590 1151 Quo-

1940 1172 2124 1224 modo
2144 1169 2256 1224 ista
2284 1169 2693 1239 distingueret,
2729 1173 2774 1226 si
2808 1177 2862 1227 et
2899 1173 3217 1229 Ecclesium
3238 1175 3338 1230 Dei
3361 1175 3418 1229 in
3447 1192 3595 1247 quo.

1935 1257 2163 1314 tidiana
2195 1257 2480 1329 loquendi
2522 1261 2953 1316 consuetudine
3005 1262 3239 1318 Judteos
3294 1265 3596 1336 appellare

1936 1346 2221 1403 deberet?
2249 1347 2392 1401 Item
2423 1348 2501 1402 ait
2532 1365 2544 1401 :
2580 1349 2731 1414 Quos
2764 1355 2815 1404 et
2848 1353 3072 1405 vocavit
3106 1368 3230 1417 nos,
3267 1369 3382 1408 non
3409 1355 3600 1408 solum

1935 1450 2010 1490 ex
2039 1435 2284 1499 Judmis,
2313 1436 2416 1492 sed
2440 1437 2614 1491 etiam
2646 1452 2720 1493 ea:
2740 1439 3044 1494 Gentibus.
3077 1440 3391 1504 Quomodo
3426 1458 3600 1497 voca-

1937 1523 2016 1578 vit
2060 1539 2131 1578 ex
2159 1523 2402 1589 Judaeis,
2429 1526 2474 1578 si
2506 1525 2707 1595 potius
2735 1542 2806 1580 ex
2839 1542 2957 1581 non
2987 1527 3211 1582 Judaais
3250 1530 3501 1594 vocavit,
3538 1535 3602 1584 ut

1937 1614 2326 1669 essentludaei
2347 1615 2375 1665 ‘l
2396 1615 2540 1670 Item
2553 1615 2626 1670 de
2644 1617 2922 1671 Israelitis
2945 1637 2956 1674 :
2979 1617 3132 1683 Quid
3152 1633 3286 1686 ergo
3300 1619 3592 1674 dicemus?

1935 1704 2126 1774 inquit
2153 1720 2165 1757 :
2197 1703 2346 1770 Quia
2367 1713 2564 1774 gentes
2587 1721 2716 1776 quae
2737 1721 2854 1760 non
2880 1707 3263 1762 sectabantur
3281 1709 3601 1778 justitiam,

1936 1793 2449 1863 apprehenderunl
2472 1795 2767 1864 justitiam
2788 1816 2809 1863 ,ο
2825 1796 3118 1866 justitiam
3152 1804 3348 1853 autem
3371 1813 3500 1868 quae
3531 1813 3605 1854 ex

1935 1883 2053 1952 ﬁde
2078 1889 2181 1938 est.
2217 1881 2396 1938 Israel
2435 1889 2626 1939 autem
2649 1900 2996 1955 persequens
3031 1886 3210 1955 legem
3248 1887 3509 1955 iustitia,
3542 1887 3604 1942 in

1939 1976 2116 2044 legem
2145 1974 2391 2042 iustitiae
2417 1990 2527 2028 non
2559 1976 2842 2042 pervenit.
2880 1974 3121 2039 Quare?
3165 1976 3318 2042 Quia
3367 1993 3476 2032 non
3530 1993 3604 2033 ex

1933 2063 2071 2132 ﬁde,
2099 2063 2200 2118 sed
2228 2061 2396 2132 quasi
2422 2078 2495 2118 ea:
2511 2063 2780 2130 operibus
2799 2081 2818 2118 :
2845 2064 3216 2132 offenderunt
3243 2067 3398 2120 enim
3427 2067 3489 2120 in
3523 2066 3604 2122 la-

1933 2153 2126 2222 pidem
2171 2151 2503 2219 o/fensionis
2558 2152 2736 2221 (Rom.
2798 2169 2871 2216 IX,
2907 2155 2995 2216 24,
3055 2154 3263 2225 30-32).
3317 2155 3495 2210 Item:
3529 2155 3605 2210 ad

1936 2241 2126 2296 Israel
2138 2246 2330 2296 autem
2344 2241 2489 2310 quid
2501 2240 2681 2295 dicit?
2698 2242 2840 2296 Tota
2852 2241 2945 2297 die
2959 2243 3201 2298 extendi
3217 2259 3428 2298 manus
3444 2259 3601 2300 meas

1937 2331 2014 2384 ad
2042 2329 2324 2400 populum
2356 2345 2470 2384 non
2493 2330 2821 2386 credentem
2863 2337 2915 2386 et
2948 2332 3444 2389 contradicentem
3486 2334 3596 2399 (Id.

1939 2435 1996 2485 x,
2028 2419 2140 2490 21).
2175 2420 2241 2472 Et
2266 2423 2505 2473 secutus
2544 2420 2819 2490 adjungit
2853 2438 2866 2475 :
2904 2421 3044 2476 Dico
3092 2436 3252 2490 ergo,
3286 2423 3602 2493 Numquid

1938 2509 2159 2577 repulit
2183 2509 2331 2562 Deus
2349 2507 2577 2575 plebem
2603 2525 2767 2563 suam
2787 2509 2815 2560 ‘I
2836 2509 3024 2564 Absit.
3052 2511 3200 2566 Nam
3215 2519 3264 2566 et
3284 2526 3384 2581 ego
3407 2513 3601 2568 Israe-

1941 2599 2049 2653 lita
2087 2612 2237 2660 sum,
2269 2611 2342 2652 ex
2368 2597 2583 2652 semine
2630 2597 2892 2653 Abrahae
2921 2599 2990 2654 de
3045 2599 3204 2654 tribu
3259 2601 3601 2670 Benjamin.

1937 2688 2074 2742 Non
2103 2688 2325 2754 repulit
2348 2689 2500 2741 Deus
2510 2687 2738 2755 plebem
2761 2703 2951 2751 suam,
2977 2703 3149 2759 quam
3173 2690 3460 2757 praesciuit
3487 2691 3598 2761 (Id.

1939 2793 2020 2843 χι,
2050 2777 2102 2842 1,
2132 2779 2208 2844 2).
2239 2775 2555 2840 Quomodo
2585 2775 2680 2830 hic
2717 2776 3042 2848 appellavit
3084 2779 3403 2849 Apostolus
3429 2777 3609 2834 Israel

1939 2881 2062 2921 non
2085 2865 2424 2920 credentem
2439 2868 2494 2918 et
2511 2865 3034 2930 contradicentem,
3063 2867 3110 2919 si
3135 2867 3441 2922 Christiani
3468 2870 3614 2923 sunt

1940 2954 2140 3020 Israel,
2170 2953 2256 3010 vel
2277 2952 2586 3024 quomodo
2605 2969 2668 3007 se
2690 2954 3016 3024 appellavit
3035 2955 3362 3011 Israelitam
3377 2955 3404 3009 ‘I
3428 2958 3474 3010 N
3485 2974 3611 3012 um-

1941 3043 2088 3116 quid
2101 3059 2170 3098 ex
2185 3058 2255 3098 eo
2267 3041 2431 3114 quod
2447 3041 2814 3097 Christianus
2832 3042 3021 3098 factus
3034 3043 3196 3098 erat?
3215 3045 3342 3099 Non
3365 3045 3565 3116 utique
3592 3062 3606 3111 ;

1941 3134 2042 3190 sed
2073 3149 2144 3187 ex
2170 3147 2240 3187 eo
2261 3131 2424 3203 quod
2454 3131 2786 3185 secundum
2806 3146 3047 3186 carnem
3071 3131 3260 3188 fuerat
3283 3148 3354 3188 ex
3381 3133 3610 3189 semine

1942 3222 2268 3284 Abraham,
2301 3220 2376 3274 de
2408 3219 2564 3274 tribu
2619 3219 2962 3290 Benjamin;
3008 3221 3174 3292 quod
3223 3237 3342 3277 non
3395 3239 3609 3278 sumus

1943 3328 2056 3368 nos
2085 3309 2416 3366 secundum
2445 3324 2706 3375 carnem,
2738 3309 3021 3381 quamvis
3057 3311 3392 3366 secundum
3426 3311 3610 3367 ﬁdem

1944 3401 2139 3457 simus
2162 3415 2367 3456 semen
2383 3399 2656 3463 Abrahai,
2673 3414 2744 3454 ac
2765 3415 2869 3471 per
2890 3400 3002 3456 hoc
3024 3405 3078 3456 et
3093 3400 3292 3456 Israel.
3311 3401 3424 3456 Sed
3448 3400 3612 3456 aliud

1947 3495 2035 3546 est
2059 3489 2222 3562 quod
2253 3487 2526 3559 agnoscit
2555 3487 2780 3543 altioris
2811 3488 3192 3559 intelligentia
3230 3490 3610 3556 sacramenti,

1945 3580 2110 3637 aliud
2139 3579 2303 3650 quod
2334 3577 2602 3649 exposcit
2625 3577 2977 3648 quotidiana
3026 3579 3396 3636 consuetudo
3441 3595 3618 3636 voca-

1945 3667 2092 3726 buli.

2025 3759 2103 3812 t6.
2136 3756 2401 3828 Denique
2425 3759 2604 3825 Aptus
2635 3755 2651 3790 ¹
2677 3754 2782 3809 iste
2811 3755 3010 3810 nescio
3031 3755 3184 3826 quis,
3218 3757 3292 3812 de
3321 3773 3443 3828 quo
3467 3759 3614 3814 scri-

1944 3846 2112 3920 psisti
2137 3844 2302 3917 quod
2332 3844 2545 3899 doceat
2563 3842 2866 3911 judaizarc
2899 3843 3280 3910 Christianos,
3323 3861 3394 3900 eo
3434 3848 3613 3903 modo

1946 3953 2028 4004 se,
2061 3937 2213 3991 sicut
2243 3931 2568 3989 insinuavit
2596 3929 2890 3986 Sanctitas
2921 3936 3042 4001 tua,
3095 3933 3372 3988 Judaeum
3425 3938 3482 3990 et
3535 3935 3617 3990 Is-

1944 4024 2214 4082 raelitam
2249 4027 2442 4086 vocat,
2467 4026 2527 4076 ut
2551 4020 2628 4076 ab
2654 4021 2807 4075 escis
2833 4021 3408 4093 prohibeat,quibus
3437 4041 3472 4078 a
3502 4041 3612 4096 pro

1945 4113 2228 4186 temporis
2260 4111 2415 4167 illius
2442 4110 2833 4179 congruentia
2858 4112 2970 4166 Lex
2991 4127 3094 4182 per
3116 4117 3393 4168 sanctum
3420 4113 3617 4170 famu-

1944 4203 2070 4260 lum
2104 4203 2202 4259 Dei
2230 4205 2470 4273 Moysen
2494 4199 2633 4255 data
2665 4199 3040 4271 prohibebat,
3083 4204 3138 4257 et
3168 4207 3411 4259 caiteras
3459 4203 3617 4260 illius

1946 4293 2232 4368 temporis
2255 4288 2724 4352 observationes,
2748 4289 2874 4359 jam
2894 4305 3054 4344 nunc
3071 4291 3234 4361 apud
3253 4292 3615 4348 Christianos

1946 4383 2200 4440 abolitas
2221 4384 2624 4450 remotasque,
2649 4379 3006 4449 persuadeat
3031 4395 3043 4444 ;
3077 4395 3229 4449 quas
3258 4380 3504 4436 umbras
3527 4382 3615 4436 fu-

1947 4477 2212 4527 turorum
2240 4467 2500 4540 appellat
2525 4467 2841 4537 Apostolus
2870 4467 3119 4537 (Coloss.
3151 4483 3207 4531 n,
3267 4469 3352 4532 16,
3400 4469 3511 4539 1'7),
3551 4473 3616 4526 ut

1948 4567 2004 4616 et
2027 4559 2337 4630 prOphetia
2366 4558 2423 4610 in
2456 4555 2567 4609 illis
2601 4554 2983 4624 intelligatur,
3018 4560 3075 4610 et
3101 4572 3310 4610 eorum
3339 4557 3618 4614 observa-

1950 4649 2174 4720 tiojam
2212 4649 2502 4700 evacuata
2519 4650 2916 4699 monstretur:
2956 4645 3112 4700 unde
3140 4653 3392 4717 apparet
3423 4663 3612 4719 quare

1951 4754 2010 4792 se
2040 4739 2145 4792 iste
2185 4737 2371 4806 Aptus
2400 4732 2536 4788 velit
2568 4732 2890 4789 Israelitam
2911 4733 3310 4807 Judaiumque
3344 4737 3613 4803 vocitari,

1950 4842 2070 4883 non
2099 4823 2496 4896 spiritualiter,
2525 4821 2631 4876 sed
2650 4823 2898 4877 omnino
2921 4824 3253 4879 carnaliter.
3280 4827 3394 4881 Nos
3416 4833 3616 4881 autem

1954 4932 2061 4972 nec
2100 4913 2211 4970 illis
2242 4910 2780 4976 observationibus,
2833 4927 2968 4983 quae
3026 4916 3190 4969 Novo
3242 4917 3616 4970 Testamento

1950 5004 2212 5062 revelato
2242 5008 2542 5058 evacuatus
2575 5007 2732 5066 sunt,
2766 5005 3037 5056 tenemur
3067 5002 3351 5068 obstricti,
3386 5008 3442 5058 et
3471 5019 3619 5074 prai-

1951 5100 2124 5166 cepta
2156 5092 2338 5162 Legis,
2374 5091 2510 5146 huic
2539 5092 2716 5146 etiam
2746 5090 2996 5162 tempori
3026 5092 3376 5155 necesseria,
3408 5091 3614 5163 qualia

1954 5189 2114 5247 sunt,
2145 5183 2281 5238 Non
2312 5180 2850 5244 adulterabis,Non
2866 5179 3463 5249 homicidiumfacies,
3480 5180 3612 5237 Non

1954 5272 2328 5341 concupisces
2358 5270 2574 5340 (Exod.
2606 5285 2704 5334 xx,
2745 5269 2949 5338 13-17),
2983 5273 3036 5322 et
3067 5268 3112 5321 si
3144 5269 3308 5338 quod
3340 5275 3426 5324 est
3456 5270 3619 5325 aliud

1956 5361 2332 5424 mandatum,
2357 5359 2517 5431 quod
2546 5359 2602 5413 in
2619 5357 2732 5412 hoc
2751 5371 3025 5412 sermone
3047 5357 3490 5427 recapitulatur,
3518 5359 3620 5414 Di-

1957 5451 2098 5521 liges
2126 5449 2462 5519 proximum
2496 5456 2660 5502 tuum
2687 5453 2971 5516 tanquam
3004 5446 3251 5514 teipsum
3283 5447 3470 5517 (Rom.
3492 5465 3612 5514 xm,

1956 5539 2042 5612 9);
2081 5555 2200 5594 non
2242 5537 2464 5594 viribus
2512 5536 2813 5599 humanis,
2863 5535 3037 5606 quasi
3081 5541 3353 5592 nostram
3394 5538 3613 5594 consti-

2017 5668 2033 5700 ι
2054 5664 2206 5723 Edd.,
2220 5664 2501 5728 Aptius.At
2513 5660 2812 5714 Mss.Vatic.
2830 5665 2880 5713 et
2897 5662 2986 5714 alii
3004 5677 3170 5729 prope
3190 5677 3400 5729 omnes,
3419 5666 3615 5733 Aptae.
