  <div class='ocr_page' id='page_1' title='image "/cluster/home/n/w/nwhite01/storage/ocr_20150623/33/hvd.32044096580568/447.png"; bbox 0 0 4122 6170; ppageno 0'>
   <div class='ocr_carea' id='block_1_1' title="bbox 549 128 656 189">
    <p class='ocr_par' dir='ltr' id='par_1_1' title="bbox 549 128 656 189">
     <span class='ocr_line' id='line_1_1' title="bbox 549 128 656 189; baseline 0 0"><span class='ocrx_word' id='word_1_1' title='bbox 549 128 656 189; x_wconf 82' lang='lat'><strong>899</strong></span> 
     </span>
    </p>
   </div>
   <div class='ocr_carea' id='block_1_2' title="bbox 548 243 2202 327">
    <p class='ocr_par' dir='ltr' id='par_1_2' title="bbox 548 243 2202 327">
     <span class='ocr_line' id='line_1_2' title="bbox 548 243 2202 327; baseline -0.01 -13"><span class='ocrx_word' id='word_1_2' title='bbox 548 261 781 314; x_wconf 80' lang='lat' dir='ltr'><strong>tuentes</strong></span> <span class='ocrx_word' id='word_1_3' title='bbox 796 254 1104 327; x_wconf 79' lang='lat' dir='ltr'><strong>justitiam,</strong></span> <span class='ocrx_word' id='word_1_4' title='bbox 1129 249 1230 304; x_wconf 90' lang='lat' dir='ltr'><strong>sed</strong></span> <span class='ocrx_word' id='word_1_5' title='bbox 1253 248 1445 317; x_wconf 88' lang='lat' dir='ltr'><strong>gratia</strong></span> <span class='ocrx_word' id='word_1_6' title='bbox 1458 245 1555 300; x_wconf 92' lang='lat' dir='ltr'><strong>Dei</strong></span> <span class='ocrx_word' id='word_1_7' title='bbox 1573 259 1679 317; x_wconf 90' lang='lat' dir='ltr'><strong>per</strong></span> <span class='ocrx_word' id='word_1_8' title='bbox 1691 244 1893 300; x_wconf 73' lang='lat' dir='ltr'><strong>Iesum</strong></span> <span class='ocrx_word' id='word_1_9' title='bbox 1908 243 2202 302; x_wconf 90' lang='lat' dir='ltr'><strong>Christum</strong></span> 
     </span>
    </p>
   </div>
   <div class='ocr_carea' id='block_1_3' title="bbox 551 331 2205 407">
    <p class='ocr_par' dir='ltr' id='par_1_3' title="bbox 551 331 2205 407">
     <span class='ocr_line' id='line_1_3' title="bbox 551 331 2205 407; baseline -0.007 -7"><span class='ocrx_word' id='word_1_10' title='bbox 551 347 870 402; x_wconf 88' lang='lat' dir='ltr'><strong>Dominum</strong></span> <span class='ocrx_word' id='word_1_11' title='bbox 901 347 1188 406; x_wconf 90' lang='lat' dir='ltr'><strong>nostrum,</strong></span> <span class='ocrx_word' id='word_1_12' title='bbox 1216 338 1273 392; x_wconf 92' lang='lat' dir='ltr'><strong>in</strong></span> <span class='ocrx_word' id='word_1_13' title='bbox 1296 352 1364 391; x_wconf 91' lang='lat' dir='ltr'><strong>ea</strong></span> <span class='ocrx_word' id='word_1_14' title='bbox 1381 334 1630 407; x_wconf 87' lang='lat' dir='ltr'><strong>justitia,</strong></span> <span class='ocrx_word' id='word_1_15' title='bbox 1655 349 1788 406; x_wconf 67' lang='lat' dir='ltr'><strong>quae</strong></span> <span class='ocrx_word' id='word_1_16' title='bbox 1811 331 1987 389; x_wconf 89' lang='lat' dir='ltr'><strong>nobis</strong></span> <span class='ocrx_word' id='word_1_17' title='bbox 2008 333 2085 388; x_wconf 88' lang='lat' dir='ltr'><strong>ab</strong></span> <span class='ocrx_word' id='word_1_18' title='bbox 2108 332 2205 389; x_wconf 91' lang='lat' dir='ltr'><strong>illo</strong></span> 
     </span>
    </p>
   </div>
   <div class='ocr_carea' id='block_1_4' title="bbox 549 423 2209 499">
    <p class='ocr_par' dir='ltr' id='par_1_4' title="bbox 549 423 2209 499">
     <span class='ocr_line' id='line_1_4' title="bbox 549 423 2209 499; baseline -0.01 -7"><span class='ocrx_word' id='word_1_19' title='bbox 549 442 654 499; x_wconf 89' lang='lat' dir='ltr'><strong>est,</strong></span> <span class='ocrx_word' id='word_1_20' title='bbox 688 430 1060 490; x_wconf 87' lang='lat' dir='ltr'><strong>observanda</strong></span> <span class='ocrx_word' id='word_1_21' title='bbox 1086 442 1213 482; x_wconf 90' lang='lat' dir='ltr'><strong>esse</strong></span> <span class='ocrx_word' id='word_1_22' title='bbox 1239 424 1559 481; x_wconf 85' lang='lat' dir='ltr'><strong>didicimus</strong></span> <span class='ocrx_word' id='word_1_23' title='bbox 1585 427 1639 478; x_wconf 90' lang='lat' dir='ltr'><strong>et</strong></span> <span class='ocrx_word' id='word_1_24' title='bbox 1672 423 1958 478; x_wconf 86' lang='lat' dir='ltr'><strong>docemus</strong></span> <span class='ocrx_word' id='word_1_25' title='bbox 1988 424 2102 478; x_wconf 88' lang='lat' dir='ltr'><strong>Nec</strong></span> <span class='ocrx_word' id='word_1_26' title='bbox 2124 428 2209 477; x_wconf 89' lang='lat' dir='ltr'><strong>ta-</strong></span> 
     </span>
    </p>
   </div>
   <div class='ocr_carea' id='block_1_5' title="bbox 553 510 2209 587">
    <p class='ocr_par' dir='ltr' id='par_1_5' title="bbox 553 510 2209 587">
     <span class='ocr_line' id='line_1_5' title="bbox 553 510 2209 587; baseline -0.008 -7"><span class='ocrx_word' id='word_1_27' title='bbox 553 540 685 581; x_wconf 87' lang='lat' dir='ltr'><strong>men</strong></span> <span class='ocrx_word' id='word_1_28' title='bbox 714 522 847 577; x_wconf 90' lang='lat' dir='ltr'><strong>ideo</strong></span> <span class='ocrx_word' id='word_1_29' title='bbox 876 534 986 573; x_wconf 90' lang='lat' dir='ltr'><strong>nos</strong></span> <span class='ocrx_word' id='word_1_30' title='bbox 1016 531 1307 587; x_wconf 89' lang='lat' dir='ltr'><strong>negamus</strong></span> <span class='ocrx_word' id='word_1_31' title='bbox 1334 528 1537 569; x_wconf 87' lang='lat' dir='ltr'><strong>semen</strong></span> <span class='ocrx_word' id='word_1_32' title='bbox 1570 511 1840 577; x_wconf 66' lang='lat' dir='ltr'><strong>Abrahae,</strong></span> <span class='ocrx_word' id='word_1_33' title='bbox 1881 512 2099 583; x_wconf 87' lang='lat' dir='ltr'><strong>quibus</strong></span> <span class='ocrx_word' id='word_1_34' title='bbox 2122 510 2209 566; x_wconf 84' lang='lat' dir='ltr'><strong>di-</strong></span> 
     </span>
    </p>
   </div>
   <div class='ocr_carea' id='block_1_6' title="bbox 546 600 2208 680">
    <p class='ocr_par' dir='ltr' id='par_1_6' title="bbox 546 600 2208 680">
     <span class='ocr_line' id='line_1_6' title="bbox 546 600 2208 680; baseline -0.009 -12"><span class='ocrx_word' id='word_1_35' title='bbox 546 613 621 668; x_wconf 88' lang='lat' dir='ltr'><strong>cit</strong></span> <span class='ocrx_word' id='word_1_36' title='bbox 650 607 983 680; x_wconf 85' lang='lat' dir='ltr'><strong>Apostolus,</strong></span> <span class='ocrx_word' id='word_1_37' title='bbox 1030 606 1137 661; x_wconf 89' lang='lat' dir='ltr'><strong>Vos</strong></span> <span class='ocrx_word' id='word_1_38' title='bbox 1175 618 1314 674; x_wconf 89' lang='lat' dir='ltr'><strong>ergo</strong></span> <span class='ocrx_word' id='word_1_39' title='bbox 1345 602 1603 657; x_wconf 76' lang='lat' dir='ltr'><strong>Abrahae</strong></span> <span class='ocrx_word' id='word_1_40' title='bbox 1640 615 1834 656; x_wconf 81' lang='lat' dir='ltr'><strong>semen</strong></span> <span class='ocrx_word' id='word_1_41' title='bbox 1882 602 2018 656; x_wconf 84' lang='lat' dir='ltr'><strong>estis</strong></span> <span class='ocrx_word' id='word_1_42' title='bbox 2057 600 2208 669; x_wconf 89' lang='lat' dir='ltr'><strong>(Ga-</strong></span> 
     </span>
    </p>
   </div>
   <div class='ocr_carea' id='block_1_7' title="bbox 548 688 2205 767">
    <p class='ocr_par' dir='ltr' id='par_1_7' title="bbox 548 688 2205 767">
     <span class='ocr_line' id='line_1_7' title="bbox 548 688 2205 767; baseline -0.008 -11"><span class='ocrx_word' id='word_1_43' title='bbox 548 702 657 757; x_wconf 77' lang='grc' dir='ltr'><strong>ἰαί.</strong></span> <span class='ocrx_word' id='word_1_44' title='bbox 690 714 771 763; x_wconf 88' lang='grc' dir='ltr'>ιιι,</span> <span class='ocrx_word' id='word_1_45' title='bbox 803 697 927 767; x_wconf 85' lang='lat'><strong>29);</strong></span> <span class='ocrx_word' id='word_1_46' title='bbox 957 699 1057 750; x_wconf 89' lang='lat' dir='ltr'><strong>aut</strong></span> <span class='ocrx_word' id='word_1_47' title='bbox 1088 694 1325 749; x_wconf 74' lang='lat' dir='ltr'><strong>Judteos</strong></span> <span class='ocrx_word' id='word_1_48' title='bbox 1352 692 1407 746; x_wconf 89' lang='lat' dir='ltr'><strong>in</strong></span> <span class='ocrx_word' id='word_1_49' title='bbox 1428 690 1806 754; x_wconf 89' lang='lat' dir='ltr'><strong>abscondito,</strong></span> <span class='ocrx_word' id='word_1_50' title='bbox 1831 688 1905 744; x_wconf 93' lang='lat' dir='ltr'><strong>de</strong></span> <span class='ocrx_word' id='word_1_51' title='bbox 1922 688 2205 760; x_wconf 88' lang='lat' dir='ltr'><strong>qualibus</strong></span> 
     </span>
    </p>
   </div>
   <div class='ocr_carea' id='block_1_8' title="bbox 545 776 2203 851">
    <p class='ocr_par' dir='ltr' id='par_1_8' title="bbox 545 776 2203 851">
     <span class='ocr_line' id='line_1_8' title="bbox 545 776 2203 851; baseline -0.007 -6"><span class='ocrx_word' id='word_1_52' title='bbox 545 788 703 845; x_wconf 91' lang='lat' dir='ltr'><strong>idem</strong></span> <span class='ocrx_word' id='word_1_53' title='bbox 736 786 897 850; x_wconf 83' lang='lat' dir='ltr'><strong>dicit,</strong></span> <span class='ocrx_word' id='word_1_54' title='bbox 926 785 1051 840; x_wconf 84' lang='lat' dir='ltr'><strong>Non</strong></span> <span class='ocrx_word' id='word_1_55' title='bbox 1080 782 1227 839; x_wconf 88' lang='lat' dir='ltr'><strong>enim</strong></span> <span class='ocrx_word' id='word_1_56' title='bbox 1256 781 1359 851; x_wconf 85' lang='lat' dir='ltr'><strong>qui</strong></span> <span class='ocrx_word' id='word_1_57' title='bbox 1393 782 1455 835; x_wconf 89' lang='lat' dir='ltr'><strong>in</strong></span> <span class='ocrx_word' id='word_1_58' title='bbox 1488 779 1803 847; x_wconf 87' lang='lat' dir='ltr'><strong>mani/esto</strong></span> <span class='ocrx_word' id='word_1_59' title='bbox 1832 776 2069 833; x_wconf 64' lang='lat' dir='ltr'><strong>Judzus</strong></span> <span class='ocrx_word' id='word_1_60' title='bbox 2100 783 2203 847; x_wconf 90' lang='lat' dir='ltr'><strong>est,</strong></span> 
     </span>
    </p>
   </div>
   <div class='ocr_carea' id='block_1_9' title="bbox 542 868 2206 947">
    <p class='ocr_par' dir='ltr' id='par_1_9' title="bbox 542 868 2206 947">
     <span class='ocr_line' id='line_1_9' title="bbox 542 868 2206 947; baseline -0.007 -16"><span class='ocrx_word' id='word_1_61' title='bbox 542 891 727 947; x_wconf 77' lang='lat' dir='ltr'><strong>neque</strong></span> <span class='ocrx_word' id='word_1_62' title='bbox 754 889 885 945; x_wconf 62' lang='lat' dir='ltr'><strong>qua</strong></span> <span class='ocrx_word' id='word_1_63' title='bbox 915 873 977 928; x_wconf 89' lang='lat' dir='ltr'><strong>in</strong></span> <span class='ocrx_word' id='word_1_64' title='bbox 1021 871 1340 939; x_wconf 81' lang='lat' dir='ltr'><strong>manifesto</strong></span> <span class='ocrx_word' id='word_1_65' title='bbox 1370 870 1433 924; x_wconf 88' lang='lat' dir='ltr'><strong>in</strong></span> <span class='ocrx_word' id='word_1_66' title='bbox 1465 883 1648 924; x_wconf 83' lang='lat' dir='ltr'><strong>carne</strong></span> <span class='ocrx_word' id='word_1_67' title='bbox 1676 873 1757 923; x_wconf 87' lang='lat' dir='ltr'><strong>est</strong></span> <span class='ocrx_word' id='word_1_68' title='bbox 1796 868 2166 923; x_wconf 77' lang='lat' dir='ltr'><strong>circumcisio</strong></span> <span class='ocrx_word' id='word_1_69' title='bbox 2188 886 2206 935; x_wconf 89' lang='lat'><strong><em>;</em></strong></span> 
     </span>
    </p>
   </div>
   <div class='ocr_carea' id='block_1_10' title="bbox 544 955 2207 1036">
    <p class='ocr_par' dir='ltr' id='par_1_10' title="bbox 544 955 2207 1036">
     <span class='ocr_line' id='line_1_10' title="bbox 544 955 2207 1036; baseline -0.006 -15"><span class='ocrx_word' id='word_1_70' title='bbox 544 966 646 1021; x_wconf 86' lang='lat' dir='ltr'><strong>sed</strong></span> <span class='ocrx_word' id='word_1_71' title='bbox 668 980 769 1036; x_wconf 75' lang='lat' dir='ltr'><strong>qui</strong></span> <span class='ocrx_word' id='word_1_72' title='bbox 790 966 851 1019; x_wconf 85' lang='lat' dir='ltr'><strong>in</strong></span> <span class='ocrx_word' id='word_1_73' title='bbox 874 960 1227 1018; x_wconf 83' lang='lat' dir='ltr'><strong>abscondito</strong></span> <span class='ocrx_word' id='word_1_74' title='bbox 1248 958 1492 1013; x_wconf 71' lang='lat' dir='ltr'><strong>Judaeus</strong></span> <span class='ocrx_word' id='word_1_75' title='bbox 1518 964 1621 1023; x_wconf 89' lang='lat' dir='ltr'><strong>est,</strong></span> <span class='ocrx_word' id='word_1_76' title='bbox 1640 964 1692 1013; x_wconf 88' lang='lat' dir='ltr'><strong>et</strong></span> <span class='ocrx_word' id='word_1_77' title='bbox 1708 955 2070 1012; x_wconf 82' lang='lat' dir='ltr'><strong>circumcisio</strong></span> <span class='ocrx_word' id='word_1_78' title='bbox 2083 971 2207 1011; x_wconf 86' lang='lat' dir='ltr'><strong>cor-</strong></span> 
     </span>
    </p>
   </div>
   <div class='ocr_carea' id='block_1_11' title="bbox 546 1045 2207 1124">
    <p class='ocr_par' dir='ltr' id='par_1_11' title="bbox 546 1045 2207 1124">
     <span class='ocr_line' id='line_1_11' title="bbox 546 1045 2207 1124; baseline -0.006 -15"><span class='ocrx_word' id='word_1_79' title='bbox 546 1055 655 1117; x_wconf 85' lang='lat' dir='ltr'><strong>dis,</strong></span> <span class='ocrx_word' id='word_1_80' title='bbox 687 1068 817 1124; x_wconf 76' lang='lat' dir='ltr'><strong>quae</strong></span> <span class='ocrx_word' id='word_1_81' title='bbox 847 1058 927 1107; x_wconf 89' lang='lat' dir='ltr'><strong>est</strong></span> <span class='ocrx_word' id='word_1_82' title='bbox 968 1050 1197 1121; x_wconf 83' lang='lat' dir='ltr'><strong>spiritu,</strong></span> <span class='ocrx_word' id='word_1_83' title='bbox 1229 1063 1342 1103; x_wconf 85' lang='lat' dir='ltr'><strong>non</strong></span> <span class='ocrx_word' id='word_1_84' title='bbox 1376 1047 1597 1111; x_wconf 81' lang='lat' dir='ltr'><strong>littera,</strong></span> <span class='ocrx_word' id='word_1_85' title='bbox 1629 1047 1795 1115; x_wconf 83' lang='lat' dir='ltr'><strong>cujus</strong></span> <span class='ocrx_word' id='word_1_86' title='bbox 1823 1045 1951 1099; x_wconf 81' lang='lat' dir='ltr'><strong>laus</strong></span> <span class='ocrx_word' id='word_1_87' title='bbox 1980 1058 2100 1099; x_wconf 88' lang='lat' dir='ltr'><strong>non</strong></span> <span class='ocrx_word' id='word_1_88' title='bbox 2131 1058 2207 1100; x_wconf 74' lang='lat' dir='ltr'><strong>ex</strong></span> 
     </span>
    </p>
   </div>
   <div class='ocr_carea' id='block_1_12' title="bbox 547 1133 2207 1205">
    <p class='ocr_par' dir='ltr' id='par_1_12' title="bbox 547 1133 2207 1205">
     <span class='ocr_line' id='line_1_12' title="bbox 547 1133 2207 1205; baseline -0.008 -7"><span class='ocrx_word' id='word_1_89' title='bbox 547 1141 888 1205; x_wconf 87' lang='lat' dir='ltr'><strong>hominibus,</strong></span> <span class='ocrx_word' id='word_1_90' title='bbox 917 1139 1019 1195; x_wconf 86' lang='lat' dir='ltr'><strong>sed</strong></span> <span class='ocrx_word' id='word_1_91' title='bbox 1043 1152 1117 1194; x_wconf 75' lang='lat' dir='ltr'><strong>ex</strong></span> <span class='ocrx_word' id='word_1_92' title='bbox 1146 1137 1261 1193; x_wconf 87' lang='lat' dir='ltr'><strong>Deo</strong></span> <span class='ocrx_word' id='word_1_93' title='bbox 1294 1142 1377 1192; x_wconf 89' lang='lat' dir='ltr'><strong>est</strong></span> <span class='ocrx_word' id='word_1_94' title='bbox 1400 1136 1590 1204; x_wconf 85' lang='lat' dir='ltr'><strong>(Rom.</strong></span> <span class='ocrx_word' id='word_1_95' title='bbox 1621 1150 1681 1201; x_wconf 81' lang='grc' dir='ltr'>ιι,</span> <span class='ocrx_word' id='word_1_96' title='bbox 1712 1136 1801 1197; x_wconf 76' lang='lat'><strong>&#39;28,</strong></span> <span class='ocrx_word' id='word_1_97' title='bbox 1826 1133 1920 1202; x_wconf 86' lang='lat'>29)</span> <span class='ocrx_word' id='word_1_98' title='bbox 1945 1148 1958 1197; x_wconf 92' lang='lat'><strong>;</strong></span> <span class='ocrx_word' id='word_1_99' title='bbox 1994 1136 2099 1187; x_wconf 90' lang='lat' dir='ltr'><strong>aut</strong></span> <span class='ocrx_word' id='word_1_100' title='bbox 2129 1133 2207 1186; x_wconf 84' lang='lat' dir='ltr'><strong>Is-</strong></span> 
     </span>
    </p>
   </div>
   <div class='ocr_carea' id='block_1_13' title="bbox 542 1220 2202 1300">
    <p class='ocr_par' dir='ltr' id='par_1_13' title="bbox 542 1220 2202 1300">
     <span class='ocr_line' id='line_1_13' title="bbox 542 1220 2202 1300; baseline -0.007 -12"><span class='ocrx_word' id='word_1_101' title='bbox 542 1232 781 1289; x_wconf 86' lang='lat' dir='ltr'><strong>raelitas</strong></span> <span class='ocrx_word' id='word_1_102' title='bbox 812 1227 1166 1300; x_wconf 87' lang='lat' dir='ltr'><strong>spirituales,</strong></span> <span class='ocrx_word' id='word_1_103' title='bbox 1208 1226 1284 1281; x_wconf 91' lang='lat' dir='ltr'><strong>ad</strong></span> <span class='ocrx_word' id='word_1_104' title='bbox 1317 1241 1454 1280; x_wconf 92' lang='lat' dir='ltr'><strong>eum</strong></span> <span class='ocrx_word' id='word_1_105' title='bbox 1485 1223 1702 1278; x_wconf 88' lang='lat' dir='ltr'><strong>scilicet</strong></span> <span class='ocrx_word' id='word_1_106' title='bbox 1728 1220 2089 1293; x_wconf 82' lang='lat' dir='ltr'><strong>pertinentes</strong></span> <span class='ocrx_word' id='word_1_107' title='bbox 2109 1222 2202 1276; x_wconf 91' lang='lat' dir='ltr'><strong>cui</strong></span> 
     </span>
    </p>
   </div>
   <div class='ocr_carea' id='block_1_14' title="bbox 546 1310 2202 1391">
    <p class='ocr_par' dir='ltr' id='par_1_14' title="bbox 546 1310 2202 1391">
     <span class='ocr_line' id='line_1_14' title="bbox 546 1310 2202 1391; baseline -0.008 -14"><span class='ocrx_word' id='word_1_108' title='bbox 546 1319 763 1378; x_wconf 89' lang='lat' dir='ltr'><strong>minori</strong></span> <span class='ocrx_word' id='word_1_109' title='bbox 795 1317 1146 1391; x_wconf 83' lang='lat' dir='ltr'><strong>praedictum</strong></span> <span class='ocrx_word' id='word_1_110' title='bbox 1176 1319 1267 1370; x_wconf 90' lang='lat' dir='ltr'><strong>est</strong></span> <span class='ocrx_word' id='word_1_111' title='bbox 1302 1313 1659 1368; x_wconf 90' lang='lat' dir='ltr'><strong>serviturum</strong></span> <span class='ocrx_word' id='word_1_112' title='bbox 1696 1326 1827 1365; x_wconf 90' lang='lat' dir='ltr'><strong>esse</strong></span> <span class='ocrx_word' id='word_1_113' title='bbox 1869 1310 2202 1381; x_wconf 85' lang='lat' dir='ltr'><strong>majorem:</strong></span> 
     </span>
    </p>
   </div>
   <div class='ocr_carea' id='block_1_15' title="bbox 545 1399 2201 1467">
    <p class='ocr_par' dir='ltr' id='par_1_15' title="bbox 545 1399 2201 1467">
     <span class='ocr_line' id='line_1_15' title="bbox 545 1399 2201 1467; baseline -0.008 -1"><span class='ocrx_word' id='word_1_114' title='bbox 545 1410 649 1466; x_wconf 90' lang='lat' dir='ltr'><strong>sed</strong></span> <span class='ocrx_word' id='word_1_115' title='bbox 672 1410 800 1465; x_wconf 65' lang='lat' dir='ltr'><strong>haec</strong></span> <span class='ocrx_word' id='word_1_116' title='bbox 813 1404 1109 1462; x_wconf 90' lang='lat' dir='ltr'><strong>vocabula</strong></span> <span class='ocrx_word' id='word_1_117' title='bbox 1125 1403 1291 1459; x_wconf 89' lang='lat' dir='ltr'><strong>nobis</strong></span> <span class='ocrx_word' id='word_1_118' title='bbox 1311 1416 1432 1457; x_wconf 91' lang='lat' dir='ltr'><strong>non</strong></span> <span class='ocrx_word' id='word_1_119' title='bbox 1446 1400 1786 1456; x_wconf 86' lang='lat' dir='ltr'><strong>indecenter</strong></span> <span class='ocrx_word' id='word_1_120' title='bbox 1803 1399 2201 1467; x_wconf 88' lang='lat' dir='ltr'><strong>imponimus;</strong></span> 
     </span>
    </p>
   </div>
   <div class='ocr_carea' id='block_1_16' title="bbox 544 1488 2204 1570">
    <p class='ocr_par' dir='ltr' id='par_1_16' title="bbox 544 1488 2204 1570">
     <span class='ocr_line' id='line_1_16' title="bbox 544 1488 2204 1570; baseline -0.008 -14"><span class='ocrx_word' id='word_1_121' title='bbox 544 1514 735 1570; x_wconf 89' lang='lat' dir='ltr'><strong>eaque</strong></span> <span class='ocrx_word' id='word_1_122' title='bbox 765 1494 1179 1568; x_wconf 80' lang='lat' dir='ltr'><strong>mysteriorum</strong></span> <span class='ocrx_word' id='word_1_123' title='bbox 1222 1490 1607 1559; x_wconf 80' lang='lat' dir='ltr'><strong>intelligentia</strong></span> <span class='ocrx_word' id='word_1_124' title='bbox 1642 1488 2040 1552; x_wconf 85' lang='lat' dir='ltr'><strong>continemus,</strong></span> <span class='ocrx_word' id='word_1_125' title='bbox 2083 1502 2204 1543; x_wconf 90' lang='lat' dir='ltr'><strong>non</strong></span> 
     </span>
    </p>
   </div>
   <div class='ocr_carea' id='block_1_17' title="bbox 545 1578 1635 1644">
    <p class='ocr_par' dir='ltr' id='par_1_17' title="bbox 545 1578 1635 1644">
     <span class='ocr_line' id='line_1_17' title="bbox 545 1578 1635 1644; baseline -0.013 0"><span class='ocrx_word' id='word_1_126' title='bbox 545 1588 858 1644; x_wconf 89' lang='lat' dir='ltr'><strong>verborum</strong></span> <span class='ocrx_word' id='word_1_127' title='bbox 896 1582 1213 1639; x_wconf 82' lang='lat' dir='ltr'><strong>insolentia</strong></span> <span class='ocrx_word' id='word_1_128' title='bbox 1252 1578 1635 1635; x_wconf 90' lang='lat' dir='ltr'><strong>ventilamus.</strong></span> 
     </span>
    </p>
   </div>
   <div class='ocr_carea' id='block_1_18' title="bbox 1006 1666 1774 1733">
    <p class='ocr_par' dir='ltr' id='par_1_18' title="bbox 1006 1666 1774 1733">
     <span class='ocr_line' id='line_1_18' title="bbox 1006 1666 1774 1733; baseline -0.008 -8"><span class='ocrx_word' id='word_1_129' title='bbox 1006 1670 1330 1725; x_wconf 82' lang='lat' dir='ltr'><strong>EPISTOLA</strong></span> <span class='ocrx_word' id='word_1_130' title='bbox 1372 1666 1629 1723; x_wconf 78' lang='lat' dir='ltr'><strong>cxcvu&#39;</strong></span> <span class='ocrx_word' id='word_1_131' title='bbox 1668 1667 1774 1733; x_wconf 91' lang='lat' dir='ltr'><strong>(a).</strong></span> 
     </span>
    </p>
   </div>
   <div class='ocr_carea' id='block_1_19' title="bbox 543 1752 2205 1835">
    <p class='ocr_par' dir='ltr' id='par_1_19' title="bbox 543 1752 2205 1835">
     <span class='ocr_line' id='line_1_19' title="bbox 543 1752 2205 1835; baseline -0.007 -14"><span class='ocrx_word' id='word_1_132' title='bbox 543 1766 907 1835; x_wconf 74' lang='lat' dir='ltr'><strong>Augustinus</strong></span> <span class='ocrx_word' id='word_1_133' title='bbox 948 1759 1241 1830; x_wconf 84' lang='lat' dir='ltr'><strong>Hesychio</strong></span> <span class='ocrx_word' id='word_1_134' title='bbox 1280 1755 1631 1813; x_wconf 86' lang='lat' dir='ltr'><strong>Salonitano</strong></span> <span class='ocrx_word' id='word_1_135' title='bbox 1683 1755 1973 1823; x_wconf 88' lang='lat' dir='ltr'><strong>episcopo,</strong></span> <span class='ocrx_word' id='word_1_136' title='bbox 2002 1753 2075 1809; x_wconf 85' lang='lat' dir='ltr'><strong>de</strong></span> <span class='ocrx_word' id='word_1_137' title='bbox 2112 1752 2205 1810; x_wconf 86' lang='lat' dir='ltr'><strong>die</strong></span> 
     </span>
    </p>
   </div>
   <div class='ocr_carea' id='block_1_20' title="bbox 613 1842 2206 1923">
    <p class='ocr_par' dir='ltr' id='par_1_20' title="bbox 613 1842 2206 1923">
     <span class='ocr_line' id='line_1_20' title="bbox 613 1842 2206 1923; baseline -0.008 -14"><span class='ocrx_word' id='word_1_138' title='bbox 613 1866 886 1923; x_wconf 88' lang='lat' dir='ltr'><strong>supremo</strong></span> <span class='ocrx_word' id='word_1_139' title='bbox 906 1848 1119 1906; x_wconf 86' lang='lat' dir='ltr'><strong>mundi</strong></span> <span class='ocrx_word' id='word_1_140' title='bbox 1140 1862 1259 1903; x_wconf 87' lang='lat' dir='ltr'><strong>non</strong></span> <span class='ocrx_word' id='word_1_141' title='bbox 1278 1844 1657 1917; x_wconf 85' lang='lat' dir='ltr'><strong>inquirendo,</strong></span> <span class='ocrx_word' id='word_1_142' title='bbox 1678 1843 1868 1914; x_wconf 83' lang='lat' dir='ltr'><strong>deque</strong></span> <span class='ocrx_word' id='word_1_143' title='bbox 1881 1842 2206 1898; x_wconf 83' lang='lat' dir='ltr'><strong>Hebdoma-</strong></span> 
     </span>
    </p>
   </div>
   <div class='ocr_carea' id='block_1_21' title="bbox 613 1938 1109 1999">
    <p class='ocr_par' dir='ltr' id='par_1_21' title="bbox 613 1938 1109 1999">
     <span class='ocr_line' id='line_1_21' title="bbox 613 1938 1109 1999; baseline -0.014 -1"><span class='ocrx_word' id='word_1_144' title='bbox 613 1943 786 1999; x_wconf 81' lang='lat' dir='ltr'><strong>dibus</strong></span> <span class='ocrx_word' id='word_1_145' title='bbox 825 1938 1109 1995; x_wconf 86' lang='lat' dir='ltr'><strong>Danielis.</strong></span> 
     </span>
    </p>
   </div>
   <div class='ocr_carea' id='block_1_22' title="bbox 650 2021 2131 2093">
    <p class='ocr_par' dir='ltr' id='par_1_22' title="bbox 650 2021 2131 2093">
     <span class='ocr_line' id='line_1_22' title="bbox 650 2021 2131 2093; baseline -0.008 -6"><span class='ocrx_word' id='word_1_146' title='bbox 650 2030 901 2087; x_wconf 90' lang='lat' dir='ltr'><strong>Domino</strong></span> <span class='ocrx_word' id='word_1_147' title='bbox 941 2026 1285 2082; x_wconf 89' lang='lat' dir='ltr'><strong>beatissimo</strong></span> <span class='ocrx_word' id='word_1_148' title='bbox 1319 2026 1599 2079; x_wconf 77' lang='lat' dir='ltr'><strong>Hssvcnio</strong></span> <span class='ocrx_word' id='word_1_149' title='bbox 1640 2021 1737 2093; x_wconf 88' lang='lat' dir='ltr'><strong>(b),</strong></span> <span class='ocrx_word' id='word_1_150' title='bbox 1763 2024 2131 2077; x_wconf 69' lang='lat' dir='ltr'><strong>Ancus‘rmus.</strong></span> 
     </span>
    </p>
   </div>
   <div class='ocr_carea' id='block_1_23' title="bbox 614 2109 2206 2182">
    <p class='ocr_par' dir='ltr' id='par_1_23' title="bbox 614 2109 2206 2182">
     <span class='ocr_line' id='line_1_23' title="bbox 614 2109 2206 2182; baseline -0.008 -6"><span class='ocrx_word' id='word_1_151' title='bbox 614 2122 661 2175; x_wconf 89' lang='lat' dir='ltr'><strong>l.</strong></span> <span class='ocrx_word' id='word_1_152' title='bbox 688 2118 776 2176; x_wconf 82' lang='lat' dir='ltr'><strong>Ad</strong></span> <span class='ocrx_word' id='word_1_153' title='bbox 808 2116 1188 2175; x_wconf 81' lang='lat' dir='ltr'><strong>Sanctitatem</strong></span> <span class='ocrx_word' id='word_1_154' title='bbox 1223 2118 1385 2169; x_wconf 85' lang='lat' dir='ltr'><strong>tuam</strong></span> <span class='ocrx_word' id='word_1_155' title='bbox 1416 2111 1539 2166; x_wconf 84' lang='lat' dir='ltr'><strong>filio</strong></span> <span class='ocrx_word' id='word_1_156' title='bbox 1573 2117 1672 2166; x_wconf 90' lang='lat' dir='ltr'><strong>tuo</strong></span> <span class='ocrx_word' id='word_1_157' title='bbox 1712 2109 2206 2182; x_wconf 87' lang='lat' dir='ltr'><strong>compresbytero</strong></span> 
     </span>
    </p>
   </div>
   <div class='ocr_carea' id='block_1_24' title="bbox 543 2198 2207 2272">
    <p class='ocr_par' dir='ltr' id='par_1_24' title="bbox 543 2198 2207 2272">
     <span class='ocr_line' id='line_1_24' title="bbox 543 2198 2207 2272; baseline -0.009 -5"><span class='ocrx_word' id='word_1_158' title='bbox 543 2216 749 2267; x_wconf 91' lang='lat' dir='ltr'><strong>nostro</strong></span> <span class='ocrx_word' id='word_1_159' title='bbox 776 2211 1077 2263; x_wconf 88' lang='lat' dir='ltr'><strong>remeante</strong></span> <span class='ocrx_word' id='word_1_160' title='bbox 1108 2202 1369 2259; x_wconf 85' lang='lat' dir='ltr'><strong>Cornuto</strong></span> <span class='ocrx_word' id='word_1_161' title='bbox 1397 2203 1438 2266; x_wconf 81' lang='grc'><strong>¹,</strong></span> <span class='ocrx_word' id='word_1_162' title='bbox 1476 2216 1577 2272; x_wconf 91' lang='lat' dir='ltr'><strong>per</strong></span> <span class='ocrx_word' id='word_1_163' title='bbox 1605 2216 1787 2272; x_wconf 79' lang='lat' dir='ltr'><strong>quem</strong></span> <span class='ocrx_word' id='word_1_164' title='bbox 1821 2198 2048 2254; x_wconf 86' lang='lat' dir='ltr'><strong>litteras</strong></span> <span class='ocrx_word' id='word_1_165' title='bbox 2095 2205 2207 2253; x_wconf 74' lang='lat' dir='ltr'><strong>tute</strong></span> 
     </span>
    </p>
   </div>
   <div class='ocr_carea' id='block_1_25' title="bbox 540 2286 2207 2365">
    <p class='ocr_par' dir='ltr' id='par_1_25' title="bbox 540 2286 2207 2365">
     <span class='ocr_line' id='line_1_25' title="bbox 540 2286 2207 2365; baseline -0.009 -9"><span class='ocrx_word' id='word_1_166' title='bbox 540 2297 943 2355; x_wconf 86' lang='lat' dir='ltr'><strong>Venerationis</strong></span> <span class='ocrx_word' id='word_1_167' title='bbox 970 2293 1195 2365; x_wconf 89' lang='lat' dir='ltr'><strong>accepi,</strong></span> <span class='ocrx_word' id='word_1_168' title='bbox 1228 2290 1451 2364; x_wconf 85' lang='lat' dir='ltr'><strong>quibus</strong></span> <span class='ocrx_word' id='word_1_169' title='bbox 1480 2289 1866 2359; x_wconf 82' lang='lat' dir='ltr'><strong>exiguitatem</strong></span> <span class='ocrx_word' id='word_1_170' title='bbox 1900 2303 2097 2342; x_wconf 84' lang='lat' dir='ltr'><strong>meam</strong></span> <span class='ocrx_word' id='word_1_171' title='bbox 2129 2286 2207 2341; x_wconf 93' lang='lat' dir='ltr'><strong>vi-</strong></span> 
     </span>
    </p>
   </div>
   <div class='ocr_carea' id='block_1_26' title="bbox 544 2373 2209 2454">
    <p class='ocr_par' dir='ltr' id='par_1_26' title="bbox 544 2373 2209 2454">
     <span class='ocr_line' id='line_1_26' title="bbox 544 2373 2209 2454; baseline -0.011 -11"><span class='ocrx_word' id='word_1_172' title='bbox 544 2388 723 2443; x_wconf 90' lang='lat' dir='ltr'><strong>sitare</strong></span> <span class='ocrx_word' id='word_1_173' title='bbox 748 2386 1030 2454; x_wconf 88' lang='lat' dir='ltr'><strong>dignatus</strong></span> <span class='ocrx_word' id='word_1_174' title='bbox 1060 2399 1142 2446; x_wconf 88' lang='lat' dir='ltr'><strong>es,</strong></span> <span class='ocrx_word' id='word_1_175' title='bbox 1204 2379 1445 2434; x_wconf 84' lang='lat' dir='ltr'><strong>tandem</strong></span> <span class='ocrx_word' id='word_1_176' title='bbox 1488 2377 1778 2448; x_wconf 89' lang='lat' dir='ltr'><strong>rescripta</strong></span> <span class='ocrx_word' id='word_1_177' title='bbox 1822 2375 2118 2447; x_wconf 77' lang='lat' dir='ltr'><strong>persolvo,</strong></span> <span class='ocrx_word' id='word_1_178' title='bbox 2151 2373 2209 2430; x_wconf 84' lang='lat' dir='ltr'><strong>et</strong></span> 
     </span>
    </p>
   </div>
   <div class='ocr_carea' id='block_1_27' title="bbox 542 2464 2207 2537">
    <p class='ocr_par' dir='ltr' id='par_1_27' title="bbox 542 2464 2207 2537">
     <span class='ocr_line' id='line_1_27' title="bbox 542 2464 2207 2537; baseline -0.008 -5"><span class='ocrx_word' id='word_1_179' title='bbox 542 2476 813 2532; x_wconf 91' lang='lat' dir='ltr'><strong>debitum</strong></span> <span class='ocrx_word' id='word_1_180' title='bbox 864 2470 1303 2528; x_wconf 89' lang='lat' dir='ltr'><strong>resalutationis</strong></span> <span class='ocrx_word' id='word_1_181' title='bbox 1360 2466 1742 2537; x_wconf 86' lang='lat' dir='ltr'><strong>obsequium,</strong></span> <span class='ocrx_word' id='word_1_182' title='bbox 1812 2464 2066 2519; x_wconf 90' lang='lat' dir='ltr'><strong>multum</strong></span> <span class='ocrx_word' id='word_1_183' title='bbox 2113 2478 2207 2519; x_wconf 92' lang='lat' dir='ltr'><strong>me</strong></span> 
     </span>
    </p>
   </div>
   <div class='ocr_carea' id='block_1_28' title="bbox 545 2550 2209 2628">
    <p class='ocr_par' dir='ltr' id='par_1_28' title="bbox 545 2550 2209 2628">
     <span class='ocr_line' id='line_1_28' title="bbox 545 2550 2209 2628; baseline -0.008 -8"><span class='ocrx_word' id='word_1_184' title='bbox 545 2561 982 2620; x_wconf 84' lang='lat' dir='ltr'><strong>commendans</strong></span> <span class='ocrx_word' id='word_1_185' title='bbox 1013 2554 1449 2628; x_wconf 85' lang='lat' dir='ltr'><strong>acceptissimis</strong></span> <span class='ocrx_word' id='word_1_186' title='bbox 1480 2554 1734 2608; x_wconf 92' lang='lat' dir='ltr'><strong>Domino</strong></span> <span class='ocrx_word' id='word_1_187' title='bbox 1766 2551 2041 2624; x_wconf 87' lang='lat' dir='ltr'><strong>precibus</strong></span> <span class='ocrx_word' id='word_1_188' title='bbox 2074 2550 2209 2614; x_wconf 85' lang='lat' dir='ltr'><strong>tuis,</strong></span> 
     </span>
    </p>
   </div>
   <div class='ocr_carea' id='block_1_29' title="bbox 549 2640 2211 2714">
    <p class='ocr_par' dir='ltr' id='par_1_29' title="bbox 549 2640 2211 2714">
     <span class='ocr_line' id='line_1_29' title="bbox 549 2640 2211 2714; baseline -0.008 -6"><span class='ocrx_word' id='word_1_189' title='bbox 549 2653 792 2708; x_wconf 90' lang='lat' dir='ltr'><strong>domine</strong></span> <span class='ocrx_word' id='word_1_190' title='bbox 805 2647 1153 2704; x_wconf 87' lang='lat' dir='ltr'><strong>beatissime</strong></span> <span class='ocrx_word' id='word_1_191' title='bbox 1170 2643 1367 2700; x_wconf 85' lang='lat' dir='ltr'><strong>frater.</strong></span> <span class='ocrx_word' id='word_1_192' title='bbox 1384 2644 1462 2697; x_wconf 91' lang='lat' dir='ltr'><strong>De</strong></span> <span class='ocrx_word' id='word_1_193' title='bbox 1477 2641 1837 2714; x_wconf 86' lang='lat' dir='ltr'><strong>propheticis</strong></span> <span class='ocrx_word' id='word_1_194' title='bbox 1858 2646 2059 2697; x_wconf 88' lang='lat' dir='ltr'><strong>autem</strong></span> <span class='ocrx_word' id='word_1_195' title='bbox 2091 2640 2211 2696; x_wconf 81' lang='lat' dir='ltr'><strong>dic-</strong></span> 
     </span>
    </p>
   </div>
   <div class='ocr_carea' id='block_1_30' title="bbox 549 2729 2209 2810">
    <p class='ocr_par' dir='ltr' id='par_1_30' title="bbox 549 2729 2209 2810">
     <span class='ocr_line' id='line_1_30' title="bbox 549 2729 2209 2810; baseline -0.007 -14"><span class='ocrx_word' id='word_1_196' title='bbox 549 2742 625 2796; x_wconf 85' lang='lat' dir='ltr'><strong>tis</strong></span> <span class='ocrx_word' id='word_1_197' title='bbox 644 2740 768 2794; x_wconf 87' lang='lat' dir='ltr'><strong>sive</strong></span> <span class='ocrx_word' id='word_1_198' title='bbox 790 2736 1109 2810; x_wconf 69' lang='lat' dir='ltr'><strong>prmdictis,</strong></span> <span class='ocrx_word' id='word_1_199' title='bbox 1132 2734 1205 2789; x_wconf 92' lang='lat' dir='ltr'><strong>de</strong></span> <span class='ocrx_word' id='word_1_200' title='bbox 1228 2732 1448 2805; x_wconf 91' lang='lat' dir='ltr'><strong>quibus</strong></span> <span class='ocrx_word' id='word_1_201' title='bbox 1475 2731 1712 2787; x_wconf 89' lang='lat' dir='ltr'><strong>voluisti</strong></span> <span class='ocrx_word' id='word_1_202' title='bbox 1732 2737 1791 2785; x_wconf 90' lang='lat' dir='ltr'><strong>ut</strong></span> <span class='ocrx_word' id='word_1_203' title='bbox 1817 2729 2040 2802; x_wconf 92' lang='lat' dir='ltr'><strong>aliquid</strong></span> <span class='ocrx_word' id='word_1_204' title='bbox 2066 2729 2209 2785; x_wconf 89' lang='lat' dir='ltr'><strong>scri-</strong></span> 
     </span>
    </p>
   </div>
   <div class='ocr_carea' id='block_1_31' title="bbox 542 2817 2211 2892">
    <p class='ocr_par' dir='ltr' id='par_1_31' title="bbox 542 2817 2211 2892">
     <span class='ocr_line' id='line_1_31' title="bbox 542 2817 2211 2892; baseline -0.007 -8"><span class='ocrx_word' id='word_1_205' title='bbox 542 2828 765 2892; x_wconf 89' lang='lat' dir='ltr'><strong>berem,</strong></span> <span class='ocrx_word' id='word_1_206' title='bbox 797 2824 1011 2881; x_wconf 87' lang='lat' dir='ltr'><strong>melius</strong></span> <span class='ocrx_word' id='word_1_207' title='bbox 1034 2823 1177 2877; x_wconf 91' lang='lat' dir='ltr'><strong>mihi</strong></span> <span class='ocrx_word' id='word_1_208' title='bbox 1199 2820 1393 2875; x_wconf 90' lang='lat' dir='ltr'><strong>visum</strong></span> <span class='ocrx_word' id='word_1_209' title='bbox 1415 2824 1503 2874; x_wconf 87' lang='lat' dir='ltr'><strong>est</strong></span> <span class='ocrx_word' id='word_1_210' title='bbox 1531 2818 1719 2874; x_wconf 89' lang='lat' dir='ltr'><strong>sancti</strong></span> <span class='ocrx_word' id='word_1_211' title='bbox 1744 2817 2083 2889; x_wconf 79' lang='lat' dir='ltr'><strong>Hieronymi</strong></span> <span class='ocrx_word' id='word_1_212' title='bbox 2107 2817 2211 2873; x_wconf 91' lang='lat' dir='ltr'><strong>ho-</strong></span> 
     </span>
    </p>
   </div>
   <div class='ocr_carea' id='block_1_32' title="bbox 541 2907 2209 2981">
    <p class='ocr_par' dir='ltr' id='par_1_32' title="bbox 541 2907 2209 2981">
     <span class='ocr_line' id='line_1_32' title="bbox 541 2907 2209 2981; baseline -0.006 -8"><span class='ocrx_word' id='word_1_213' title='bbox 541 2917 726 2974; x_wconf 88' lang='lat' dir='ltr'><strong>minis</strong></span> <span class='ocrx_word' id='word_1_214' title='bbox 751 2912 1087 2970; x_wconf 90' lang='lat' dir='ltr'><strong>doctissimi</strong></span> <span class='ocrx_word' id='word_1_215' title='bbox 1102 2910 1502 2981; x_wconf 86' lang='lat' dir='ltr'><strong>expositiones</strong></span> <span class='ocrx_word' id='word_1_216' title='bbox 1521 2908 1872 2964; x_wconf 80' lang='lat' dir='ltr'><strong>eorum‘dem</strong></span> <span class='ocrx_word' id='word_1_217' title='bbox 1888 2907 2209 2963; x_wconf 86' lang='lat' dir='ltr'><strong>verborum</strong></span> 
     </span>
    </p>
   </div>
   <div class='ocr_carea' id='block_1_33' title="bbox 546 2995 2209 3079">
    <p class='ocr_par' dir='ltr' id='par_1_33' title="bbox 546 2995 2209 3079">
     <span class='ocr_line' id='line_1_33' title="bbox 546 2995 2209 3079; baseline -0.008 -16"><span class='ocrx_word' id='word_1_218' title='bbox 546 3006 642 3079; x_wconf 88' lang='lat' dir='ltr'><strong>(ne</strong></span> <span class='ocrx_word' id='word_1_219' title='bbox 675 3005 805 3061; x_wconf 85' lang='lat' dir='ltr'><strong>illas</strong></span> <span class='ocrx_word' id='word_1_220' title='bbox 829 3004 975 3059; x_wconf 85' lang='lat' dir='ltr'><strong>forte</strong></span> <span class='ocrx_word' id='word_1_221' title='bbox 996 3016 1115 3056; x_wconf 89' lang='lat' dir='ltr'><strong>non</strong></span> <span class='ocrx_word' id='word_1_222' title='bbox 1140 2999 1394 3069; x_wconf 89' lang='lat' dir='ltr'><strong>habeas)</strong></span> <span class='ocrx_word' id='word_1_223' title='bbox 1425 2997 1501 3052; x_wconf 92' lang='lat' dir='ltr'><strong>de</strong></span> <span class='ocrx_word' id='word_1_224' title='bbox 1528 2995 1835 3069; x_wconf 89' lang='lat' dir='ltr'><strong>opusculis</strong></span> <span class='ocrx_word' id='word_1_225' title='bbox 1854 2996 1983 3067; x_wconf 87' lang='lat' dir='ltr'><strong>ejus</strong></span> <span class='ocrx_word' id='word_1_226' title='bbox 2012 3011 2209 3051; x_wconf 87' lang='lat' dir='ltr'><strong>excer-</strong></span> 
     </span>
    </p>
   </div>
   <div class='ocr_carea' id='block_1_34' title="bbox 540 3085 2210 3169">
    <p class='ocr_par' dir='ltr' id='par_1_34' title="bbox 540 3085 2210 3169">
     <span class='ocr_line' id='line_1_34' title="bbox 540 3085 2210 3169; baseline -0.007 -18"><span class='ocrx_word' id='word_1_227' title='bbox 540 3100 675 3169; x_wconf 85' lang='lat' dir='ltr'><strong>ptas</strong></span> <span class='ocrx_word' id='word_1_228' title='bbox 704 3094 957 3162; x_wconf 86' lang='lat' dir='ltr'><strong>dirigere</strong></span> <span class='ocrx_word' id='word_1_229' title='bbox 988 3087 1339 3146; x_wconf 89' lang='lat' dir='ltr'><strong>Beatitudini</strong></span> <span class='ocrx_word' id='word_1_230' title='bbox 1366 3095 1498 3142; x_wconf 71' lang='lat' dir='ltr'><strong>tute.</strong></span> <span class='ocrx_word' id='word_1_231' title='bbox 1523 3087 1579 3142; x_wconf 87' lang='lat' dir='ltr'><strong>Si</strong></span> <span class='ocrx_word' id='word_1_232' title='bbox 1605 3092 1809 3141; x_wconf 88' lang='lat' dir='ltr'><strong>autem</strong></span> <span class='ocrx_word' id='word_1_233' title='bbox 1831 3085 1959 3155; x_wconf 88' lang='lat' dir='ltr'><strong>jam</strong></span> <span class='ocrx_word' id='word_1_234' title='bbox 1981 3100 2082 3139; x_wconf 89' lang='lat' dir='ltr'><strong>eas</strong></span> <span class='ocrx_word' id='word_1_235' title='bbox 2107 3085 2210 3140; x_wconf 89' lang='lat' dir='ltr'><strong>ha-</strong></span> 
     </span>
    </p>
   </div>
   <div class='ocr_carea' id='block_1_35' title="bbox 540 3172 2208 3252">
    <p class='ocr_par' dir='ltr' id='par_1_35' title="bbox 540 3172 2208 3252">
     <span class='ocr_line' id='line_1_35' title="bbox 540 3172 2208 3252; baseline -0.007 -11"><span class='ocrx_word' id='word_1_236' title='bbox 540 3184 752 3248; x_wconf 85' lang='lat' dir='ltr'><strong>bebas,</strong></span> <span class='ocrx_word' id='word_1_237' title='bbox 786 3197 895 3237; x_wconf 92' lang='lat' dir='ltr'><strong>nec</strong></span> <span class='ocrx_word' id='word_1_238' title='bbox 926 3177 1291 3252; x_wconf 88' lang='lat' dir='ltr'><strong>inquisitioni</strong></span> <span class='ocrx_word' id='word_1_239' title='bbox 1316 3181 1430 3232; x_wconf 73' lang='lat' dir='ltr'><strong>tuas</strong></span> <span class='ocrx_word' id='word_1_240' title='bbox 1458 3173 1924 3237; x_wconf 83' lang='lat' dir='ltr'><strong>satisfaciebant,</strong></span> <span class='ocrx_word' id='word_1_241' title='bbox 1955 3173 2101 3246; x_wconf 87' lang='lat' dir='ltr'><strong>quid</strong></span> <span class='ocrx_word' id='word_1_242' title='bbox 2132 3172 2208 3229; x_wconf 88' lang='lat' dir='ltr'><strong>de</strong></span> 
     </span>
    </p>
   </div>
   <div class='ocr_carea' id='block_1_36' title="bbox 539 3260 2210 3339">
    <p class='ocr_par' dir='ltr' id='par_1_36' title="bbox 539 3260 2210 3339">
     <span class='ocr_line' id='line_1_36' title="bbox 539 3260 2210 3339; baseline -0.006 -11"><span class='ocrx_word' id='word_1_243' title='bbox 539 3272 633 3329; x_wconf 90' lang='lat' dir='ltr'><strong>his</strong></span> <span class='ocrx_word' id='word_1_244' title='bbox 661 3270 905 3331; x_wconf 85' lang='lat' dir='ltr'><strong>sentias,</strong></span> <span class='ocrx_word' id='word_1_245' title='bbox 934 3272 1071 3339; x_wconf 90' lang='lat' dir='ltr'><strong>peto</strong></span> <span class='ocrx_word' id='word_1_246' title='bbox 1103 3266 1249 3321; x_wconf 89' lang='lat' dir='ltr'><strong>mibi</strong></span> <span class='ocrx_word' id='word_1_247' title='bbox 1283 3264 1609 3319; x_wconf 86' lang='lat' dir='ltr'><strong>rescribere</strong></span> <span class='ocrx_word' id='word_1_248' title='bbox 1639 3278 1759 3318; x_wconf 91' lang='lat' dir='ltr'><strong>non</strong></span> <span class='ocrx_word' id='word_1_249' title='bbox 1791 3260 2058 3332; x_wconf 80' lang='lat' dir='ltr'><strong>graveris</strong></span> <span class='ocrx_word' id='word_1_250' title='bbox 2086 3279 2099 3327; x_wconf 93' lang='lat'><strong>;</strong></span> <span class='ocrx_word' id='word_1_251' title='bbox 2151 3267 2210 3318; x_wconf 89' lang='lat' dir='ltr'><strong>et</strong></span> 
     </span>
    </p>
   </div>
   <div class='ocr_carea' id='block_1_37' title="bbox 540 3348 2208 3435">
    <p class='ocr_par' dir='ltr' id='par_1_37' title="bbox 540 3348 2208 3435">
     <span class='ocr_line' id='line_1_37' title="bbox 540 3348 2208 3435; baseline -0.008 -17"><span class='ocrx_word' id='word_1_252' title='bbox 540 3358 1062 3435; x_wconf 88' lang='lat' dir='ltr'><strong>quemadmodum</strong></span> <span class='ocrx_word' id='word_1_253' title='bbox 1074 3356 1200 3427; x_wconf 89' lang='lat' dir='ltr'><strong>ipse</strong></span> <span class='ocrx_word' id='word_1_254' title='bbox 1214 3353 1413 3409; x_wconf 87' lang='lat' dir='ltr'><strong>eadem</strong></span> <span class='ocrx_word' id='word_1_255' title='bbox 1429 3351 1777 3423; x_wconf 86' lang='lat' dir='ltr'><strong>prophetica</strong></span> <span class='ocrx_word' id='word_1_256' title='bbox 1789 3348 2032 3405; x_wconf 90' lang='lat' dir='ltr'><strong>oracula</strong></span> <span class='ocrx_word' id='word_1_257' title='bbox 2046 3348 2208 3405; x_wconf 84' lang='lat' dir='ltr'><strong>intel-</strong></span> 
     </span>
    </p>
   </div>
   <div class='ocr_carea' id='block_1_38' title="bbox 542 3438 2206 3522">
    <p class='ocr_par' dir='ltr' id='par_1_38' title="bbox 542 3438 2206 3522">
     <span class='ocr_line' id='line_1_38' title="bbox 542 3438 2206 3522; baseline -0.008 -16"><span class='ocrx_word' id='word_1_258' title='bbox 542 3450 711 3522; x_wconf 89' lang='lat' dir='ltr'><strong>ligas.</strong></span> <span class='ocrx_word' id='word_1_259' title='bbox 747 3450 867 3518; x_wconf 86' lang='lat' dir='ltr'><strong>Ego</strong></span> <span class='ocrx_word' id='word_1_260' title='bbox 915 3445 1075 3500; x_wconf 91' lang='lat' dir='ltr'><strong>enim</strong></span> <span class='ocrx_word' id='word_1_261' title='bbox 1118 3442 1381 3498; x_wconf 80' lang='lat' dir='ltr'><strong>maxime</strong></span> <span class='ocrx_word' id='word_1_262' title='bbox 1412 3439 1559 3495; x_wconf 91' lang='lat' dir='ltr'><strong>illud</strong></span> <span class='ocrx_word' id='word_1_263' title='bbox 1595 3439 1670 3494; x_wconf 88' lang='lat' dir='ltr'><strong>de</strong></span> <span class='ocrx_word' id='word_1_264' title='bbox 1711 3438 2206 3494; x_wconf 82' lang='lat' dir='ltr'><strong>Hebdomadibus</strong></span> 
     </span>
    </p>
   </div>
   <div class='ocr_carea' id='block_1_39' title="bbox 546 3527 2207 3601">
    <p class='ocr_par' dir='ltr' id='par_1_39' title="bbox 546 3527 2207 3601">
     <span class='ocr_line' id='line_1_39' title="bbox 546 3527 2207 3601; baseline -0.007 -8"><span class='ocrx_word' id='word_1_265' title='bbox 546 3537 799 3594; x_wconf 86' lang='lat' dir='ltr'><strong>Danielis</strong></span> <span class='ocrx_word' id='word_1_266' title='bbox 824 3532 1155 3590; x_wconf 89' lang='lat' dir='ltr'><strong>secundum</strong></span> <span class='ocrx_word' id='word_1_267' title='bbox 1184 3536 1423 3601; x_wconf 83' lang='lat' dir='ltr'><strong>tempus</strong></span> <span class='ocrx_word' id='word_1_268' title='bbox 1462 3527 1627 3601; x_wconf 92' lang='lat' dir='ltr'><strong>quod</strong></span> <span class='ocrx_word' id='word_1_269' title='bbox 1667 3528 1795 3598; x_wconf 90' lang='lat' dir='ltr'><strong>jam</strong></span> <span class='ocrx_word' id='word_1_270' title='bbox 1837 3531 2207 3583; x_wconf 87' lang='lat' dir='ltr'><strong>transactum</strong></span> 
     </span>
    </p>
   </div>
   <div class='ocr_carea' id='block_1_40' title="bbox 540 3615 2203 3692">
    <p class='ocr_par' dir='ltr' id='par_1_40' title="bbox 540 3615 2203 3692">
     <span class='ocr_line' id='line_1_40' title="bbox 540 3615 2203 3692; baseline -0.008 -10"><span class='ocrx_word' id='word_1_271' title='bbox 540 3632 646 3692; x_wconf 89' lang='lat' dir='ltr'><strong>est,</strong></span> <span class='ocrx_word' id='word_1_272' title='bbox 664 3622 1109 3691; x_wconf 88' lang='lat' dir='ltr'><strong>intelligendum</strong></span> <span class='ocrx_word' id='word_1_273' title='bbox 1126 3624 1268 3691; x_wconf 90' lang='lat' dir='ltr'><strong>puto</strong></span> <span class='ocrx_word' id='word_1_274' title='bbox 1292 3635 1305 3674; x_wconf 89' lang='lat'>:</span> <span class='ocrx_word' id='word_1_275' title='bbox 1332 3633 1472 3673; x_wconf 90' lang='lat' dir='ltr'><strong>nam</strong></span> <span class='ocrx_word' id='word_1_276' title='bbox 1495 3617 1568 3672; x_wconf 80' lang='lat' dir='ltr'><strong>de</strong></span> <span class='ocrx_word' id='word_1_277' title='bbox 1585 3616 1904 3673; x_wconf 87' lang='lat' dir='ltr'><strong>Salvatoris</strong></span> <span class='ocrx_word' id='word_1_278' title='bbox 1919 3615 2203 3681; x_wconf 90' lang='lat' dir='ltr'><strong>adventu,</strong></span> 
     </span>
    </p>
   </div>
   <div class='ocr_carea' id='block_1_41' title="bbox 540 3705 2205 3788">
    <p class='ocr_par' dir='ltr' id='par_1_41' title="bbox 540 3705 2205 3788">
     <span class='ocr_line' id='line_1_41' title="bbox 540 3705 2205 3788; baseline -0.007 -17"><span class='ocrx_word' id='word_1_279' title='bbox 540 3715 643 3788; x_wconf 89' lang='lat' dir='ltr'><strong>qui</strong></span> <span class='ocrx_word' id='word_1_280' title='bbox 669 3717 1052 3784; x_wconf 87' lang='lat' dir='ltr'><strong>exspectatur</strong></span> <span class='ocrx_word' id='word_1_281' title='bbox 1078 3710 1137 3765; x_wconf 92' lang='lat' dir='ltr'><strong>in</strong></span> <span class='ocrx_word' id='word_1_282' title='bbox 1170 3708 1306 3773; x_wconf 86' lang='lat' dir='ltr'><strong>line,</strong></span> <span class='ocrx_word' id='word_1_283' title='bbox 1334 3713 1609 3778; x_wconf 90' lang='lat' dir='ltr'><strong>tempora</strong></span> <span class='ocrx_word' id='word_1_284' title='bbox 1650 3705 2033 3761; x_wconf 87' lang='lat' dir='ltr'><strong>dinumerare</strong></span> <span class='ocrx_word' id='word_1_285' title='bbox 2084 3720 2205 3760; x_wconf 92' lang='lat' dir='ltr'><strong>non</strong></span> 
     </span>
    </p>
   </div>
   <div class='ocr_carea' id='block_1_42' title="bbox 540 3794 2208 3871">
    <p class='ocr_par' dir='ltr' id='par_1_42' title="bbox 540 3794 2208 3871">
     <span class='ocr_line' id='line_1_42' title="bbox 540 3794 2208 3871; baseline -0.008 -10"><span class='ocrx_word' id='word_1_286' title='bbox 540 3804 772 3869; x_wconf 91' lang='lat' dir='ltr'><strong>audeo;</strong></span> <span class='ocrx_word' id='word_1_287' title='bbox 800 3817 910 3857; x_wconf 90' lang='lat' dir='ltr'><strong>nec</strong></span> <span class='ocrx_word' id='word_1_288' title='bbox 938 3800 1199 3871; x_wconf 88' lang='lat' dir='ltr'><strong>aliquem</strong></span> <span class='ocrx_word' id='word_1_289' title='bbox 1232 3798 1589 3870; x_wconf 90' lang='lat' dir='ltr'><strong>prophetam</strong></span> <span class='ocrx_word' id='word_1_290' title='bbox 1616 3794 1691 3850; x_wconf 93' lang='lat' dir='ltr'><strong>de</strong></span> <span class='ocrx_word' id='word_1_291' title='bbox 1734 3794 1845 3851; x_wconf 89' lang='lat' dir='ltr'><strong>hac</strong></span> <span class='ocrx_word' id='word_1_292' title='bbox 1889 3810 1951 3850; x_wconf 90' lang='lat' dir='ltr'><strong>re</strong></span> <span class='ocrx_word' id='word_1_293' title='bbox 2000 3808 2208 3849; x_wconf 92' lang='lat' dir='ltr'><strong>nume-</strong></span> 
     </span>
    </p>
   </div>
   <div class='ocr_carea' id='block_1_43' title="bbox 538 3881 2205 3958">
    <p class='ocr_par' dir='ltr' id='par_1_43' title="bbox 538 3881 2205 3958">
     <span class='ocr_line' id='line_1_43' title="bbox 538 3881 2205 3958; baseline -0.008 -8"><span class='ocrx_word' id='word_1_294' title='bbox 538 3910 670 3950; x_wconf 88' lang='lat' dir='ltr'><strong>rum</strong></span> <span class='ocrx_word' id='word_1_295' title='bbox 693 3906 991 3948; x_wconf 91' lang='lat' dir='ltr'><strong>annorum</strong></span> <span class='ocrx_word' id='word_1_296' title='bbox 1007 3887 1279 3945; x_wconf 89' lang='lat' dir='ltr'><strong>existimo</strong></span> <span class='ocrx_word' id='word_1_297' title='bbox 1302 3884 1670 3958; x_wconf 72' lang='lat' dir='ltr'><strong>prasﬁniisse,</strong></span> <span class='ocrx_word' id='word_1_298' title='bbox 1695 3884 1800 3939; x_wconf 90' lang='lat' dir='ltr'><strong>sed</strong></span> <span class='ocrx_word' id='word_1_299' title='bbox 1819 3881 1969 3938; x_wconf 89' lang='lat' dir='ltr'><strong>illud</strong></span> <span class='ocrx_word' id='word_1_300' title='bbox 2005 3884 2205 3954; x_wconf 86' lang='lat' dir='ltr'><strong>potius</strong></span> 
     </span>
    </p>
   </div>
   <div class='ocr_carea' id='block_1_44' title="bbox 538 3972 2205 4055">
    <p class='ocr_par' dir='ltr' id='par_1_44' title="bbox 538 3972 2205 4055">
     <span class='ocr_line' id='line_1_44' title="bbox 538 3972 2205 4055; baseline -0.011 -16"><span class='ocrx_word' id='word_1_301' title='bbox 538 3981 879 4055; x_wconf 68' lang='lat' dir='ltr'><strong>praevalere,</strong></span> <span class='ocrx_word' id='word_1_302' title='bbox 908 3977 1074 4051; x_wconf 91' lang='lat' dir='ltr'><strong>quod</strong></span> <span class='ocrx_word' id='word_1_303' title='bbox 1121 3977 1249 4047; x_wconf 89' lang='lat' dir='ltr'><strong>ipse</strong></span> <span class='ocrx_word' id='word_1_304' title='bbox 1302 3973 1591 4029; x_wconf 89' lang='lat' dir='ltr'><strong>Dominus</strong></span> <span class='ocrx_word' id='word_1_305' title='bbox 1636 3972 1736 4039; x_wconf 88' lang='lat' dir='ltr'><strong>ait,</strong></span> <span class='ocrx_word' id='word_1_306' title='bbox 1779 3973 1963 4028; x_wconf 86' lang='lat' dir='ltr'><strong>Nemo</strong></span> <span class='ocrx_word' id='word_1_307' title='bbox 2017 3974 2205 4040; x_wconf 77' lang='lat' dir='ltr'><strong>potest</strong></span> 
     </span>
    </p>
   </div>
   <div class='ocr_carea' id='block_1_45' title="bbox 540 4062 2209 4140">
    <p class='ocr_par' dir='ltr' id='par_1_45' title="bbox 540 4062 2209 4140">
     <span class='ocr_line' id='line_1_45' title="bbox 540 4062 2209 4140; baseline -0.007 -13"><span class='ocrx_word' id='word_1_308' title='bbox 540 4084 885 4140; x_wconf 79' lang='lat' dir='ltr'><strong>cognoscere</strong></span> <span class='ocrx_word' id='word_1_309' title='bbox 914 4074 1198 4135; x_wconf 85' lang='lat' dir='ltr'><strong>tempora,</strong></span> <span class='ocrx_word' id='word_1_310' title='bbox 1229 4078 1358 4135; x_wconf 70' lang='lat' dir='ltr'><strong>quas</strong></span> <span class='ocrx_word' id='word_1_311' title='bbox 1388 4065 1569 4118; x_wconf 83' lang='lat' dir='ltr'><strong>Pater</strong></span> <span class='ocrx_word' id='word_1_312' title='bbox 1590 4062 1786 4131; x_wconf 79' lang='lat' dir='ltr'><strong>posuit</strong></span> <span class='ocrx_word' id='word_1_313' title='bbox 1806 4062 1870 4116; x_wconf 82' lang='lat' dir='ltr'><strong>in</strong></span> <span class='ocrx_word' id='word_1_314' title='bbox 1899 4076 2009 4116; x_wconf 89' lang='lat' dir='ltr'><strong>sua</strong></span> <span class='ocrx_word' id='word_1_315' title='bbox 2044 4065 2209 4129; x_wconf 85' lang='lat' dir='ltr'><strong>pote-</strong></span> 
     </span>
    </p>
   </div>
   <div class='ocr_carea' id='block_1_46' title="bbox 538 4156 1041 4228">
    <p class='ocr_par' dir='ltr' id='par_1_46' title="bbox 538 4156 1041 4228">
     <span class='ocr_line' id='line_1_46' title="bbox 538 4156 1041 4228; baseline -0.014 -13"><span class='ocrx_word' id='word_1_316' title='bbox 538 4164 677 4215; x_wconf 85' lang='lat' dir='ltr'><strong>state</strong></span> <span class='ocrx_word' id='word_1_317' title='bbox 707 4158 862 4228; x_wconf 81' lang='lat' dir='ltr'><strong>(Act.</strong></span> <span class='ocrx_word' id='word_1_318' title='bbox 892 4171 929 4225; x_wconf 91' lang='grc' dir='ltr'>ι,</span> <span class='ocrx_word' id='word_1_319' title='bbox 960 4156 1041 4225; x_wconf 81' lang='lat'><strong>7).</strong></span> 
     </span>
    </p>
   </div>
   <div class='ocr_carea' id='block_1_47' title="bbox 609 4235 2206 4311">
    <p class='ocr_par' dir='ltr' id='par_1_47' title="bbox 609 4235 2206 4311">
     <span class='ocr_line' id='line_1_47' title="bbox 609 4235 2206 4311; baseline -0.007 -8"><span class='ocrx_word' id='word_1_320' title='bbox 609 4250 665 4303; x_wconf 87' lang='lat'><strong>2.</strong></span> <span class='ocrx_word' id='word_1_321' title='bbox 697 4244 865 4311; x_wconf 88' lang='lat' dir='ltr'><strong>Quod</strong></span> <span class='ocrx_word' id='word_1_322' title='bbox 896 4244 1055 4299; x_wconf 90' lang='lat' dir='ltr'><strong>enim</strong></span> <span class='ocrx_word' id='word_1_323' title='bbox 1080 4240 1140 4296; x_wconf 92' lang='lat' dir='ltr'><strong>in</strong></span> <span class='ocrx_word' id='word_1_324' title='bbox 1167 4238 1283 4296; x_wconf 91' lang='lat' dir='ltr'><strong>alio</strong></span> <span class='ocrx_word' id='word_1_325' title='bbox 1306 4237 1437 4294; x_wconf 91' lang='lat' dir='ltr'><strong>loco</strong></span> <span class='ocrx_word' id='word_1_326' title='bbox 1464 4238 1566 4303; x_wconf 89' lang='lat' dir='ltr'><strong>ait,</strong></span> <span class='ocrx_word' id='word_1_327' title='bbox 1596 4238 1681 4293; x_wconf 91' lang='lat' dir='ltr'><strong>De</strong></span> <span class='ocrx_word' id='word_1_328' title='bbox 1698 4235 1792 4293; x_wconf 88' lang='lat' dir='ltr'><strong>die</strong></span> <span class='ocrx_word' id='word_1_329' title='bbox 1810 4242 1996 4293; x_wconf 87' lang='lat' dir='ltr'><strong>autem</strong></span> <span class='ocrx_word' id='word_1_330' title='bbox 2021 4236 2133 4292; x_wconf 80' lang='lat' dir='ltr'><strong>illa</strong></span> <span class='ocrx_word' id='word_1_331' title='bbox 2154 4243 2206 4293; x_wconf 88' lang='lat' dir='ltr'><strong>et</strong></span> 
     </span>
    </p>
   </div>
   <div class='ocr_carea' id='block_1_48' title="bbox 538 4324 2208 4403">
    <p class='ocr_par' dir='ltr' id='par_1_48' title="bbox 538 4324 2208 4403">
     <span class='ocr_line' id='line_1_48' title="bbox 538 4324 2208 4403; baseline -0.012 -9"><span class='ocrx_word' id='word_1_332' title='bbox 538 4336 691 4394; x_wconf 80' lang='lat' dir='ltr'><strong>hora</strong></span> <span class='ocrx_word' id='word_1_333' title='bbox 719 4350 887 4391; x_wconf 87' lang='lat' dir='ltr'><strong>nemo</strong></span> <span class='ocrx_word' id='word_1_334' title='bbox 916 4332 1023 4388; x_wconf 84' lang='lat' dir='ltr'><strong>scit</strong></span> <span class='ocrx_word' id='word_1_335' title='bbox 1049 4329 1291 4403; x_wconf 78' lang='lat' dir='ltr'><strong>(Matth.</strong></span> <span class='ocrx_word' id='word_1_336' title='bbox 1322 4343 1485 4393; x_wconf 81' lang='lat' dir='ltr'><strong>xxiv,</strong></span> <span class='ocrx_word' id='word_1_337' title='bbox 1513 4327 1627 4396; x_wconf 88' lang='lat'><strong>36),</strong></span> <span class='ocrx_word' id='word_1_338' title='bbox 1663 4330 1801 4380; x_wconf 89' lang='lat' dir='ltr'><strong>sunt</strong></span> <span class='ocrx_word' id='word_1_339' title='bbox 1826 4324 1930 4397; x_wconf 90' lang='lat' dir='ltr'><strong>qui</strong></span> <span class='ocrx_word' id='word_1_340' title='bbox 1958 4326 2043 4380; x_wconf 91' lang='lat' dir='ltr'><strong>sic</strong></span> <span class='ocrx_word' id='word_1_341' title='bbox 2058 4325 2208 4381; x_wconf 90' lang='lat' dir='ltr'><strong>acci.</strong></span> 
     </span>
    </p>
   </div>
   <div class='ocr_carea' id='block_1_49' title="bbox 540 4414 2206 4500">
    <p class='ocr_par' dir='ltr' id='par_1_49' title="bbox 540 4414 2206 4500">
     <span class='ocr_line' id='line_1_49' title="bbox 540 4414 2206 4500; baseline -0.008 -17"><span class='ocrx_word' id='word_1_342' title='bbox 540 4427 733 4500; x_wconf 90' lang='lat' dir='ltr'><strong>piunt,</strong></span> <span class='ocrx_word' id='word_1_343' title='bbox 749 4427 1032 4496; x_wconf 88' lang='lat' dir='ltr'><strong>utputent</strong></span> <span class='ocrx_word' id='word_1_344' title='bbox 1049 4436 1110 4475; x_wconf 90' lang='lat' dir='ltr'><strong>se</strong></span> <span class='ocrx_word' id='word_1_345' title='bbox 1131 4434 1314 4492; x_wconf 91' lang='lat' dir='ltr'><strong>posse</strong></span> <span class='ocrx_word' id='word_1_346' title='bbox 1340 4422 1689 4488; x_wconf 88' lang='lat' dir='ltr'><strong>computare</strong></span> <span class='ocrx_word' id='word_1_347' title='bbox 1712 4421 1985 4486; x_wconf 89' lang='lat' dir='ltr'><strong>tempora</strong></span> <span class='ocrx_word' id='word_1_348' title='bbox 2004 4432 2021 4485; x_wconf 82' lang='lat'>;</span> <span class='ocrx_word' id='word_1_349' title='bbox 2046 4414 2206 4470; x_wconf 90' lang='lat' dir='ltr'><strong>diem</strong></span> 
     </span>
    </p>
   </div>
   <div class='ocr_carea' id='block_1_50' title="bbox 540 4503 2202 4580">
    <p class='ocr_par' dir='ltr' id='par_1_50' title="bbox 540 4503 2202 4580">
     <span class='ocr_line' id='line_1_50' title="bbox 540 4503 2202 4580; baseline -0.01 -7"><span class='ocrx_word' id='word_1_350' title='bbox 540 4531 677 4572; x_wconf 86' lang='lat' dir='ltr'><strong>vero</strong></span> <span class='ocrx_word' id='word_1_351' title='bbox 701 4510 1116 4570; x_wconf 90' lang='lat' dir='ltr'><strong>tantummodo</strong></span> <span class='ocrx_word' id='word_1_352' title='bbox 1140 4509 1340 4580; x_wconf 91' lang='lat' dir='ltr'><strong>ipsum</strong></span> <span class='ocrx_word' id='word_1_353' title='bbox 1369 4511 1426 4562; x_wconf 90' lang='lat' dir='ltr'><strong>et</strong></span> <span class='ocrx_word' id='word_1_354' title='bbox 1456 4506 1667 4561; x_wconf 90' lang='lat' dir='ltr'><strong>horam</strong></span> <span class='ocrx_word' id='word_1_355' title='bbox 1689 4505 1990 4559; x_wconf 87' lang='lat' dir='ltr'><strong>neminem</strong></span> <span class='ocrx_word' id='word_1_356' title='bbox 2015 4503 2164 4559; x_wconf 92' lang='lat' dir='ltr'><strong>scire</strong></span> <span class='ocrx_word' id='word_1_357' title='bbox 2188 4517 2202 4556; x_wconf 88' lang='lat'><strong>:</strong></span> 
     </span>
    </p>
   </div>
   <div class='ocr_carea' id='block_1_51' title="bbox 539 4592 2207 4671">
    <p class='ocr_par' dir='ltr' id='par_1_51' title="bbox 539 4592 2207 4671">
     <span class='ocr_line' id='line_1_51' title="bbox 539 4592 2207 4671; baseline -0.008 -10"><span class='ocrx_word' id='word_1_358' title='bbox 539 4606 643 4661; x_wconf 90' lang='lat' dir='ltr'><strong>ubi</strong></span> <span class='ocrx_word' id='word_1_359' title='bbox 657 4604 865 4660; x_wconf 89' lang='lat' dir='ltr'><strong>omitto</strong></span> <span class='ocrx_word' id='word_1_360' title='bbox 878 4601 1075 4656; x_wconf 89' lang='lat' dir='ltr'><strong>dicere</strong></span> <span class='ocrx_word' id='word_1_361' title='bbox 1094 4595 1617 4671; x_wconf 89' lang='lat' dir='ltr'><strong>quemadmodum</strong></span> <span class='ocrx_word' id='word_1_362' title='bbox 1640 4592 1871 4649; x_wconf 88' lang='lat' dir='ltr'><strong>soleant</strong></span> <span class='ocrx_word' id='word_1_363' title='bbox 1892 4592 2207 4663; x_wconf 65' lang='lat' dir='ltr'><strong>Scriptura:</strong></span> 
     </span>
    </p>
   </div>
   <div class='ocr_carea' id='block_1_52' title="bbox 536 4681 2207 4758">
    <p class='ocr_par' dir='ltr' id='par_1_52' title="bbox 536 4681 2207 4758">
     <span class='ocr_line' id='line_1_52' title="bbox 536 4681 2207 4758; baseline -0.008 -8"><span class='ocrx_word' id='word_1_364' title='bbox 536 4696 697 4750; x_wconf 90' lang='lat' dir='ltr'><strong>diem</strong></span> <span class='ocrx_word' id='word_1_365' title='bbox 723 4692 808 4746; x_wconf 89' lang='lat' dir='ltr'><strong>vel</strong></span> <span class='ocrx_word' id='word_1_366' title='bbox 826 4692 1039 4745; x_wconf 89' lang='lat' dir='ltr'><strong>horam</strong></span> <span class='ocrx_word' id='word_1_367' title='bbox 1052 4690 1230 4743; x_wconf 89' lang='lat' dir='ltr'><strong>etiam</strong></span> <span class='ocrx_word' id='word_1_368' title='bbox 1246 4701 1350 4758; x_wconf 90' lang='lat' dir='ltr'><strong>pro</strong></span> <span class='ocrx_word' id='word_1_369' title='bbox 1374 4690 1643 4755; x_wconf 88' lang='lat' dir='ltr'><strong>tempore</strong></span> <span class='ocrx_word' id='word_1_370' title='bbox 1667 4681 2026 4754; x_wconf 88' lang='lat' dir='ltr'><strong>ponere.Sed</strong></span> <span class='ocrx_word' id='word_1_371' title='bbox 2053 4687 2207 4737; x_wconf 90' lang='lat' dir='ltr'><strong>certe</strong></span> 
     </span>
    </p>
   </div>
   <div class='ocr_carea' id='block_1_53' title="bbox 535 4770 2203 4849">
    <p class='ocr_par' dir='ltr' id='par_1_53' title="bbox 535 4770 2203 4849">
     <span class='ocr_line' id='line_1_53' title="bbox 535 4770 2203 4849; baseline -0.007 -11"><span class='ocrx_word' id='word_1_372' title='bbox 535 4782 684 4840; x_wconf 92' lang='lat' dir='ltr'><strong>illud</strong></span> <span class='ocrx_word' id='word_1_373' title='bbox 708 4781 782 4835; x_wconf 90' lang='lat' dir='ltr'><strong>de</strong></span> <span class='ocrx_word' id='word_1_374' title='bbox 811 4777 1150 4849; x_wconf 88' lang='lat' dir='ltr'><strong>ignorantia</strong></span> <span class='ocrx_word' id='word_1_375' title='bbox 1181 4780 1523 4846; x_wconf 90' lang='lat' dir='ltr'><strong>temporum</strong></span> <span class='ocrx_word' id='word_1_376' title='bbox 1554 4771 1926 4845; x_wconf 88' lang='lat' dir='ltr'><strong>apertissime</strong></span> <span class='ocrx_word' id='word_1_377' title='bbox 1978 4770 2203 4826; x_wconf 89' lang='lat' dir='ltr'><strong>dictum</strong></span> 
     </span>
    </p>
   </div>
   <div class='ocr_carea' id='block_1_54' title="bbox 597 4902 2207 4966">
    <p class='ocr_par' dir='ltr' id='par_1_54' title="bbox 597 4902 2207 4966">
     <span class='ocr_line' id='line_1_54' title="bbox 597 4902 2207 4966; baseline -0.007 -2"><span class='ocrx_word' id='word_1_378' title='bbox 597 4918 611 4948; x_wconf 78' lang='grc' dir='ltr'>ί</span> <span class='ocrx_word' id='word_1_379' title='bbox 642 4914 776 4966; x_wconf 84' lang='lat' dir='ltr'><strong>Mss.</strong></span> <span class='ocrx_word' id='word_1_380' title='bbox 810 4911 1007 4960; x_wconf 84' lang='lat' dir='ltr'><strong>Victor.</strong></span> <span class='ocrx_word' id='word_1_381' title='bbox 1046 4908 1196 4957; x_wconf 84' lang='lat' dir='ltr'><strong>Corb.</strong></span> <span class='ocrx_word' id='word_1_382' title='bbox 1231 4910 1282 4956; x_wconf 91' lang='lat' dir='ltr'><strong>et</strong></span> <span class='ocrx_word' id='word_1_383' title='bbox 1306 4919 1447 4955; x_wconf 90' lang='lat' dir='ltr'><strong>unus</strong></span> <span class='ocrx_word' id='word_1_384' title='bbox 1472 4919 1499 4955; x_wconf 90' lang='lat' dir='ltr'><strong>e</strong></span> <span class='ocrx_word' id='word_1_385' title='bbox 1520 4903 1691 4954; x_wconf 86' lang='lat' dir='ltr'><strong>Vatic.</strong></span> <span class='ocrx_word' id='word_1_386' title='bbox 1730 4904 1815 4953; x_wconf 91' lang='lat' dir='ltr'><strong>hic</strong></span> <span class='ocrx_word' id='word_1_387' title='bbox 1842 4906 1893 4953; x_wconf 92' lang='lat' dir='ltr'><strong>et</strong></span> <span class='ocrx_word' id='word_1_388' title='bbox 1934 4904 1988 4951; x_wconf 91' lang='lat' dir='ltr'><strong>in</strong></span> <span class='ocrx_word' id='word_1_389' title='bbox 2024 4902 2207 4953; x_wconf 84' lang='lat' dir='ltr'><strong>subse-</strong></span> 
     </span>
    </p>
   </div>
   <div class='ocr_carea' id='block_1_55' title="bbox 534 4968 1707 5044">
    <p class='ocr_par' dir='ltr' id='par_1_55' title="bbox 534 4968 1707 5044">
     <span class='ocr_line' id='line_1_55' title="bbox 534 4968 1707 5044; baseline -0.013 -16"><span class='ocrx_word' id='word_1_390' title='bbox 534 4981 732 5044; x_wconf 71' lang='lat' dir='ltr'><strong>quente</strong></span> <span class='ocrx_word' id='word_1_391' title='bbox 766 4973 993 5044; x_wconf 77' lang='lat' dir='ltr'><strong>epistola</strong></span> <span class='ocrx_word' id='word_1_392' title='bbox 1024 4968 1707 5044; x_wconf 27' lang='lat' dir='ltr'><strong>pateferu‘nthCoronatum.</strong></span> 
     </span>
    </p>
   </div>
   <div class='ocr_carea' id='block_1_56' title="bbox 596 5027 2205 5090">
    <p class='ocr_par' dir='ltr' id='par_1_56' title="bbox 596 5027 2205 5090">
     <span class='ocr_line' id='line_1_56' title="bbox 596 5027 2205 5090; baseline -0.008 0"><span class='ocrx_word' id='word_1_393' title='bbox 596 5027 617 5061; x_wconf 58' lang='grc'>⁸</span> <span class='ocrx_word' id='word_1_394' title='bbox 648 5027 888 5090; x_wconf 67' lang='grc' dir='ltr'><strong>Οοιτθὶῑα</strong></span> <span class='ocrx_word' id='word_1_395' title='bbox 918 5039 995 5085; x_wconf 90' lang='lat' dir='ltr'><strong>est</strong></span> <span class='ocrx_word' id='word_1_396' title='bbox 1026 5027 1096 5083; x_wconf 74' lang='lat' dir='ltr'><strong>ad</strong></span> <span class='ocrx_word' id='word_1_397' title='bbox 1116 5033 1185 5082; x_wconf 93' lang='lat' dir='ltr'><strong>bl.</strong></span> <span class='ocrx_word' id='word_1_398' title='bbox 1216 5032 1297 5081; x_wconf 93' lang='lat' dir='ltr'><strong>cb.</strong></span> <span class='ocrx_word' id='word_1_399' title='bbox 1338 5030 1389 5079; x_wconf 74' lang='lat' dir='ltr'><strong>ff.</strong></span> <span class='ocrx_word' id='word_1_400' title='bbox 1426 5045 1467 5079; x_wconf 93' lang='lat' dir='ltr'><strong>r.</strong></span> <span class='ocrx_word' id='word_1_401' title='bbox 1498 5044 1578 5079; x_wconf 91' lang='lat' dir='ltr'><strong>vc.</strong></span> <span class='ocrx_word' id='word_1_402' title='bbox 1600 5030 1736 5078; x_wconf 89' lang='lat' dir='ltr'><strong>duos</strong></span> <span class='ocrx_word' id='word_1_403' title='bbox 1759 5028 1838 5077; x_wconf 93' lang='lat' dir='ltr'><strong>sb.</strong></span> <span class='ocrx_word' id='word_1_404' title='bbox 1864 5027 2205 5082; x_wconf 81' lang='lat' dir='ltr'><strong>duost.duos</strong></span> 
     </span>
    </p>
   </div>
   <div class='ocr_carea' id='block_1_57' title="bbox 537 5097 1204 5155">
    <p class='ocr_par' dir='ltr' id='par_1_57' title="bbox 537 5097 1204 5155">
     <span class='ocr_line' id='line_1_57' title="bbox 537 5097 1204 5155; baseline -0.018 -1"><span class='ocrx_word' id='word_1_405' title='bbox 537 5117 589 5154; x_wconf 73' lang='grc' dir='ltr'><strong>ν.</strong></span> <span class='ocrx_word' id='word_1_406' title='bbox 624 5104 747 5155; x_wconf 79' lang='lat' dir='ltr'><strong>Am.</strong></span> <span class='ocrx_word' id='word_1_407' title='bbox 790 5098 916 5149; x_wconf 89' lang='lat' dir='ltr'><strong>Bad.</strong></span> <span class='ocrx_word' id='word_1_408' title='bbox 954 5098 1037 5146; x_wconf 85' lang='lat' dir='ltr'><strong>Er.</strong></span> <span class='ocrx_word' id='word_1_409' title='bbox 1074 5097 1204 5148; x_wconf 85' lang='lat' dir='ltr'><strong>Lov.</strong></span> 
     </span>
    </p>
   </div>
   <div class='ocr_carea' id='block_1_58' title="bbox 598 5151 2206 5226">
    <p class='ocr_par' dir='ltr' id='par_1_58' title="bbox 598 5151 2206 5226">
     <span class='ocr_line' id='line_1_58' title="bbox 598 5151 2206 5226; baseline -0.008 -12"><span class='ocrx_word' id='word_1_410' title='bbox 598 5151 668 5226; x_wconf 66' lang='lat' dir='ltr'><strong>(at</strong></span> <span class='ocrx_word' id='word_1_411' title='bbox 699 5151 842 5213; x_wconf 80' lang='lat' dir='ltr'><strong>Alias</strong></span> <span class='ocrx_word' id='word_1_412' title='bbox 871 5163 930 5211; x_wconf 85' lang='lat'><strong>78</strong></span> <span class='ocrx_word' id='word_1_413' title='bbox 956 5175 967 5209; x_wconf 90' lang='lat'><strong>:</strong></span> <span class='ocrx_word' id='word_1_414' title='bbox 1004 5159 1334 5226; x_wconf 70' lang='lat' dir='ltr'><strong>quaeautem</strong></span> <span class='ocrx_word' id='word_1_415' title='bbox 1369 5156 1459 5226; x_wconf 32' lang='lat'><strong>1097</strong></span> <span class='ocrx_word' id='word_1_416' title='bbox 1488 5157 1617 5208; x_wconf 88' lang='lat' dir='ltr'><strong>erat,</strong></span> <span class='ocrx_word' id='word_1_417' title='bbox 1647 5166 1790 5226; x_wconf 61' lang='lat' dir='ltr'><strong>nunc</strong></span> <span class='ocrx_word' id='word_1_418' title='bbox 1817 5153 1871 5202; x_wconf 90' lang='lat' dir='ltr'><strong>in</strong></span> <span class='ocrx_word' id='word_1_419' title='bbox 1896 5151 2206 5226; x_wconf 46' lang='lat' dir='ltr'><strong>Appendice</strong></span> 
     </span>
    </p>
   </div>
   <div class='ocr_carea' id='block_1_59' title="bbox 535 5215 2203 5289">
    <p class='ocr_par' dir='ltr' id='par_1_59' title="bbox 535 5215 2203 5289">
     <span class='ocr_line' id='line_1_59' title="bbox 535 5215 2203 5289; baseline -0.01 -11"><span class='ocrx_word' id='word_1_420' title='bbox 535 5215 619 5278; x_wconf 78' lang='lat' dir='ltr'><strong>est</strong></span> <span class='ocrx_word' id='word_1_421' title='bbox 656 5215 729 5275; x_wconf 63' lang='lat'><strong>&#39;16.</strong></span> <span class='ocrx_word' id='word_1_422' title='bbox 769 5226 981 5289; x_wconf 82' lang='lat' dir='ltr'><strong>Scripta</strong></span> <span class='ocrx_word' id='word_1_423' title='bbox 1006 5215 1217 5289; x_wconf 69' lang='lat' dir='ltr'><strong>videtur</strong></span> <span class='ocrx_word' id='word_1_424' title='bbox 1249 5218 1349 5267; x_wconf 86' lang='lat' dir='ltr'><strong>sub</strong></span> <span class='ocrx_word' id='word_1_425' title='bbox 1379 5218 1541 5289; x_wconf 67' lang='lat' dir='ltr'><strong>finem</strong></span> <span class='ocrx_word' id='word_1_426' title='bbox 1568 5230 1655 5265; x_wconf 88' lang='lat' dir='ltr'><strong>an.</strong></span> <span class='ocrx_word' id='word_1_427' title='bbox 1677 5217 1785 5289; x_wconf 55' lang='lat' dir='ltr'><strong>big,</strong></span> <span class='ocrx_word' id='word_1_428' title='bbox 1820 5219 1915 5265; x_wconf 86' lang='lat' dir='ltr'><strong>aut</strong></span> <span class='ocrx_word' id='word_1_429' title='bbox 1950 5215 2064 5289; x_wconf 77' lang='lat' dir='ltr'><strong>init.</strong></span> <span class='ocrx_word' id='word_1_430' title='bbox 2085 5215 2203 5289; x_wconf 47' lang='lat'><strong>319.</strong></span> 
     </span>
    </p>
   </div>
   <div class='ocr_carea' id='block_1_60' title="bbox 598 5278 2207 5351">
    <p class='ocr_par' dir='ltr' id='par_1_60' title="bbox 598 5278 2207 5351">
     <span class='ocr_line' id='line_1_60' title="bbox 598 5278 2207 5351; baseline -0.009 -14"><span class='ocrx_word' id='word_1_431' title='bbox 598 5291 668 5351; x_wconf 90' lang='lat' dir='ltr'><strong>(b)</strong></span> <span class='ocrx_word' id='word_1_432' title='bbox 698 5290 788 5338; x_wconf 83' lang='lat' dir='ltr'><strong>Hic</strong></span> <span class='ocrx_word' id='word_1_433' title='bbox 820 5278 933 5351; x_wconf 74' lang='lat' dir='ltr'><strong>erat</strong></span> <span class='ocrx_word' id='word_1_434' title='bbox 961 5285 1303 5351; x_wconf 79' lang='lat' dir='ltr'><strong>salonitanus</strong></span> <span class='ocrx_word' id='word_1_435' title='bbox 1321 5282 1621 5351; x_wconf 71' lang='lat' dir='ltr'><strong>episcopus,</strong></span> <span class='ocrx_word' id='word_1_436' title='bbox 1639 5278 1839 5351; x_wconf 36' lang='lat' dir='ltr'><strong>ex‘Mss.</strong></span> <span class='ocrx_word' id='word_1_437' title='bbox 1858 5278 2052 5351; x_wconf 75' lang='lat' dir='ltr'><strong>nostris</strong></span> <span class='ocrx_word' id='word_1_438' title='bbox 2081 5278 2207 5351; x_wconf 57' lang='lat' dir='ltr'><strong>Ger-</strong></span> 
     </span>
    </p>
   </div>
   <div class='ocr_carea' id='block_1_61' title="bbox 537 5339 2203 5404">
    <p class='ocr_par' dir='ltr' id='par_1_61' title="bbox 537 5339 2203 5404">
     <span class='ocr_line' id='line_1_61' title="bbox 537 5339 2203 5404; baseline -0.008 -4"><span class='ocrx_word' id='word_1_439' title='bbox 537 5339 779 5401; x_wconf 57' lang='lat' dir='ltr'><strong>man&#39;ensi</strong></span> <span class='ocrx_word' id='word_1_440' title='bbox 811 5354 859 5399; x_wconf 90' lang='lat' dir='ltr'><strong>et</strong></span> <span class='ocrx_word' id='word_1_441' title='bbox 896 5347 1216 5404; x_wconf 88' lang='lat' dir='ltr'><strong>Corbeiensi,</strong></span> <span class='ocrx_word' id='word_1_442' title='bbox 1245 5339 1473 5393; x_wconf 78' lang='lat' dir='ltr'><strong>testante</strong></span> <span class='ocrx_word' id='word_1_443' title='bbox 1504 5339 1666 5391; x_wconf 79' lang='lat' dir='ltr'><strong>etiam</strong></span> <span class='ocrx_word' id='word_1_444' title='bbox 1687 5341 1987 5404; x_wconf 83' lang='lat' dir='ltr'><strong>Augustino</strong></span> <span class='ocrx_word' id='word_1_445' title='bbox 2023 5341 2076 5388; x_wconf 90' lang='lat' dir='ltr'><strong>in</strong></span> <span class='ocrx_word' id='word_1_446' title='bbox 2110 5339 2203 5388; x_wconf 93' lang='lat' dir='ltr'><strong>lib.</strong></span> 
     </span>
    </p>
   </div>
   <div class='ocr_carea' id='block_1_62' title="bbox 536 5402 2207 5469">
    <p class='ocr_par' dir='ltr' id='par_1_62' title="bbox 536 5402 2207 5469">
     <span class='ocr_line' id='line_1_62' title="bbox 536 5402 2207 5469; baseline -0.007 -7"><span class='ocrx_word' id='word_1_447' title='bbox 536 5415 595 5462; x_wconf 73' lang='lat' dir='ltr'><strong>2t)</strong></span> <span class='ocrx_word' id='word_1_448' title='bbox 626 5415 691 5462; x_wconf 87' lang='lat' dir='ltr'><strong>de</strong></span> <span class='ocrx_word' id='word_1_449' title='bbox 724 5413 876 5461; x_wconf 89' lang='lat' dir='ltr'><strong>Civit.</strong></span> <span class='ocrx_word' id='word_1_450' title='bbox 910 5412 1017 5465; x_wconf 89' lang='lat' dir='ltr'><strong>Dei,</strong></span> <span class='ocrx_word' id='word_1_451' title='bbox 1049 5425 1094 5459; x_wconf 93' lang='lat' dir='ltr'><strong>c.</strong></span> <span class='ocrx_word' id='word_1_452' title='bbox 1132 5412 1159 5457; x_wconf 90' lang='lat'><strong>5</strong></span> <span class='ocrx_word' id='word_1_453' title='bbox 1179 5402 1208 5457; x_wconf 53' lang='grc' dir='ltr'><strong>ε’</strong></span> <span class='ocrx_word' id='word_1_454' title='bbox 1228 5421 1336 5457; x_wconf 90' lang='lat' dir='ltr'><strong>non</strong></span> <span class='ocrx_word' id='word_1_455' title='bbox 1366 5405 1583 5469; x_wconf 88' lang='lat' dir='ltr'><strong>quidem</strong></span> <span class='ocrx_word' id='word_1_456' title='bbox 1610 5402 1753 5469; x_wconf 78' lang='lat' dir='ltr'><strong>apud</strong></span> <span class='ocrx_word' id='word_1_457' title='bbox 1784 5402 1962 5469; x_wconf 60' lang='lat' dir='ltr'><strong>Afros,</strong></span> <span class='ocrx_word' id='word_1_458' title='bbox 2017 5404 2093 5469; x_wconf 74' lang='lat' dir='ltr'><strong>uti</strong></span> <span class='ocrx_word' id='word_1_459' title='bbox 2126 5413 2207 5452; x_wconf 83' lang='lat' dir='ltr'><strong>sa-</strong></span> 
     </span>
    </p>
   </div>
   <div class='ocr_carea' id='block_1_63' title="bbox 537 5465 2202 5546">
    <p class='ocr_par' dir='ltr' id='par_1_63' title="bbox 537 5465 2202 5546">
     <span class='ocr_line' id='line_1_63' title="bbox 537 5465 2202 5546; baseline -0.001 -24"><span class='ocrx_word' id='word_1_460' title='bbox 537 5477 606 5546; x_wconf 72' lang='lat' dir='ltr'><strong>tis</strong></span> <span class='ocrx_word' id='word_1_461' title='bbox 629 5475 1025 5546; x_wconf 58' lang='lat' dir='ltr'><strong>intelligiturex</strong></span> <span class='ocrx_word' id='word_1_462' title='bbox 1042 5471 1336 5546; x_wconf 44' lang='lat' dir='ltr'><strong>epist.‘199,</strong></span> <span class='ocrx_word' id='word_1_463' title='bbox 1360 5465 1418 5546; x_wconf 47' lang='grc' dir='ltr'>ιι..</span> <span class='ocrx_word' id='word_1_464' title='bbox 1443 5470 1577 5546; x_wconf 20' lang='lat'><strong>746,:</strong></span> <span class='ocrx_word' id='word_1_465' title='bbox 1600 5465 2072 5546; x_wconf 42' lang='lat' dir='ltr'><strong>auntftlljtnttgtlg</strong></span> <span class='ocrx_word' id='word_1_466' title='bbox 2089 5479 2202 5546; x_wconf 54' lang='lat'><strong>99!}.</strong></span> 
     </span>
    </p>
   </div>
   <div class='ocr_carea' id='block_1_64' title="bbox 539 5526 2203 5599">
    <p class='ocr_par' dir='ltr' id='par_1_64' title="bbox 539 5526 2203 5599">
     <span class='ocr_line' id='line_1_64' title="bbox 539 5526 2203 5599; baseline -0.006 -12"><span class='ocrx_word' id='word_1_467' title='bbox 539 5538 641 5587; x_wconf 91' lang='lat' dir='ltr'><strong>hoc</strong></span> <span class='ocrx_word' id='word_1_468' title='bbox 666 5538 747 5584; x_wconf 87' lang='lat' dir='ltr'><strong>est</strong></span> <span class='ocrx_word' id='word_1_469' title='bbox 765 5526 874 5583; x_wconf 55' lang='lat' dir='ltr'><strong>(in</strong></span> <span class='ocrx_word' id='word_1_470' title='bbox 895 5526 1089 5591; x_wconf 64' lang='lat' dir='ltr'><strong>Africa:</strong></span> <span class='ocrx_word' id='word_1_471' title='bbox 1108 5550 1133 5580; x_wconf 69' lang='grc' dir='ltr'><strong>ι</strong></span> <span class='ocrx_word' id='word_1_472' title='bbox 1165 5531 1411 5599; x_wconf 38' lang='grc' dir='ltr'><strong>βιοηεθά</strong></span> <span class='ocrx_word' id='word_1_473' title='bbox 1436 5530 1579 5594; x_wconf 89' lang='lat' dir='ltr'><strong>apud</strong></span> <span class='ocrx_word' id='word_1_474' title='bbox 1606 5528 1876 5599; x_wconf 81' lang='lat' dir='ltr'><strong>Dalmatas</strong></span> <span class='ocrx_word' id='word_1_475' title='bbox 1901 5542 1912 5585; x_wconf 85' lang='lat'>;</span> <span class='ocrx_word' id='word_1_476' title='bbox 1938 5526 2203 5599; x_wconf 67' lang='lat' dir='ltr'><strong>idemque,</strong></span> 
     </span>
    </p>
   </div>
   <div class='ocr_carea' id='block_1_65' title="bbox 536 5591 2075 5673">
    <p class='ocr_par' dir='ltr' id='par_1_65' title="bbox 536 5591 2075 5673">
     <span class='ocr_line' id='line_1_65' title="bbox 536 5591 2075 5673; baseline -0.006 -22"><span class='ocrx_word' id='word_1_477' title='bbox 536 5599 843 5673; x_wconf 63' lang='lat' dir='ltr'><strong>opinamur.</strong></span> <span class='ocrx_word' id='word_1_478' title='bbox 871 5610 996 5649; x_wconf 85' lang='lat' dir='ltr'><strong>cum</strong></span> <span class='ocrx_word' id='word_1_479' title='bbox 1015 5610 1079 5649; x_wconf 88' lang='lat' dir='ltr'><strong>eo</strong></span> <span class='ocrx_word' id='word_1_480' title='bbox 1098 5596 1184 5648; x_wconf 88' lang='lat' dir='ltr'><strong>cui</strong></span> <span class='ocrx_word' id='word_1_481' title='bbox 1211 5596 1445 5646; x_wconf 79' lang='lat' dir='ltr'><strong>sosimus</strong></span> <span class='ocrx_word' id='word_1_482' title='bbox 1463 5591 1607 5662; x_wconf 80' lang='lat' dir='ltr'><strong>papa</strong></span> <span class='ocrx_word' id='word_1_483' title='bbox 1627 5592 1842 5658; x_wconf 83' lang='lat' dir='ltr'><strong>scripsit</strong></span> <span class='ocrx_word' id='word_1_484' title='bbox 1867 5603 1939 5643; x_wconf 87' lang='lat' dir='ltr'><strong>an</strong></span> <span class='ocrx_word' id='word_1_485' title='bbox 1958 5591 2075 5647; x_wconf 65' lang='lat'><strong>418.</strong></span> 
     </span>
    </p>
   </div>
   <div class='ocr_carea' id='block_1_66' title="bbox 432 5764 613 5881">
    <p class='ocr_par' dir='ltr' id='par_1_66' title="bbox 432 5764 613 5881">
     <span class='ocr_line' id='line_1_66' title="bbox 432 5764 613 5881; baseline -0.006 -110"><span class='ocrx_word' id='word_1_486' title='bbox 432 5764 613 5881; x_wconf 31' lang='grc' dir='ltr'><strong>Ἃ</strong></span> 
     </span>
    </p>
   </div>
   <div class='ocr_carea' id='block_1_67' title="bbox 1802 109 2667 176">
    <p class='ocr_par' dir='ltr' id='par_1_67' title="bbox 1802 109 2667 176">
     <span class='ocr_line' id='line_1_67' title="bbox 1802 109 2667 176; baseline 0.001 -3"><span class='ocrx_word' id='word_1_487' title='bbox 1802 112 1885 173; x_wconf 87' lang='lat' dir='ltr'><strong>-S.</strong></span> <span class='ocrx_word' id='word_1_488' title='bbox 1925 111 2312 175; x_wconf 82' lang='lat' dir='ltr'><strong>AUGUSTINI</strong></span> <span class='ocrx_word' id='word_1_489' title='bbox 2349 109 2667 176; x_wconf 82' lang='lat' dir='ltr'><strong>EPISCOPI</strong></span> 
     </span>
    </p>
   </div>
   <div class='ocr_carea' id='block_1_68' title="bbox 3786 30 3995 187">
    <p class='ocr_par' dir='ltr' id='par_1_68' title="bbox 3786 30 3995 187">
     <span class='ocr_line' id='line_1_68' title="bbox 3786 30 3995 187; baseline -0.005 -41"><span class='ocrx_word' id='word_1_490' title='bbox 3786 120 3864 187; x_wconf 59' lang='grc' dir='ltr'><strong>,ω</strong></span> <span class='ocrx_word' id='word_1_491' title='bbox 3992 94 3995 145; x_wconf 76' lang='grc'>;</span> 
     </span>
    </p>
   </div>
   <div class='ocr_carea' id='block_1_69' title="bbox 2312 245 3997 319">
    <p class='ocr_par' dir='ltr' id='par_1_69' title="bbox 2312 245 3997 319">
     <span class='ocr_line' id='line_1_69' title="bbox 2312 245 3997 319; baseline 0.005 -20"><span class='ocrx_word' id='word_1_492' title='bbox 2312 247 2422 300; x_wconf 90' lang='lat' dir='ltr'><strong>est.</strong></span> <span class='ocrx_word' id='word_1_493' title='bbox 2452 248 2599 301; x_wconf 88' lang='lat' dir='ltr'><strong>Nam</strong></span> <span class='ocrx_word' id='word_1_494' title='bbox 2631 261 2769 301; x_wconf 91' lang='lat' dir='ltr'><strong>cum</strong></span> <span class='ocrx_word' id='word_1_495' title='bbox 2801 245 2938 301; x_wconf 91' lang='lat' dir='ltr'><strong>hinc</strong></span> <span class='ocrx_word' id='word_1_496' title='bbox 2980 245 3271 302; x_wconf 86' lang='lat' dir='ltr'><strong>Dominus</strong></span> <span class='ocrx_word' id='word_1_497' title='bbox 3324 249 3692 319; x_wconf 77' lang='lat' dir='ltr'><strong>interrogatus</strong></span> <span class='ocrx_word' id='word_1_498' title='bbox 3733 260 3889 311; x_wconf 80' lang='lat' dir='ltr'><strong>essets</strong></span> <span class='ocrx_word' id='word_1_499' title='bbox 3996 245 3997 319; x_wconf 53' lang='grc' dir='ltr'><em>ξ</em></span> 
     </span>
    </p>
   </div>
   <div class='ocr_carea' id='block_1_70' title="bbox 2310 334 3892 408">
    <p class='ocr_par' dir='ltr' id='par_1_70' title="bbox 2310 334 3892 408">
     <span class='ocr_line' id='line_1_70' title="bbox 2310 334 3892 408; baseline 0.007 -19"><span class='ocrx_word' id='word_1_500' title='bbox 2310 334 2618 407; x_wconf 89' lang='lat' dir='ltr'><strong>discipulis</strong></span> <span class='ocrx_word' id='word_1_501' title='bbox 2652 335 2774 391; x_wconf 88' lang='lat' dir='ltr'><strong>suis</strong></span> <span class='ocrx_word' id='word_1_502' title='bbox 2799 352 2812 391; x_wconf 93' lang='lat'>:</span> <span class='ocrx_word' id='word_1_503' title='bbox 2834 337 3033 400; x_wconf 89' lang='lat' dir='ltr'><strong>Nemo,</strong></span> <span class='ocrx_word' id='word_1_504' title='bbox 3051 336 3456 408; x_wconf 84' lang='lat' dir='ltr'><strong>inquit,potest</strong></span> <span class='ocrx_word' id='word_1_505' title='bbox 3477 353 3776 408; x_wconf 81' lang='lat' dir='ltr'><strong>cognoscere</strong></span> <span class='ocrx_word' id='word_1_506' title='bbox 3792 350 3892 400; x_wconf 82' lang='lat' dir='ltr'><strong>tem-</strong></span> 
     </span>
    </p>
   </div>
   <div class='ocr_carea' id='block_1_71' title="bbox 2309 424 3894 495">
    <p class='ocr_par' dir='ltr' id='par_1_71' title="bbox 2309 424 3894 495">
     <span class='ocr_line' id='line_1_71' title="bbox 2309 424 3894 495; baseline 0.006 -18"><span class='ocrx_word' id='word_1_507' title='bbox 2309 437 2483 491; x_wconf 89' lang='lat' dir='ltr'><strong>pora,</strong></span> <span class='ocrx_word' id='word_1_508' title='bbox 2506 439 2633 495; x_wconf 70' lang='lat' dir='ltr'><strong>quae</strong></span> <span class='ocrx_word' id='word_1_509' title='bbox 2666 424 2856 480; x_wconf 86' lang='lat' dir='ltr'><strong>Pater</strong></span> <span class='ocrx_word' id='word_1_510' title='bbox 2875 426 3077 493; x_wconf 80' lang='lat' dir='ltr'><strong>posuit</strong></span> <span class='ocrx_word' id='word_1_511' title='bbox 3106 424 3167 480; x_wconf 84' lang='lat' dir='ltr'><strong>in</strong></span> <span class='ocrx_word' id='word_1_512' title='bbox 3201 440 3312 482; x_wconf 90' lang='lat' dir='ltr'><strong>sua</strong></span> <span class='ocrx_word' id='word_1_513' title='bbox 3336 429 3628 495; x_wconf 77' lang='lat' dir='ltr'><strong>potestate.</strong></span> <span class='ocrx_word' id='word_1_514' title='bbox 3656 430 3763 483; x_wconf 83' lang='lat' dir='ltr'><strong>Non</strong></span> <span class='ocrx_word' id='word_1_515' title='bbox 3782 431 3894 487; x_wconf 87' lang='lat' dir='ltr'><strong>enim</strong></span> 
     </span>
    </p>
   </div>
   <div class='ocr_carea' id='block_1_72' title="bbox 2311 511 3892 587">
    <p class='ocr_par' dir='ltr' id='par_1_72' title="bbox 2311 511 3892 587">
     <span class='ocr_line' id='line_1_72' title="bbox 2311 511 3892 587; baseline 0.005 -22"><span class='ocrx_word' id='word_1_516' title='bbox 2311 511 2469 577; x_wconf 86' lang='lat' dir='ltr'><strong>dixit,</strong></span> <span class='ocrx_word' id='word_1_517' title='bbox 2502 512 2683 580; x_wconf 91' lang='lat' dir='ltr'><strong>Diem,</strong></span> <span class='ocrx_word' id='word_1_518' title='bbox 2715 514 2826 580; x_wconf 88' lang='lat' dir='ltr'><strong>vel,</strong></span> <span class='ocrx_word' id='word_1_519' title='bbox 2858 515 3093 576; x_wconf 85' lang='lat' dir='ltr'><strong>Horam.</strong></span> <span class='ocrx_word' id='word_1_520' title='bbox 3119 513 3247 583; x_wconf 91' lang='lat' dir='ltr'><strong>sed,</strong></span> <span class='ocrx_word' id='word_1_521' title='bbox 3284 517 3892 587; x_wconf 65' lang='lat' dir='ltr'><strong>tempera;qu&amp;inbreii</strong></span> 
     </span>
    </p>
   </div>
   <div class='ocr_carea' id='block_1_73' title="bbox 2314 600 3899 671">
    <p class='ocr_par' dir='ltr' id='par_1_73' title="bbox 2314 600 3899 671">
     <span class='ocr_line' id='line_1_73' title="bbox 2314 600 3899 671; baseline 0.006 -18"><span class='ocrx_word' id='word_1_522' title='bbox 2314 601 2507 671; x_wconf 86' lang='lat' dir='ltr'><strong>spatio</strong></span> <span class='ocrx_word' id='word_1_523' title='bbox 2546 616 2665 656; x_wconf 91' lang='lat' dir='ltr'><strong>non</strong></span> <span class='ocrx_word' id='word_1_524' title='bbox 2700 600 2890 657; x_wconf 91' lang='lat' dir='ltr'><strong>solent</strong></span> <span class='ocrx_word' id='word_1_525' title='bbox 2930 602 3072 665; x_wconf 91' lang='lat' dir='ltr'><strong>dici,</strong></span> <span class='ocrx_word' id='word_1_526' title='bbox 3118 603 3269 658; x_wconf 89' lang='lat' dir='ltr'><strong>sicut</strong></span> <span class='ocrx_word' id='word_1_527' title='bbox 3306 603 3433 658; x_wconf 89' lang='lat' dir='ltr'><strong>dies</strong></span> <span class='ocrx_word' id='word_1_528' title='bbox 3459 604 3545 659; x_wconf 89' lang='lat' dir='ltr'><strong>vel</strong></span> <span class='ocrx_word' id='word_1_529' title='bbox 3582 604 3730 669; x_wconf 86' lang='lat' dir='ltr'><strong>hora,</strong></span> <span class='ocrx_word' id='word_1_530' title='bbox 3768 609 3899 663; x_wconf 80' lang='lat' dir='ltr'><strong>maxi-</strong></span> 
     </span>
    </p>
   </div>
   <div class='ocr_carea' id='block_1_74' title="bbox 2315 689 3900 765">
    <p class='ocr_par' dir='ltr' id='par_1_74' title="bbox 2315 689 3900 765">
     <span class='ocr_line' id='line_1_74' title="bbox 2315 689 3900 765; baseline 0.004 -21"><span class='ocrx_word' id='word_1_531' title='bbox 2315 705 2410 744; x_wconf 90' lang='lat' dir='ltr'><strong>me</strong></span> <span class='ocrx_word' id='word_1_532' title='bbox 2434 689 2480 743; x_wconf 88' lang='lat' dir='ltr'><strong>si</strong></span> <span class='ocrx_word' id='word_1_533' title='bbox 2521 704 2782 759; x_wconf 76' lang='lat' dir='ltr'><strong>grascum</strong></span> <span class='ocrx_word' id='word_1_534' title='bbox 2810 690 3157 746; x_wconf 90' lang='lat' dir='ltr'><strong>intueamur</strong></span> <span class='ocrx_word' id='word_1_535' title='bbox 3181 691 3505 765; x_wconf 91' lang='lat' dir='ltr'><strong>eloquium,</strong></span> <span class='ocrx_word' id='word_1_536' title='bbox 3535 707 3601 746; x_wconf 86' lang='lat' dir='ltr'><strong>ex</strong></span> <span class='ocrx_word' id='word_1_537' title='bbox 3627 708 3735 764; x_wconf 86' lang='lat' dir='ltr'><strong>qua</strong></span> <span class='ocrx_word' id='word_1_538' title='bbox 3754 694 3900 764; x_wconf 69' lang='lat' dir='ltr'><strong>lingua</strong></span> 
     </span>
    </p>
   </div>
   <div class='ocr_carea' id='block_1_75' title="bbox 2313 778 3899 853">
    <p class='ocr_par' dir='ltr' id='par_1_75' title="bbox 2313 778 3899 853">
     <span class='ocr_line' id='line_1_75' title="bbox 2313 778 3899 853; baseline 0.004 -21"><span class='ocrx_word' id='word_1_539' title='bbox 2313 778 2369 833; x_wconf 91' lang='lat' dir='ltr'><strong>in</strong></span> <span class='ocrx_word' id='word_1_540' title='bbox 2404 784 2670 834; x_wconf 89' lang='lat' dir='ltr'><strong>nostram</strong></span> <span class='ocrx_word' id='word_1_541' title='bbox 2700 779 2983 835; x_wconf 90' lang='lat' dir='ltr'><strong>eumdem</strong></span> <span class='ocrx_word' id='word_1_542' title='bbox 3016 779 3265 848; x_wconf 92' lang='lat' dir='ltr'><strong>librum,</strong></span> <span class='ocrx_word' id='word_1_543' title='bbox 3297 781 3398 836; x_wconf 92' lang='lat' dir='ltr'><strong>ubi</strong></span> <span class='ocrx_word' id='word_1_544' title='bbox 3426 781 3538 836; x_wconf 92' lang='lat' dir='ltr'><strong>hoc</strong></span> <span class='ocrx_word' id='word_1_545' title='bbox 3564 782 3811 853; x_wconf 87' lang='lat' dir='ltr'><strong>scriptum</strong></span> <span class='ocrx_word' id='word_1_546' title='bbox 3829 792 3899 847; x_wconf 77' lang='lat' dir='ltr'><strong>est,</strong></span> 
     </span>
    </p>
   </div>
   <div class='ocr_carea' id='block_1_76' title="bbox 2310 869 3903 942">
    <p class='ocr_par' dir='ltr' id='par_1_76' title="bbox 2310 869 3903 942">
     <span class='ocr_line' id='line_1_76' title="bbox 2310 869 3903 942; baseline 0.004 -21"><span class='ocrx_word' id='word_1_547' title='bbox 2310 869 2535 923; x_wconf 91' lang='lat' dir='ltr'><strong>scimus</strong></span> <span class='ocrx_word' id='word_1_548' title='bbox 2574 883 2709 922; x_wconf 91' lang='lat' dir='ltr'><strong>esse</strong></span> <span class='ocrx_word' id='word_1_549' title='bbox 2741 869 3096 925; x_wconf 82' lang='lat' dir='ltr'><strong>translatum</strong></span> <span class='ocrx_word' id='word_1_550' title='bbox 3123 884 3137 935; x_wconf 92' lang='lat'><strong>;</strong></span> <span class='ocrx_word' id='word_1_551' title='bbox 3172 870 3462 942; x_wconf 88' lang='lat' dir='ltr'><strong>quamvis</strong></span> <span class='ocrx_word' id='word_1_552' title='bbox 3494 870 3662 925; x_wconf 88' lang='lat' dir='ltr'><strong>latine</strong></span> <span class='ocrx_word' id='word_1_553' title='bbox 3690 872 3807 926; x_wconf 81' lang='lat' dir='ltr'><strong>satis</strong></span> <span class='ocrx_word' id='word_1_554' title='bbox 3838 888 3903 927; x_wconf 84' lang='lat' dir='ltr'><strong>ex-</strong></span> 
     </span>
    </p>
   </div>
   <div class='ocr_carea' id='block_1_77' title="bbox 2312 956 3903 1031">
    <p class='ocr_par' dir='ltr' id='par_1_77' title="bbox 2312 956 3903 1031">
     <span class='ocr_line' id='line_1_77' title="bbox 2312 956 3903 1031; baseline 0.001 -21"><span class='ocrx_word' id='word_1_555' title='bbox 2312 956 2486 1027; x_wconf 89' lang='lat' dir='ltr'><strong>primi</strong></span> <span class='ocrx_word' id='word_1_556' title='bbox 2519 971 2639 1011; x_wconf 92' lang='lat' dir='ltr'><strong>non</strong></span> <span class='ocrx_word' id='word_1_557' title='bbox 2669 957 2942 1027; x_wconf 90' lang='lat' dir='ltr'><strong>potuerit.</strong></span> <span class='ocrx_word' id='word_1_558' title='bbox 2980 957 3064 1013; x_wconf 92' lang='lat' dir='ltr'><strong>lbi</strong></span> <span class='ocrx_word' id='word_1_559' title='bbox 3091 958 3260 1015; x_wconf 90' lang='lat' dir='ltr'><strong>enim</strong></span> <span class='ocrx_word' id='word_1_560' title='bbox 3296 974 3482 1029; x_wconf 72' lang='lat' dir='ltr'><strong>graece</strong></span> <span class='ocrx_word' id='word_1_561' title='bbox 3512 958 3725 1028; x_wconf 88' lang='lat' dir='ltr'><strong>legitur,</strong></span> <span class='ocrx_word' id='word_1_562' title='bbox 3745 966 3903 1031; x_wconf 68' lang='grc' dir='ltr'><strong>χρόνους</strong></span> 
     </span>
    </p>
   </div>
   <div class='ocr_carea' id='block_1_78' title="bbox 2311 1045 3903 1120">
    <p class='ocr_par' dir='ltr' id='par_1_78' title="bbox 2311 1045 3903 1120">
     <span class='ocr_line' id='line_1_78' title="bbox 2311 1045 3903 1120; baseline 0.006 -25"><span class='ocrx_word' id='word_1_563' title='bbox 2311 1045 2340 1103; x_wconf 66' lang='grc' dir='ltr'><strong><em>ἦ</em></strong></span> <span class='ocrx_word' id='word_1_564' title='bbox 2373 1047 2603 1119; x_wconf 83' lang='grc' dir='ltr'><strong>καιρούς.</strong></span> <span class='ocrx_word' id='word_1_565' title='bbox 2636 1045 2831 1101; x_wconf 90' lang='lat' dir='ltr'><strong>Nostri</strong></span> <span class='ocrx_word' id='word_1_566' title='bbox 2864 1053 3065 1102; x_wconf 89' lang='lat' dir='ltr'><strong>autem</strong></span> <span class='ocrx_word' id='word_1_567' title='bbox 3088 1054 3414 1120; x_wconf 87' lang='lat' dir='ltr'><strong>utrumque</strong></span> <span class='ocrx_word' id='word_1_568' title='bbox 3434 1047 3549 1103; x_wconf 91' lang='lat' dir='ltr'><strong>hoc</strong></span> <span class='ocrx_word' id='word_1_569' title='bbox 3578 1047 3903 1104; x_wconf 44' lang='lat' dir='ltr'><strong>verbumtem.</strong></span> 
     </span>
    </p>
   </div>
   <div class='ocr_carea' id='block_1_79' title="bbox 2312 1132 3902 1209">
    <p class='ocr_par' dir='ltr' id='par_1_79' title="bbox 2312 1132 3902 1209">
     <span class='ocr_line' id='line_1_79' title="bbox 2312 1132 3902 1209; baseline 0.002 -21"><span class='ocrx_word' id='word_1_570' title='bbox 2312 1148 2460 1204; x_wconf 89' lang='lat' dir='ltr'><strong>pora</strong></span> <span class='ocrx_word' id='word_1_571' title='bbox 2511 1132 2834 1204; x_wconf 90' lang='lat' dir='ltr'><strong>appellant,</strong></span> <span class='ocrx_word' id='word_1_572' title='bbox 2894 1135 3013 1190; x_wconf 87' lang='lat' dir='ltr'><strong>sive</strong></span> <span class='ocrx_word' id='word_1_573' title='bbox 3072 1154 3334 1208; x_wconf 80' lang='grc' dir='ltr'><strong>χρονους,</strong></span> <span class='ocrx_word' id='word_1_574' title='bbox 3388 1136 3514 1191; x_wconf 84' lang='lat' dir='ltr'><strong>sive</strong></span> <span class='ocrx_word' id='word_1_575' title='bbox 3559 1140 3770 1209; x_wconf 75' lang='grc' dir='ltr'><strong>καιροὺς,</strong></span> <span class='ocrx_word' id='word_1_576' title='bbox 3811 1152 3902 1191; x_wconf 88' lang='lat' dir='ltr'><strong>cum</strong></span> 
     </span>
    </p>
   </div>
   <div class='ocr_carea' id='block_1_80' title="bbox 2310 1221 3905 1295">
    <p class='ocr_par' dir='ltr' id='par_1_80' title="bbox 2310 1221 3905 1295">
     <span class='ocr_line' id='line_1_80' title="bbox 2310 1221 3905 1295; baseline 0.001 -18"><span class='ocrx_word' id='word_1_577' title='bbox 2310 1221 2846 1279; x_wconf 73' lang='lat' dir='ltr'><strong>habeanthascduo</strong></span> <span class='ocrx_word' id='word_1_578' title='bbox 2864 1224 3014 1279; x_wconf 89' lang='lat' dir='ltr'><strong>inter</strong></span> <span class='ocrx_word' id='word_1_579' title='bbox 3043 1239 3107 1279; x_wconf 89' lang='lat' dir='ltr'><strong>se</strong></span> <span class='ocrx_word' id='word_1_580' title='bbox 3128 1239 3251 1279; x_wconf 91' lang='lat' dir='ltr'><strong>non</strong></span> <span class='ocrx_word' id='word_1_581' title='bbox 3269 1223 3682 1295; x_wconf 80' lang='lat' dir='ltr'><strong>negligendam</strong></span> <span class='ocrx_word' id='word_1_582' title='bbox 3696 1223 3905 1280; x_wconf 82' lang='lat' dir='ltr'><strong>diﬂeren-</strong></span> 
     </span>
    </p>
   </div>
   <div class='ocr_carea' id='block_1_81' title="bbox 2311 1300 4005 1385">
    <p class='ocr_par' dir='ltr' id='par_1_81' title="bbox 2311 1300 4005 1385">
     <span class='ocr_line' id='line_1_81' title="bbox 2311 1300 4005 1385; baseline 0 -19"><span class='ocrx_word' id='word_1_583' title='bbox 2311 1312 2474 1367; x_wconf 88' lang='lat' dir='ltr'><strong>tiam.</strong></span> <span class='ocrx_word' id='word_1_584' title='bbox 2512 1316 2739 1383; x_wconf 75' lang='grc' dir='ltr'><strong>Καιροὺς</strong></span> <span class='ocrx_word' id='word_1_585' title='bbox 2757 1313 2984 1383; x_wconf 91' lang='lat' dir='ltr'><strong>quippe</strong></span> <span class='ocrx_word' id='word_1_586' title='bbox 3005 1312 3524 1384; x_wconf 67' lang='lat' dir='ltr'><strong>appellantGrasci</strong></span> <span class='ocrx_word' id='word_1_587' title='bbox 3551 1317 3907 1385; x_wconf 48' lang='lat' dir='ltr'><strong>temporaque.</strong></span> <span class='ocrx_word' id='word_1_588' title='bbox 4004 1300 4005 1335; x_wconf 35' lang='grc' dir='ltr'><strong>ἶ</strong></span> 
     </span>
    </p>
   </div>
   <div class='ocr_carea' id='block_1_82' title="bbox 2312 1400 3910 1473">
    <p class='ocr_par' dir='ltr' id='par_1_82' title="bbox 2312 1400 3910 1473">
     <span class='ocr_line' id='line_1_82' title="bbox 2312 1400 3910 1473; baseline 0.002 -17"><span class='ocrx_word' id='word_1_589' title='bbox 2312 1400 2475 1464; x_wconf 90' lang='lat' dir='ltr'><strong>dam,</strong></span> <span class='ocrx_word' id='word_1_590' title='bbox 2518 1416 2638 1455; x_wconf 91' lang='lat' dir='ltr'><strong>non</strong></span> <span class='ocrx_word' id='word_1_591' title='bbox 2681 1404 2882 1456; x_wconf 89' lang='lat' dir='ltr'><strong>tamen</strong></span> <span class='ocrx_word' id='word_1_592' title='bbox 2923 1416 3061 1473; x_wconf 70' lang='lat' dir='ltr'><strong>qum</strong></span> <span class='ocrx_word' id='word_1_593' title='bbox 3097 1402 3153 1456; x_wconf 89' lang='lat' dir='ltr'><strong>in</strong></span> <span class='ocrx_word' id='word_1_594' title='bbox 3207 1402 3546 1473; x_wconf 87' lang='lat' dir='ltr'><strong>spatiorum</strong></span> <span class='ocrx_word' id='word_1_595' title='bbox 3583 1401 3910 1459; x_wconf 80' lang='lat' dir='ltr'><strong>voluminibus</strong></span> 
     </span>
    </p>
   </div>
   <div class='ocr_carea' id='block_1_83' title="bbox 2313 1489 3911 1563">
    <p class='ocr_par' dir='ltr' id='par_1_83' title="bbox 2313 1489 3911 1563">
     <span class='ocr_line' id='line_1_83' title="bbox 2313 1489 3911 1563; baseline 0.001 -18"><span class='ocrx_word' id='word_1_596' title='bbox 2313 1493 2645 1553; x_wconf 85' lang='lat' dir='ltr'><strong>transeunt,</strong></span> <span class='ocrx_word' id='word_1_597' title='bbox 2678 1489 2784 1543; x_wconf 90' lang='lat' dir='ltr'><strong>sed</strong></span> <span class='ocrx_word' id='word_1_598' title='bbox 2806 1505 2943 1561; x_wconf 70' lang='lat' dir='ltr'><strong>qum</strong></span> <span class='ocrx_word' id='word_1_599' title='bbox 2972 1491 3033 1544; x_wconf 88' lang='lat' dir='ltr'><strong>in</strong></span> <span class='ocrx_word' id='word_1_600' title='bbox 3058 1490 3247 1546; x_wconf 89' lang='lat' dir='ltr'><strong>rebus</strong></span> <span class='ocrx_word' id='word_1_601' title='bbox 3277 1491 3352 1545; x_wconf 90' lang='lat' dir='ltr'><strong>ad</strong></span> <span class='ocrx_word' id='word_1_602' title='bbox 3374 1490 3605 1563; x_wconf 86' lang='lat' dir='ltr'><strong>aliquid</strong></span> <span class='ocrx_word' id='word_1_603' title='bbox 3633 1492 3911 1561; x_wconf 80' lang='lat' dir='ltr'><strong>opportunis</strong></span> 
     </span>
    </p>
   </div>
   <div class='ocr_carea' id='block_1_84' title="bbox 2312 1578 4007 1655">
    <p class='ocr_par' dir='ltr' id='par_1_84' title="bbox 2312 1578 4007 1655">
     <span class='ocr_line' id='line_1_84' title="bbox 2312 1578 4007 1655; baseline 0.001 -23"><span class='ocrx_word' id='word_1_604' title='bbox 2312 1578 2404 1633; x_wconf 88' lang='lat' dir='ltr'><strong>vel</strong></span> <span class='ocrx_word' id='word_1_605' title='bbox 2435 1578 2795 1649; x_wconf 90' lang='lat' dir='ltr'><strong>importunis</strong></span> <span class='ocrx_word' id='word_1_606' title='bbox 2823 1579 3168 1634; x_wconf 90' lang='lat' dir='ltr'><strong>sentiuntur</strong></span> <span class='ocrx_word' id='word_1_607' title='bbox 3192 1595 3206 1645; x_wconf 92' lang='lat'><strong>;</strong></span> <span class='ocrx_word' id='word_1_608' title='bbox 3231 1579 3380 1635; x_wconf 87' lang='lat' dir='ltr'><strong>sicut</strong></span> <span class='ocrx_word' id='word_1_609' title='bbox 3406 1579 3638 1644; x_wconf 86' lang='lat' dir='ltr'><strong>messis,</strong></span> <span class='ocrx_word' id='word_1_610' title='bbox 3660 1578 3909 1641; x_wconf 76' lang='lat' dir='ltr'><strong>vindemia,</strong></span> <span class='ocrx_word' id='word_1_611' title='bbox 4006 1602 4007 1655; x_wconf 50' lang='grc' dir='ltr'><strong>ι</strong></span> 
     </span>
    </p>
   </div>
   <div class='ocr_carea' id='block_1_85' title="bbox 2313 1666 3912 1741">
    <p class='ocr_par' dir='ltr' id='par_1_85' title="bbox 2313 1666 3912 1741">
     <span class='ocr_line' id='line_1_85' title="bbox 2313 1666 3912 1741; baseline -0.002 -20"><span class='ocrx_word' id='word_1_612' title='bbox 2313 1666 2496 1734; x_wconf 87' lang='lat' dir='ltr'><strong>calor,</strong></span> <span class='ocrx_word' id='word_1_613' title='bbox 2520 1666 2726 1737; x_wconf 82' lang='lat' dir='ltr'><strong>frigus,</strong></span> <span class='ocrx_word' id='word_1_614' title='bbox 2750 1682 2895 1738; x_wconf 86' lang='lat' dir='ltr'><strong>pax,</strong></span> <span class='ocrx_word' id='word_1_615' title='bbox 2917 1667 3160 1737; x_wconf 92' lang='lat' dir='ltr'><strong>bellum,</strong></span> <span class='ocrx_word' id='word_1_616' title='bbox 3185 1673 3243 1723; x_wconf 91' lang='lat' dir='ltr'><strong>et</strong></span> <span class='ocrx_word' id='word_1_617' title='bbox 3267 1668 3316 1723; x_wconf 89' lang='lat' dir='ltr'><strong>si</strong></span> <span class='ocrx_word' id='word_1_618' title='bbox 3336 1684 3463 1740; x_wconf 88' lang='lat' dir='ltr'><strong>qua</strong></span> <span class='ocrx_word' id='word_1_619' title='bbox 3488 1668 3727 1723; x_wconf 85' lang='lat' dir='ltr'><strong>similia:</strong></span> <span class='ocrx_word' id='word_1_620' title='bbox 3748 1673 3912 1741; x_wconf 70' lang='grc' dir='ltr'><strong>χρόνους</strong></span> 
     </span>
    </p>
   </div>
   <div class='ocr_carea' id='block_1_86' title="bbox 2312 1756 3571 1829">
    <p class='ocr_par' dir='ltr' id='par_1_86' title="bbox 2312 1756 3571 1829">
     <span class='ocr_line' id='line_1_86' title="bbox 2312 1756 3571 1829; baseline -0.002 -19"><span class='ocrx_word' id='word_1_621' title='bbox 2312 1761 2513 1811; x_wconf 88' lang='lat' dir='ltr'><strong>autem</strong></span> <span class='ocrx_word' id='word_1_622' title='bbox 2545 1756 2676 1827; x_wconf 89' lang='lat' dir='ltr'><strong>ipsa</strong></span> <span class='ocrx_word' id='word_1_623' title='bbox 2704 1756 2899 1827; x_wconf 88' lang='lat' dir='ltr'><strong>spatia</strong></span> <span class='ocrx_word' id='word_1_624' title='bbox 2940 1759 3284 1829; x_wconf 86' lang='lat' dir='ltr'><strong>temporum</strong></span> <span class='ocrx_word' id='word_1_625' title='bbox 3320 1763 3571 1812; x_wconf 89' lang='lat' dir='ltr'><strong>vocant.</strong></span> 
     </span>
    </p>
   </div>
   <div class='ocr_carea' id='block_1_87' title="bbox 2382 1843 3912 1916">
    <p class='ocr_par' dir='ltr' id='par_1_87' title="bbox 2382 1843 3912 1916">
     <span class='ocr_line' id='line_1_87' title="bbox 2382 1843 3912 1916; baseline 0 -18"><span class='ocrx_word' id='word_1_626' title='bbox 2382 1848 2435 1898; x_wconf 88' lang='lat'><strong>3.</strong></span> <span class='ocrx_word' id='word_1_627' title='bbox 2480 1843 2545 1899; x_wconf 83' lang='lat' dir='ltr'><strong>Et</strong></span> <span class='ocrx_word' id='word_1_628' title='bbox 2570 1843 2683 1899; x_wconf 89' lang='lat' dir='ltr'><strong>hoc</strong></span> <span class='ocrx_word' id='word_1_629' title='bbox 2716 1848 2871 1899; x_wconf 89' lang='lat' dir='ltr'><strong>certe</strong></span> <span class='ocrx_word' id='word_1_630' title='bbox 2901 1844 3016 1915; x_wconf 88' lang='lat' dir='ltr'><strong>ipsi</strong></span> <span class='ocrx_word' id='word_1_631' title='bbox 3046 1844 3313 1916; x_wconf 80' lang='lat' dir='ltr'><strong>Apostoli</strong></span> <span class='ocrx_word' id='word_1_632' title='bbox 3341 1860 3460 1901; x_wconf 91' lang='lat' dir='ltr'><strong>non</strong></span> <span class='ocrx_word' id='word_1_633' title='bbox 3493 1846 3577 1901; x_wconf 90' lang='lat' dir='ltr'><strong>ita</strong></span> <span class='ocrx_word' id='word_1_634' title='bbox 3602 1845 3912 1916; x_wconf 64' lang='lat' dir='ltr'><strong>quaesierunt,</strong></span> 
     </span>
    </p>
   </div>
   <div class='ocr_carea' id='block_1_88' title="bbox 2309 1932 3913 2005">
    <p class='ocr_par' dir='ltr' id='par_1_88' title="bbox 2309 1932 3913 2005">
     <span class='ocr_line' id='line_1_88' title="bbox 2309 1932 3913 2005; baseline -0.001 -18"><span class='ocrx_word' id='word_1_635' title='bbox 2309 1932 2485 2005; x_wconf 90' lang='lat' dir='ltr'><strong>quasi</strong></span> <span class='ocrx_word' id='word_1_636' title='bbox 2508 1948 2694 1987; x_wconf 88' lang='lat' dir='ltr'><strong>unum</strong></span> <span class='ocrx_word' id='word_1_637' title='bbox 2717 1933 3111 1989; x_wconf 89' lang='lat' dir='ltr'><strong>novissimum</strong></span> <span class='ocrx_word' id='word_1_638' title='bbox 3131 1934 3290 1989; x_wconf 85' lang='lat' dir='ltr'><strong>diem</strong></span> <span class='ocrx_word' id='word_1_639' title='bbox 3314 1934 3408 1989; x_wconf 93' lang='lat' dir='ltr'><strong>vel</strong></span> <span class='ocrx_word' id='word_1_640' title='bbox 3425 1935 3659 1997; x_wconf 88' lang='lat' dir='ltr'><strong>horam,</strong></span> <span class='ocrx_word' id='word_1_641' title='bbox 3680 1934 3732 1987; x_wconf 90' lang='lat' dir='ltr'><strong>id</strong></span> <span class='ocrx_word' id='word_1_642' title='bbox 3748 1941 3818 1988; x_wconf 83' lang='lat' dir='ltr'><strong>est</strong></span> <span class='ocrx_word' id='word_1_643' title='bbox 3832 1936 3913 1988; x_wconf 81' lang='lat' dir='ltr'><strong>exi-</strong></span> 
     </span>
    </p>
   </div>
   <div class='ocr_carea' id='block_1_89' title="bbox 2313 2021 3914 2093">
    <p class='ocr_par' dir='ltr' id='par_1_89' title="bbox 2313 2021 3914 2093">
     <span class='ocr_line' id='line_1_89' title="bbox 2313 2021 3914 2093; baseline 0 -18"><span class='ocrx_word' id='word_1_644' title='bbox 2313 2037 2497 2093; x_wconf 91' lang='lat' dir='ltr'><strong>guam</strong></span> <span class='ocrx_word' id='word_1_645' title='bbox 2522 2021 2637 2076; x_wconf 92' lang='lat' dir='ltr'><strong>dici</strong></span> <span class='ocrx_word' id='word_1_646' title='bbox 2669 2026 2900 2093; x_wconf 87' lang='lat' dir='ltr'><strong>partem</strong></span> <span class='ocrx_word' id='word_1_647' title='bbox 2929 2022 3077 2077; x_wconf 90' lang='lat' dir='ltr'><strong>scire</strong></span> <span class='ocrx_word' id='word_1_648' title='bbox 3117 2022 3491 2089; x_wconf 89' lang='lat' dir='ltr'><strong>voluissent;</strong></span> <span class='ocrx_word' id='word_1_649' title='bbox 3522 2022 3626 2078; x_wconf 87' lang='lat' dir='ltr'><strong>sed</strong></span> <span class='ocrx_word' id='word_1_650' title='bbox 3645 2030 3813 2077; x_wconf 88' lang='lat' dir='ltr'><strong>utrum</strong></span> <span class='ocrx_word' id='word_1_651' title='bbox 3828 2023 3914 2091; x_wconf 80' lang='lat' dir='ltr'><strong>jam</strong></span> 
     </span>
    </p>
   </div>
   <div class='ocr_carea' id='block_1_90' title="bbox 2314 2115 3916 2183">
    <p class='ocr_par' dir='ltr' id='par_1_90' title="bbox 2314 2115 3916 2183">
     <span class='ocr_line' id='line_1_90' title="bbox 2314 2115 3916 2183; baseline 0 -18"><span class='ocrx_word' id='word_1_652' title='bbox 2314 2115 2470 2165; x_wconf 84' lang='lat' dir='ltr'><strong>esset</strong></span> <span class='ocrx_word' id='word_1_653' title='bbox 2493 2116 2903 2181; x_wconf 90' lang='lat' dir='ltr'><strong>opportunum</strong></span> <span class='ocrx_word' id='word_1_654' title='bbox 2946 2116 3183 2182; x_wconf 88' lang='lat' dir='ltr'><strong>tempus</strong></span> <span class='ocrx_word' id='word_1_655' title='bbox 3212 2128 3336 2183; x_wconf 89' lang='lat' dir='ltr'><strong>quo</strong></span> <span class='ocrx_word' id='word_1_656' title='bbox 3374 2127 3632 2182; x_wconf 90' lang='lat' dir='ltr'><strong>regnum</strong></span> <span class='ocrx_word' id='word_1_657' title='bbox 3662 2126 3916 2182; x_wconf 51' lang='lat' dir='ltr'><strong>repraesen-</strong></span> 
     </span>
    </p>
   </div>
   <div class='ocr_carea' id='block_1_91' title="bbox 2312 2199 3917 2269">
    <p class='ocr_par' dir='ltr' id='par_1_91' title="bbox 2312 2199 3917 2269">
     <span class='ocr_line' id='line_1_91' title="bbox 2312 2199 3917 2269; baseline -0.001 -15"><span class='ocrx_word' id='word_1_658' title='bbox 2312 2203 2535 2254; x_wconf 91' lang='lat' dir='ltr'><strong>taretur</strong></span> <span class='ocrx_word' id='word_1_659' title='bbox 2550 2199 2749 2254; x_wconf 87' lang='lat' dir='ltr'><strong>Israel.</strong></span> <span class='ocrx_word' id='word_1_660' title='bbox 2770 2201 2934 2254; x_wconf 90' lang='lat' dir='ltr'><strong>Tunc</strong></span> <span class='ocrx_word' id='word_1_661' title='bbox 2971 2200 3311 2266; x_wconf 90' lang='lat' dir='ltr'><strong>audierunt,</strong></span> <span class='ocrx_word' id='word_1_662' title='bbox 3330 2200 3515 2256; x_wconf 88' lang='lat' dir='ltr'><strong>Nemo</strong></span> <span class='ocrx_word' id='word_1_663' title='bbox 3530 2204 3711 2269; x_wconf 86' lang='lat' dir='ltr'><strong>potest</strong></span> <span class='ocrx_word' id='word_1_664' title='bbox 3733 2215 3917 2269; x_wconf 57' lang='lat' dir='ltr'><strong>regnas.</strong></span> 
     </span>
    </p>
   </div>
   <div class='ocr_carea' id='block_1_92' title="bbox 2315 2289 3917 2360">
    <p class='ocr_par' dir='ltr' id='par_1_92' title="bbox 2315 2289 3917 2360">
     <span class='ocr_line' id='line_1_92' title="bbox 2315 2289 3917 2360; baseline -0.003 -16"><span class='ocrx_word' id='word_1_665' title='bbox 2315 2302 2445 2344; x_wconf 86' lang='lat' dir='ltr'><strong>cere</strong></span> <span class='ocrx_word' id='word_1_666' title='bbox 2463 2296 2886 2360; x_wconf 69' lang='lat' dir='ltr'><strong>tempora,quas</strong></span> <span class='ocrx_word' id='word_1_667' title='bbox 2900 2289 3085 2345; x_wconf 84' lang='lat' dir='ltr'><strong>Pater</strong></span> <span class='ocrx_word' id='word_1_668' title='bbox 3097 2290 3292 2358; x_wconf 86' lang='lat' dir='ltr'><strong>posuit</strong></span> <span class='ocrx_word' id='word_1_669' title='bbox 3306 2289 3369 2343; x_wconf 87' lang='lat' dir='ltr'><strong>in</strong></span> <span class='ocrx_word' id='word_1_670' title='bbox 3384 2305 3495 2344; x_wconf 88' lang='lat' dir='ltr'><strong>sua</strong></span> <span class='ocrx_word' id='word_1_671' title='bbox 3505 2296 3792 2359; x_wconf 65' lang='lat' dir='ltr'><strong>potestate,</strong></span> <span class='ocrx_word' id='word_1_672' title='bbox 3804 2289 3848 2341; x_wconf 90' lang='lat' dir='ltr'><strong>id</strong></span> <span class='ocrx_word' id='word_1_673' title='bbox 3857 2295 3917 2341; x_wconf 87' lang='lat' dir='ltr'><strong>est</strong></span> 
     </span>
    </p>
   </div>
   <div class='ocr_carea' id='block_1_93' title="bbox 2314 2376 3918 2449">
    <p class='ocr_par' dir='ltr' id='par_1_93' title="bbox 2314 2376 3918 2449">
     <span class='ocr_line' id='line_1_93' title="bbox 2314 2376 3918 2449; baseline 0.004 -22"><span class='ocrx_word' id='word_1_674' title='bbox 2314 2381 2539 2449; x_wconf 83' lang='grc' dir='ltr'><strong>χρόνους</strong></span> <span class='ocrx_word' id='word_1_675' title='bbox 2565 2376 2594 2435; x_wconf 76' lang='grc' dir='ltr'>ἡ</span> <span class='ocrx_word' id='word_1_676' title='bbox 2617 2380 2865 2449; x_wconf 75' lang='grc' dir='ltr'><strong>καιρούςε</strong></span> <span class='ocrx_word' id='word_1_677' title='bbox 2895 2377 3061 2449; x_wconf 92' lang='lat' dir='ltr'><strong>quod</strong></span> <span class='ocrx_word' id='word_1_678' title='bbox 3093 2378 3139 2432; x_wconf 90' lang='lat' dir='ltr'><strong>si</strong></span> <span class='ocrx_word' id='word_1_679' title='bbox 3169 2377 3349 2433; x_wconf 87' lang='lat' dir='ltr'><strong>latine</strong></span> <span class='ocrx_word' id='word_1_680' title='bbox 3380 2377 3697 2443; x_wconf 88' lang='lat' dir='ltr'><strong>diceretur,</strong></span> <span class='ocrx_word' id='word_1_681' title='bbox 3724 2386 3918 2446; x_wconf 64' lang='lat' dir='ltr'><strong>tempus</strong></span> 
     </span>
    </p>
   </div>
   <div class='ocr_carea' id='block_1_94' title="bbox 2314 2465 3920 2538">
    <p class='ocr_par' dir='ltr' id='par_1_94' title="bbox 2314 2465 3920 2538">
     <span class='ocr_line' id='line_1_94' title="bbox 2314 2465 3920 2538; baseline -0.001 -17"><span class='ocrx_word' id='word_1_682' title='bbox 2314 2470 2417 2522; x_wconf 88' lang='lat' dir='ltr'><strong>aut</strong></span> <span class='ocrx_word' id='word_1_683' title='bbox 2443 2465 2933 2534; x_wconf 85' lang='lat' dir='ltr'><strong>opportunitates,</strong></span> <span class='ocrx_word' id='word_1_684' title='bbox 2974 2481 3083 2521; x_wconf 89' lang='lat' dir='ltr'><strong>nec</strong></span> <span class='ocrx_word' id='word_1_685' title='bbox 3113 2465 3199 2521; x_wconf 87' lang='lat' dir='ltr'><strong>sic</strong></span> <span class='ocrx_word' id='word_1_686' title='bbox 3229 2466 3396 2538; x_wconf 91' lang='lat' dir='ltr'><strong>quod</strong></span> <span class='ocrx_word' id='word_1_687' title='bbox 3437 2467 3666 2521; x_wconf 90' lang='lat' dir='ltr'><strong>dictum</strong></span> <span class='ocrx_word' id='word_1_688' title='bbox 3691 2471 3783 2531; x_wconf 87' lang='lat' dir='ltr'><strong>est,</strong></span> <span class='ocrx_word' id='word_1_689' title='bbox 3815 2468 3920 2519; x_wconf 81' lang='lat' dir='ltr'><strong>esset</strong></span> 
     </span>
    </p>
   </div>
   <div class='ocr_carea' id='block_1_95' title="bbox 2315 2553 3920 2628">
    <p class='ocr_par' dir='ltr' id='par_1_95' title="bbox 2315 2553 3920 2628">
     <span class='ocr_line' id='line_1_95' title="bbox 2315 2553 3920 2628; baseline -0.002 -18"><span class='ocrx_word' id='word_1_690' title='bbox 2315 2569 2693 2625; x_wconf 87' lang='lat' dir='ltr'><strong>expressum;</strong></span> <span class='ocrx_word' id='word_1_691' title='bbox 2709 2555 2854 2625; x_wconf 90' lang='lat' dir='ltr'><strong>quia</strong></span> <span class='ocrx_word' id='word_1_692' title='bbox 2868 2555 2991 2610; x_wconf 89' lang='lat' dir='ltr'><strong>sive</strong></span> <span class='ocrx_word' id='word_1_693' title='bbox 3006 2560 3351 2626; x_wconf 90' lang='lat' dir='ltr'><strong>opportuna</strong></span> <span class='ocrx_word' id='word_1_694' title='bbox 3363 2554 3513 2619; x_wconf 86' lang='lat' dir='ltr'><strong>,sive</strong></span> <span class='ocrx_word' id='word_1_695' title='bbox 3524 2556 3604 2611; x_wconf 91' lang='lat' dir='ltr'><strong>im</strong></span> <span class='ocrx_word' id='word_1_696' title='bbox 3613 2561 3837 2628; x_wconf 85' lang='lat' dir='ltr'><strong>portuna</strong></span> <span class='ocrx_word' id='word_1_697' title='bbox 3846 2553 3920 2608; x_wconf 85' lang='lat' dir='ltr'><strong>sint</strong></span> 
     </span>
    </p>
   </div>
   <div class='ocr_carea' id='block_1_96' title="bbox 2316 2642 3919 2715">
    <p class='ocr_par' dir='ltr' id='par_1_96' title="bbox 2316 2642 3919 2715">
     <span class='ocr_line' id='line_1_96' title="bbox 2316 2642 3919 2715; baseline 0.002 -17"><span class='ocrx_word' id='word_1_698' title='bbox 2316 2642 3110 2714; x_wconf 71' lang='lat' dir='ltr'><strong>tempora,xaipotdicuntur.</strong></span> <span class='ocrx_word' id='word_1_699' title='bbox 3133 2646 3430 2715; x_wconf 87' lang='lat' dir='ltr'><strong>Tempora</strong></span> <span class='ocrx_word' id='word_1_700' title='bbox 3445 2659 3593 2714; x_wconf 83' lang='lat' dir='ltr'><strong>ergo</strong></span> <span class='ocrx_word' id='word_1_701' title='bbox 3622 2648 3919 2715; x_wconf 77' lang='lat' dir='ltr'><strong>computare,</strong></span> 
     </span>
    </p>
   </div>
   <div class='ocr_carea' id='block_1_97' title="bbox 2314 2730 3923 2804">
    <p class='ocr_par' dir='ltr' id='par_1_97' title="bbox 2314 2730 3923 2804">
     <span class='ocr_line' id='line_1_97' title="bbox 2314 2730 3923 2804; baseline -0.001 -19"><span class='ocrx_word' id='word_1_702' title='bbox 2314 2730 2428 2785; x_wconf 92' lang='lat' dir='ltr'><strong>hoc</strong></span> <span class='ocrx_word' id='word_1_703' title='bbox 2442 2735 2552 2795; x_wconf 89' lang='lat' dir='ltr'><strong>est,</strong></span> <span class='ocrx_word' id='word_1_704' title='bbox 2558 2736 2779 2803; x_wconf 82' lang='grc' dir='ltr'><strong>χρόνους</strong></span> <span class='ocrx_word' id='word_1_705' title='bbox 2797 2737 2855 2786; x_wconf 92' lang='lat' dir='ltr'><strong>ut</strong></span> <span class='ocrx_word' id='word_1_706' title='bbox 2868 2732 3121 2787; x_wconf 86' lang='lat' dir='ltr'><strong>sciamus</strong></span> <span class='ocrx_word' id='word_1_707' title='bbox 3136 2732 3386 2804; x_wconf 90' lang='lat' dir='ltr'><strong>quando</strong></span> <span class='ocrx_word' id='word_1_708' title='bbox 3403 2732 3923 2802; x_wconf 73' lang='lat' dir='ltr'><strong>sitﬁnishujusstecu.</strong></span> 
     </span>
    </p>
   </div>
   <div class='ocr_carea' id='block_1_98' title="bbox 2313 2818 3922 2890">
    <p class='ocr_par' dir='ltr' id='par_1_98' title="bbox 2313 2818 3922 2890">
     <span class='ocr_line' id='line_1_98' title="bbox 2313 2818 3922 2890; baseline -0.002 -16"><span class='ocrx_word' id='word_1_709' title='bbox 2313 2818 2353 2874; x_wconf 90' lang='lat' dir='ltr'><strong>li</strong></span> <span class='ocrx_word' id='word_1_710' title='bbox 2369 2820 2457 2874; x_wconf 89' lang='lat' dir='ltr'><strong>vel</strong></span> <span class='ocrx_word' id='word_1_711' title='bbox 2473 2819 2766 2876; x_wconf 89' lang='lat' dir='ltr'><strong>adventus</strong></span> <span class='ocrx_word' id='word_1_712' title='bbox 2784 2820 3039 2887; x_wconf 88' lang='lat' dir='ltr'><strong>Domini,</strong></span> <span class='ocrx_word' id='word_1_713' title='bbox 3056 2821 3199 2877; x_wconf 90' lang='lat' dir='ltr'><strong>nihil</strong></span> <span class='ocrx_word' id='word_1_714' title='bbox 3216 2820 3543 2877; x_wconf 89' lang='lat' dir='ltr'><strong>mihialiud</strong></span> <span class='ocrx_word' id='word_1_715' title='bbox 3557 2821 3782 2890; x_wconf 85' lang='lat' dir='ltr'><strong>videtur,</strong></span> <span class='ocrx_word' id='word_1_716' title='bbox 3798 2834 3922 2890; x_wconf 78' lang='lat' dir='ltr'><strong>quam</strong></span> 
     </span>
    </p>
   </div>
   <div class='ocr_carea' id='block_1_99' title="bbox 2312 2908 3825 2982">
    <p class='ocr_par' dir='ltr' id='par_1_99' title="bbox 2312 2908 3825 2982">
     <span class='ocr_line' id='line_1_99' title="bbox 2312 2908 3825 2982; baseline 0.001 -21"><span class='ocrx_word' id='word_1_717' title='bbox 2312 2908 2460 2963; x_wconf 89' lang='lat' dir='ltr'><strong>scire</strong></span> <span class='ocrx_word' id='word_1_718' title='bbox 2484 2908 2628 2963; x_wconf 90' lang='lat' dir='ltr'><strong>velle</strong></span> <span class='ocrx_word' id='word_1_719' title='bbox 2658 2908 2823 2980; x_wconf 91' lang='lat' dir='ltr'><strong>quod</strong></span> <span class='ocrx_word' id='word_1_720' title='bbox 2856 2909 2987 2980; x_wconf 91' lang='lat' dir='ltr'><strong>ipse</strong></span> <span class='ocrx_word' id='word_1_721' title='bbox 3017 2910 3102 2965; x_wconf 87' lang='lat' dir='ltr'><strong>ait</strong></span> <span class='ocrx_word' id='word_1_722' title='bbox 3126 2911 3277 2966; x_wconf 89' lang='lat' dir='ltr'><strong>scire</strong></span> <span class='ocrx_word' id='word_1_723' title='bbox 3311 2910 3619 2966; x_wconf 87' lang='lat' dir='ltr'><strong>neminem</strong></span> <span class='ocrx_word' id='word_1_724' title='bbox 3651 2925 3825 2982; x_wconf 84' lang='lat' dir='ltr'><strong>posse.</strong></span> 
     </span>
    </p>
   </div>
   <div class='ocr_carea' id='block_1_100' title="bbox 2382 2995 3920 3070">
    <p class='ocr_par' dir='ltr' id='par_1_100' title="bbox 2382 2995 3920 3070">
     <span class='ocr_line' id='line_1_100' title="bbox 2382 2995 3920 3070; baseline -0.002 -20"><span class='ocrx_word' id='word_1_725' title='bbox 2382 2995 2435 3051; x_wconf 77' lang='grc'><strong>4.</strong></span> <span class='ocrx_word' id='word_1_726' title='bbox 2470 2997 2896 3068; x_wconf 86' lang='lat' dir='ltr'><strong>Opportunitas</strong></span> <span class='ocrx_word' id='word_1_727' title='bbox 2915 3012 3056 3053; x_wconf 90' lang='lat' dir='ltr'><strong>vero</strong></span> <span class='ocrx_word' id='word_1_728' title='bbox 3077 2997 3235 3053; x_wconf 88' lang='lat' dir='ltr'><strong>illius</strong></span> <span class='ocrx_word' id='word_1_729' title='bbox 3266 2999 3560 3070; x_wconf 87' lang='lat' dir='ltr'><strong>temporis</strong></span> <span class='ocrx_word' id='word_1_730' title='bbox 3586 2996 3824 3070; x_wconf 86' lang='lat' dir='ltr'><strong>profecto</strong></span> <span class='ocrx_word' id='word_1_731' title='bbox 3841 3008 3920 3049; x_wconf 85' lang='lat' dir='ltr'><strong>non</strong></span> 
     </span>
    </p>
   </div>
   <div class='ocr_carea' id='block_1_101' title="bbox 2312 3086 3921 3160">
    <p class='ocr_par' dir='ltr' id='par_1_101' title="bbox 2312 3086 3921 3160">
     <span class='ocr_line' id='line_1_101' title="bbox 2312 3086 3921 3160; baseline -0.002 -20"><span class='ocrx_word' id='word_1_732' title='bbox 2312 3086 2420 3141; x_wconf 91' lang='lat' dir='ltr'><strong>erit</strong></span> <span class='ocrx_word' id='word_1_733' title='bbox 2448 3091 2771 3157; x_wconf 84' lang='lat' dir='ltr'><strong>antequam</strong></span> <span class='ocrx_word' id='word_1_734' title='bbox 2799 3087 3159 3159; x_wconf 61' lang='lat' dir='ltr'><strong>praedicetur</strong></span> <span class='ocrx_word' id='word_1_735' title='bbox 3201 3087 3591 3160; x_wconf 74' lang='lat' dir='ltr'><strong>Evangelium</strong></span> <span class='ocrx_word' id='word_1_736' title='bbox 3619 3090 3676 3143; x_wconf 92' lang='lat' dir='ltr'><strong>in</strong></span> <span class='ocrx_word' id='word_1_737' title='bbox 3704 3087 3921 3141; x_wconf 79' lang='lat' dir='ltr'><strong>universo</strong></span> 
     </span>
    </p>
   </div>
   <div class='ocr_carea' id='block_1_102' title="bbox 2314 3173 3919 3247">
    <p class='ocr_par' dir='ltr' id='par_1_102' title="bbox 2314 3173 3919 3247">
     <span class='ocr_line' id='line_1_102' title="bbox 2314 3173 3919 3247; baseline -0.002 -18"><span class='ocrx_word' id='word_1_738' title='bbox 2314 3173 2458 3230; x_wconf 89' lang='lat' dir='ltr'><strong>orbe</strong></span> <span class='ocrx_word' id='word_1_739' title='bbox 2508 3175 2567 3229; x_wconf 92' lang='lat' dir='ltr'><strong>in</strong></span> <span class='ocrx_word' id='word_1_740' title='bbox 2626 3176 3037 3232; x_wconf 91' lang='lat' dir='ltr'><strong>testimonium</strong></span> <span class='ocrx_word' id='word_1_741' title='bbox 3090 3177 3376 3233; x_wconf 86' lang='lat' dir='ltr'><strong>omnibus</strong></span> <span class='ocrx_word' id='word_1_742' title='bbox 3432 3178 3729 3247; x_wconf 88' lang='lat' dir='ltr'><strong>gentibus.</strong></span> <span class='ocrx_word' id='word_1_743' title='bbox 3788 3181 3919 3245; x_wconf 77' lang='lat' dir='ltr'><strong>Aper-</strong></span> 
     </span>
    </p>
   </div>
   <div class='ocr_carea' id='block_1_103' title="bbox 2311 3261 3920 3336">
    <p class='ocr_par' dir='ltr' id='par_1_103' title="bbox 2311 3261 3920 3336">
     <span class='ocr_line' id='line_1_103' title="bbox 2311 3261 3920 3336; baseline -0.001 -19"><span class='ocrx_word' id='word_1_744' title='bbox 2311 3262 2547 3319; x_wconf 89' lang='lat' dir='ltr'><strong>tissima</strong></span> <span class='ocrx_word' id='word_1_745' title='bbox 2577 3265 2734 3320; x_wconf 92' lang='lat' dir='ltr'><strong>enim</strong></span> <span class='ocrx_word' id='word_1_746' title='bbox 2766 3266 2839 3320; x_wconf 91' lang='lat' dir='ltr'><strong>de</strong></span> <span class='ocrx_word' id='word_1_747' title='bbox 2869 3265 2981 3321; x_wconf 92' lang='lat' dir='ltr'><strong>hac</strong></span> <span class='ocrx_word' id='word_1_748' title='bbox 3014 3281 3074 3320; x_wconf 89' lang='lat' dir='ltr'><strong>re</strong></span> <span class='ocrx_word' id='word_1_749' title='bbox 3114 3266 3327 3336; x_wconf 90' lang='lat' dir='ltr'><strong>legitur</strong></span> <span class='ocrx_word' id='word_1_750' title='bbox 3348 3267 3646 3322; x_wconf 85' lang='lat' dir='ltr'><strong>sententia</strong></span> <span class='ocrx_word' id='word_1_751' title='bbox 3660 3261 3920 3320; x_wconf 82' lang='lat' dir='ltr'><strong>Salvatoris</strong></span> 
     </span>
    </p>
   </div>
   <div class='ocr_carea' id='block_1_104' title="bbox 2310 3350 3918 3426">
    <p class='ocr_par' dir='ltr' id='par_1_104' title="bbox 2310 3350 3918 3426">
     <span class='ocr_line' id='line_1_104' title="bbox 2310 3350 3918 3426; baseline -0.005 -15"><span class='ocrx_word' id='word_1_752' title='bbox 2310 3352 2593 3411; x_wconf 89' lang='lat' dir='ltr'><strong>dicentis:</strong></span> <span class='ocrx_word' id='word_1_753' title='bbox 2627 3353 2704 3409; x_wconf 84' lang='lat' dir='ltr'><strong>Et</strong></span> <span class='ocrx_word' id='word_1_754' title='bbox 2733 3353 3151 3423; x_wconf 77' lang='lat' dir='ltr'><strong>praedicabitur</strong></span> <span class='ocrx_word' id='word_1_755' title='bbox 3178 3354 3290 3412; x_wconf 85' lang='lat' dir='ltr'><strong>hoc</strong></span> <span class='ocrx_word' id='word_1_756' title='bbox 3310 3355 3699 3426; x_wconf 79' lang='lat' dir='ltr'><strong>Evangelium</strong></span> <span class='ocrx_word' id='word_1_757' title='bbox 3722 3350 3864 3423; x_wconf 82' lang='lat' dir='ltr'><strong>regni</strong></span> <span class='ocrx_word' id='word_1_758' title='bbox 3880 3350 3918 3403; x_wconf 79' lang='lat' dir='ltr'><strong>in</strong></span> 
     </span>
    </p>
   </div>
   <div class='ocr_carea' id='block_1_105' title="bbox 2314 3442 3920 3514">
    <p class='ocr_par' dir='ltr' id='par_1_105' title="bbox 2314 3442 3920 3514">
     <span class='ocr_line' id='line_1_105' title="bbox 2314 3442 3920 3514; baseline 0.001 -20"><span class='ocrx_word' id='word_1_759' title='bbox 2314 3442 2575 3498; x_wconf 83' lang='lat' dir='ltr'><strong>universo</strong></span> <span class='ocrx_word' id='word_1_760' title='bbox 2604 3443 2745 3498; x_wconf 86' lang='lat' dir='ltr'><strong>orbe</strong></span> <span class='ocrx_word' id='word_1_761' title='bbox 2774 3443 2835 3499; x_wconf 87' lang='lat' dir='ltr'><strong>in</strong></span> <span class='ocrx_word' id='word_1_762' title='bbox 2871 3444 3267 3500; x_wconf 85' lang='lat' dir='ltr'><strong>testimonium</strong></span> <span class='ocrx_word' id='word_1_763' title='bbox 3292 3445 3571 3500; x_wconf 84' lang='lat' dir='ltr'><strong>omnibus</strong></span> <span class='ocrx_word' id='word_1_764' title='bbox 3600 3443 3859 3514; x_wconf 80' lang='lat' dir='ltr'><strong>gentibus,</strong></span> <span class='ocrx_word' id='word_1_765' title='bbox 3887 3444 3920 3492; x_wconf 75' lang='lat' dir='ltr'><strong>et</strong></span> 
     </span>
    </p>
   </div>
   <div class='ocr_carea' id='block_1_106' title="bbox 2313 3524 3922 3604">
    <p class='ocr_par' dir='ltr' id='par_1_106' title="bbox 2313 3524 3922 3604">
     <span class='ocr_line' id='line_1_106' title="bbox 2313 3524 3922 3604; baseline -0.002 -19"><span class='ocrx_word' id='word_1_766' title='bbox 2313 3537 2455 3586; x_wconf 87' lang='lat' dir='ltr'><strong>tunc</strong></span> <span class='ocrx_word' id='word_1_767' title='bbox 2486 3533 2673 3588; x_wconf 87' lang='lat' dir='ltr'><strong>veniet</strong></span> <span class='ocrx_word' id='word_1_768' title='bbox 2697 3532 2835 3601; x_wconf 78' lang='lat' dir='ltr'><strong>ﬁnis</strong></span> <span class='ocrx_word' id='word_1_769' title='bbox 2858 3532 3081 3603; x_wconf 77' lang='lat' dir='ltr'><strong>(Matth.</strong></span> <span class='ocrx_word' id='word_1_770' title='bbox 3111 3548 3270 3599; x_wconf 80' lang='lat' dir='ltr'><strong>xxiv,</strong></span> <span class='ocrx_word' id='word_1_771' title='bbox 3287 3534 3391 3604; x_wconf 82' lang='grc'><strong>14).</strong></span> <span class='ocrx_word' id='word_1_772' title='bbox 3416 3533 3586 3589; x_wconf 87' lang='lat' dir='ltr'><strong>Tunc</strong></span> <span class='ocrx_word' id='word_1_773' title='bbox 3608 3532 3799 3595; x_wconf 83' lang='lat' dir='ltr'><strong>veniet,</strong></span> <span class='ocrx_word' id='word_1_774' title='bbox 3816 3524 3922 3601; x_wconf 85' lang='lat' dir='ltr'><strong>quid</strong></span> 
     </span>
    </p>
   </div>
   <div class='ocr_carea' id='block_1_107' title="bbox 2311 3618 3923 3694">
    <p class='ocr_par' dir='ltr' id='par_1_107' title="bbox 2311 3618 3923 3694">
     <span class='ocr_line' id='line_1_107' title="bbox 2311 3618 3923 3694; baseline -0.004 -19"><span class='ocrx_word' id='word_1_775' title='bbox 2311 3625 2418 3684; x_wconf 91' lang='lat' dir='ltr'><strong>est,</strong></span> <span class='ocrx_word' id='word_1_776' title='bbox 2451 3621 2558 3675; x_wconf 90' lang='lat' dir='ltr'><strong>nisi</strong></span> <span class='ocrx_word' id='word_1_777' title='bbox 2580 3627 2717 3677; x_wconf 90' lang='lat' dir='ltr'><strong>ante</strong></span> <span class='ocrx_word' id='word_1_778' title='bbox 2748 3636 2868 3676; x_wconf 92' lang='lat' dir='ltr'><strong>non</strong></span> <span class='ocrx_word' id='word_1_779' title='bbox 2890 3621 3127 3678; x_wconf 76' lang='lat' dir='ltr'><strong>veniet?</strong></span> <span class='ocrx_word' id='word_1_780' title='bbox 3153 3622 3408 3687; x_wconf 85' lang='lat' dir='ltr'><strong>Quando</strong></span> <span class='ocrx_word' id='word_1_781' title='bbox 3430 3628 3573 3694; x_wconf 88' lang='lat' dir='ltr'><strong>post</strong></span> <span class='ocrx_word' id='word_1_782' title='bbox 3598 3636 3735 3691; x_wconf 87' lang='lat' dir='ltr'><strong>ergo</strong></span> <span class='ocrx_word' id='word_1_783' title='bbox 3760 3618 3923 3673; x_wconf 77' lang='lat' dir='ltr'><strong>veniat.</strong></span> 
     </span>
    </p>
   </div>
   <div class='ocr_carea' id='block_1_108' title="bbox 2312 3708 3922 3777">
    <p class='ocr_par' dir='ltr' id='par_1_108' title="bbox 2312 3708 3922 3777">
     <span class='ocr_line' id='line_1_108' title="bbox 2312 3708 3922 3777; baseline -0.004 -13"><span class='ocrx_word' id='word_1_784' title='bbox 2312 3708 2603 3764; x_wconf 89' lang='lat' dir='ltr'><strong>incertum</strong></span> <span class='ocrx_word' id='word_1_785' title='bbox 2623 3710 2797 3766; x_wconf 92' lang='lat' dir='ltr'><strong>nobis</strong></span> <span class='ocrx_word' id='word_1_786' title='bbox 2819 3716 2943 3777; x_wconf 86' lang='lat' dir='ltr'><strong>est;</strong></span> <span class='ocrx_word' id='word_1_787' title='bbox 2976 3716 3115 3767; x_wconf 81' lang='lat' dir='ltr'><strong>ante</strong></span> <span class='ocrx_word' id='word_1_788' title='bbox 3145 3716 3347 3767; x_wconf 90' lang='lat' dir='ltr'><strong>tamen</strong></span> <span class='ocrx_word' id='word_1_789' title='bbox 3365 3726 3487 3767; x_wconf 90' lang='lat' dir='ltr'><strong>non</strong></span> <span class='ocrx_word' id='word_1_790' title='bbox 3511 3726 3642 3767; x_wconf 86' lang='lat' dir='ltr'><strong>esse</strong></span> <span class='ocrx_word' id='word_1_791' title='bbox 3665 3712 3922 3765; x_wconf 84' lang='lat' dir='ltr'><strong>venturum</strong></span> 
     </span>
    </p>
   </div>
   <div class='ocr_carea' id='block_1_109' title="bbox 2312 3794 3923 3871">
    <p class='ocr_par' dir='ltr' id='par_1_109' title="bbox 2312 3794 3923 3871">
     <span class='ocr_line' id='line_1_109' title="bbox 2312 3794 3923 3871; baseline -0.002 -19"><span class='ocrx_word' id='word_1_792' title='bbox 2312 3797 2584 3854; x_wconf 90' lang='lat' dir='ltr'><strong>dubitare</strong></span> <span class='ocrx_word' id='word_1_793' title='bbox 2610 3798 2814 3871; x_wconf 88' lang='lat' dir='ltr'><strong>utique</strong></span> <span class='ocrx_word' id='word_1_794' title='bbox 2846 3815 2963 3855; x_wconf 92' lang='lat' dir='ltr'><strong>non</strong></span> <span class='ocrx_word' id='word_1_795' title='bbox 2998 3798 3311 3855; x_wconf 88' lang='lat' dir='ltr'><strong>debemus.</strong></span> <span class='ocrx_word' id='word_1_796' title='bbox 3349 3799 3407 3856; x_wconf 91' lang='lat' dir='ltr'><strong>Si</strong></span> <span class='ocrx_word' id='word_1_797' title='bbox 3440 3814 3589 3870; x_wconf 88' lang='lat' dir='ltr'><strong>ergo</strong></span> <span class='ocrx_word' id='word_1_798' title='bbox 3617 3794 3923 3868; x_wconf 86' lang='lat' dir='ltr'><strong>susciperent</strong></span> 
     </span>
    </p>
   </div>
   <div class='ocr_carea' id='block_1_110' title="bbox 2311 3888 3923 3961">
    <p class='ocr_par' dir='ltr' id='par_1_110' title="bbox 2311 3888 3923 3961">
     <span class='ocr_line' id='line_1_110' title="bbox 2311 3888 3923 3961; baseline -0.001 -18"><span class='ocrx_word' id='word_1_799' title='bbox 2311 3888 2751 3945; x_wconf 89' lang='lat' dir='ltr'><strong>hunclaborem</strong></span> <span class='ocrx_word' id='word_1_800' title='bbox 2770 3889 2916 3945; x_wconf 89' lang='lat' dir='ltr'><strong>servi</strong></span> <span class='ocrx_word' id='word_1_801' title='bbox 2936 3888 3147 3955; x_wconf 88' lang='lat' dir='ltr'><strong>Dei,ut,</strong></span> <span class='ocrx_word' id='word_1_802' title='bbox 3168 3894 3489 3961; x_wconf 85' lang='lat' dir='ltr'><strong>peragrato</strong></span> <span class='ocrx_word' id='word_1_803' title='bbox 3509 3889 3657 3944; x_wconf 81' lang='lat' dir='ltr'><strong>orbe</strong></span> <span class='ocrx_word' id='word_1_804' title='bbox 3670 3894 3923 3945; x_wconf 77' lang='lat' dir='ltr'><strong>terrarum.</strong></span> 
     </span>
    </p>
   </div>
   <div class='ocr_carea' id='block_1_111' title="bbox 2311 3974 3923 4050">
    <p class='ocr_par' dir='ltr' id='par_1_111' title="bbox 2311 3974 3923 4050">
     <span class='ocr_line' id='line_1_111' title="bbox 2311 3974 3923 4050; baseline -0.006 -17"><span class='ocrx_word' id='word_1_805' title='bbox 2311 3982 2605 4049; x_wconf 89' lang='lat' dir='ltr'><strong>quantum</strong></span> <span class='ocrx_word' id='word_1_806' title='bbox 2631 3984 2877 4050; x_wconf 89' lang='lat' dir='ltr'><strong>possent</strong></span> <span class='ocrx_word' id='word_1_807' title='bbox 2898 3978 3239 4047; x_wconf 89' lang='lat' dir='ltr'><strong>colligerent</strong></span> <span class='ocrx_word' id='word_1_808' title='bbox 3253 3977 3401 4050; x_wconf 90' lang='lat' dir='ltr'><strong>quid</strong></span> <span class='ocrx_word' id='word_1_809' title='bbox 3422 3982 3694 4034; x_wconf 86' lang='lat' dir='ltr'><strong>remanet</strong></span> <span class='ocrx_word' id='word_1_810' title='bbox 3712 3974 3923 4046; x_wconf 85' lang='lat' dir='ltr'><strong>gentium</strong></span> 
     </span>
    </p>
   </div>
   <div class='ocr_carea' id='block_1_112' title="bbox 2313 4058 3926 4139">
    <p class='ocr_par' dir='ltr' id='par_1_112' title="bbox 2313 4058 3926 4139">
     <span class='ocr_line' id='line_1_112' title="bbox 2313 4058 3926 4139; baseline -0.006 -16"><span class='ocrx_word' id='word_1_811' title='bbox 2313 4067 2416 4123; x_wconf 89' lang='lat' dir='ltr'><strong>ubi</strong></span> <span class='ocrx_word' id='word_1_812' title='bbox 2445 4066 2713 4122; x_wconf 92' lang='lat' dir='ltr'><strong>nondum</strong></span> <span class='ocrx_word' id='word_1_813' title='bbox 2744 4072 2831 4122; x_wconf 90' lang='lat' dir='ltr'><strong>est</strong></span> <span class='ocrx_word' id='word_1_814' title='bbox 2862 4066 3247 4137; x_wconf 86' lang='lat' dir='ltr'><strong>Evangelium</strong></span> <span class='ocrx_word' id='word_1_815' title='bbox 3277 4066 3695 4139; x_wconf 65' lang='lat' dir='ltr'><strong>prmdicatum,</strong></span> <span class='ocrx_word' id='word_1_816' title='bbox 3720 4065 3840 4121; x_wconf 91' lang='lat' dir='ltr'><strong>hinc</strong></span> <span class='ocrx_word' id='word_1_817' title='bbox 3854 4058 3926 4115; x_wconf 79' lang='lat' dir='ltr'><strong>ad-</strong></span> 
     </span>
    </p>
   </div>
   <div class='ocr_carea' id='block_1_113' title="bbox 2310 4156 3925 4228">
    <p class='ocr_par' dir='ltr' id='par_1_113' title="bbox 2310 4156 3925 4228">
     <span class='ocr_line' id='line_1_113' title="bbox 2310 4156 3925 4228; baseline -0.002 -18"><span class='ocrx_word' id='word_1_818' title='bbox 2310 4160 2531 4211; x_wconf 90' lang='lat' dir='ltr'><strong>vertere</strong></span> <span class='ocrx_word' id='word_1_819' title='bbox 2560 4162 2882 4228; x_wconf 89' lang='lat' dir='ltr'><strong>utcumque</strong></span> <span class='ocrx_word' id='word_1_820' title='bbox 2907 4171 3226 4227; x_wconf 87' lang='lat' dir='ltr'><strong>possemus</strong></span> <span class='ocrx_word' id='word_1_821' title='bbox 3256 4160 3554 4228; x_wconf 89' lang='lat' dir='ltr'><strong>quantum</strong></span> <span class='ocrx_word' id='word_1_822' title='bbox 3582 4156 3695 4211; x_wconf 92' lang='lat' dir='ltr'><strong>hoc</strong></span> <span class='ocrx_word' id='word_1_823' title='bbox 3742 4159 3925 4221; x_wconf 76' lang='lat' dir='ltr'><strong>tempus</strong></span> 
     </span>
    </p>
   </div>
   <div class='ocr_carea' id='block_1_114' title="bbox 2310 4239 3926 4316">
    <p class='ocr_par' dir='ltr' id='par_1_114' title="bbox 2310 4239 3926 4316">
     <span class='ocr_line' id='line_1_114' title="bbox 2310 4239 3926 4316; baseline -0.005 -15"><span class='ocrx_word' id='word_1_824' title='bbox 2310 4244 2487 4315; x_wconf 89' lang='lat' dir='ltr'><strong>longe</strong></span> <span class='ocrx_word' id='word_1_825' title='bbox 2519 4245 2591 4300; x_wconf 93' lang='lat' dir='ltr'><strong>sit</strong></span> <span class='ocrx_word' id='word_1_826' title='bbox 2620 4260 2657 4300; x_wconf 91' lang='lat' dir='ltr'><strong>a</strong></span> <span class='ocrx_word' id='word_1_827' title='bbox 2682 4244 2799 4299; x_wconf 83' lang='lat' dir='ltr'><strong>ﬁne</strong></span> <span class='ocrx_word' id='word_1_828' title='bbox 2839 4244 3065 4303; x_wconf 69' lang='lat' dir='ltr'><strong>smculi.</strong></span> <span class='ocrx_word' id='word_1_829' title='bbox 3112 4245 3282 4311; x_wconf 87' lang='lat' dir='ltr'><strong>Quod</strong></span> <span class='ocrx_word' id='word_1_830' title='bbox 3315 4245 3363 4300; x_wconf 88' lang='lat' dir='ltr'><strong>si</strong></span> <span class='ocrx_word' id='word_1_831' title='bbox 3409 4250 3652 4316; x_wconf 89' lang='lat' dir='ltr'><strong>propter</strong></span> <span class='ocrx_word' id='word_1_832' title='bbox 3696 4239 3926 4315; x_wconf 59' lang='lat' dir='ltr'><strong>quaedam</strong></span> 
     </span>
    </p>
   </div>
   <div class='ocr_carea' id='block_1_115' title="bbox 2308 4332 3928 4405">
    <p class='ocr_par' dir='ltr' id='par_1_115' title="bbox 2308 4332 3928 4405">
     <span class='ocr_line' id='line_1_115' title="bbox 2308 4332 3928 4405; baseline -0.005 -16"><span class='ocrx_word' id='word_1_833' title='bbox 2308 4336 2443 4390; x_wconf 91' lang='lat' dir='ltr'><strong>loca</strong></span> <span class='ocrx_word' id='word_1_834' title='bbox 2464 4333 2907 4389; x_wconf 86' lang='lat' dir='ltr'><strong>inaccessibilia</strong></span> <span class='ocrx_word' id='word_1_835' title='bbox 2930 4338 2987 4389; x_wconf 89' lang='lat' dir='ltr'><strong>et</strong></span> <span class='ocrx_word' id='word_1_836' title='bbox 3017 4332 3323 4405; x_wconf 87' lang='lat' dir='ltr'><strong>inhospita</strong></span> <span class='ocrx_word' id='word_1_837' title='bbox 3350 4332 3478 4391; x_wconf 83' lang='lat' dir='ltr'><strong>ﬂeri</strong></span> <span class='ocrx_word' id='word_1_838' title='bbox 3511 4348 3686 4405; x_wconf 88' lang='lat' dir='ltr'><strong>posse</strong></span> <span class='ocrx_word' id='word_1_839' title='bbox 3711 4345 3817 4387; x_wconf 89' lang='lat' dir='ltr'><strong>non</strong></span> <span class='ocrx_word' id='word_1_840' title='bbox 3842 4341 3928 4381; x_wconf 81' lang='lat' dir='ltr'><strong>crs.</strong></span> 
     </span>
    </p>
   </div>
   <div class='ocr_carea' id='block_1_116' title="bbox 2312 4422 3928 4495">
    <p class='ocr_par' dir='ltr' id='par_1_116' title="bbox 2312 4422 3928 4495">
     <span class='ocr_line' id='line_1_116' title="bbox 2312 4422 3928 4495; baseline -0.004 -17"><span class='ocrx_word' id='word_1_841' title='bbox 2312 4423 2489 4489; x_wconf 87' lang='lat' dir='ltr'><strong>ditur,</strong></span> <span class='ocrx_word' id='word_1_842' title='bbox 2512 4428 2628 4478; x_wconf 91' lang='lat' dir='ltr'><strong>uta</strong></span> <span class='ocrx_word' id='word_1_843' title='bbox 2647 4423 2833 4479; x_wconf 89' lang='lat' dir='ltr'><strong>servis</strong></span> <span class='ocrx_word' id='word_1_844' title='bbox 2847 4422 2948 4479; x_wconf 92' lang='lat' dir='ltr'><strong>Dei</strong></span> <span class='ocrx_word' id='word_1_845' title='bbox 2972 4428 3317 4495; x_wconf 87' lang='lat' dir='ltr'><strong>peragretur</strong></span> <span class='ocrx_word' id='word_1_846' title='bbox 3342 4422 3529 4488; x_wconf 92' lang='lat' dir='ltr'><strong>orbis,</strong></span> <span class='ocrx_word' id='word_1_847' title='bbox 3551 4428 3607 4478; x_wconf 90' lang='lat' dir='ltr'><strong>et</strong></span> <span class='ocrx_word' id='word_1_848' title='bbox 3625 4425 3928 4494; x_wconf 84' lang='lat' dir='ltr'><strong>quotquan-</strong></span> 
     </span>
    </p>
   </div>
   <div class='ocr_carea' id='block_1_117' title="bbox 2311 4504 3931 4583">
    <p class='ocr_par' dir='ltr' id='par_1_117' title="bbox 2311 4504 3931 4583">
     <span class='ocr_line' id='line_1_117' title="bbox 2311 4504 3931 4583; baseline -0.002 -15"><span class='ocrx_word' id='word_1_849' title='bbox 2311 4517 2505 4583; x_wconf 71' lang='lat' dir='ltr'><strong>tesque</strong></span> <span class='ocrx_word' id='word_1_850' title='bbox 2531 4511 2648 4567; x_wconf 91' lang='lat' dir='ltr'><strong>sint</strong></span> <span class='ocrx_word' id='word_1_851' title='bbox 2675 4511 2876 4567; x_wconf 88' lang='lat' dir='ltr'><strong>adhuc</strong></span> <span class='ocrx_word' id='word_1_852' title='bbox 2924 4517 3142 4581; x_wconf 88' lang='lat' dir='ltr'><strong>gentes</strong></span> <span class='ocrx_word' id='word_1_853' title='bbox 3198 4510 3327 4566; x_wconf 90' lang='lat' dir='ltr'><strong>sine</strong></span> <span class='ocrx_word' id='word_1_854' title='bbox 3378 4510 3588 4566; x_wconf 88' lang='lat' dir='ltr'><strong>Christi</strong></span> <span class='ocrx_word' id='word_1_855' title='bbox 3641 4504 3931 4578; x_wconf 70' lang='lat' dir='ltr'><strong>Evangelio.</strong></span> 
     </span>
    </p>
   </div>
   <div class='ocr_carea' id='block_1_118' title="bbox 2311 4593 3931 4667">
    <p class='ocr_par' dir='ltr' id='par_1_118' title="bbox 2311 4593 3931 4667">
     <span class='ocr_line' id='line_1_118' title="bbox 2311 4593 3931 4667; baseline -0.007 -12"><span class='ocrx_word' id='word_1_856' title='bbox 2311 4598 2561 4657; x_wconf 85' lang='lat' dir='ltr'><strong>ﬁdeliter</strong></span> <span class='ocrx_word' id='word_1_857' title='bbox 2580 4600 2951 4656; x_wconf 90' lang='lat' dir='ltr'><strong>renuntietur</strong></span> <span class='ocrx_word' id='word_1_858' title='bbox 2974 4600 3195 4667; x_wconf 89' lang='lat' dir='ltr'><strong>;multo</strong></span> <span class='ocrx_word' id='word_1_859' title='bbox 3208 4600 3410 4655; x_wconf 88' lang='lat' dir='ltr'><strong>minus</strong></span> <span class='ocrx_word' id='word_1_860' title='bbox 3427 4600 3701 4655; x_wconf 91' lang='lat' dir='ltr'><strong>existimo</strong></span> <span class='ocrx_word' id='word_1_861' title='bbox 3715 4599 3768 4651; x_wconf 92' lang='lat' dir='ltr'><strong>in</strong></span> <span class='ocrx_word' id='word_1_862' title='bbox 3782 4593 3931 4662; x_wconf 85' lang='lat' dir='ltr'><strong>Scrip-</strong></span> 
     </span>
    </p>
   </div>
   <div class='ocr_carea' id='block_1_119' title="bbox 2313 4683 3929 4761">
    <p class='ocr_par' dir='ltr' id='par_1_119' title="bbox 2313 4683 3929 4761">
     <span class='ocr_line' id='line_1_119' title="bbox 2313 4683 3929 4761; baseline -0.008 -15"><span class='ocrx_word' id='word_1_863' title='bbox 2313 4691 2456 4746; x_wconf 89' lang='lat' dir='ltr'><strong>turis</strong></span> <span class='ocrx_word' id='word_1_864' title='bbox 2489 4705 2667 4761; x_wconf 89' lang='lat' dir='ltr'><strong>posse</strong></span> <span class='ocrx_word' id='word_1_865' title='bbox 2697 4688 3152 4761; x_wconf 90' lang='lat' dir='ltr'><strong>comprehendi,</strong></span> <span class='ocrx_word' id='word_1_866' title='bbox 3184 4694 3414 4761; x_wconf 87' lang='lat' dir='ltr'><strong>quanta</strong></span> <span class='ocrx_word' id='word_1_867' title='bbox 3459 4704 3650 4760; x_wconf 88' lang='lat' dir='ltr'><strong>usque</strong></span> <span class='ocrx_word' id='word_1_868' title='bbox 3672 4684 3744 4742; x_wconf 89' lang='lat' dir='ltr'><strong>ad</strong></span> <span class='ocrx_word' id='word_1_869' title='bbox 3784 4683 3929 4738; x_wconf 82' lang='lat' dir='ltr'><strong>ﬁnem</strong></span> 
     </span>
    </p>
   </div>
   <div class='ocr_carea' id='block_1_120' title="bbox 2311 4773 3928 4850">
    <p class='ocr_par' dir='ltr' id='par_1_120' title="bbox 2311 4773 3928 4850">
     <span class='ocr_line' id='line_1_120' title="bbox 2311 4773 3928 4850; baseline -0.009 -16"><span class='ocrx_word' id='word_1_870' title='bbox 2311 4779 2512 4835; x_wconf 84' lang='lat' dir='ltr'><strong>futura</strong></span> <span class='ocrx_word' id='word_1_871' title='bbox 2530 4780 2952 4850; x_wconf 86' lang='lat' dir='ltr'><strong>sinttempora,</strong></span> <span class='ocrx_word' id='word_1_872' title='bbox 2975 4777 3477 4850; x_wconf 86' lang='lat' dir='ltr'><strong>quandoquidem</strong></span> <span class='ocrx_word' id='word_1_873' title='bbox 3498 4778 3559 4833; x_wconf 91' lang='lat' dir='ltr'><strong>in</strong></span> <span class='ocrx_word' id='word_1_874' title='bbox 3576 4777 3663 4832; x_wconf 91' lang='lat' dir='ltr'><strong>eis</strong></span> <span class='ocrx_word' id='word_1_875' title='bbox 3682 4773 3928 4844; x_wconf 87' lang='lat' dir='ltr'><strong>legimus:</strong></span> 
     </span>
    </p>
   </div>
   <div class='ocr_carea' id='block_1_121' title="bbox 2309 4857 3927 4938">
    <p class='ocr_par' dir='ltr' id='par_1_121' title="bbox 2309 4857 3927 4938">
     <span class='ocr_line' id='line_1_121' title="bbox 2309 4857 3927 4938; baseline -0.008 -14"><span class='ocrx_word' id='word_1_876' title='bbox 2309 4868 2493 4924; x_wconf 87' lang='lat' dir='ltr'><strong>Nemo</strong></span> <span class='ocrx_word' id='word_1_877' title='bbox 2519 4875 2708 4937; x_wconf 89' lang='lat' dir='ltr'><strong>potest</strong></span> <span class='ocrx_word' id='word_1_878' title='bbox 2738 4882 3081 4938; x_wconf 84' lang='lat' dir='ltr'><strong>cognoscere</strong></span> <span class='ocrx_word' id='word_1_879' title='bbox 3112 4874 3392 4938; x_wconf 83' lang='lat' dir='ltr'><strong>tempora,</strong></span> <span class='ocrx_word' id='word_1_880' title='bbox 3422 4881 3551 4938; x_wconf 69' lang='lat' dir='ltr'><strong>qua:</strong></span> <span class='ocrx_word' id='word_1_881' title='bbox 3577 4865 3749 4921; x_wconf 88' lang='lat' dir='ltr'><strong>Pater</strong></span> <span class='ocrx_word' id='word_1_882' title='bbox 3768 4857 3927 4931; x_wconf 83' lang='lat' dir='ltr'><strong>posuit</strong></span> 
     </span>
    </p>
   </div>
   <div class='ocr_carea' id='block_1_122' title="bbox 2310 4948 3927 5027">
    <p class='ocr_par' dir='ltr' id='par_1_122' title="bbox 2310 4948 3927 5027">
     <span class='ocr_line' id='line_1_122' title="bbox 2310 4948 3927 5027; baseline -0.009 -15"><span class='ocrx_word' id='word_1_883' title='bbox 2310 4957 2374 5012; x_wconf 88' lang='lat' dir='ltr'><strong>in</strong></span> <span class='ocrx_word' id='word_1_884' title='bbox 2426 4973 2529 5013; x_wconf 89' lang='lat' dir='ltr'><strong>sua</strong></span> <span class='ocrx_word' id='word_1_885' title='bbox 2571 4964 2879 5026; x_wconf 87' lang='lat' dir='ltr'><strong>potestate.</strong></span> <span class='ocrx_word' id='word_1_886' title='bbox 2936 4956 3095 5011; x_wconf 88' lang='lat' dir='ltr'><strong>Unde</strong></span> <span class='ocrx_word' id='word_1_887' title='bbox 3142 4956 3190 5010; x_wconf 88' lang='lat' dir='ltr'><strong>si</strong></span> <span class='ocrx_word' id='word_1_888' title='bbox 3234 4955 3366 5027; x_wconf 91' lang='lat' dir='ltr'><strong>jam</strong></span> <span class='ocrx_word' id='word_1_889' title='bbox 3414 4955 3589 5011; x_wconf 91' lang='lat' dir='ltr'><strong>nobis</strong></span> <span class='ocrx_word' id='word_1_890' title='bbox 3640 4948 3927 5009; x_wconf 84' lang='lat' dir='ltr'><strong>certissime</strong></span> 
     </span>
    </p>
   </div>
   <div class='ocr_carea' id='block_1_123' title="bbox 2311 5036 3923 5116">
    <p class='ocr_par' dir='ltr' id='par_1_123' title="bbox 2311 5036 3923 5116">
     <span class='ocr_line' id='line_1_123' title="bbox 2311 5036 3923 5116; baseline -0.005 -15"><span class='ocrx_word' id='word_1_891' title='bbox 2311 5047 2650 5102; x_wconf 90' lang='lat' dir='ltr'><strong>nuntiatum</strong></span> <span class='ocrx_word' id='word_1_892' title='bbox 2673 5045 2878 5102; x_wconf 83' lang='lat' dir='ltr'><strong>fuisset</strong></span> <span class='ocrx_word' id='word_1_893' title='bbox 2898 5046 2957 5101; x_wconf 91' lang='lat' dir='ltr'><strong>in</strong></span> <span class='ocrx_word' id='word_1_894' title='bbox 2982 5044 3261 5101; x_wconf 86' lang='lat' dir='ltr'><strong>omnibus</strong></span> <span class='ocrx_word' id='word_1_895' title='bbox 3286 5044 3563 5116; x_wconf 88' lang='lat' dir='ltr'><strong>gentibus</strong></span> <span class='ocrx_word' id='word_1_896' title='bbox 3586 5036 3923 5109; x_wconf 83' lang='lat' dir='ltr'><strong>Evangelium</strong></span> 
     </span>
    </p>
   </div>
   <div class='ocr_carea' id='block_1_124' title="bbox 2309 5134 3922 5207">
    <p class='ocr_par' dir='ltr' id='par_1_124' title="bbox 2309 5134 3922 5207">
     <span class='ocr_line' id='line_1_124' title="bbox 2309 5134 3922 5207; baseline -0.006 -16"><span class='ocrx_word' id='word_1_897' title='bbox 2309 5136 2642 5207; x_wconf 60' lang='lat' dir='ltr'><strong>praedicari,</strong></span> <span class='ocrx_word' id='word_1_898' title='bbox 2678 5151 2783 5191; x_wconf 90' lang='lat' dir='ltr'><strong>nec</strong></span> <span class='ocrx_word' id='word_1_899' title='bbox 2809 5136 2891 5190; x_wconf 92' lang='lat' dir='ltr'><strong>sic</strong></span> <span class='ocrx_word' id='word_1_900' title='bbox 2916 5150 3233 5207; x_wconf 88' lang='lat' dir='ltr'><strong>possemus</strong></span> <span class='ocrx_word' id='word_1_901' title='bbox 3272 5135 3470 5189; x_wconf 87' lang='lat' dir='ltr'><strong>dicere</strong></span> <span class='ocrx_word' id='word_1_902' title='bbox 3498 5138 3779 5205; x_wconf 88' lang='lat' dir='ltr'><strong>quantum</strong></span> <span class='ocrx_word' id='word_1_903' title='bbox 3805 5134 3922 5182; x_wconf 85' lang='lat' dir='ltr'><strong>tem-</strong></span> 
     </span>
    </p>
   </div>
   <div class='ocr_carea' id='block_1_125' title="bbox 2312 5214 3920 5298">
    <p class='ocr_par' dir='ltr' id='par_1_125' title="bbox 2312 5214 3920 5298">
     <span class='ocr_line' id='line_1_125' title="bbox 2312 5214 3920 5298; baseline -0.004 -19"><span class='ocrx_word' id='word_1_904' title='bbox 2312 5226 2469 5298; x_wconf 90' lang='lat' dir='ltr'><strong>poris</strong></span> <span class='ocrx_word' id='word_1_905' title='bbox 2492 5230 2826 5281; x_wconf 89' lang='lat' dir='ltr'><strong>remaneret</strong></span> <span class='ocrx_word' id='word_1_906' title='bbox 2848 5240 3036 5296; x_wconf 91' lang='lat' dir='ltr'><strong>usque</strong></span> <span class='ocrx_word' id='word_1_907' title='bbox 3059 5223 3136 5279; x_wconf 90' lang='lat' dir='ltr'><strong>ad</strong></span> <span class='ocrx_word' id='word_1_908' title='bbox 3162 5224 3341 5278; x_wconf 83' lang='lat' dir='ltr'><strong>tinem</strong></span> <span class='ocrx_word' id='word_1_909' title='bbox 3369 5238 3382 5289; x_wconf 90' lang='lat'><strong>;</strong></span> <span class='ocrx_word' id='word_1_910' title='bbox 3408 5222 3510 5278; x_wconf 89' lang='lat' dir='ltr'><strong>sed</strong></span> <span class='ocrx_word' id='word_1_911' title='bbox 3536 5220 3720 5291; x_wconf 86' lang='lat' dir='ltr'><strong>magis</strong></span> <span class='ocrx_word' id='word_1_912' title='bbox 3738 5214 3920 5283; x_wconf 44' lang='lat' dir='ltr'><strong>magis.</strong></span> 
     </span>
    </p>
   </div>
   <div class='ocr_carea' id='block_1_126' title="bbox 2309 5300 3918 5388">
    <p class='ocr_par' dir='ltr' id='par_1_126' title="bbox 2309 5300 3918 5388">
     <span class='ocr_line' id='line_1_126' title="bbox 2309 5300 3918 5388; baseline -0.008 -20"><span class='ocrx_word' id='word_1_913' title='bbox 2309 5331 2425 5388; x_wconf 90' lang='lat' dir='ltr'><strong>que</strong></span> <span class='ocrx_word' id='word_1_914' title='bbox 2450 5314 2581 5385; x_wconf 89' lang='lat' dir='ltr'><strong>jam</strong></span> <span class='ocrx_word' id='word_1_915' title='bbox 2611 5314 3015 5386; x_wconf 90' lang='lat' dir='ltr'><strong>propinquare</strong></span> <span class='ocrx_word' id='word_1_916' title='bbox 3044 5312 3252 5368; x_wconf 88' lang='lat' dir='ltr'><strong>merito</strong></span> <span class='ocrx_word' id='word_1_917' title='bbox 3288 5312 3639 5368; x_wconf 88' lang='lat' dir='ltr'><strong>diceremus.</strong></span> <span class='ocrx_word' id='word_1_918' title='bbox 3668 5306 3777 5364; x_wconf 87' lang='lat' dir='ltr'><strong>Nisi</strong></span> <span class='ocrx_word' id='word_1_919' title='bbox 3813 5300 3918 5374; x_wconf 83' lang='lat' dir='ltr'><strong>quis</strong></span> 
     </span>
    </p>
   </div>
   <div class='ocr_carea' id='block_1_127' title="bbox 2311 5396 3918 5475">
    <p class='ocr_par' dir='ltr' id='par_1_127' title="bbox 2311 5396 3918 5475">
     <span class='ocr_line' id='line_1_127' title="bbox 2311 5396 3918 5475; baseline -0.006 -17"><span class='ocrx_word' id='word_1_920' title='bbox 2311 5402 2456 5459; x_wconf 88' lang='lat' dir='ltr'><strong>forte</strong></span> <span class='ocrx_word' id='word_1_921' title='bbox 2487 5404 2867 5475; x_wconf 88' lang='lat' dir='ltr'><strong>respondeat,</strong></span> <span class='ocrx_word' id='word_1_922' title='bbox 2894 5408 3057 5457; x_wconf 88' lang='lat' dir='ltr'><strong>tanta</strong></span> <span class='ocrx_word' id='word_1_923' title='bbox 3086 5400 3385 5456; x_wconf 85' lang='lat' dir='ltr'><strong>celeritate</strong></span> <span class='ocrx_word' id='word_1_924' title='bbox 3416 5399 3726 5472; x_wconf 70' lang='lat' dir='ltr'><strong>prtedicato</strong></span> <span class='ocrx_word' id='word_1_925' title='bbox 3766 5396 3918 5448; x_wconf 81' lang='lat' dir='ltr'><strong>Evan-</strong></span> 
     </span>
    </p>
   </div>
   <div class='ocr_carea' id='block_1_128' title="bbox 2311 5488 3915 5565">
    <p class='ocr_par' dir='ltr' id='par_1_128' title="bbox 2311 5488 3915 5565">
     <span class='ocr_line' id='line_1_128' title="bbox 2311 5488 3915 5565; baseline -0.01 -16"><span class='ocrx_word' id='word_1_926' title='bbox 2311 5492 2464 5563; x_wconf 88' lang='lat' dir='ltr'><strong>gelio</strong></span> <span class='ocrx_word' id='word_1_927' title='bbox 2496 5496 2794 5549; x_wconf 81' lang='lat' dir='ltr'><strong>Romanas</strong></span> <span class='ocrx_word' id='word_1_928' title='bbox 2823 5496 3030 5565; x_wconf 86' lang='lat' dir='ltr'><strong>gentes</strong></span> <span class='ocrx_word' id='word_1_929' title='bbox 3060 5494 3117 5546; x_wconf 92' lang='lat' dir='ltr'><strong>et</strong></span> <span class='ocrx_word' id='word_1_930' title='bbox 3138 5489 3458 5563; x_wconf 87' lang='lat' dir='ltr'><strong>plerasque</strong></span> <span class='ocrx_word' id='word_1_931' title='bbox 3484 5488 3761 5544; x_wconf 81' lang='lat' dir='ltr'><strong>barbaras</strong></span> <span class='ocrx_word' id='word_1_932' title='bbox 3779 5494 3915 5537; x_wconf 85' lang='lat' dir='ltr'><strong>occu-</strong></span> 
     </span>
    </p>
   </div>
   <div class='ocr_carea' id='block_1_129' title="bbox 2312 5568 3912 5657">
    <p class='ocr_par' dir='ltr' id='par_1_129' title="bbox 2312 5568 3912 5657">
     <span class='ocr_line' id='line_1_129' title="bbox 2312 5568 3912 5657; baseline -0.011 -17"><span class='ocrx_word' id='word_1_933' title='bbox 2312 5586 2505 5657; x_wconf 84' lang='lat' dir='ltr'><strong>patas,</strong></span> <span class='ocrx_word' id='word_1_934' title='bbox 2530 5586 2710 5657; x_wconf 87' lang='lat' dir='ltr'><strong>atque</strong></span> <span class='ocrx_word' id='word_1_935' title='bbox 2725 5582 2807 5639; x_wconf 89' lang='lat' dir='ltr'><strong>ita</strong></span> <span class='ocrx_word' id='word_1_936' title='bbox 2829 5579 3155 5638; x_wconf 84' lang='lat' dir='ltr'><strong>nonnullas</strong></span> <span class='ocrx_word' id='word_1_937' title='bbox 3180 5593 3303 5637; x_wconf 88' lang='lat' dir='ltr'><strong>non</strong></span> <span class='ocrx_word' id='word_1_938' title='bbox 3314 5573 3736 5656; x_wconf 85' lang='lat' dir='ltr'><strong>paulatim,sed</strong></span> <span class='ocrx_word' id='word_1_939' title='bbox 3755 5568 3912 5627; x_wconf 86' lang='lat' dir='ltr'><strong>subito</strong></span> 
     </span>
    </p>
   </div>
  </div>
