4118 6164
183 168 289 226 901

186 292 271 348 ad
311 291 492 349 ﬁdem
543 290 755 349 Christi
787 291 969 347 fuisse
998 304 1344 356 conversas,
1381 294 1443 346 ut
1488 305 1611 346 non
1643 289 1718 345 sit
1768 287 1857 343 in-

180 381 469 438 credibile
488 381 694 453 paucis
710 381 907 446 annis,
932 380 1043 436 etsi
1062 396 1182 435 non
1204 378 1339 435 vitae
1356 386 1574 435 nostra
1595 377 1699 450 qui
1724 377 1854 449 jam

181 472 518 539 senuimus,
550 476 706 527 certe
731 471 1025 542 juvenum
1054 470 1158 541 qui
1189 468 1420 524 venturi
1459 472 1597 523 sunt
1633 468 1709 523 ad
1763 481 1858 523 se-

178 549 443 630 nectam,
477 560 787 616 universas
816 559 1067 614 omnino
1097 557 1371 614 residuas
1409 561 1614 625 gentes
1660 558 1857 612 Evan-

179 649 342 718 gelio
373 662 550 720 posse
575 647 882 720 compleri.
918 647 1031 703 Sed
1060 647 1107 701 si
1139 647 1218 702 ita
1248 648 1378 711 erit,
1408 644 1660 713 facilius,
1716 659 1856 701 cum

175 736 405 793 factum
437 737 626 801 fuerit,
661 736 902 809 probari
929 734 1314 807 experiendo,
1356 750 1540 808 quam
1572 733 1855 807 legendo,

177 832 514 899 antequam
539 825 658 897 ﬁat,
691 822 945 883 inveniri
973 829 1187 898 potest.

257 920 314 972 5.
374 915 502 972 Hoc
556 930 653 970 me
692 914 983 985 compulit
1021 914 1220 969 dicere
1271 912 1587 983 cujusdam
1628 911 1852 983 opinio.

176 1018 363 1076 quem
412 1003 728 1075 presbyter
771 1018 1029 1075 quoque
1070 1003 1465 1073 Hieronymus
1511 998 1855 1056 temeritatis

178 1096 355 1148 notat
377 1094 481 1163 (a),
508 1092 676 1165 quod
716 1107 903 1148 ausus
934 1091 1113 1147 fuerit
1140 1091 1394 1147 Danielis
1434 1088 1854 1145 Hebdomadas

176 1182 257 1237 de
290 1181 552 1237 adventu
591 1180 805 1237 Christi
835 1181 1075 1247 futuro,
1106 1196 1229 1236 non
1254 1180 1328 1234 de
1362 1179 1655 1251 praeterito
1676 1192 1855 1249 expo-

176 1284 348 1326 nere.
379 1270 606 1343 Siquid
646 1277 846 1326 autem
878 1285 988 1347 pro
1010 1268 1235 1325 meritis
1253 1268 1603 1339 potioribus,
1634 1271 1854 1322 sanctae

173 1358 421 1416 humilit
440 1358 731 1415 aticordis
761 1359 846 1414 tui
882 1357 1169 1413 Dominus
1182 1356 1395 1412 melius
1416 1355 1697 1411 revelavit
1727 1353 1854 1409 sive

176 1448 555 1512 revelaverit,
586 1454 724 1519 peto
749 1447 1069 1503 nobiscum
1090 1445 1539 1502 communicare
1564 1442 1851 1513 digneris,

171 1543 231 1593 et
263 1536 392 1593 haec
410 1542 614 1593 nostra
641 1535 940 1606 rescripta
978 1535 1065 1590 sic
1096 1534 1383 1606 accipere,
1426 1537 1717 1605 tanquam
1749 1532 1852 1587 ho-

175 1624 387 1691 minis,
409 1625 511 1696 qui
535 1623 774 1680 mallem
805 1623 1057 1696 quidem
1085 1638 1296 1678 eorum
1323 1637 1460 1694 quae
1489 1636 1525 1677 a
1544 1636 1637 1675 me
1657 1620 1848 1691 inqui-

176 1712 332 1779 sisti,
366 1713 589 1769 habere
641 1712 957 1768 scientiam
1024 1727 1215 1783 quam
1252 1709 1656 1780 ignorantiam
1689 1726 1703 1776 ;
1746 1708 1851 1764 sed

173 1802 331 1874 quia
354 1802 414 1857 id
441 1802 719 1857 nondum
770 1801 957 1873 potui,
992 1802 1187 1871 magis
1217 1799 1373 1869 eligo
1417 1804 1658 1855 cautam
1684 1799 1852 1867 igno-

172 1891 445 1948 rantiam
474 1890 763 1955 conﬁteri,
786 1904 976 1962 quam
996 1888 1212 1945 falsam
1226 1886 1535 1944 scientiam
1566 1886 1849 1959 proﬁteri.

616 1981 655 2035 E
671 1978 963 2035 PISTOLA
990 1978 1241 2033 CXCVIII
1263 1977 1283 1997 '
1312 1976 1410 2047 (b).

173 2068 477 2140 Hesychius
506 2070 841 2140 Augustino,
876 2066 1192 2137 signiﬁcans
1241 2065 1600 2120 consideratis
1638 2064 1849 2119 divinis

253 2158 582 2214 testimoniis
609 2157 672 2213 de
704 2156 892 2212 seculi
923 2157 1029 2227 ﬁne
1056 2156 1241 2211 videri
1264 2154 1372 2209 sibi
1393 2154 1535 2210 diem
1560 2154 1771 2225 quidem
1797 2160 1849 2208 et

251 2247 440 2302 horam
478 2251 700 2315 frustra
748 2244 973 2317 inquiri
1000 2261 1017 2311 ;
1040 2251 1279 2299 attamen
1327 2244 1566 2314 cognosci
1608 2258 1756 2313 posse
1783 2258 1849 2296 ea:

251 2335 427 2407 signis
450 2352 580 2390 num
594 2335 715 2405 jam
737 2336 899 2388 instet
915 2341 1120 2403 tempus
1134 2332 1392 2387 adventus
1417 2331 1659 2397 Christi,
1695 2348 1847 2402 quem

252 2432 311 2479 ut
342 2425 449 2480 cito
478 2430 765 2479 venturum
800 2423 885 2494 pie
916 2422 1216 2493 exspectari
1250 2422 1416 2476 docet.

179 2514 440 2570 Domino
466 2513 831 2578 beatissimo,
851 2518 907 2568 et
928 2511 1211 2567 charitate
1238 2509 1646 2565 sincerissima
1662 2524 1831 2564 vene-

254 2601 449 2659 rando
478 2601 641 2658 fratri
671 2608 727 2658 et
746 2600 1107 2673 coepiscopo
1132 2605 1467 2664 Aususrmo,
1492 2598 1830 2665 Hssrcaws,

252 2691 312 2747 in
354 2691 611 2747 Domino
648 2690 922 2746 salutem.

259 2786 307 2836 t.
331 2779 681 2836 Desideranti
710 2786 759 2835 et
781 2779 1107 2850 exspectanti
1124 2776 1254 2831 mihi
1272 2783 1488 2831 sanctus
1505 2775 1833 2847 compresby-

179 2876 275 2924 ter
290 2874 474 2923 noster
498 2870 773 2924 Cornutus
788 2867 1003 2923 litteras
1010 2865 1241 2938 pertulit
1256 2882 1386 2936 quas
1397 2865 1616 2931 misisti,
1630 2882 1746 2936 quae
1758 2880 1838 2920 me

180 2956 564 3027 latiﬁcarunt,
590 2957 723 3029 quia
732 2957 1048 3012 memoriam
1059 2955 1234 3010 nostri
1246 2954 1432 3009 bonam
1442 2953 1631 3009 habere
1641 2954 1841 3025 digna-

188 3054 287 3102 tus
310 3064 381 3108 es,
413 3047 509 3118 qui
528 3053 575 3102 et
605 3046 745 3102 mihi
758 3045 963 3118 paucis,
980 3060 1218 3100 sermone
1236 3044 1462 3116 proprio
1480 3050 1677 3099 sancta
1692 3059 1841 3097 men-

186 3137 270 3191 tis
298 3143 434 3205 tuae,
453 3135 516 3191 de
552 3136 638 3191 his
666 3150 783 3207 quae
813 3135 1096 3206 petieram,
1138 3134 1199 3187 in
1230 3132 1471 3188 transitu
1500 3132 1841 3203 signiﬁcasti.

182 3225 498 3295 Aliquanta
521 3231 699 3279 autem
714 3224 776 3278 de
802 3222 1074 3295 opusculis
1091 3223 1269 3277 sancti
1291 3220 1703 3293 compresbyteri
1721 3221 1848 3275 Hie—

186 3312 415 3382 ronymi
441 3312 772 3384 adjunxisti,
818 3318 877 3369 ut
910 3328 1077 3367 meam
1103 3312 1445 3382 quaestionem
1490 3309 1710 3364 lectione
1735 3310 1849 3380 ejus

188 3402 383 3473 aperis
396 3402 459 3457 de
476 3403 678 3457 sanctis
696 3400 1005 3473 Scripturis
1042 3400 1255 3470 explere
1273 3414 1493 3470 possem.
1520 3398 1592 3453 Et
1610 3398 1738 3469 quia
1765 3398 1849 3453 dio

189 3498 395 3562 gnatus
418 3506 469 3545 es
500 3490 559 3545 id
588 3498 765 3561 petere
792 3506 827 3544 a
858 3488 1028 3555 nobis,
1060 3487 1266 3559 utquid
1292 3489 1612 3542 senserimus
1630 3487 1692 3541 de
1721 3486 1853 3558 ipsis

186 3579 604 3652 questionibus,
619 3596 719 3651 per
746 3579 967 3634 litteras
1003 3584 1109 3633 tuae
1156 3577 1534 3632 sincerissima:
1590 3575 1855 3631 charitati

194 3669 608 3725 insinuaremus
632 3689 655 3737 ,-
684 3667 755 3722 ad
783 3668 927 3723 eade
957 3666 1149 3738 quibus
1194 3668 1402 3738 scripta
1432 3666 1550 3737 legi,
1577 3673 1741 3737 prout
1772 3665 1855 3720 in-

193 3757 443 3814 tellectus
471 3758 695 3829 exiguus
717 3772 847 3812 meae
881 3756 1277 3812 mediocritatis
1307 3756 1511 3812 sentire
1540 3755 1721 3827 potuit
1757 3761 1853 3810 aut

195 3846 531 3918 intelligere,
565 3846 718 3917 infra
743 3845 965 3916 scripsi.

270 3939 325 3991 2.
361 3936 496 3992 Cum
530 3935 636 3991 Dei
659 3934 1039 4006 omnipotentis
1066 3932 1365 3989 conditoris
1393 3934 1556 3988 totius
1585 3938 1853 3987 creature

199 4024 448 4080 arbitrio
458 4030 507 4079 et
518 4031 775 4096 potestate
794 4029 987 4079 cuncta
1005 4030 1271 4094 gerantur
1286 4045 1306 4092 ,-
1319 4024 1401 4079 vel
1413 4038 1530 4093 quae
1543 4022 1691 4093 facta
1710 4028 1851 4087 sunt,

196 4112 282 4169 vel
312 4130 430 4184 quae
453 4114 616 4168 etiam
634 4114 830 4183 futura
851 4119 1002 4178 sunt,
1024 4120 1331 4167 sanctorum
1354 4110 1750 4182 Propheth
1767 4126 1855 4164 vo-

202 4201 357 4259 cibus
381 4209 787 4274 cognoscuntur,
808 4201 903 4272 qui
916 4201 1430 4273 priusquamﬁerent
1442 4216 1501 4255 ea
1525 4215 1643 4271 qua:
1660 4202 1856 4272 futura

206 4298 390 4356 erant,
418 4292 691 4347 voluntate
701 4291 892 4345 divina
905 4290 1340 4346 hominibussunt
1354 4290 1541 4348 locuti.
1558 4288 1704 4346 Unde
1723 4288 1857 4343 satis

200 4379 571 4436 admiratione
599 4380 814 4451 plenum
834 4386 908 4435 est
921 4380 970 4434 si
986 4396 1047 4435 ea
1059 4380 1195 4434 Deus
1212 4395 1331 4451 quae
1338 4378 1571 4450 praedici
1582 4378 1734 4434 volui
1738 4376 1857 4443 t,ad

200 4469 479 4524 hominum
506 4486 690 4524 sensus
714 4468 933 4540 penitus
964 4485 1069 4524 non
1080 4484 1223 4540 posse
1245 4468 1527 4539 pervenire
1551 4467 1855 4531 constituit,

198 4556 493 4612 secundum
522 4558 615 4612 hoc
643 4557 941 4629 capitulum
959 4556 1094 4627 quod
1115 4558 1373 4611 Dominus
1402 4557 1565 4612 beatis
1588 4555 1861 4626 Apostolis

203 4646 413 4701 locutus
442 4654 536 4711 est,
559 4646 741 4702 dicens
770 4663 789 4701 :
821 4668 849 4697 α
876 4646 1044 4701 Nemo
1069 4653 1236 4717 potest
1263 4661 1565 4717 cognoscere
1596 4651 1856 4714 tempora,

199 4751 323 4808 qua
353 4737 526 4791 Pater
547 4738 726 4806 posuit
756 4737 818 4790 in
846 4752 948 4791 sua
972 4738 1247 4805 potestate.
1280 4754 1307 4787 »
1350 4735 1597 4789 Primum
1641 4733 1771 4803 quia
1800 4732 1861 4785 in

199 4824 604 4894 antiquissimis
631 4823 795 4879 libris
834 4822 1205 4879 Ecclesiarum
1230 4838 1333 4878 non
1373 4824 1454 4877 ita
1471 4823 1734 4891 scriptum
1763 4826 1856 4885 est,

201 4932 232 4963 α
259 4912 426 4968 Nemo
465 4919 633 4984 potest
680 4930 698 4979 ;
732 4934 753 4962 ι
782 4912 871 4967 sed
894 4913 1159 4982 scriptum
1187 4918 1283 4965 est.
1318 4931 1346 4960 «ί
1377 4912 1501 4966 Νοη
1524 4916 1599 4965 est
1631 4916 1863 4964 vestrum

202 5018 352 5057 nosse
382 5008 624 5072 tempora
672 5001 751 5057 vel
779 5008 1062 5066 momenta,
1110 5016 1228 5071 qum
1268 4999 1436 5054 Pater
1462 5000 1637 5071 posuit
1679 4999 1737 5053 in
1765 5013 1865 5052 sua

204 5096 464 5161 potestate
491 5106 507 5144 :
540 5109 567 5141 ι)
595 5107 713 5162 quae
769 5092 918 5144 ratio
940 5089 1201 5144 sermonis
1238 5090 1484 5159 sequenti
1514 5088 1668 5143 verbo
1724 5093 1864 5142 recte

204 5179 528 5250 completur,
556 5196 675 5234 cum
714 5179 874 5243 dicit,
912 5197 942 5229 ‹‹
965 5179 1066 5235 Sed
1091 5179 1250 5233 eritis
1276 5178 1411 5233 mihi
1439 5186 1591 5234 testes
1618 5179 1680 5233 in
1706 5177 1865 5233 Jeru-

204 5267 394 5335 salem,
425 5269 551 5323 etin
576 5268 793 5333 Judzea,
820 5275 869 5323 et
900 5269 959 5323 in
979 5268 1250 5334 Samaria,
1271 5274 1319 5324 et
1341 5284 1501 5340 usque
1529 5268 1861 5324 adultimum

268 5374 647 5446 {Adeosdem
672 5374 804 5425 Cdd.
828 5379 1050 5439 excepto
1081 5388 1189 5425 uno
1222 5373 1301 5424 sb.
1330 5379 1383 5425 et
1414 5376 1639 5440 insuper
1679 5374 1746 5426 ad
1770 5390 1862 5441 gg.

206 5441 472 5501 castigata
501 5442 598 5487 est.

268 5504 339 5562 (ιι)
378 5501 756 5562 Hieronymus,
784 5501 837 5550 in
866 5502 997 5551 Dan.
1030 5502 1139 5551 c.9.

206 5563 342 5694 pm
373 5563 517 5613 Alias
546 5563 606 5613 79
637 5578 648 5613 :
679 5578 803 5638 quas
829 5568 1010 5616 autem
1043 5565 1132 5614 198
1155 5566 1285 5623 erat,
1317 5575 1461 5614 nune
1493 5565 1606 5619 148.
1648 5564 1853 5631 Scripta

342 5638 376 5677 o
403 5630 529 5693 post
550 5640 906 5694 superiorem.

342 5638 376 5677 o
403 5630 529 5693 post
550 5630 906 5695 superiorem.

1433 158 1937 222 EPISTOLARUM
1976 162 2267 222 CLASSIS
2308 162 2403 221 III.

3506 163 3632 229 903‘.

1962 296 2128 345 terrae
2153 308 2177 340 ι
2210 286 2347 360 (Act.
2402 303 2441 353 ι,
2478 289 2531 353 7,
2565 287 2645 359 8).
2684 287 2809 343 Non
2856 303 2978 359 ergo
3001 287 3277 360 Apostolos
3306 296 3457 349 testes
3484 312 3610 352 con-

1958 378 2337 433 summationis
2359 376 2570 445 mundi,
2602 376 2691 431 sed
2720 378 2952 432 nominis
2979 384 3030 432 et
3053 382 3469 439 resurrectionis
3495 402 3607 442 sum

1958 466 2130 522 voluit
2167 466 2428 536 intelligi.

2030 556 2085 610 3.
2142 556 2287 611 Nam
2323 555 2385 610 de
2436 552 2761 625 temporibus
2788 556 3150 625 cognoscendis
3200 558 3309 629 ipse
3345 561 3610 620 Dominus

1960 651 2132 701 monet
2164 661 2180 699 :
2210 662 2238 695 «
2273 643 2530 709 Quisnam
2569 650 2643 698 est
2664 642 2837 713 ﬁdelis
2874 659 3055 699 servus
3084 652 3135 701 et
3160 648 3415 717 prudens,
3456 669 3608 722 quem

1958 733 2238 790 constituit
2258 732 2523 788 Dominus
2544 747 2706 803 super
2727 732 3002 803 familiam
3030 750 3201 799 suam,
3218 744 3275 791 ut
3298 737 3381 792 det
3397 739 3511 794 illis
3536 742 3608 796 ci-

1961 822 2082 879 bum
2112 823 2169 877 in
2190 829 2421 893 tempore
2440 822 2468 876 7
2494 821 2693 875 Beatus
2722 820 2816 875 ille
2838 838 3181 893 servusquem
3194 826 3403 881 veniens
3426 827 3607 885 Domi-

1961 928 2061 967 nus
2110 912 2224 984 ejus
2280 913 2552 966 invenerit
2604 911 2682 965 sic
2720 911 3024 982 facientem.
3062 932 3090 961 »
3123 913 3363 970 Familia
3398 916 3607 975 Christi

1958 1001 2114 1056 verbo
2124 999 2531 1072 praedicationis
2536 999 2859 1070 pascitur,et
2868 1000 3047 1071 ﬁdelis
3056 1001 3296 1070 famulus
3308 1008 3489 1061 inveni
3496 1015 3607 1077 tur,

1958 1089 2050 1160 qui
2081 1090 2139 1143 in
2180 1096 2411 1159 tempore
2436 1087 2861 1159 exspectantibus
2900 1089 3207 1156 Dominum,
3254 1099 3608 1153 necessariam

1958 1194 2127 1233 escam
2155 1176 2497 1233 credentibus
2517 1183 2771 1247 prestat.
2786 1176 2955 1231 Malus
2965 1178 3107 1232 enim
3122 1195 3306 1235 servus
3334 1183 3412 1238 sic
3427 1201 3610 1256 repre-

1957 1267 2216 1322 henditur
2246 1285 2267 1322 :
2298 1290 2325 1315 u
2362 1266 2512 1333 Quod
2532 1266 2579 1320 si
2597 1266 2804 1321 dixerit
2818 1266 3203 1337 malusservus,
3229 1271 3442 1327 Moram
3470 1275 3608 1344 facit

1956 1356 2203 1413 dominus
2230 1373 2376 1412 meus
2404 1357 2586 1410 venire
2612 1379 2631 1426 ,-
2658 1356 2830 1411 veniet
2861 1356 3108 1412 dominus
3151 1360 3265 1429 ejus
3294 1362 3354 1415 in
3383 1363 3470 1417 die
3499 1382 3604 1435 qua

1958 1448 2144 1512 nescit,
2190 1453 2237 1501 et
2266 1445 2400 1500 hora
2437 1462 2542 1515 qua
2571 1446 2828 1515 ignorat,-
2854 1466 2877 1496 ι
2912 1452 2962 1499 et
2993 1446 3222 1518 reliqua.
3255 1450 3387 1505 Item
3416 1456 3602 1524 arguit

1956 1551 2122 1606 quare
2154 1543 2355 1605 tempus
2374 1551 2481 1588 non
2518 1540 2860 1604 agnoscatur,
2894 1534 3122 1590 dicendo
3154 1555 3170 1591 :
3200 1560 3227 1587 ‹‹
3255 1540 3597 1611 Hypocritag,

1954 1623 2150 1695 faciem
2179 1623 2299 1678 cali
2321 1623 2488 1678 nostis
2510 1622 2759 1693 probare,
2794 1630 2998 1694 tempus
3023 1624 3116 1679 hoc
3135 1643 3302 1697 quare
3331 1644 3438 1684 non
3450 1648 3610 1700 agno-

1954 1713 2154 1767 scitis»
2186 1712 2338 1783 (Luc.
2372 1728 2474 1777 xu,
2500 1712 2589 1775 42,
2622 1712 2814 1779 43,45,
2838 1710 2927 1782 56)
2951 1711 2978 1766 ‘?
3001 1713 3137 1769 Item
3168 1716 3473 1786 Apostolus.
3492 1740 3521 1773 «
3542 1722 3609 1775 In

1955 1802 2260 1857 novissimis
2287 1800 2471 1855 diebus
2524 1800 2800 1855 instabunt
2861 1806 3100 1872 tempora
3124 1804 3483 1874 periculosa»
3536 1809 3607 1882 (ll

1958 1891 2085 1945 Tim.
2118 1906 2175 1946 ιιι
2185 1932 2198 1955 ,
2216 1892 2269 1959 1)
2291 1906 2312 1946 .·
2328 1897 2375 1945 et
2398 1889 2629 1960 reliqua.
2648 1889 2787 1944 Item
2799 1890 3093 1959 Apostolus
3105 1913 3124 1949 .-
3142 1912 3166 1943 α
3189 1894 3264 1948 De
3277 1899 3609 1967 temporibus

1955 1986 2132 2034 autem
2158 1987 2207 2034 et
2237 1978 2513 2033 momentis
2534 1994 2640 2032 non
2667 1993 2864 2032 necesse
2886 1978 3134 2035 habemus
3154 1982 3300 2037 vobis
3323 1986 3557 2042 scribere
3586 2004 3607 2040 :

1954 2085 2042 2123 vos
2079 2069 2219 2123 enim
2250 2068 2358 2138 ipsi
2386 2066 2680 2136 diligenter
2706 2067 2863 2121 scitis
2890 2069 3018 2138 quia
3049 2068 3158 2123 dies
3188 2070 3438 2141 Domini,
3466 2078 3609 2132 sicut

1954 2159 2053 2228 fur
2082 2156 2141 2210 in
2172 2162 2336 2220 nocte,
2364 2156 2446 2209 ita
2499 2155 2692 2209 veniet.
2749 2154 2884 2209 Cum
2922 2155 3065 2211 enim
3094 2157 3363 2226 dixerint,
3407 2162 3528 2218 Pax
3554 2173 3603 2221 et

1952 2245 2216 2299 securitas
2230 2256 2254 2315 ;
2267 2251 2393 2299 tunc
2409 2243 2720 2298 subitaneus
2747 2243 2866 2298 illis
2883 2246 3165 2315 apparebit
3180 2248 3460 2317 interitus,
3478 2270 3603 2324 quo-

1955 2333 2103 2388 modo
2125 2333 2335 2387 dolores
2358 2332 2751 2403 parturientis,
2781 2338 2829 2387 et
2868 2349 2973 2387 non
3001 2336 3258 2406 effugient
3293 2359 3317 2388 ι)
3352 2342 3396 2407 (ι
3423 2342 3600 2399 Thess.

1952 2439 2006 2488 γ,
2045 2422 2325 2494 l-3).Item
2346 2420 2632 2491 Apostolus
2659 2436 2681 2476 .'
2712 2440 2742 2473 α
2771 2422 2894 2477 Non
2924 2424 3175 2479 retinetis
3203 2431 3607 2503 memoriaquia

1952 2528 2072 2567 cum
2087 2527 2244 2565 essem
2259 2510 2403 2581 apud
2433 2525 2538 2577 vos,
2569 2510 2680 2564 haec
2716 2509 2951 2565 dicebam
2978 2512 3122 2566 vobis
3158 2512 3187 2568 ?
3206 2516 3283 2570 Et
3312 2534 3455 2573 nunc
3472 2522 3602 2592 quid

1940 2600 2201 2665 detineat,
2225 2598 2398 2664 scitis,
2426 2604 2487 2653 ut
2516 2598 2783 2653 reveletur
2809 2599 2869 2653 in
2884 2615 2979 2654 suo
3007 2608 3266 2673 tempore.
3290 2605 3435 2661 Nam
3463 2626 3598 2681 mys-

1943 2687 2145 2745 terium
2167 2688 2608 2759 iniquitatisjam
2618 2696 2912 2758 operatur,-
2934 2696 3143 2745 tantum
3165 2693 3262 2763 qui
3273 2700 3427 2763 tenet,
3444 2699 3597 2754 modo

1945 2784 2143 2843 teneat,
2170 2777 2330 2832 donec
2348 2776 2411 2831 de
2438 2776 2611 2831 medio
2629 2777 2725 2847 ﬁat
2759 2797 2779 2834 :
2801 2785 2849 2832 et
2872 2785 2998 2833 tunc
3013 2780 3345 2837 revelabitur
3367 2784 3461 2840 ille
3490 2787 3612 2847 ini-

1945 2882 2097 2938 quus.
2131 2882 2281 2936 quem
2304 2864 2566 2919 Dominus
2591 2865 2745 2919 Jesus
2784 2867 3071 2937 interﬁeiet
3090 2871 3295 2938 spiritu
3320 2874 3435 2928 oris
3458 2877 3548 2930 sui
3576 2897 3607 2929 ι)

1949 2955 2018 3026 (ll
2053 2955 2229 3009 Thess.
2264 2969 2320 3019 ιι,
2347 2954 2488 3024 5-8).
2512 2953 2649 3007 Item
2671 2952 2935 3008 Dominus
2960 2957 3019 3009 in
3032 2957 3331 3028 Evangelio
3357 2962 3605 3035 increpat

1950 3040 2168 3097 Iudaeos
2184 3058 2244 3094 .‘s
2263 3040 2337 3095 Et
2370 3046 2447 3105 tu,
2460 3040 2513 3094 si
2539 3040 2861 3110 cognovisses
2886 3049 3089 3112 tempus
3112 3044 3448 3103 visitationis
3474 3057 3607 3117 tuae,

1952 3130 2196 3202 forsitan
2218 3129 2605 3200 permansisses
2625 3144 2650 3194 ,'
2676 3144 2819 3184 nunc
2847 3137 3026 3185 autem
3044 3130 3354 3189 abscondita
3375 3146 3502 3193 sunt
3532 3140 3604 3195 ab

1956 3218 2128 3275 oculis
2152 3219 2264 3273 tuis
2290 3239 2319 3271 »
2342 3217 2495 3289 (Luc.
2523 3234 2639 3284 xxx,
2680 3222 2794 3287 4'2).
2842 3219 2917 3274 Et
2949 3220 3213 3276 Dominus
3234 3224 3311 3278 sic
3335 3227 3604 3295 praedicat

1957 3309 2030 3365 ad
2048 3310 2302 3366 Iudaeos:
2328 3331 2355 3359 «
2386 3308 2770 3364 Paenitentiam
2816 3314 2997 3380 agite,-
3044 3312 3303 3383 completa
3326 3324 3452 3372 sunt
3477 3325 3577 3373 tem
3594 3349 3612 3361 -

1959 3415 2115 3471 pora,
2153 3398 2358 3454 credite
2386 3398 2685 3469 Evangelia
2726 3420 2753 3448 »
2777 3398 2973 3468 (Marc.
3007 3418 3041 3465 ι,
3066 3401 3173 3473 15).
3205 3402 3278 3456 Et
3292 3404 3363 3458 ad
3389 3405 3608 3463 Iudaeos

1960 3487 2175 3560 quidem
2203 3495 2343 3544 recte
2368 3488 2625 3559 completa
2645 3487 2871 3554 dicebat,
2886 3488 3014 3559 quia
3030 3506 3214 3546 eorum
3234 3498 3474 3565 tempora
3486 3504 3604 3567 post

1961 3579 2080 3646 ejus
2104 3576 2547 3647 praedicationem
2576 3583 2625 3631 et
2651 3577 2885 3646 triginta
2905 3584 2953 3631 et
2978 3580 3231 3651 quinque,
3259 3585 3344 3641 vel
3370 3585 3606 3655 quadra.

1959 3666 2117 3737 ginta
2144 3681 2311 3719 annos
2340 3665 2500 3735 ﬁnita
2540 3672 2684 3719 sunt.
2717 3666 2791 3719 Et
2823 3668 2881 3720 in
2906 3665 3134 3722 Daniele
3160 3686 3177 3723 :
3208 3690 3232 3721 α
3265 3672 3615 3746 Quoadusque

1965 3755 2254 3823 interfecta
2273 3761 2348 3808 est
2379 3752 2563 3819 bestia,
2595 3760 2644 3808 et
2670 3753 2863 3824 periit,
2884 3760 2935 3808 et
2960 3772 3154 3827 corpus
3175 3760 3289 3828 ejus
3315 3762 3510 3819 datum
3535 3772 3611 3820 est

1963 3849 2023 3897 ut
2045 3841 2432 3908 comburatur;
2460 3849 2507 3895 et
2525 3842 2864 3911 reliquarum
2886 3842 3180 3900 bestiarum
3212 3864 3435 3917 regnum
3460 3858 3614 3906 tran-

1960 3931 2165 3987 slatum
2190 3937 2287 3996 est,
2315 3936 2365 3985 et
2393 3931 2709 4001 magnitudo
2725 3931 2851 3985 vita
2870 3931 2999 3986 data
3025 3940 3099 3988 est
3113 3934 3192 3989 eis
3214 3951 3373 4007 usque
3392 3939 3463 3993 ad
3487 3947 3615 3995 tem-

1962 4035 2065 4091 pus
2091 4027 2141 4074 et
2171 4026 2375 4090 tempus
2396 4034 2415 4085 ,'
2450 4039 2479 4068 η
2505 4018 2645 4089 quod
2688 4035 2859 4089 graece
2895 4020 3121 4089 dicitur,
3173 4024 3266 4086 ἕως
3292 4030 3492 4099 χρόνον
3522 4033 3612 4082 καὶ

1962 4115 2168 4182 καιροῦ.
2201 4109 2279 4165 Et
2300 4108 2635 4179 insequitur:
2650 4109 2773 4163 (Et
2791 4125 2900 4164 ecce
2924 4126 3043 4166 cum
3076 4112 3303 4169 nubibus
3325 4116 3446 4171 cali
3455 4118 3611 4188 quasi

1963 4199 2144 4255 Filius
2170 4198 2402 4253 hominis
2430 4198 2685 4253 veniens»
2708 4198 2874 4269 (Dan.
2909 4215 3011 4270 vn,
3045 4203 3259 4274 11ο13).
3294 4206 3617 4277 Mysterium

1967 4288 2145 4344 bestiae
2167 4306 2192 4344 e
2206 4288 2545 4359 reliquarum
2558 4287 2848 4344 bestiarum
2868 4289 3230 4347 translatione
3252 4294 3616 4366 intelligenti-

1966 4378 2061 4433 bus
2077 4375 2421 4448 Scripturam
2450 4378 2797 4447 manifestum
2821 4385 2914 4433 est.
3450 4404 3460 4415 ν

2035 4467 2090 4521 4.
2125 4466 2402 4521 Adventus
2443 4466 2664 4521 Domini
2688 4465 2999 4536 diligendus
3026 4475 3102 4524 est
3129 4474 3179 4522 et
3209 4472 3616 4541 exspectandus.

1966 4557 2069 4611 Est
2090 4556 2231 4609 enim
2260 4570 2452 4624 magna
2481 4553 2751 4608 beatitudo
2787 4554 3137 4625 diligentibus
3166 4558 3280 4628 ejus
3305 4559 3617 4628 adventum,

1966 4644 2107 4699 sicut
2138 4643 2502 4697 testimonium
2527 4642 2777 4713 perhibet
2819 4642 3009 4699 beatus
3036 4646 3305 4716 apostolus
3361 4649 3566 4705 Paulus
3598 4666 3619 4706 :

1971 4755 2000 4784 ‹‹
2028 4733 2104 4788 De
2127 4738 2347 4797 caetero,
2377 4753 2405 4784 »
2436 4731 2638 4802 inquit,
2673 4752 2701 4783 α
2731 4732 2967 4801 reposita
2991 4740 3066 4788 est
3086 4736 3220 4790 mihi
3240 4752 3437 4793 corona
3456 4740 3622 4809 justi-

1972 4822 2086 4891 tiae,
2117 4838 2273 4893 quam
2288 4820 2467 4875 reddet
2485 4821 2623 4875 mihi
2646 4820 3094 4893 Dominusjustus
3107 4825 3280 4895 judes:
3301 4828 3358 4881 in
3384 4827 3581 4883 illudis
3603 4848 3624 4886 .-

1971 4927 2077 4966 non
2097 4918 2275 4965 autem
2292 4909 2427 4964 mihi
2455 4909 2643 4974 solum,
2666 4910 2756 4964 sed
2783 4912 2925 4966 etiis
2948 4913 3041 4983 qui
3064 4914 3302 4985 diligunt
3329 4917 3621 4973 adventum

1973 4999 2243 5056 Domini»
2280 5001 2347 5068 (Il
2382 4998 2520 5054 Tim.
2552 5004 2631 5064 iv,
2667 5003 2745 5068 8).
2774 5000 2849 5055 Et
2890 5002 3157 5058 Dominus
3182 5006 3241 5058 in
3263 5005 3563 5075 Evangelia
3601 5022 3622 5062 :

1975 5107 2004 5139 (ι
2041 5089 2187 5144 Tunc
2217 5088 2361 5159 justi
2375 5088 2656 5160 fulgebunt
2686 5090 2825 5145 sicut
2868 5090 2951 5145 sol
2980 5092 3040 5145 in
3086 5109 3251 5162 regno
3272 5095 3454 5163 patris
3477 5097 3566 5150 sui
3588 5116 3621 5151 ι

1973 5178 2199 5251 (Matth.
2223 5193 2338 5243 xm,
2373 5177 2485 5247 43).
2513 5178 2647 5232 Item
2664 5178 2922 5249 propheta
2949 5197 2970 5234 :
3001 5202 3028 5230 α
3051 5181 3187 5235 Ecce
3217 5184 3359 5237 enim
3383 5184 3615 5240 tenebrae

1973 5274 2022 5323 et
2050 5267 2221 5338 caligo
2243 5267 2485 5338 operient
2511 5274 2888 5336 terramsuper
2900 5274 3076 5337 gentes
3096 5289 3119 5339 ί
3140 5270 3198 5323 in
3224 5276 3272 5323 te
3300 5288 3427 5327 vero
3456 5289 3621 5343 appa-

1975 5356 2112 5411 rebit
2140 5356 2420 5422 Dominus,
2452 5363 2504 5411 et
2534 5356 2785 5426 majestas
2814 5356 2926 5425 ejus
2958 5357 3016 5411 in
3047 5363 3094 5411 te
3110 5358 3381 5414 videbitur
3410 5380 3438 5412 io
3458 5362 3613 5429 (Isai.

1975 5460 2070 5515 ιιι,
2095 5446 2172 5518 2).
2204 5446 2336 5501 Item
2362 5444 2655 5517 propheta:
2680 5464 2703 5494 α
2726 5443 2833 5509 Qui
2854 5449 3610 5518 veroexspectantDominum,

1974 5532 2316 5591 multabunt
2377 5549 2497 5589 cum
2551 5534 2806 5602 virtute,-
2874 5533 3167 5603 producent
3218 5553 3423 5607 pennas
3473 5539 3614 5595 sicut

1975 5622 2203 5698 aquilae,
2227 5630 2457 5680 current
2479 5629 2528 5679 et
2550 5637 2657 5678 non
2694 5619 3035 5691 laborabunt,
3061 5624 3411 5684 ambulabunt
3438 5634 3487 5686 et
3513 5645 3630 5703 non
