4118 6164
545 280 787 329 esurient
816 292 844 325 »
869 271 985 343 (1d.
1013 288 1107 341 XL,
1137 271 1250 340 31).
1269 269 1345 325 Et
1365 266 1611 339 plurima
1631 266 1785 328 talia.
1817 267 2198 339 quxadbeati-

545 363 796 418 tudinem
810 378 990 417 eorum
999 358 1395 431 pertinere,qui
1405 356 1643 427 diligunt
1654 357 1940 413 adventum
1954 357 2195 429 Domini,

546 454 928 508 inveniuntur.

619 548 667 597 ὅ.
700 540 847 605 Quod
874 545 1053 592 autem
1083 554 1234 592 nemo
1261 537 1428 608 possit
1459 552 1740 591 mensuras
1778 543 2072 607 temporum
2099 537 2200 592 col-

545 631 727 701 ligere,
759 629 1100 696 manifestum
1131 633 1226 681 est.
1258 623 1614 696 Evangelium
1642 625 1860 695 quidem
1877 624 2031 689 dicit,
2070 644 2097 676 α
2122 627 2201 680 De

543 718 628 773 die
658 716 763 770 illa
792 723 839 771 et
870 717 1005 770 hora
1030 732 1184 770 nemo
1202 714 1309 769 scit
1342 731 1409 768 :s
1431 732 1519 784 ego
1532 721 1710 768 autem
1731 730 1831 785 pro
1848 714 2200 784 possibilitate

542 805 843 861 intellectus
872 806 975 859 mei
1005 805 1144 867 dico,
1179 820 1343 874 neque
1374 802 1536 866 diem,
1570 818 1731 872 neque
1768 819 2014 869 mensem,
2039 818 2201 874 neque

544 912 747 950 annum
777 894 1037 948 adventus
1062 893 1234 963 ipsius
1258 892 1389 947 sciri
1419 908 1566 963 posse
1591 908 1609 957 ;
1640 891 1909 963 εεάέείρηα
1931 909 2047 963 qum
2076 900 2200 948 sunt

542 986 801 1040 adventus
818 983 1042 1037 videndo
1066 990 1113 1037 et
1134 981 1413 1047 credendo,
1441 988 1489 1035 et
1514 988 1818 1051 exspectare
1847 997 1926 1035 me
1937 981 2198 1047 convenit,

551 1077 601 1130 et
619 1072 963 1128 credentibus
992 1088 1158 1126 escam
1207 1071 1342 1125 hanc
1370 1069 1693 1137 retribuere,
1734 1078 1794 1124 ut
1841 1077 2202 1140 exspectantes

547 1163 783 1233 diligant
814 1162 1096 1216 adventum
1117 1162 1249 1231 ejus,
1278 1161 1377 1231 qui
1396 1159 1561 1223 dixit,
1592 1178 1620 1209 «
1638 1159 1764 1213 Hec
1781 1162 1964 1214 omnia
1983 1176 2101 1215 cum
2121 1160 2201 1215 vi-

544 1253 761 1318 deritis,
795 1253 989 1307 scitote
1012 1251 1263 1323 quoniam
1272 1266 1437 1320 prope
1452 1250 1597 1303 estin
1605 1250 1816 1318 januis.
1840 1270 1866 1298 n
1884 1249 2051 1321 Signa
2078 1267 2201 1321 ergo

545 1342 849 1413 evangelica
874 1348 923 1396 et
944 1340 1255 1411 prophetica
1270 1354 1386 1410 quae
1410 1338 1469 1392 in
1488 1337 1637 1392 nobis
1653 1337 1908 1409 completa
1929 1345 2073 1404 sunt,
2101 1340 2202 1393 ad-

545 1439 759 1487 ventum
791 1430 1012 1485 Domini
1040 1428 1412 1498 manifestant.
1440 1427 1581 1482 Nam
1605 1428 2199 1499 frustraautquiquaz-

546 1527 699 1585 runt,
730 1527 825 1574 aut
854 1519 950 1590 qui
981 1518 1410 1582 calumniantur,
1441 1516 1553 1571 dies
1581 1522 1630 1570 et
1671 1533 1837 1571 annos
1866 1518 1923 1572 in
1953 1525 2201 1588 computo

547 1608 980 1679 comprehendere
1010 1614 1281 1677 quaerunt,
1307 1622 1423 1661 cum
1456 1605 1719 1676 scriptum
1739 1606 1829 1671 sit,
1871 1606 1999 1677 quia
2032 1629 2060 1656 «
2091 1609 2201 1661 nisi

545 1696 850 1752 abbreviati
869 1697 1099 1766 fuissent
1118 1695 1229 1749 dies
1258 1694 1367 1759 illi,
1398 1711 1501 1748 non
1518 1694 1667 1764 ﬁeret
1690 1695 1838 1749 salva
1851 1696 2159 1751 omniscaro
2183 1715 2200 1752 :

546 1786 634 1842 sed
657 1785 1073 1856 propterelectos
1108 1784 1499 1839 breviabuntur
1526 1783 1638 1837 dies
1654 1784 1746 1838 illi
1765 1804 1791 1835 »
1812 1786 1994 1855 (Matt.
2037 1802 2199 1848 xxnv,

555 1876 647 1942 36,
671 1878 758 1939 33,
788 1874 899 1946 22).
918 1874 1134 1929 Certum
1146 1879 1219 1927 est
1237 1880 1438 1943 tempus
1449 1888 1634 1927 carere
1653 1880 1911 1943 computo,
1934 1874 2071 1945 quod
2087 1874 2201 1930 bre-

545 1965 807 2019 viandum
828 1970 899 2018 est
925 1980 958 2017 a
988 1962 1235 2026 Domino,
1258 1962 1351 2032 qui
1377 1967 1616 2031 tempora
1643 1962 1923 2017 constituit
1950 1979 1975 2027 ;
2001 1980 2200 2034 appro-

550 2054 832 2126 pinquasse
868 2058 1049 2107 autem
1097 2051 1385 2105 adventum
1424 2050 1559 2121 ejus,
1584 2052 1735 2121 cujus
1763 2053 1921 2123 signa
1944 2052 2203 2109 adventus

547 2144 739 2214 aliqua
768 2142 1003 2197 videmus
1023 2158 1087 2195 ex
1116 2141 1187 2195 iis
1216 2157 1332 2210 quae
1358 2140 1516 2209 facta
1546 2148 1691 2206 sunt,
1715 2157 1821 2195 esse
1849 2142 2123 2212 completa,
2151 2150 2199 2198 et

547 2233 748 2288 iterum
768 2232 939 2287 dicit:
964 2250 990 2282 «
1018 2230 1120 2284 His
1131 2236 1307 2284 autem
1334 2228 1456 2298 ﬁeri
1478 2229 1881 2299 incipientibus,
1905 2231 2201 2302 respirabi-

551 2321 620 2379 tis
645 2328 691 2376 et
716 2319 960 2375 levabitis
980 2320 1159 2389 capita
1212 2325 1407 2383 vestra,
1442 2318 1691 2387 quoniam
1734 2320 2201 2391 appropinquabit

546 2411 845 2481 redemptio
898 2416 1094 2463 vestra.
1133 2430 1151 2455 ι
1207 2407 1335 2472 Quae
1363 2415 1541 2461 autem
1570 2407 1726 2477 signa
1776 2407 1921 2463 dixit
1949 2408 2196 2475 videnda,

551 2498 900 2569 manifestum
930 2504 1003 2552 est
1032 2498 1091 2550 in
1116 2496 1760 2566 EvangeliosanctiLucae
1787 2515 1806 2551 :
1843 2497 1954 2551 «Et
1982 2498 2205 2553 Jerusa-

556 2589 655 2644 lem
684 2587 985 2643 calcabitur
1013 2603 1047 2640 a
1070 2585 1336 2657 gentibus,
1380 2584 1539 2640 donec
1592 2585 1925 2655 impleantur
1964 2591 2204 2659 tempora

548 2677 858 2750 gentium.»
889 2676 995 2729 Hoc
1023 2676 1231 2745 factum
1250 2682 1346 2739 est,
1367 2680 1415 2729 et
1441 2674 1566 2743 ﬁeri
1580 2675 1723 2729 nulli
1746 2674 1973 2730 dubium
2005 2684 2099 2732 est.
2127 2668 2214 2733 Et

552 2766 863 2836 insequitur
892 2783 912 2820 :
938 2783 967 2816 ‹
998 2764 1072 2818 Et
1102 2771 1263 2818 erunt
1315 2763 1469 2834 signa
1512 2762 1572 2817 in
1602 2763 1725 2831 sole,
1780 2771 1827 2819 et
1873 2764 2024 2834 luna,
2064 2773 2112 2820 et
2143 2769 2213 2820 in'

556 2853 748 2917 stellis,
772 2860 824 2908 et
847 2853 903 2907 in
933 2859 1085 2906 terra
1101 2867 1363 2922 pressura
1372 2858 1631 2921 gentium.
1660 2872 1687 2900 »
1714 2852 1803 2907 Ea
1824 2869 1940 2922 quae
1956 2855 2203 2924 patimur

549 2942 801 3013 conﬁteri
816 2947 866 2996 et
877 2958 1034 3012 poena
1063 2940 1348 3011 compellit,
1371 2941 1425 2993 si
1448 2940 1589 3011 forte
1604 2957 1708 2995 non
1736 2947 1889 2996 curet
1918 2942 2200 2998 voluntas:

548 3048 674 3086 nam
702 3031 759 3085 in
792 3047 898 3085 uno
928 3038 1155 3102 tempore
1180 3036 1228 3084 et
1257 3030 1413 3100 signa
1437 3032 1495 3083 in
1510 3030 1719 3096 caelo,et
1739 3047 2051 3101 pressuram
2078 3048 2200 3103 gen-

550 3122 685 3176 tium
715 3122 776 3175 in
803 3121 968 3174 terris
986 3119 1051 3174 ab
1082 3117 1385 3174 hominibus
1405 3117 1580 3172 videri
1604 3126 1652 3173 et
1674 3120 1938 3174 sustineri
1948 3121 2202 3193 manifes-

547 3216 663 3265 tum
696 3215 774 3265 est
800 3209 899 3280 (a).
924 3209 996 3264 Et
1039 3207 1390 3279 insequitur:
1432 3225 1461 3256 «
1489 3207 1865 3263 Arescentibus
1895 3208 2203 3265 hominibus

542 3316 661 3372 prae
677 3300 893 3365 timore,
921 3306 969 3354 et
998 3297 1387 3368 exspectatione
1414 3312 1531 3367 quas
1554 3298 1932 3367 supervenient
1954 3300 2202 3355 universo

545 3389 685 3445 orbi.
714 3410 743 3441 ς(
772 3388 1001 3444 Nullam
1027 3387 1289 3454 patriam,
1310 3385 1518 3440 nullum
1547 3386 1713 3441 locum
1732 3387 1930 3441 nostris
1947 3390 2202 3459 tempori-

547 3477 641 3533 bus
671 3494 775 3533 non
803 3476 1004 3546 afﬂigi,
1032 3481 1127 3529 aut
1158 3473 1447 3529 humiliari
1472 3481 1677 3529 certum
1705 3481 1805 3541 est,
1836 3474 1973 3531 sicut
1998 3476 2200 3533 dictum

547 3574 640 3633 est,
678 3586 706 3618 «
740 3581 855 3637 prae
887 3566 1097 3629 timore,
1148 3570 1198 3618 et
1240 3564 1624 3634 exspectatione
1660 3580 1783 3636 quae
1826 3566 2200 3636 supervenient

546 3656 802 3711 universo
838 3654 1012 3709 orbi»
1046 3652 1200 3725 (Luc.
1256 3669 1376 3719 ιιι,
1434 3654 1629 3726 24-28)
1665 3672 1678 3704 :
1710 3661 1757 3709 et
1796 3656 1977 3710 omnia
2023 3657 2199 3728 signa,

546 3761 663 3814 quae
686 3743 946 3815 superius
998 3741 1352 3813 Evangelium
1407 3741 1693 3814 legentibus
1756 3745 2089 3818 manifestat,
2138 3763 2203 3801 ex

544 3835 787 3888 maxima
811 3838 967 3903 parte
995 3831 1252 3902 completa
1274 3839 1418 3886 sunt.

617 3926 669 3978 6.
706 3922 856 3989 Quod
881 3928 1059 3977 autem
1088 3921 1294 3976 dictum
1357 3928 1453 3985 est,
1493 3941 1521 3975 α
1549 3923 1626 3977 Et
1671 3923 2072 3993 pradicabitur
2109 3924 2203 3981 hoc

546 4012 901 4083 Evangelium
924 4011 983 4065 in
1008 4011 1263 4065 universo
1292 4010 1508 4080 mundo,
1564 4019 1613 4066 et
1660 4018 1789 4066 tunc
1812 4014 1982 4069 veniet
2009 4014 2143 4081 ﬁnis
2173 4034 2197 4066 υ

548 4100 770 4171 (Matth.
799 4115 965 4169 xx1v,
1002 4101 1086 4169 14)
1122 4098 1394 4169 ;primum
1426 4100 1562 4168 quod
1579 4100 1749 4169 ipsius
1772 4102 1992 4155 Domini
2017 4119 2203 4173 repro-

544 4189 731 4243 missio
754 4187 881 4242 talis
893 4188 1025 4257 fuit,
1055 4194 1116 4242 ut
1143 4187 1252 4257 ipsi
1280 4186 1523 4257 Apostoli
1550 4188 1663 4257 ejus
1678 4189 1914 4243 nominis
1938 4195 1991 4245 et
2015 4206 2204 4245 resur—

544 4276 803 4332 rectionis
830 4282 983 4331 testes
1009 4276 1201 4339 ﬁerent
1232 4275 1292 4329 in
1318 4274 1637 4341 Jerusalem,
1670 4284 1719 4331 et
1739 4277 1797 4331 in
1825 4277 2040 4348 Judsea,
2071 4287 2119 4334 et
2140 4281 2201 4335 in

547 4364 838 4427 Samaria,
859 4371 907 4419 et
937 4380 1098 4435 usque
1119 4364 1190 4418 ad
1201 4369 1495 4419 extremum
1521 4371 1707 4431 terra,
1735 4366 2084 4437 etApestolus
2104 4370 2201 4425 hac

544 4455 876 4511 auctoritate
900 4454 1045 4509 docet
1076 4472 1097 4510 :
1119 4477 1145 4503 ‹‹
1168 4453 1268 4508 Sed
1291 4453 1427 4519 dico,
1445 4454 1706 4526 numquid
1727 4472 1832 4511 non
1846 4456 2143 4512 audierunt
2172 4457 2200 4511 ‘t

542 4545 613 4601 In
640 4561 845 4599 omnem
878 4550 1087 4599 terram
1117 4543 1284 4599 exivit
1313 4560 1472 4599 sonus
1502 4560 1706 4611 eorum,
1736 4550 1784 4599 et
1806 4546 1865 4599 in
1901 4546 2029 4616 fines
2052 4547 2200 4601 orbis

545 4642 711 4690 terra:
740 4634 901 4689 verba
937 4650 1127 4689 eorum
1158 4654 1185 4684 ››
1216 4634 1388 4705 (Rom.
1437 4650 1494 4700 x,
1529 4635 1645 4707 18).
1683 4635 1819 4690 Item
1850 4652 1871 4690 :
1903 4656 1927 4687 α
1968 4636 2201 4707 Propter

545 4740 689 4795 spem
708 4740 829 4793 quae
856 4723 1094 4793 reposita
1113 4730 1187 4778 est
1206 4723 1371 4789 vobis,
1394 4740 1551 4794 quam
1569 4730 1693 4779 ante
1712 4725 1945 4781 audistis
1963 4725 2021 4780 in
2046 4725 2199 4781 verbo

544 4812 801 4868 veritatis
834 4811 1134 4882 Evangelii,
1186 4812 1323 4883 quod
1372 4812 1593 4868 advenit
1646 4814 1706 4868 in
1744 4831 1848 4881 vos,
1882 4814 2025 4870 sicut
2052 4822 2100 4870 et
2140 4816 2199 4871 in

545 4904 693 4958 omni
721 4900 921 4957 mundo
957 4908 1031 4956 est
1063 4901 1405 4972 fructiﬁcans
1436 4909 1483 4957 et
1509 4919 1791 4958 crescens»
1826 4905 2044 4974 (Coloss.
2074 4922 2111 4971 ι,
2143 4910 2194 4971 5,

546 4995 623 5067 6).
655 4992 753 5047 Sed
785 4990 851 5046 ab
872 4990 1143 5063 Apostolis
1164 4992 1454 5047 nuntiata1
1478 4992 1607 5063 fides
1634 4993 1693 5047 in
1712 4994 1976 5065 gentibus,
2010 4994 2196 5051 habuit

543 5083 742 5139 multos
766 5087 1145 5153 persecutores,
1179 5088 1237 5135 ut
1263 5088 1473 5135 retenta
1503 5082 1718 5137 tardius
1750 5084 2112 5148 invalesceret,
2138 5092 2197 5140 ut

547 5172 693 5227 illud
724 5170 1064 5243 impleretur,
1098 5188 1128 5221 «
1159 5171 1302 5225 Ante
1345 5170 1455 5225 hac
1483 5171 1685 5238 omnia,
1725 5173 1966 5243 primum
2021 5173 2079 5227 in
2110 5190 2199 5229 vos

606 5334 618 5405 ξ
642 5333 759 5405 Mss.
779 5332 886 5403 duo
900 5332 1066 5405 Yatic.
1083 5335 1135 5381 et
1156 5344 1343 5405 omnes
1359 5331 1540 5403 Gallic.
1564 5346 1672 5405 uno
1697 5336 1934 5405 excepto,
1956 5333 2191 5405 ipitiata.

606 5394 676 5454 (a)
708 5395 936 5457 Respicit
956 5394 1557 5456 fortassisadinsignem
1580 5395 1730 5443 illum
1752 5394 1878 5444 solis
1904 5395 2190 5454 defectum,

543 5466 703 5516 quem
725 5469 866 5507 anno
890 5458 999 5512 418,
1020 5458 1103 5506 die
1130 5458 1187 5506 19
1204 5457 1324 5520 julii
1347 5458 1637 5519 contigisse
1652 5457 1888 5520 produnt
1907 5458 2149 5509 Historici
2182 5476 2194 5519 ;

543 5528 811 5579 quemque
834 5537 859 5565 α
891 5524 1038 5570 tanta
1056 5521 1269 5569 siccitas
1293 5525 1585 5576 secutaest.
1611 5522 1686 5569 uti
1703 5520 1888 5570 scribit
1912 5522 2195 5572 Philostor-

549 5595 570 5623 ι
598 5577 831 5648 giuslut
854 5582 1142 5648 multorum
1176 5585 1455 5648 hominum
1494 5582 1827 5648 aliorumque
1857 5585 2173 5637 animalium

542 5655 578 5691 ι
596 5643 864 5691 insuetum
878 5644 1076 5707 ubique
1101 5649 1331 5695 mortem
1356 5646 1579 5697 inferret
1626 5662 1672 5697 ι.

1822 142 1883 199 S.
1922 141 2284 200 AUGUSTIN
2287 142 2310 199 Ι
2347 140 2685 200 EPISCOPI
3789 145 3871 209 tot

2306 285 2495 324 manus
2515 268 2805 324 immittent
2854 282 3001 332 suas,
3036 269 3087 322 et
3112 273 3523 338 persequentur,
3554 271 3604 323 et
3626 270 3895 333 tradentem

2308 360 2367 412 in
2389 373 2685 429 synagogas
2729 365 2777 412 et
2820 358 2879 411 in
2916 355 3205 420 custodias,
3235 355 3480 411 ducentes
3526 357 3595 412 ad
3622 375 3757 430 reges
3780 369 3820 416 et
3846 367 3899 419 ad

2304 447 2582 518 prmsides,
2624 454 2852 518 propter
2900 462 3088 501 nomen
3136 462 3306 501 meum
3330 467 3360 496 ››
3401 445 3553 517 (Luc.
3580 450 3900 521 xx1,t2):ut

2306 535 2453 590 illud
2481 535 2800 606 impleretur
2828 536 2966 607 quod
3001 536 3266 607 scriptum
3319 542 3439 590 erat
3470 558 3490 606 ;
3524 556 3551 588 «
3601 537 3666 592 Et
3698 539 3904 596 velociter

2306 624 2723 695 resedi/icaberis
2747 642 2779 679 a
2803 625 2998 697 quibus
3026 625 3306 680 destructa
3331 641 3400 679 es.
3420 643 3448 675 ι)
3474 624 3616 681 Nam
3640 642 3701 680 ex
3725 644 3813 698 quo
3831 629 3910 684 cle-

2309 714 2630 769 mentissimi
2654 714 3011 784 imperatores
3035 713 3332 769 christiani
3345 713 3446 768 Dei
3458 713 3717 770 voluntate
3726 732 3821 772 esse
3834 735 3911 774 ca-

2303 808 2504 874 perunt
2526 821 2543 869 ;
2569 819 2873 874 quanquam
2888 802 3163 874 paulatim
3178 802 3335 874 ﬁdes,
3360 819 3521 858 causa
3548 806 3911 872 persecutionis,

2307 892 2567 948 crescebat
2590 894 2650 947 in
2675 892 2889 957 saeculo,
2932 892 3095 965 factis
3127 892 3349 963 regibus
3372 892 3721 957 Christianis,
3757 894 3914 968 ubique

2310 982 2370 1037 in
2389 998 2563 1053 parvo
2604 988 2833 1053 tempore
2864 982 3080 1037 Christi
3111 981 3468 1053 Evangelium
3500 985 3801 1052 penetravit.

2380 1077 2435 1126 '7.
2469 1072 2761 1142 Expositio
2787 1088 2913 1126 sane
2952 1070 3093 1127 beati
3146 1070 3393 1125 Danielis
3421 1070 3488 1125 de
3520 1070 3917 1140 Hebdomadibus,

2308 1177 2465 1232 quam
2492 1161 2583 1214 vir
2607 1167 2823 1215 sanctus
2863 1159 3252 1231 compresbyter
3270 1167 3453 1215 noster
3482 1159 3827 1232 Hieronymus
3846 1181 3921 1218 ex-

2309 1250 2506 1321 posuit,
2520 1248 2759 1320 qualiter
2768 1248 3004 1304 doctores
3030 1248 3385 1303 Ecclesiarum
3402 1248 3773 1315 tradidissent,
3798 1252 3923 1307 lecto-

2309 1354 2422 1391 rem
2437 1336 2730 1408 suspendit.
2749 1337 2895 1393 Nam
2917 1337 2969 1391 si
2988 1337 3102 1407 ipse
3125 1336 3468 1391 doctissimus
3480 1337 3570 1390 vir
3580 1338 3924 1409 compresbyter

2309 1433 2486 1481 noster
2497 1426 2579 1480 ait
2596 1425 2955 1497 periculosum
2968 1442 3072 1480 esse
3090 1425 3153 1480 de
3164 1424 3557 1497 magistrorum
3579 1426 3924 1483 Ecclesiarium

2300 1516 2551 1587 judicare
2577 1515 2878 1581 sententiis,
2902 1521 2951 1570 et
2979 1514 3214 1571 alterum
3240 1514 3513 1586 prxferre
3527 1514 3691 1570 alteri
3719 1526 3923 1588 ;quanto

2310 1606 2481 1675 magis
2513 1604 2605 1659 hoc
2626 1605 2790 1659 lector
2807 1606 2988 1677 facere
3017 1621 3123 1659 non
3148 1608 3340 1675 potest,
3355 1603 3496 1675 quod
3519 1606 3767 1676 magister
3781 1610 3925 1676 facere

2311 1693 2577 1749 dubitavit
2604 1693 2757 1748 lNos
2807 1701 2985 1749 autem
3026 1693 3296 1748 credimus
3332 1693 3470 1765 quod
3532 1693 3787 1749 Dominus
3821 1697 3924 1752 ait:

2317 1804 2338 1833 ι
2372 1782 2511 1848 Quia
2543 1782 2729 1838 caelum
2759 1790 2809 1838 et
2831 1788 2979 1837 terra
3014 1783 3322 1848 transient;
3346 1785 3661 1847 iotaautem
3679 1801 3849 1851 unum,
3868 1786 3925 1839 vel

2310 1888 2451 1927 unus
2484 1888 2622 1942 apex
2674 1888 2779 1927 non
2813 1876 3046 1926 transiet
3069 1888 3103 1926 a
3132 1871 3287 1941 Lege,
3340 1872 3508 1927 donec
3546 1872 3727 1927 omnia
3763 1874 3878 1944 ﬁant
3904 1896 3920 1924 ι

2313 1961 2529 2031 (Matth.
2552 1977 2612 2026 v,
2629 1961 2738 2032 18).
2758 1960 3022 2026 Quomodo
3032 1976 3156 2031 ergo
3168 1962 3487 2032 mysterium
3498 1960 3924 2017 Hebdomadorum

2309 2050 2383 2104 sit
2409 2048 2686 2120 impletum
2712 2065 2873 2120 usque
2885 2048 2955 2103 ad
2966 2049 3309 2104 nativitatem
3329 2057 3377 2104 et
3399 2049 3702 2118 passionem
3732 2050 3921 2116 Christi,

2310 2137 2561 2193 admiror
2589 2151 2611 2210 ,‘
2637 2155 2755 2193 cum
2786 2138 2926 2193 illud
2952 2138 3010 2192 in
3040 2136 3273 2193 dimidio
3327 2137 3666 2193 hebdomadas
3696 2139 3922 2210 Propheta

2312 2227 2519 2283 locutus
2542 2235 2639 2293 est,
2669 2227 2927 2282 dicendo:
2963 2246 2991 2279 α
3020 2228 3090 2282 In
3113 2226 3345 2281 dimidio
3376 2226 3715 2283 hebdomadas
3743 2228 3924 2284 tolletur

2309 2317 2644 2389 sacriﬁcium
2669 2334 2858 2383 meum,
2893 2323 2943 2371 et
2979 2315 3328 2386 supplicatio,
3359 2316 3743 2373 desolationum
3768 2319 3923 2373 interi-

2313 2413 2425 2471 tus,
2458 2414 2505 2461 et
2529 2405 2943 2477 adsacriﬁcium
2971 2405 3302 2460 abominatio
3334 2424 3361 2456 ››
3391 2405 3565 2472 (Βαη.
3599 2422 3675 2470 ix,
3706 2408 3807 2461 27L
3833 2408 3925 2461 Haec

2314 2512 2439 2565 ergo
2450 2494 2781 2550 abominatio
2800 2496 2849 2548 si
2869 2495 2988 2566 jam
2999 2495 3262 2565 completa
3286 2495 3496 2566 fuerat,
3512 2495 3759 2566 quomodo
3782 2495 3925 2550 Domi-

2313 2600 2413 2638 nus
2438 2591 2615 2638 monet
2644 2591 2692 2638 et
2732 2583 2866 2638 dicit
2896 2598 2915 2635 :
2952 2605 2973 2633 ‹
3014 2583 3150 2638 Cum
3200 2582 3458 2638 videritis
3514 2584 3926 2640 abominationem

2310 2672 2675 2738 desolationis,
2699 2672 2835 2744 quod
2855 2672 3061 2727 dictum
3085 2679 3159 2727 est
3188 2688 3288 2743 per
3310 2672 3598 2728 Danielem
3629 2674 3923 2745 praphetam,

2310 2769 2541 2818 stantem
2572 2762 2630 2815 in
2680 2762 2788 2816 loco
2822 2765 3024 2825 sancto,
3059 2761 3157 2832 qui
3189 2762 3335 2832 legit,
3368 2761 3699 2833 intelligat»
3736 2762 3925 2833 (Matth.

2310 2867 2470 2919 xxnv,
2514 2851 2603 2919 15)
2633 2850 2660 2905 ?
2680 2851 2796 2921 Ego
2818 2858 2996 2905 autem
3022 2868 3084 2904 ne
3109 2850 3393 2921 petitionis
3452 2850 3811 2907 Beatitudinis
3844 2857 3925 2905 tua

2309 2946 2637 3010 contemptor
2660 2956 2839 3005 essem,
2872 2940 2982 2995 haec
3008 2938 3446 3010 quemadmodum
3480 2941 3650 3005 sensi,
3676 2939 3854 3011 scripsi
3875 2939 3928 2993 ad

2310 3034 2459 3083 tuam
2491 3028 2851 3084 Charitatem.
2882 3028 3111 3082 Plenius
3160 3034 3338 3083 autem
3383 3028 3620 3100 dignare
3670 3044 3759 3084 nos
3802 3027 3927 3083 verbo

2308 3116 2508 3188 gratiae
2532 3123 2640 3172 tum
2660 3114 3003 3171 rescribendo
3027 3115 3298 3171 instruere
3327 3123 3376 3171 et
3408 3116 3718 3190 testiﬁcare.

2760 3204 3097 3261 EPISTULA
3128 3206 3367 3261 CXCIX'
3406 3205 3516 3277 (a).

2846 3310 2913 3349 ne
2945 3309 3067 3349 rma
3096 3309 3300 3350 SBCULl
3332 3293 3427 3367 (b).

2308 3383 2651 3455 Augustinus
2676 3383 2953 3455 Hesychia,
2980 3391 3262 3438 commonst
3273 3399 3404 3439 rans
3416 3384 3790 3456 quomodosint
3802 3382 3930 3440 intel-

2382 3472 2608 3544 ligentia
2627 3472 2933 3544 Scriptura:
2965 3472 3079 3527 loca
3112 3488 3230 3544 qux
3269 3473 3422 3527 varie
3452 3471 3755 3545 loquuntur
3776 3474 3831 3529 de
3848 3474 3928 3544 fine

2377 3561 2565 3616 saeculi
2591 3578 2607 3627 ;
2627 3562 2863 3632 quodque
2875 3567 3100 3632 prestat
3126 3577 3230 3615 non
3244 3562 3534 3633 inquirere
3557 3570 3760 3635 tempus
3773 3561 3928 3617 adven-

2383 3655 2467 3705 tus
2493 3649 2723 3715 Christi,
2737 3649 2826 3704 sed
2850 3649 3108 3719 hocagere
3132 3655 3193 3705 ut
3216 3650 3586 3722 unusquisque
3608 3652 3679 3707 ad
3700 3652 3929 3723 excipien-

2379 3738 2507 3793 dum
2528 3738 2691 3794 illum
2728 3738 2801 3794 sit
2826 3745 3078 3809 paratus.

2312 3827 2559 3885 Domino
2617 3827 2987 3893 beatissimo,
3027 3832 3084 3883 et
3114 3827 3530 3886 venerabiliter
3582 3828 3926 3902 suspicienda

2382 3916 2545 3973 fratri
2596 3923 2652 3972 et
2706 3916 3069 3990 coepiscopo
3128 3917 3432 3985 Hnsrcmo,
3490 3924 3847 3985 Accusamus,
3880 3918 3927 3973 in

2381 4005 2638 4061 Domino
2664 4004 2942 4061 salutem.

2385 4094 2610 4150 CAPUT
2637 4096 2919 4151 PRIMUM.
2933 4125 3004 4136 —
3022 4100 3070 4151 1.
3087 4094 3300 4167 Accepi
3317 4095 3539 4152 litteras
3563 4094 3928 4153 Venerationis

2311 4188 2446 4248 ture,
2478 4182 2703 4255 quibus
2724 4183 2895 4239 valde
2919 4183 3234 4240 salubriter
3262 4184 3598 4240 exhortaris
3628 4191 3687 4241 ut
3708 4184 3929 4242 Salvato-

2310 4272 2391 4327 ris
2420 4272 2606 4327 nostri
2624 4271 2905 4341 diligatur
2938 4277 2997 4328 et
3036 4272 3407 4329 desideretur
3450 4273 3767 4330 adventus.
3793 4271 3927 4328 Facis

2309 4360 2425 4416 hoc
2438 4364 2500 4416 ut
2511 4376 2717 4415 servus
2731 4360 2930 4416 bonus
2951 4360 3225 4431 ejusdem
3252 4361 3706 4433 patrisfamilias
3717 4401 3730 4423 ,
3748 4360 3929 4418 avidus

2309 4448 2613 4505 lucrorum
2661 4450 2893 4505 Domini
2934 4451 3041 4516 tui,
3072 4454 3131 4505 et
3172 4450 3379 4506 volens
3417 4451 3643 4507 habere
3674 4449 3929 4523 plurimos

2310 4537 2505 4593 socios
2517 4536 2850 4593 dilectionis
2861 4553 2984 4609 qua
2996 4538 3122 4610 ipse
3134 4539 3436 4611 praecipue
3448 4544 3506 4595 et
3519 4539 3931 4611 perseveranter

2308 4625 2679 4683 accenderis.
2707 4626 3008 4681 Intuentes
3058 4627 3238 4696 igitur
3266 4628 3433 4700 quod
3464 4622 3921 4684 commemorasti

2309 4714 2384 4771 de
2415 4714 2712 4786 Apostolo,
2735 4715 2881 4787 quia
2897 4715 3762 4773 Dominumdixitreddituruni
3786 4727 3929 4769 coro-

2310 4820 2452 4860 nam
2479 4804 2744 4876 justitire,
2778 4820 2898 4860 non
2924 4809 3160 4861 tantum
3183 4805 3320 4872 sibi,
3340 4805 3441 4861 sed
3468 4812 3525 4863 et
3544 4805 3821 4862 omnibus
3842 4800 3927 4874 qui

2309 4892 2563 4963 diligunt
2580 4891 3123 4950 manifestationem
3135 4894 3184 4965 ej
3197 4912 3264 4949 us
3281 4896 3351 4967 (ll
3368 4895 3508 4950 Tim.
3530 4910 3605 4959 ιν,
3622 4897 3701 4965 8),
3715 4894 3791 4949 ita
3802 4894 3929 4946 recte

2312 4982 2590 5047 vivimus,
2615 4986 2671 5038 et
2700 4983 2760 5038 in
2791 4981 2906 5039 hoc
2946 4982 3164 5039 saeculo
3188 4987 3476 5056 tanquam
3517 4981 3799 5055 peregrini
3819 4977 3926 5049 agi-

2370 5089 2386 5105 '
2425 5089 2571 5160 Hanc
2602 5088 3009 5160 emendavimus
3039 5090 3187 5160 ad_a.
3248 5091 3336 5160 bg.
3376 5091 3446 5160 bl.
3479 5105 3523 5141 c.
3552 5105 3633 5160 cc_.
3682 5090 3770 5160 cb._
3798 5088 3851 5136 Η,
3883 5098 3923 5147 g.

2307 5165 2512 5264 tgugdrgz.
2536 5152 2659 5261 [ἓ.
2686 5165 2826 5264 ds.
3090 5154 3227 5203 duos
3247 5152 3344 5208 bn.
3372 5154 3507 5205 duos
3523 5168 3566 5204 c.
3598 5154 3729 5203 duos
3757 5155 3791 5201 t.
3819 5159 3923 5213 qus.-

2502 5250 2512 5262 .
2545 5230 2659 5261 Am.
2686 5230 2815 5264 58.0.
2848 5230 2932 5264 ΕΓ.
2966 5230 3092 5265 μον.

2370 5277 2444 5337 (a)
2474 5276 2615 5325 Alias
2644 5278 2703 5324 80
2739 5293 2753 5323 :
2781 5291 2899 5340 quin
2933 5282 3111 5328 autem
3148 5278 3237 5327 199
3273 5281 3401 5336 erat,
3425 5291 3567 5329 nunc
3600 5280 3707 5327 262.
3733 5274 3913 5336 Scripta

2308 5342 2431 5404 post
2462 5340 2812 5404 superiorem,
2845 5341 3064 5404 δικ-419.
3159 5403 3163 5404 ί
3589 5402 3603 5404 μ
3671 5402 3676 5404 Α
3828 5397 3856 5404 _
3892 5395 3899 5402 ,

2370 5402 2467 5466 (ὁ)
2496 5397 2629 5450 Cum
2660 5400 2854 5466 librum
2891 5402 3070 5452 ederet
3090 5464 3099 5466 Α
3120 5403 3434 5453 vicesimum
3477 5404 3542 5453 de
3575 5402 3796 5466 Civitate
3828 5397 3915 5466 Dei.

2304 5465 2504 5529 cap._5,
2537 5465 2781 5529 meminit
2808 5466 3047 5529 epistola:
3089 5464 3269 5528 hujus,
3313 5484 3339 5513 ι
3366 5479 3529 5529 quam
3564 5463 3817 5529 rescripsi,
3857 5463 3919 5505 in-

2310 5542 2338 5573 «
2354 5524 2488 5601 (iuit,
2520 5527 2587 5576 ad
2622 5527 2783 5600 beata
2796 5524 3065 5601 memorias
3096 5524 3269 5601 virum
3287 5524 3609 5601 βθξχοιξίυω
3626 5524 3915 5601 εριὁρὶξξέξ

2310 5605 2343 5701 ἱ
2367 5584 2896 5701 episcopum,
2925 5590 3079 5655 cujus
3113 5590 3350 5656 epistola:
3378 5584 3563 5642 titulus
3595 5592 3690 5649 est,
3725 5586 3784 5637 de
3806 5584 3914 5633 Fine

2312 5667 2343 5701 ι
2374 5664 2557 5702 εωοωι
2592 5667 2644 5704 ι.
