4118 6164
112 163 222 233 903

119 318 279 366 mus,
302 314 439 356 cum
466 313 526 354 se
555 297 617 354 in
646 296 762 354 hac
792 296 1107 354 dilectione
1161 313 1263 354 cor
1293 304 1565 355 nostrum
1594 298 1773 373 proti-

115 390 344 446 cienter
361 386 621 444 extendit
642 388 794 453 ;sive
808 386 979 442 citius
992 387 1114 442 sive
1129 386 1355 443 tardius
1369 387 1569 444 veniat
1585 404 1772 460 quam

113 484 383 552 putatur,
412 476 586 547 cujus
601 474 998 531 manifestatio
1013 476 1169 531 ﬁdeli
1183 475 1470 533 charitate
1487 476 1769 546 diligitur,

114 573 176 625 et
199 569 299 640 pio
330 566 702 622 desideratur
723 563 952 621 affectu.
978 567 1190 621 Servus
1208 565 1433 638 quippe
1460 566 1554 622 ille
1571 566 1674 639 qui
1689 565 1771 620 di-

115 658 217 721 cit,
247 658 458 714 Moram
475 655 616 724 facit
628 653 875 709 dominus
890 670 1034 709 meus
1052 661 1145 717 ;et
1175 656 1425 726 percutit
1449 671 1775 711 conservos

115 764 283 816 suos,
319 744 647 805 manducat
670 747 725 799 et
756 743 908 799 bibit
935 760 1074 801 cum
1088 743 1336 800 ebriosis
1355 744 1507 817 (Luc.
1536 760 1636 812 xu,
1658 744 1774 817 45),

116 851 239 892 non
256 836 461 908 utique
483 833 672 904 diligit
687 831 1236 890 manifestationem
1248 834 1297 905 ej
1310 833 1487 889 us.Ex
1502 832 1774 889 moribus

114 924 281 982 enim
312 927 560 996 apparet
576 922 819 978 animus
832 922 961 994 ejus
991 937 1005 989 ;
1034 937 1186 994 quos
1198 938 1421 990 mores,
1436 921 1570 979 licet
1592 921 1782 978 brevi-

118 1020 227 1078 ter,
258 1014 392 1070 ideo
415 1012 703 1083 magister
732 1011 930 1067 bonus
957 1012 1183 1069 curavit
1210 1012 1566 1084 exprimere,
1600 1010 1662 1067 id
1691 1014 1778 1068 est

118 1103 472 1176 superbiam
504 1100 1117 1173 atqueluxuriam,ne
1160 1101 1326 1173 quod
1355 1101 1608 1167 dicebat,
1658 1100 1777 1157 Mo-

116 1209 245 1247 ram
258 1192 402 1265 facit
430 1190 676 1246 dominus
704 1189 1181 1254 meus,desiderio
1207 1189 1437 1246 domini
1463 1190 1556 1245 sui
1582 1189 1778 1246 dicere

116 1281 481 1346 crederetur,
532 1296 650 1352 quo
699 1279 951 1336 ardebat
1006 1279 1121 1335 illle
1172 1281 1275 1352 qui
1322 1278 1601 1336 dicebat:
1645 1278 1780 1334 Siti-

118 1370 201 1425 vit
226 1370 539 1425 animamea
555 1369 626 1424 ad
644 1369 817 1424 Deum
836 1369 1015 1424 vivum
1035 1368 1279 1441 :quando
1300 1370 1531 1434 veniam,
1551 1374 1781 1440 etappa-

115 1458 390 1514 reboante
419 1460 619 1531 [aciem
654 1457 760 1513 Dei
788 1457 962 1528 (Psal.
1017 1472 1133 1524 xm,
1162 1458 1216 1531 3)
1243 1459 1273 1515 7
1305 1457 1566 1514 Dicendo
1594 1457 1776 1522 enim,

116 1548 334 1621 quando
357 1547 566 1603 veniam
594 1547 623 1602 ‘l
654 1562 856 1602 moras
883 1562 944 1602 se
972 1548 1197 1619 perpeti
1227 1546 1476 1602 moleste
1504 1545 1729 1602 ferebat
1759 1559 1777 1612 ;

116 1637 267 1710 quia
280 1637 456 1692 etiam
473 1635 636 1709 quod
654 1640 768 1691 tem
778 1651 917 1707 pore
940 1634 1324 1701 acceleretur,
1340 1634 1639 1690 desiderio
1662 1638 1779 1690 tar-

116 1725 273 1782 dum
289 1724 543 1780 videtur.
560 1722 877 1791 Quomodo
890 1727 1088 1780 autem
1104 1723 1311 1779 tardus
1324 1723 1473 1795 estej
1486 1740 1550 1778 us
1563 1722 1781 1779 adven-

120 1820 239 1886 tus,
268 1814 357 1870 vel
378 1811 690 1886 quomodo
712 1812 891 1883 longe
907 1812 1145 1868 futurus
1165 1816 1267 1879 est,
1292 1828 1429 1867 cum
1445 1812 1562 1884 ipsi
1585 1814 1781 1883 Apos-

120 1902 248 1969 toli,
282 1908 550 1975 tempore
579 1917 703 1973 quo
734 1901 934 1957 adhuc
983 1907 1150 1957 erant
1180 1902 1241 1956 in
1271 1916 1474 1965 carne,
1506 1900 1777 1966 dixerint,

118 1990 439 2048 Novissima
462 1991 598 2046 hora
609 1996 685 2045 est
700 1990 744 2062 (Ι
770 1990 910 2045 Joan
946 2006 1007 2057 11,
1033 1990 1123 2061 t8)
1145 1989 1461 2062 ?quamvis
1475 2005 1511 2045 a
1530 1989 1781 2045 Domino

121 2080 444 2147 audierint,
471 2080 597 2139 Non
621 2086 696 2135 est
736 2086 973 2135 vestrum
1023 2079 1164 2134 scire
1192 2086 1452 2151 tempora.
1487 2078 1609 2134 Hoc
1639 2092 1782 2148 ergo

124 2170 475 2226 nesciebant
496 2169 661 2242 quod
693 2168 994 2225 nescimus
1016 2172 1071 2224 et
1102 2184 1215 2224 nos
1247 2169 1568 2240 (quantum
1590 2167 1669 2223 ad
1690 2182 1785 2223 me

124 2260 337 2316 attinet
361 2259 583 2325 dico,et
606 2274 708 2314 eos
732 2258 835 2330 qui
862 2258 976 2314 hoc
1000 2273 1235 2314 mecum
1260 2257 1557 2328 nesciunt)
1590 2271 1602 2322 ;
1629 2260 1684 2311 et
1705 2259 1788 2312 ta-

128 2365 265 2405 men
280 2348 497 2421 quibus
525 2347 752 2404 dictum
770 2352 875 2413 est,
895 2348 1018 2402 Non
1030 2354 1111 2402 est
1122 2354 1355 2403 vestrum
1367 2346 1507 2401 scire
1521 2352 1784 2417 tempora,

122 2454 244 2511 quae
267 2443 430 2510 pater
452 2437 635 2509 posuit
664 2437 724 2491 in
774 2453 875 2492 sua
902 2442 1162 2508 potestate
1200 2435 1348 2507 (Act.
1383 2451 1423 2493 1.
1456 2435 1537 2507 7),
1578 2434 1790 2504 dilige-

125 2528 275 2584 bant
295 2527 425 2598 ejus
440 2524 1008 2592 manitestationem,
1036 2529 1091 2581 et
1104 2524 1333 2581 dabant
1347 2523 1650 2581 conservis
1666 2524 1789 2578 suis

126 2618 187 2672 iu
217 2621 482 2688 tempore
539 2614 782 2683 cibaria,
844 2630 953 2669 nec
998 2614 1408 2685 percutiebant
1438 2629 1541 2669 eos
1589 2610 1791 2668 domi-

130 2704 336 2761 nando
388 2704 491 2770 eis,
541 2719 652 2759 nec
705 2702 1167 2759 luxuriabantur
1221 2718 1361 2758 cum
1416 2701 1790 2758 amatoribus

128 2793 360 2860 mundi,
385 2793 673 2858 dicentes,
706 2791 917 2849 Moram
944 2791 1080 2863 facit
1114 2791 1377 2848 Dominus
1406 2808 1572 2847 meus.

200 2906 255 2957 2.
287 2900 415 2957 Alia
440 2906 528 2956 est
566 2914 707 2971 ergo
729 2898 1070 2968 ignorantia
1094 2907 1454 2972 temporum,
1481 2900 1594 2955 alia
1622 2898 1788 2955 labes

126 3007 370 3047 morum
389 3005 680 3061 amorque
702 2988 1004 3045 vitiorum.
1040 2991 1187 3047 Nam
1219 2995 1275 3043 et
1300 2988 1612 3061 apostolus
1646 2991 1789 3044 Pau-

125 3080 220 3136 lus
250 3076 500 3151 quando
551 3076 806 3146 dicebat,
845 3076 979 3133 Non
1025 3080 1138 3133 cito
1186 3077 1542 3133 moveamini
1573 3084 1784 3143 mente,

125 3182 313 3241 neque
344 3166 711 3231 terreamini,
736 3166 856 3223 sive
890 3181 998 3236 per
1026 3166 1263 3222 verbum
1294 3166 1414 3221 sive
1440 3182 1549 3235 per
1576 3168 1787 3237 episto-

126 3260 271 3324 lam,
307 3262 595 3328 tanquam
624 3272 734 3326 per
788 3272 892 3311 nos
945 3257 1205 3322 missam,
1239 3255 1412 3327 quasi
1452 3255 1627 3313 instet
1663 3256 1786 3313 dies

123 3346 371 3403 Domini
412 3345 483 3417 (ΙΙ
514 3346 713 3402 Thess.
742 3361 798 3412 11,
845 3345 898 3416 2)
933 3360 947 3412 ;
981 3344 1221 3401 nolebat
1255 3344 1457 3417 utique
1491 3350 1556 3401 ut
1583 3345 1783 3401 crede-

120 3437 351 3493 rentcis
364 3435 465 3507 qui
490 3433 618 3507 jam
634 3434 1040 3506 propinquare
1060 3434 1296 3491 Domini
1328 3432 1785 3491 arbitrabantur

122 3525 451 3582 adventum
487 3540 499 3579 :
528 3538 638 3579 nec
659 3528 859 3578 tamen
883 3522 1216 3592 volebatut,
1252 3528 1542 3595 tanquam
1569 3538 1780 3579 servus

122 3613 242 3680 ille,
288 3612 572 3677 dicereut,
604 3612 836 3668 Moram
861 3611 1014 3681 facit
1050 3612 1330 3668 Dominus
1368 3626 1530 3669 meus
1554 3612 1779 3679 venire,

121 3707 179 3759 et
209 3701 510 3759 traderent
537 3716 600 3756 se
632 3700 925 3772 superbire
972 3700 1341 3773 luxuriaeque
1374 3700 1716 3773 perdendos
1763 3716 1777 3767 ;

123 3790 232 3847 sed
265 3790 348 3846 sic
369 3804 471 3847 eos
493 3788 736 3846 nolebat
761 3788 834 3845 de
852 3789 1296 3861 propinquante
1322 3789 1416 3844 die
1450 3789 1779 3845 novissimo

120 3880 291 3938 falsis
318 3879 657 3936 auscultare
679 3877 1044 3943 rumoribus,
1062 3882 1334 3934 uttamen
1351 3878 1526 3933 vellet
1550 3894 1653 3933 eos
1678 3894 1780 3951 pa-

122 3975 288 4027 ratos
320 3968 647 4025 adventum
698 3966 930 4022 Domini
973 3967 1088 4034 sui,
1136 3966 1356 4022 lumbis
1388 3967 1668 4022 accinctis
1724 3972 1778 4025 et

122 4058 381 4116 lucernis
406 4055 755 4113 ardentibus
784 4054 1043 4127 opperiri
1066 4055 1229 4127 (Luc.
1252 4071 1349 4121 xu,
1382 4056 1471 4124 35,
1496 4056 1617 4127 36):
1650 4056 1779 4129 qui-

121 4148 239 4203 bus
271 4146 431 4210 dicit,
474 4146 574 4200 Vos
604 4149 821 4208 autem,
842 4144 1080 4214 fratres,
1112 4160 1226 4199 non
1252 4144 1383 4200 estis
1406 4143 1470 4199 in
1504 4145 1773 4213 tenebris,

124 4242 189 4292 ut
227 4248 326 4291 vos
356 4233 478 4289 dies
498 4232 603 4288 ille
629 4237 911 4302 tanquam
929 4232 1042 4301 fur
1061 4232 1542 4302 comprehendat.
1570 4232 1779 4289 Omnes

121 4325 276 4380 enim
311 4337 409 4379 vos
428 4320 544 4390 ﬁlii
572 4321 718 4376 lucis
744 4322 876 4377 estis
890 4327 941 4377 et
952 4320 1069 4389 ﬁlii
1096 4320 1206 4375 diei
1222 4339 1239 4393 ;
1270 4337 1385 4377 ηοη
1411 4338 1608 4377 sumus
1634 4339 1777 4379 noc-

124 4413 196 4469 tis
228 4426 413 4483 neque
443 4409 816 4467 tenebrarum
846 4408 889 4480 (ι
925 4410 1120 4465 Thess.
1155 4426 1206 4474 v,
1240 4412 1293 4477 4,
1335 4412 1412 4481 5).
1446 4410 1542 4465 ille
1577 4417 1778 4467 autem

122 4501 229 4574 qui
251 4501 337 4554 sic
367 4498 526 4566 dicit,
557 4498 787 4553 Moram
802 4497 952 4566 facit
977 4499 1261 4555 Dominus
1287 4515 1442 4555 meus
1471 4499 1687 4567 venire,
1718 4504 1783 4555 ut

123 4588 417 4663 percutiat
435 4601 754 4643 conservos
772 4602 933 4650 suos,
960 4592 1017 4643 et
1035 4587 1310 4659 epuletur
1330 4604 1469 4643 cum
1499 4587 1775 4652 ebriosis,

125 4693 249 4735 non
282 4681 371 4733 est
396 4675 556 4732 ﬁlius
592 4673 765 4741 lucis,
798 4677 901 4731 sed
934 4675 1317 4732 tenebrarum
1353 4692 1367 4743 ;
1395 4681 1451 4732 et
1480 4676 1614 4732 ideo
1640 4691 1779 4731 eum

126 4776 421 4840 tanquam
449 4764 543 4821 fur
567 4764 693 4821 dies
722 4764 818 4821 ille
858 4763 1327 4836 comprehendet
1355 4781 1365 4817 :
1400 4764 1565 4837 quod
1599 4780 1782 4819 unus-

124 4856 384 4929 quisque
416 4851 594 4909 debet
618 4852 797 4908 etiam
826 4849 901 4908 de
931 4851 1026 4907 die
1059 4851 1241 4924 hujus
1273 4851 1404 4908 vitae
1438 4868 1558 4907 suae
1586 4851 1782 4907 novis-

126 4944 287 4999 simo
319 4940 659 4998 formidare.
694 4940 760 4996 In
800 4957 922 5014 quo
970 4939 1128 4996 enim
1161 4956 1459 5013 quemque
1492 4937 1783 4996 invenerit

124 5050 274 5089 suus
305 5030 663 5088 novissimus
690 5030 838 5095 dies,
870 5030 929 5084 in
980 5030 1095 5085 hoc
1143 5045 1281 5085 eum
1313 5029 1781 5102 comprehendet

127 5120 341 5179 mundi
362 5118 727 5176 novissimus
753 5118 913 5186 dies;
944 5118 1235 5191 quoniam
1256 5118 1528 5191 qualisin
1555 5118 1650 5174 die
1670 5119 1784 5174 isto

122 5214 382 5286 quisque
405 5208 673 5272 moritur,
714 5207 847 5264 talis
868 5208 927 5263 in
959 5208 1053 5263 die
1084 5207 1182 5263 illo
1209 5208 1599 5278 judicabitur.

195 5320 250 5373 3.
280 5313 368 5371 Ad
395 5312 509 5369 hoc
548 5312 803 5383 pertinet
825 5311 990 5385 quod
1015 5312 1073 5367 in
1109 5312 1426 5384 Evangelia
1452 5311 1788 5368 secundum

123 5408 390 5462 Marcum
419 5402 501 5457 ita
530 5401 816 5473 scriptum
847 5406 931 5457 est
964 5418 976 5455 :
1024 5400 1264 5472 Vigilate
1294 5417 1456 5471 ergo,
1492 5400 1628 5471 quia
1663 5414 1791 5456 nes-

121 5494 258 5552 citis
288 5492 525 5565 quando
550 5490 824 5546 dominus
844 5490 1043 5546 domus
1069 5489 1302 5556 veniat;
1328 5505 1467 5555 sero,
1501 5506 1576 5544 an
1597 5488 1793 5547 media

121 5589 294 5640 nocte
320 5596 402 5638 an
438 5572 584 5651 galli
623 5584 814 5646 cactu,
844 5595 922 5636 an
950 5595 1145 5649 mane,
1182 5594 1256 5636 ne
1286 5594 1419 5635 cum
1449 5578 1670 5635 venerit
1706 5592 1796 5634 re-

119 5677 322 5747 pente,
348 5669 615 5727 inveniat
643 5684 741 5751 vos
777 5669 1150 5729 dormientes.
1185 5667 1353 5738 Quod
1389 5672 1589 5746 autem
1633 5666 1805 5745 vobis,

425 5794 676 5855 Ριτιοι..
700 5794 949 5855 XXXIII.

1357 156 1860 232 Epts'rOLARuu
1899 159 2188 229 CLASSIS
2232 162 2331 229 ιιι.

1883 297 2035 364 dico,
2068 298 2332 354 omnibus
2372 298 2525 367 dico,
2591 301 2844 373 Vigilate
2874 304 3089 376 (Marc.
3130 322 3247 371 x111,
3306 306 3395 374 35,
3430 310 3543 380 37).

1885 386 2114 452 Quibus
2140 387 2299 442 enim
2338 389 2607 446 omnibus
2636 390 2797 458 dicit,
2831 393 2941 448 nisi
2972 394 3199 449 dilectis
3235 400 3291 450 et
3318 396 3440 451 suis
3468 397 3547 453 ad

1884 490 2103 547 corpus
2127 476 2256 547 ejus
2284 478 2738 548 pertinentibus.
2764 483 2927 554 quod
2961 489 3047 539 est
3078 483 3335 541 Ecclesia
3363 485 3392 542 ?
3419 488 3547 541 Non

1884 564 2078 620 solum
2120 579 2261 635 ergo
2290 564 2402 621 illis
2432 566 2598 633 dixit,
2641 570 2861 641 quibus
2884 576 3026 627 tunc
3054 572 3434 628 audientibus
3464 573 3545 629 lo-

1884 652 2176 725 quebatur
2201 669 2215 719 ;
2250 654 2357 710 sed
2383 655 2563 712 etiam
2589 656 2701 712 illis
2723 659 2825 729 qui
2851 660 3088 715 fuerunt
3106 666 3234 732 post
3261 660 3391 717 illos
3409 667 3546 717 ante

1885 755 2016 807 nos,
2049 746 2103 797 et
2136 741 2211 797 ad
2243 757 2352 798 nos
2400 744 2579 815 ipsos,
2613 751 2669 801 et
2699 747 2800 819 qui
2832 752 3004 803 erunt
3034 752 3171 819 post
3211 765 3318 805 nos
3351 765 3544 822 usque

1886 829 1963 887 ad
1997 830 2125 901 ejus
2179 832 2575 889 novissimum
2616 834 2962 891 adventum.
3012 837 3313 909 Numquid
3344 844 3543 894 autem

1884 933 2097 978 omnes
2123 919 2470 977 inventurus
2493 923 2720 980 estdies
2746 923 2839 980 ille
2869 924 2927 979 in
2958 924 3069 981 hac
3088 925 3227 992 vita,
3257 931 3357 981 aut
3384 927 3546 998 quis-

1886 1024 2072 1082 quam
2106 1009 2372 1066 dicturus
2407 1016 2498 1068 est
2528 1013 2691 1084 quod
2720 1013 2795 1068 ad
2827 1014 3137 1070 defunctos
3163 1014 3339 1071 etiam
3372 1016 3545 1086 perti-

1888 1103 2026 1155 neat
2054 1099 2218 1171 quod
2264 1100 2364 1166 ait,
2407 1101 2679 1172 Vigilate,
2714 1116 2789 1159 ne
2832 1118 2961 1159 cum
3015 1110 3254 1173 repente
3299 1104 3541 1170 venerit,

1890 1188 2153 1244 inveniat
2168 1203 2266 1245 vos
2291 1187 2646 1247 dormientes
2674 1191 2702 1245 ‘?
2720 1193 2832 1247 Cur
2856 1192 3055 1264 itaque
3072 1193 3357 1249 omnibus
3384 1193 3542 1259 dicit,

1888 1276 2055 1349 quod
2100 1276 2176 1331 ad
2212 1292 2314 1333 eos
2346 1277 2508 1335 solos
2551 1279 2840 1351 pertineat
2868 1280 2970 1352 qui
3004 1287 3146 1337 tunc
3197 1286 3387 1347 erunt,
3430 1281 3544 1336 nisi

1888 1364 2034 1437 quia
2064 1380 2135 1421 eo
2181 1366 2362 1422 modo
2389 1366 2467 1423 ad
2488 1383 2700 1423 omnes
2723 1369 2996 1440 pertinet,
3032 1373 3341 1441 quomodo
3372 1370 3492 1426 dixi
3518 1371 3547 1422 ?

1890 1456 2051 1509 Tunc
2080 1454 2238 1510 enim
2270 1455 2590 1528 unicuique
2621 1458 2808 1513 veniet
2851 1458 2979 1513 dies
3008 1458 3124 1523 1lle,
3157 1475 3294 1514 cum
3324 1459 3551 1514 venerit

1891 1541 1943 1596 ei
1982 1542 2110 1597 dies
2154 1548 2218 1598 ut
2271 1543 2403 1598 talis
2428 1544 2567 1600 hinc
2593 1551 2781 1612 exeat,
2823 1547 3020 1619 qualis
3064 1547 3431 1618 judicandus
3463 1553 3551 1603 est

1892 1629 1992 1686 illo
2011 1630 2127 1687 die.
2150 1636 2231 1686 Ac
2256 1646 2360 1702 per
2374 1633 2489 1688 hoc
2501 1634 2741 1705 vigilare
2754 1634 2931 1690 debet
2951 1636 3147 1690 omnis
3165 1636 3549 1698 christianus,

1891 1732 1963 1774 ne
1985 1718 2347 1791 imparatum
2386 1720 2651 1777 inveniat
2668 1738 2805 1778 eum
2841 1722 3407 1780 Dominiadventus.
3443 1727 3551 1780 lm-

1892 1813 2170 1877 paratum
2194 1814 2395 1865 autem
2418 1810 2675 1866 inveniet
2695 1810 2788 1867 ille
2809 1812 2957 1881 dies,
2981 1828 3160 1885 quem
3188 1812 3553 1883 imparatum

1892 1895 2184 1952 invenerit
2214 1914 2338 1953 sum
2369 1899 2504 1955 vitae
2532 1899 2716 1970 hujus
2751 1900 2993 1955 ultimus
3019 1900 3164 1956 dies.
3200 1904 3359 1957 Certe
3390 1901 3554 1957 enim

1894 1985 2009 2040 hoc
2039 1986 2249 2042 saltem
2285 1988 2665 2044 manifestum
2697 1994 2821 2046 erat
2851 1990 3164 2061 Apostolis,
3195 2006 3312 2045 non
3345 2005 3555 2046 eorum

1894 2075 2287 2146 temporibus,
2319 2093 2455 2132 cum
2487 2077 2583 2132 hic
2610 2077 2667 2133 in
2711 2094 2890 2133 carne
2922 2078 3203 2142 viverent,
3235 2080 3557 2134 Dominum

1897 2179 2029 2219 esse
2056 2171 2370 2221 venturum
2416 2182 2430 2220 :
2465 2171 2522 2221 et
2548 2170 2747 2222 tamen
2796 2167 2930 2239 quis
2959 2166 3190 2223 dubitet
3215 2182 3317 2222 eos
3353 2167 3554 2239 praeci-

1897 2267 2016 2325 pue
2050 2253 2323 2325 vigilasse
2367 2258 2425 2310 et
2471 2270 2741 2311 servasse
2772 2256 2936 2327 quod
2967 2255 3253 2311 omnibus
3282 2256 3452 2322 dixit,
3485 2270 3559 2312 ne

1899 2341 2228 2415 imparatos
2254 2349 2494 2416 repente
2523 2345 2768 2400 veniens
2792 2344 3125 2401 inveniret?

1973 2447 2200 2505 CAPUT
2227 2448 2296 2505 ΙΙ.
2334 2481 2395 2489 -
2425 2452 2479 2507 4.
2510 2449 2788 2506 Nondum
2820 2465 2963 2506 sane
3000 2449 3262 2522 intelligo
3294 2465 3563 2523 quonam

1903 2539 2087 2595 modo
2116 2539 2306 2611 accipi
2357 2538 2573 2595 debeat
2605 2539 2771 2611 quod
2811 2539 3046 2611 scripsit
3096 2540 3388 2595 Sanctitas
3434 2545 3557 2603 tua,

1902 2632 2212 2701 propterea
2239 2626 2461 2682 dixisse
2479 2625 2795 2682 Dominum
2817 2626 3136 2697 Apostolis,
3171 2626 3307 2683 Non
3338 2632 3420 2683 est
3450 2642 3564 2683 ves-

1904 2724 2062 2774 trum
2094 2731 2260 2772 nosse
2298 2721 2559 2782 tempora
2586 2714 2675 2771 vel
2713 2723 3029 2781 momenta,
3085 2732 3213 2787 qum
3244 2717 3427 2771 Pater
3462 2731 3564 2784 po-

1901 2806 2017 2863 suit
2068 2807 2131 2861 in
2161 2818 2265 2859 sua
2291 2811 2575 2873 potestate
2622 2820 2641 2870 ;
2670 2804 2958 2875 quoniam
2995 2810 3233 2859 secutus
3264 2803 3561 2874 adjunxit,

1902 2895 2021 2953 Sed
2048 2894 2208 2951 eritis
2237 2892 2390 2949 mihi
2419 2898 2589 2949 testes
2607 2893 2667 2948 in
2698 2893 3051 2957 Jerusalem,
3076 2900 3127 2948 et
3156 2894 3217 2948 in
3248 2893 3480 2959 Juda'a,
3513 2899 3563 2948 et

1902 2984 1967 3040 in
1996 2982 2298 3046 Samaria,
2326 2986 2379 3038 et
2411 2996 2595 3052 usque
2624 2980 2698 3037 ad
2728 2982 3003 3036 ultimum
3036 2987 3212 3037 terrae
3237 2981 3395 3050 (Act.
3432 2999 3465 3045 1,
3509 2983 3562 3046 Ἰ,

1898 3072 1976 3137 8).
2012 3073 2198 3137 Quem
2238 3071 2551 3141 Scriptura:
2570 3084 2815 3125 sensum
2850 3068 2934 3124 sic
2964 3068 3233 3140 exponis,
3264 3072 3329 3124 ut
3354 3068 3521 3124 dicas
3547 3084 3561 3124 ε

1899 3161 2033 3218 Νοη
2066 3174 2205 3231 ergo
2236 3159 2548 3228 Apostolos
2580 3164 2741 3214 testes
2767 3156 3287 3213 consummationis
3328 3157 3555 3221 mundi,

1897 3250 1997 3308 sed
2036 3250 2290 3306 nominis
2332 3255 2383 3304 et
2410 3246 2887 3304 resurrectionis
2912 3261 3034 3303 sum
3059 3245 3247 3302 voluit
3280 3246 3558 3316 intelligi.

1897 3343 2023 3397 Non
2072 3338 2318 3411 quidem
2369 3336 2463 3393 ille
2496 3337 2596 3404 ait,
2646 3339 2772 3392 Non
2805 3340 2890 3391 est
2938 3340 3201 3391 vestrum
3233 3334 3563 3407 praedicare

1898 3434 2168 3500 tempora
2194 3444 2212 3499 ;
2239 3427 2364 3492 sed,
2384 3427 2516 3484 Non
2543 3433 2625 3483 est
2648 3431 2903 3482 vestrum
2931 3440 3099 3482 nosse
3123 3442 3142 3480 :
3166 3440 3373 3481 verum
3405 3424 3454 3479 si
3480 3425 3564 3483 ita

1894 3519 1984 3574 vis
2013 3516 2259 3586 intelligi
2290 3517 2455 3588 quod
2482 3515 2580 3581 ait,
2614 3516 2748 3572 Non
2778 3522 2861 3571 est
2892 3520 3149 3572 vestrum
3199 3517 3362 3580 scire,
3411 3531 3481 3570 ac
3512 3514 3561 3569 si

1894 3606 2135 3671 diceret,
2178 3608 2303 3661 Non
2356 3608 2443 3659 est
2501 3608 2759 3659 vestrum
2810 3604 3061 3659 scientes
3088 3602 3301 3669 facere,
3350 3602 3412 3658 id
3450 3607 3556 3668 est,

1894 3709 2014 3749 non
2037 3699 2127 3750 est
2154 3698 2417 3749 vestrum
2442 3693 2556 3749 hoc
2588 3692 2802 3746 docere
2832 3707 2845 3757 ;
2878 3693 3010 3762 quis
3042 3700 3313 3747 nostrum
3343 3691 3557 3747 docere

1893 3784 2131 3848 audeat,
2157 3781 2247 3836 vel
2277 3798 2339 3836 se
2366 3781 2514 3836 scire
2546 3785 2870 3852 praesumat
2920 3780 3082 3851 quod
3118 3782 3268 3833 Deus
3298 3779 3391 3833 ille
3434 3795 3557 3835 ma-

1893 3872 2076 3941 gister
2099 3886 2208 3925 nec
2249 3885 2351 3925 eos
2380 3868 2711 3940 discipulos
2738 3867 2962 3934 docuit,
2999 3883 3035 3923 a
3061 3866 3282 3938 quibus
3304 3882 3558 3936 praesen-

1894 3960 2054 4016 tibus
2080 3959 2476 4028 interrogatus
2507 3963 2595 4012 est
2624 3972 2913 4030 praesens,
2955 3971 3064 4011 nec
3096 3955 3175 4010 illi
3207 3960 3329 4010 tam
3363 3954 3552 4011 sancti

1893 4048 2217 4121 magnique
2247 4047 2520 4104 doctores
2554 4046 2873 4102 Ecclesiam
2916 4046 3130 4101 docere
3171 4050 3491 4115 potuerunt
3523 4043 3553 4098 ?

1962 4155 2016 4210 5.
2050 4157 2137 4209 An
2160 4151 2637 4225 respondebitur,
2670 4152 2798 4207 haec
2847 4166 2969 4207 non
2998 4150 3275 4206 docuisse
3307 4151 3554 4222 Aposto-

1893 4244 2002 4307 lOS,
2031 4242 2132 4297 sed
2158 4241 2484 4313 Prophetas
2521 4241 2551 4293 ‘l
2580 4241 2699 4295 Hoc
2739 4240 2899 4295 enim
2930 4240 3086 4307 aisti,
3116 4245 3170 4294 et
3199 4256 3402 4293 verum
3437 4244 3547 4304 est,

1892 4332 2055 4406 quod
2074 4348 2143 4387 ea
2163 4348 2290 4403 qua:
2318 4331 2531 4399 futura
2558 4334 2715 4393 sunt,
2754 4336 3089 4384 sanctorum
3120 4328 3549 4396 Prophetarum

1894 4420 2127 4477 vocibus
2140 4424 2599 4489 cognoscuntur;
2622 4416 2725 4487 qui
2739 4416 3076 4487 priusquam
3088 4413 3547 4485 ﬁerent,inquis,

1894 4525 1956 4567 ea
2000 4523 2127 4580 qum
2152 4508 2362 4576 futura
2398 4512 2585 4569 erant,
2634 4506 2935 4560 voluntate
2976 4503 3172 4557 divina
3222 4502 3549 4557 hominibus

1892 4603 2033 4654 sunt
2066 4595 2259 4651 locuti.
2295 4593 2407 4650 Sed
2436 4593 2480 4648 si
2526 4595 2789 4648 venratio
2841 4599 2940 4647 tua
2970 4591 3113 4648 satis
3155 4591 3551 4647 admiratione

1893 4686 2125 4757 plenum
2151 4698 2269 4740 esse
2287 4682 2451 4752 dicit,
2474 4684 2527 4737 si
2548 4697 2613 4737 ea
2644 4683 2797 4737 Deus
2818 4696 2949 4753 quae
2978 4680 3221 4752 praedici
3242 4680 3451 4744 voluit,
3471 4679 3552 4736 ad

1895 4773 2197 4831 hominum
2226 4786 2421 4826 sensus
2443 4770 2677 4839 penitus
2710 4786 2826 4825 non
2856 4785 3020 4839 posse
3047 4769 3356 4837 pervenire
3395 4784 3550 4825 cons-

1896 4862 1994 4919 titi
2019 4879 2044 4929 ,'
2068 4866 2295 4933 quanto
2330 4859 2555 4929 majore
2588 4858 2982 4914 admiratione
3005 4858 3249 4929 plenum
3273 4864 3376 4920 est,
3412 4858 3458 4911 si
3484 4873 3553 4912 ea

1894 4969 2031 5026 qua:
2062 4950 2366 5021 PrOphetaa
2391 4947 2738 5003 hominibus
2771 4952 2905 5001 sunt
2932 4948 3125 5011 locuti,
3153 4946 3278 5001 haec
3310 4950 3553 5017 Aposto-

1898 5041 1937 5097 li
1978 5039 2065 5095 vel
2115 5039 2261 5092 scire
2295 5041 2434 5092 sunt
2474 5035 2753 5107 prohibiti
2784 5036 2874 5090 vel
2921 5036 3135 5090 docere
3180 5035 3191 5089 l
3238 5033 3555 5099 Quomodo

1900 5134 2100 5186 autem
2152 5126 2460 5197 Propheta;
2500 5125 2630 5188 ista,
2673 5124 2745 5178 de
2776 5123 2992 5195 quibus
3036 5123 3243 5190 agitur
3287 5127 3558 5191 tempora

1899 5218 2202 5279 docentes,
2238 5224 2356 5268 non
2386 5212 2850 5281 iutelligereutur
2871 5211 2947 5266 ab
2970 5210 3299 5281 Apostulis,
3320 5210 3366 5263 si
3394 5209 3559 5263 intel-

1902 5306 2165 5375 liguntur
2196 5322 2228 5359 a
2253 5302 2425 5358 nobis
2449 5302 2475 5355 ?
2510 5306 2611 5357 aut
2634 5302 2678 5354 si
2711 5317 2811 5354 eos
2843 5299 3104 5372 Apostoli
3128 5299 3558 5362 intellexerunt,

1905 5396 2079 5449 istam
2112 5406 2459 5449 mensuram
2486 5390 2769 5461 temporis
2801 5387 3222 5459 prophetantes
3260 5405 3277 5457 ;
3311 5401 3564 5458 quomo-

1907 5484 1986 5539 do
2024 5498 2144 5537 non
2188 5480 2468 5535 docerent
2508 5479 2670 5551 quod
2718 5476 3152 5540 intellexerunt,
3182 5475 3432 5547 quando
3464 5489 3567 5545 per

1910 5587 2117 5629 eorum
2151 5568 2518 5641 praeconium
2541 5573 2597 5621 et
2620 5566 2737 5637 ipsi
2769 5565 3071 5637 Prophetas
3096 5564 3565 5630 innotescebant,

1913 5660 2019 5736 qui
2054 5675 2160 5717 eos
2190 5657 2313 5715 suis
2358 5655 2544 5713 Libris
2586 5656 2698 5712 ista
2726 5655 3064 5711 docuerunt
3112 5655 3141 5711 ?
3192 5655 3254 5709 Et
3299 5652 3436 5709 ideo
3466 5668 3572 5725 per

2836 5778 3280 5857 (Vingt-Neuf.)
