4118 6164
580 102 695 157 907

586 241 742 298 quas
768 223 1010 279 Litteras
1060 236 1131 276 ea
1166 218 1275 291 ipsi
1305 217 1653 283 didicerant,
1682 233 1788 290 per
1817 219 2061 275 easdem
2092 225 2251 290 pote-

589 319 723 371 rant
753 313 851 369 alii
882 322 1123 381 quoque
1144 308 1201 362 in
1225 306 1317 362 his
1346 306 1628 377 gentibus
1660 306 1909 373 discere,
1940 308 2001 363 in
2028 308 2249 380 quibus

590 400 851 474 Apostoli
866 396 1089 453 auctori
1101 400 1276 452 tatem
1292 395 1705 467 propheticam
1717 396 2247 453 commendabant.

592 492 708 546 Cur
732 502 873 555 ergo
893 484 980 541 eis
1007 485 1233 541 dictum
1258 489 1367 550 est,
1410 485 1545 541 Non
1576 492 1656 541 est
1683 493 1932 543 vestrum
1967 487 2138 551 scire,
2158 482 2251 540 vel

590 579 637 635 si
690 579 772 633 ita
796 574 1250 643 intelligendum
1281 579 1391 630 est.
1445 576 1569 629 Non
1599 580 1686 629 est
1716 579 1976 631 vestrum
2036 575 2250 630 docere

591 671 1018 736 tempora,quw
1047 664 1235 720 Pater
1261 664 1451 734 posuit
1494 663 1557 719 in
1588 678 1695 718 sua
1718 669 2000 734 potestate
2027 680 2040 729 ;
2063 677 2252 735 quan-

590 754 918 826 doquidem
950 754 1033 808 sic
1061 768 1132 808 ea
1157 751 1473 817 docebant,
1506 768 1641 807 cum
1674 751 1733 807 hi
1764 752 1825 807 in
1853 768 2110 824 quorum
2133 751 2253 806 Lit-

593 845 730 900 teris
777 842 1164 907 discerentur,
1206 856 1311 911 per
1338 840 1470 896 illos
1507 840 1961 896 innotescebant
2002 840 2031 898 7
2090 840 2251 896 Unde

593 932 934 989 credibilius
948 934 1056 995 est,
1073 945 1193 984 non
1207 930 1393 984 Deum
1412 928 1669 985 noluisse
1691 928 1823 984 sciri
1850 930 2014 1001 quod
2030 926 2213 983 voluit
2229 929 2246 963 ¹

593 1021 927 1095 praedicari,
978 1019 1081 1075 sed
1114 1018 1377 1074 noluisse
1435 1017 1748 1089 praedicari
1799 1017 1964 1090 quod
2014 1015 2252 1073 videbat

596 1127 715 1168 non
740 1110 957 1165 utiliter
979 1108 1133 1163 sciri.

666 1205 718 1257 6.
763 1201 887 1257 Cur
908 1214 1063 1268 ergo,
1095 1195 1319 1267 inquis,
1367 1195 1440 1251 de
1458 1195 1811 1266 temporibus
1837 1194 2253 1266 cognoscendis

594 1292 718 1361 ipse
742 1288 1023 1345 Dominus
1052 1291 1264 1349 monet,
1298 1284 1395 1339 ubi
1414 1284 1559 1339 dicit
1583 1304 1602 1341 :
1630 1304 1659 1335 ‹‹
1689 1284 1970 1351 Quisnam
2005 1286 2088 1339 est
2110 1282 2253 1350 ﬁde-

598 1380 666 1436 lis
695 1392 895 1435 servus
919 1380 973 1431 et
1008 1374 1294 1442 prudens,
1328 1388 1496 1444 quem
1520 1374 1823 1429 constituit
1852 1373 2126 1428 dominus
2156 1386 2249 1426 su-

593 1485 704 1537 per
725 1465 1027 1538 familiam
1058 1478 1249 1528 suam,
1285 1468 1348 1517 ut
1378 1462 1472 1518 det
1500 1462 1621 1517 illis
1642 1462 1829 1518 cibum
1863 1462 1925 1516 in
1958 1459 2251 1532 tempore?

597 1563 707 1614 etc.
742 1557 868 1611 Imo
886 1569 1024 1609 vero
1053 1556 1272 1616 monet,
1302 1567 1422 1607 non
1452 1557 1513 1606 ut
1542 1551 1736 1607 bonus
1762 1566 1968 1606 servus
1994 1564 2250 1619 cognos-

597 1652 694 1703 cat
719 1650 1061 1715 temporum
1076 1641 1259 1696 ﬁnem
1283 1658 1298 1709 ;
1314 1638 1417 1694 sed
1439 1645 1501 1695 ut
1516 1640 1682 1695 omni
1705 1646 1969 1712 tempore
1996 1639 2054 1694 in
2068 1654 2247 1710 opere

594 1736 758 1792 bono
789 1731 1007 1803 vigilet,
1054 1729 1200 1801 quia
1236 1729 1425 1785 nescit
1477 1734 1814 1801 temporum
1861 1728 2067 1784 ﬁnem.
2117 1730 2244 1784 Non

595 1827 800 1881 mouet
830 1826 890 1877 ut
921 1826 1212 1891 tempora,
1236 1834 1370 1891 quae
1402 1820 1568 1873 Pater
1590 1818 1789 1889 posuit
1816 1818 1875 1873 in
1910 1833 2019 1873 sua
2048 1821 2246 1888 potes-

592 1919 728 1979 tate,
765 1924 1168 1981 assequamur
1197 1922 1377 1978 super
1406 1906 1717 1978 Apostolos
1752 1923 1766 1973 ;
1814 1906 1920 1962 sed
1950 1910 2151 1963 monet
2180 1910 2244 1962 ut

590 2002 881 2076 quoniam
921 1997 1224 2055 nescimus
1267 1996 1515 2069 quando
1566 1996 1765 2052 veniat
1811 1997 2118 2062 Dominus,
2177 1995 2241 2051 in

588 2091 787 2148 cordis
829 2086 1264 2161 praeparatione
1313 2084 1615 2140 imitemur
1644 2085 1962 2156 Apostolos
2018 2100 2031 2140 :
2081 2084 2240 2141 unde

585 2181 715 2252 jam
743 2194 927 2250 supra
953 2177 1094 2232 satis
1126 2175 1361 2231 locutus
1380 2190 1538 2231 sum.
1560 2174 1973 2244 Arguitautem
1996 2173 2239 2229 Judmos

587 2284 772 2341 quare
803 2273 1039 2337 tempus
1070 2280 1191 2320 non
1220 2267 1606 2334 cognoscant,
1620 2263 1847 2329 dicens,
1878 2262 2236 2334 Hypocﬁtae,

580 2360 800 2431 faciem
832 2354 968 2412 creti
988 2352 1229 2423 potestis
1258 2353 1536 2421 probare,
1556 2357 1663 2407 etc.
1682 2353 1847 2423 (Luc.
1871 2368 1969 2416 xu,
1996 2355 2082 2418 42,
2104 2352 2233 2424 56);

584 2446 873 2520 quoniam
906 2442 1054 2499 illud
1081 2446 1317 2511 tempus
1349 2455 1469 2495 non
1494 2440 2084 2512 agnoscebantquod
2105 2441 2233 2511 jam

585 2536 823 2593 volebat
849 2530 1115 2601 agnosci,
1145 2529 1205 2585 id
1246 2535 1332 2584 est
1354 2529 1530 2601 primi
1561 2528 1854 2585 adventus
1886 2530 1997 2597 sui,
2022 2546 2143 2602 quo
2173 2531 2231 2587 in

585 2641 723 2681 eum
750 2622 1059 2679 crederent
1094 2619 1196 2691 qui
1228 2618 1476 2674 alterum
1502 2617 1631 2688 ejus
1664 2618 1987 2675 adventum
2016 2619 2234 2676 vellent

584 2716 929 2785 exspectare
943 2708 1275 2778 vigilantes,
1293 2707 1802 2779 quandocumque
1816 2707 2046 2763 futurus
2058 2715 2230 2765 esset.

584 2803 694 2870 Qui
721 2802 882 2858 enim
922 2797 1245 2855 adventum
1288 2796 1524 2852 Domini
1552 2811 1674 2851 non
1723 2797 2070 2866 cognoverit
2113 2797 2232 2868 pri-

580 2908 771 2961 mum,
798 2902 1137 2961 praeparare
1168 2901 1232 2942 se
1252 2901 1374 2941 non
1394 2885 1606 2957 poterit
1630 2885 1705 2941 ad
1726 2885 2081 2952 secundum,
2113 2902 2233 2943 cre-

579 2981 780 3037 dendo
804 2978 865 3034 in
890 2993 1030 3033 eum
1056 2974 1426 3045 ﬁdeliterque
1456 2974 1779 3043 vigilando,
1808 2990 1882 3030 ne
1908 2974 2073 3030 illum
2105 2979 2233 3030 tan-

579 3085 767 3143 quam
800 3068 895 3123 tur
936 3066 995 3120 in
1041 3063 1300 3120 tenebris
1330 3062 1821 3135 comprehendat,
1856 3064 1975 3120 sive
2003 3063 2233 3120 tardius

579 3157 824 3223 venerit,
858 3156 980 3210 sive
1009 3153 1182 3209 citius
1209 3166 1396 3223 quam
1440 3155 1733 3223 speratur.

655 3244 875 3303 CAPUT
906 3242 995 3298 Ill.
1024 3246 1162 3296 —7.
1200 3239 1561 3305 Dicitetiam,
1583 3239 1734 3295 sicut
1762 3239 2073 3308 admones,
2091 3255 2233 3312 apo-

581 3335 768 3392 stolus
794 3330 1030 3395 Paulus,
1060 3331 1131 3385 In
1168 3328 1497 3385 novissimis
1539 3328 1891 3398 temporibus
1922 3329 2233 3387 instabunt

584 3431 848 3494 tempora
874 3419 1230 3491 periculosa,
1264 3423 1320 3473 et
1347 3417 1580 3490 reliqua
1606 3418 1673 3488 (ll
1708 3417 1855 3474 Tim.
1888 3434 1967 3484 ιη,
2014 3422 2085 3488 1).
2116 3418 2233 3474 Sed

584 3511 879 3584 numquid
905 3509 1039 3565 ideo
1069 3507 1244 3563 docet
1272 3512 1563 3578 tempora,
1595 3522 1733 3578 quas
1756 3509 1921 3562 Pater
1950 3508 2149 3579 posuit
2172 3509 2231 3564 in

585 3618 694 3659 sua
715 3601 1006 3674 potestate
1031 3596 1059 3652 ?
1090 3601 1193 3653 aut
1221 3596 1355 3651 ideo
1378 3597 1705 3668 quisquam
1720 3597 1879 3651 novit
1902 3612 2087 3668 quam
2110 3596 2230 3654 lon-

584 3709 662 3764 ga
709 3690 799 3747 vel
827 3686 1033 3746 brevia
1064 3687 1183 3741 sint
1211 3688 1423 3741 eadem
1458 3685 1608 3756 ipsa,
1642 3700 1778 3756 qum
1805 3684 2113 3742 fatendum
2146 3693 2235 3744 est

581 3780 914 3839 novissima
938 3776 965 3831 7
996 3776 1261 3847 Cogitare
1291 3776 1517 3847 quippe
1548 3773 1839 3830 debemus
1868 3791 2052 3847 quam
2088 3777 2231 3833 olim

583 3871 809 3928 dictum
832 3869 926 3933 sit,
950 3865 1168 3931 Filioli,
1185 3863 1502 3919 novissima
1527 3862 1675 3920 hora
1689 3869 1770 3919 est
1794 3863 2013 3931 (lJoan.
2039 3880 2099 3931 ιι,
2122 3868 2227 3938 18).

654 3964 706 4015 8.
736 3961 958 4014 Rursus
970 3955 1249 4009 eumdem
1264 3951 1606 4024 apostolum
1633 3952 1854 4008 dixisse
1869 3969 2231 4011 commemo-

581 4065 681 4107 ras
714 4063 725 4102 :
756 4049 836 4102 De
866 4043 1223 4112 temporibus
1263 4048 1460 4098 autem
1488 4048 1541 4097 et
1567 4042 1873 4098 momentis
1900 4058 2017 4098 non
2043 4059 2230 4101 neces.

581 4153 643 4194 se
668 4134 947 4193 habemus
974 4130 1229 4187 scribere
1252 4130 1456 4187 vobis:
1483 4146 1579 4186 vos
1606 4130 1761 4187 enim
1790 4130 1906 4199 ipsi
1919 4131 2230 4203 diligenter

580 4227 743 4285 scitis
764 4226 906 4296 quia
930 4222 1050 4279 dies
1063 4220 1302 4277 Domini
1325 4220 1596 4289 sicutfur
1616 4221 1677 4275 in
1701 4227 1886 4286 nocte,
1904 4220 1990 4275 ita
2005 4222 2228 4289 veniet;

580 4326 634 4377 et
675 4332 806 4373 cum
836 4313 1114 4378 dixerint,
1148 4313 1276 4367 Pax
1304 4318 1355 4367 et
1387 4310 1693 4381 securitas,
1718 4317 1861 4366 tunc
1885 4311 2225 4369 subitaneus

580 4408 702 4466 illis
715 4402 1025 4475 apparebit
1036 4400 1329 4464 interitus,
1344 4399 1631 4470 quomodo
1644 4398 1869 4456 dolores
1885 4400 2223 4471 parturien-

580 4498 674 4564 tis,
724 4502 922 4552 etnon
949 4491 1229 4561 e/Iugient
1277 4490 1318 4561 (l
1354 4490 1546 4546 Thess.
1593 4505 1648 4554 v,
1684 4490 1821 4561 1-3).
1882 4493 1945 4545 Et
1972 4490 2068 4547 hic
2099 4508 2220 4548 non

577 4588 724 4643 dixit
771 4589 902 4656 post
925 4586 1220 4653 quantum
1250 4579 1529 4651 temporis
1554 4579 1668 4634 hoc
1699 4578 1962 4634 futurum
1993 4581 2086 4647 sit,
2116 4582 2220 4638 sed

575 4673 885 4748 quomodo
907 4670 1171 4729 futurum
1195 4668 1267 4724 sit
1299 4683 1312 4734 ;
1336 4667 1396 4723 id
1421 4673 1525 4731 est,
1557 4682 1675 4723 non
1704 4673 1932 4739 quanta
1955 4669 2217 4727 eritasta-

576 4771 645 4822 tis
684 4763 945 4820 brevitas
977 4758 1066 4814 vel
1096 4758 1421 4829 prolixitas,
1454 4756 1558 4811 sed
1591 4757 2218 4828 quantumlibetinter-

574 4853 795 4913 vallum
830 4848 1297 4920 sitspatiumque
1327 4845 1630 4918 temporis,
1649 4852 1985 4903 nontamen
2005 4848 2217 4905 eishoc

572 4944 766 5001 veniet
786 4940 1016 4997 malum
1034 4937 1451 5000 novissimum,
1481 4933 1751 4990 nisicum
1780 4934 2053 5006 dixerint,
2082 4938 2218 4995 Pax

572 5038 622 5092 et
651 5030 958 5091 securitas.
995 5025 1222 5092 Quibus
1276 5024 1475 5079 verbis
1509 5022 1743 5079 videtur
1770 5025 2090 5096 Apostolus
2108 5026 2215 5083 hu-

568 5122 670 5194 jus
693 5116 1007 5178 novissimi
1046 5116 1160 5171 dici
1193 5114 1284 5169 vel
1318 5128 1486 5185 spem
1522 5112 1613 5168 vel
1661 5113 1933 5169 timorem
1981 5113 2058 5170 ab
2099 5115 2214 5173 hoc

567 5219 771 5268 nostro
817 5216 1083 5280 tempore
1127 5202 1452 5261 removisse
1508 5219 1521 5257 :
1566 5218 1686 5258 non
1740 5202 1899 5293 enim
1938 5202 2210 5261 videmus

567 5298 731 5372 ipsos
745 5305 1032 5354 amatores
1045 5295 1227 5365 hujus
1253 5291 1474 5357 saeculi,
1500 5291 2082 5363 quibuslwbitaneus
2116 5309 2211 5367 ap-

564 5389 795 5453 parebit
824 5388 1113 5453 interitus,
1144 5383 1270 5456 jam
1312 5381 1530 5451 dicere,
1563 5381 1697 5437 Pax
1742 5389 1792 5437 et
1833 5382 2135 5440 securitas.

622 5579 643 5692 ll
670 5576 973 5693 Is‘ovuquod
989 5578 1159 5628 noluit
1168 5574 1468 5640 praedicari.
1484 5574 1587 5627 Sed
1614 5574 1804 5627 melius
1820 5575 2027 5641 aliquot
2046 5576 2152 5629 Mss
2174 5613 2209 5637 .,

646 5656 700 5691 ui
727 5675 749 5692 .

558 5652 749 5694 vetuit.

1878 92 1938 150 S.
1972 89 2359 150 AUGUSTINI
2399 85 2724 147 EPISCOPI

3810 112 3897 170 908

2430 219 2484 272 9.
2517 213 2669 280 Quid
2682 229 2823 286 ergo
2852 214 3005 272 scire
3019 217 3295 289 sufﬁciat,
3322 222 3456 278 satis
3474 223 3589 296 ipse
3615 227 3909 294 demonstrat
4014 238 4015 251 ‘

2358 304 2700 375 Apostolus,
2715 302 2992 372 dicendo,
3015 308 3453 379 Detemporibus
3468 318 3518 369 et
3540 323 3804 378 momentis
3821 340 3907 381 non

2360 408 2503 463 opus
2535 390 2817 448 habemus
2847 393 3005 450 vobis
3030 396 3287 455 scribere
3310 414 3336 465 ;
3366 401 3451 456 vel
3479 402 3615 460 sicut
3631 405 3715 462 alii
3734 410 3908 468 codices

2360 480 2605 547 habent,
2636 482 2766 537 Non
2797 497 2943 551 opus
2961 483 3190 542 habetis
3220 489 3382 545 vobis
3398 492 3583 547 scribi.
3611 497 3711 551 Nec
3733 506 3907 557 secutus

2360 569 2655 641 adjunxit,
2702 573 2812 626 Vos
2852 572 3012 629 enim
3041 573 3156 647 ipsi
3187 576 3487 649 diligenter
3518 582 3662 637 scitis
3687 595 3914 657 quantum

2360 658 2640 730 temporis
2670 664 2846 715 restet
2877 676 2891 725 ;
2926 661 3033 717 sed
3064 663 3164 728 ait,
3210 665 3314 721 Vos
3340 667 3487 724 enim
3516 670 3623 739 ipsi
3667 672 3917 745 diligenter

2358 746 2537 817 scitis,
2568 748 2708 818 quia
2735 748 2885 806 hora
2924 751 3160 809 Domini
3190 753 3342 812 sicut
3370 756 3470 828 fur
3491 759 3551 813 in
3578 765 3747 826 nocte,
3766 764 3835 821 ita
3854 781 3918 822 ve-
4014 824 4015 833 χ

2360 837 2502 901 ηἰει.
2540 839 2656 892 Hoc
2685 852 2829 907 ergo
2859 839 3008 896 scire
3056 856 3211 913 opus
3242 849 3348 911 est,
3392 850 3455 901 ut
3482 853 3675 903 curent
3699 850 3784 906 ﬁlii
3808 852 3919 909 lucis

2360 940 2488 981 esse
2536 930 2591 980 et
2622 932 2831 996 parato
2880 929 3059 985 corde
3091 930 3359 1001 vigilare,
3407 935 3510 1006 qui
3540 936 3732 994 nolunt
3766 940 3829 997 ab
3852 943 3921 1000 illa

2360 1013 2510 1070 hora
2548 1016 2697 1071 sicut
2727 1031 2764 1072 a
2793 1022 3089 1076 nocturno
3120 1020 3251 1077 fure
3277 1023 3706 1097 comprehendi.
3753 1032 3866 1086 Nam
3890 1036 3921 1088 si

2362 1103 2441 1159 ad
2468 1104 2803 1160 cavendum
2832 1105 2947 1162 hoc
2979 1109 3229 1176 malum,
3264 1112 3322 1167 id
3355 1119 3465 1179 est,
3493 1130 3563 1171 ne
3588 1115 3723 1173 hora
3748 1118 3922 1177 Domini

2363 1196 2649 1265 tanquam
2674 1193 2767 1249 fur
2795 1195 3061 1253 inveniat
3089 1197 3471 1270 imparatum,
3505 1218 3648 1276 opus
3669 1212 3805 1263 esset
3829 1224 3922 1264 nos-

2362 1296 2426 1336 se
2468 1286 2809 1353 temporum
2855 1287 3068 1357 spatia,
3102 1302 3223 1343 non
3278 1289 3500 1347 diceret
3528 1294 3813 1365 Apostolus
3837 1312 3921 1354 non
4014 1288 4015 1365 ᾖ

2358 1384 2514 1442 opus
2545 1385 2674 1427 esse
2696 1382 2759 1428 ut
2787 1371 2903 1429 hoc
2932 1374 3233 1445 scriberet,
3265 1378 3369 1434 sed
3398 1379 3512 1436 hoc
3540 1382 3720 1453 potius
3742 1385 3813 1439 eis
3834 1402 3923 1443 esse
4014 1386 4015 1463 ξ

2359 1458 2746 1515 scribendum
2777 1466 3067 1535 tanquam
3096 1464 3301 1522 doctor
3331 1468 3924 1543 providentissimusju-

2356 1546 2597 1604 dicaret.
2625 1551 2790 1605 Nunc
2820 1556 3022 1607 autem
3054 1568 3166 1609 nec
3194 1554 3310 1611 illis
3340 1557 3455 1613 hoc
3478 1573 3627 1629 opus
3642 1574 3755 1617 esse
3777 1577 3925 1618 mons-

2356 1637 2547 1708 travit,
2567 1637 2787 1710 quibus
2804 1639 3139 1698 sufﬁciebat
3159 1648 3219 1700 ut
3244 1645 3462 1702 scirent
3486 1648 3772 1721 imparatis
3796 1657 3925 1724 atque

2352 1725 2789 1785 dormientibus
2816 1729 3025 1787 horam
3048 1733 3282 1789 Domini
3310 1735 3468 1792 sicut
3502 1736 3682 1793 furem
3696 1754 3807 1795 esse
3829 1756 3926 1797 ven-

2353 1820 2571 1883 turam,
2592 1822 2771 1891 atque
2797 1818 2912 1875 hoc
2932 1820 3177 1878 sciendo
3205 1830 3405 1881 essent
3435 1826 3547 1899 ipsi
3573 1826 3927 1903 vigilanter-pa-

2349 1906 2461 1962 rati
2511 1910 2649 1978 post
2684 1907 3059 1979 quantalibet
3092 1915 3364 1984 tempora
3396 1916 3617 1971 veniret
3653 1932 3667 1983 ;
3706 1924 3756 1974 et
3796 1933 3923 1974 suum
4014 1932 4015 1939 ‘

2350 1996 2607 2053 servavit
2656 1996 2927 2064 modum,
2989 2004 3052 2054 ut
3091 1999 3227 2058 licet
3273 2004 3610 2075 apostolus,
3646 2021 3752 2063 non
3779 2012 3923 2064 tamen

2347 2085 2901 2154 praesumeretalios
2919 2087 3133 2145 docere
3154 2092 3318 2163 quod
3346 2094 3648 2165 Apostolis
3675 2097 3923 2153 Dominum
4014 2088 4015 2165 l

2346 2171 2569 2228 dixisse
2598 2182 2981 2245 cognoverat,
3012 2178 3144 2235 Non
3173 2186 3258 2236 est
3289 2190 3546 2239 vestrum
3571 2183 3728 2242 scire.

2423 2256 2505 2308 10.
2537 2254 2711 2309 Ponis
2741 2256 2924 2312 etiam
2952 2258 3118 2330 quod
3139 2259 3296 2316 idem
3324 2262 3459 2333 ipse
3489 2263 3634 2319 dixit
3648 2264 3922 2336 apostolus:

2343 2340 2477 2397 Non
2507 2343 2769 2400 retinetis
2799 2349 3081 2403 memoria
3105 2350 3244 2420 quia
3288 2366 3425 2407 cum
3464 2367 3639 2409 essem
3679 2354 3820 2423 apud
3838 2370 3922 2419 vos,

2344 2430 2469 2488 haec
2493 2432 2755 2491 dicebam
2788 2436 2949 2492 vobis
2989 2438 3018 2491 Ἰ
3049 2439 3125 2494 Et
3150 2456 3305 2497 nunc
3332 2442 3484 2513 quid
3504 2443 3766 2515 detineat,
3789 2445 3922 2508 scitis,

2342 2525 2403 2575 ut
2432 2523 2729 2579 reveletur
2756 2524 2818 2580 in
2847 2541 2951 2581 suo
2983 2532 3264 2597 tempore.
3302 2529 3465 2587 Nam
3500 2534 3811 2604 mysterium
3828 2537 3922 2604 jam
4014 2518 4015 2555 ἢ

2341 2617 2627 2680 operatur
2662 2611 2995 2685 iniquitatis
3036 2637 3058 2685 ;
3091 2623 3325 2674 tantum
3373 2621 3484 2690 qui
3512 2626 3677 2688 tenet,
3707 2623 3849 2678 modo
3874 2629 3927 2677 te-

2340 2706 2499 2765 neat,
2531 2700 2715 2758 donec
2743 2702 2815 2758 de
2851 2704 3045 2760 medio
3075 2706 3207 2773 ﬁat,
3244 2716 3297 2764 et
3325 2714 3474 2765 tunc
3500 2712 3831 2768 revelabitur
3853 2711 3926 2766 ille

2338 2786 2601 2860 iniquus,
2617 2806 2780 2860 quem
2802 2793 3096 2849 Dominus
3120 2796 3286 2851 Jesus
3303 2797 3620 2866 interﬁciet
3638 2802 3828 2871 spiritu
3843 2802 3927 2855 oris
4014 2804 4015 2879 ξ

2338 2876 2434 2931 sui
2461 2876 2534 2947 (Il
2570 2878 2764 2935 Thess.
2798 2896 2855 2944 ιι,
2886 2880 3006 2936 5-8.
3051 2883 3177 2939 Vid.
3214 2883 3341 2942 Lib.
3372 2886 3446 2941 20
3472 2887 3544 2943 de
3574 2889 3804 2945 Civitate
3837 2886 3924 2951 Dei,
4014 2876 4015 2941 ξ

2341 2980 2391 3021 c.
2428 2968 2537 3036 19).
2560 2967 2703 3031 Quae
2734 2969 2917 3025 verba
2949 2972 3281 3043 apostolica
3321 2975 3555 3032 utinam
3586 2992 3700 3033 non
3722 2982 3927 3034 tantum-

2344 3054 2525 3110 modo
2564 3071 2785 3127 ponere
2842 3075 2978 3115 vero
3010 3060 3188 3117 etiam
3223 3078 3445 3134 ponere
3489 3064 3839 3136 dignareris:
3874 3065 3927 3119 its
4014 3056 4015 3127 Ῑ

2342 3158 2486 3198 sane
2517 3144 2777 3201 obscura
2803 3152 2940 3203 sunt
2975 3154 3031 3205 et
3060 3150 3313 3221 mystice
3339 3151 3523 3221 dicta,
3567 3159 3629 3210 ut
3666 3160 3838 3211 tamen
3860 3169 3928 3226 ap-

2340 3236 2552 3303 pareat
2603 3249 2738 3290 eum
2788 3236 2930 3292 nihil
2961 3237 3036 3293 de
3072 3239 3312 3296 statutis
3340 3240 3563 3299 dixisse
3603 3243 3926 3317 temporibus.

2341 3320 2696 3394 nullumque
2743 3340 2951 3382 eorum
3004 3327 3382 3385 intervallum
3425 3332 3797 3406 spatiumque
3832 3347 3929 3404 ape-

2341 3410 2549 3466 ruisse.
2584 3411 2675 3468 Ait
2703 3413 2882 3481 enim,
2913 3422 2973 3471 ut
3006 3418 3303 3474 reveletur
3330 3418 3395 3475 in
3422 3435 3536 3478 suo
3561 3427 3802 3492 tempore
3823 3438 3836 3476 :
3855 3436 3928 3475 nec

2340 3497 2489 3555 dixit
2539 3506 2671 3573 post
2725 3509 3020 3574 quantum
3080 3508 3368 3579 temporis
3406 3509 3529 3567 hoc
3586 3510 3829 3567 futurum
3863 3509 3926 3565 sit.

2344 3588 2558 3645 Deinde
2590 3589 2916 3662 subjunxit,
2956 3594 3094 3651 Jam
3124 3596 3283 3653 enim
3319 3601 3669 3669 mysterium
3706 3606 3929 3671 operatur

2340 3677 2693 3750 iniquitatis.
2726 3681 2844 3737 Hoc
2868 3682 3198 3756 iniquitatis
3228 3688 3589 3759 mysterium
3615 3687 3927 3762 quomodoli-

2339 3765 2439 3822 bet
2459 3766 2819 3840 intelligatur
2848 3772 2994 3844 quid
3025 3775 3120 3841 sit,
3154 3774 3232 3831 ab
3253 3775 3370 3832 alio
3389 3777 3499 3845 sic,
3530 3778 3610 3835 ab
3642 3779 3751 3835 alio
3779 3784 3927 3834 autem

2341 3855 2423 3910 sic
2457 3872 2471 3922 ;
2517 3858 2809 3927 quamdiu
2853 3865 3054 3917 tamen
3085 3869 3381 3935 operetur,
3411 3866 3715 3923 occultum
3738 3872 3833 3922 est.
3859 3868 3929 3921 Ne

2338 3959 2456 4016 que
2505 3946 2563 4001 id
2616 3948 2907 4020 expressit
2952 3951 3278 4023 Apostolus
3334 3958 3631 4028 tanquam
3686 3957 3845 4013 homo
3880 3970 3929 4009 ex

2340 4049 2546 4090 eorum
2570 4052 2818 4093 numero
2842 4039 3299 4111 quibusdictum
3328 4047 3435 4110 est,
3458 4045 3594 4102 Non
3620 4052 3701 4102 est
3731 4053 3928 4102 vestrum

2336 4124 2484 4179 scire
2523 4130 2786 4195 tempora
2828 4146 2848 4183 .-
2892 4131 3168 4200 quamvis
3206 4131 3361 4187 enim
3394 4134 3671 4193 nondum
3700 4136 3833 4192 inter
3856 4148 3929 4189 eos

2335 4214 2741 4285 erat,quando
2772 4216 2856 4271 eis
2882 4216 2998 4273 hoc
3023 4217 3243 4275 dictum
3275 4226 3363 4277 est
3389 4236 3403 4287 ;
3434 4222 3516 4278 ad
3539 4239 3743 4280 eorum
3772 4228 3928 4279 tamen

2333 4301 2650 4372 collegium
2685 4309 2866 4378 atque
2896 4307 3237 4364 societatem
3271 4309 3448 4367 etiam
3482 4313 3681 4385 ipsum
3710 4326 3819 4369 non
3840 4325 3931 4367 am-

2330 4390 2595 4461 bigimus
2632 4395 2942 4465 pertinere.

2404 4473 2488 4527 11.
2525 4475 2665 4529 Item
2686 4473 2850 4547 quod
2881 4476 3169 4548 sequitur,
3195 4478 3446 4536 Tantum
3478 4484 3588 4555 qui
3612 4483 3770 4539 modo
3793 4484 3929 4547 tenet,

2329 4565 2541 4627 teneat,
2573 4563 2757 4620 donec
2785 4565 2858 4621 de
2874 4565 3056 4621 medio
3072 4567 3179 4634 ﬁat
3209 4584 3229 4622 :
3252 4574 3305 4623 et
3329 4575 3474 4631 tunc
3494 4571 3840 4628 revelabitur
3856 4569 3931 4623 ille

2328 4650 2767 4724 iniquus,un
2792 4653 3076 4711 Dominus
3094 4655 3260 4713 Iesus
3277 4656 3590 4727 interﬁciet
3617 4660 3819 4729 spiritu
3843 4657 3932 4713 oris

2326 4740 2436 4805 sui,
2469 4740 2643 4796 docet
2669 4758 2777 4797 nos
2802 4742 3216 4800 Antichristum
3249 4747 3635 4805 manifestum
3665 4749 3928 4806 futurum:

2326 4828 2623 4902 siquidem
2668 4831 2858 4904 ipsum
2910 4831 3141 4889 videtur
3171 4834 3480 4909 aliquanto
3510 4836 3842 4895 evidentiori
3878 4835 3929 4889 si-

2324 4918 2706 4988 gnificatione
2754 4921 3013 4991 tetigisse
3058 4922 3534 4983 interﬁciendum
3601 4927 3805 5000 spiritu
3834 4924 3925 4981 oris

2327 5008 2556 5063 Domini
2588 5010 2726 5065 Jesu
2766 5009 2980 5066 Christi
3017 5027 3031 5079 ;
3062 5012 3163 5067 sed
3202 5019 3336 5085 post
3359 5020 3657 5086 quantum
3683 5013 3929 5087 temporis
4014 5028 4015 5033 ‘

2324 5097 2479 5153 istud
2509 5098 2635 5164 erit,
2665 5114 2774 5154 nec
2797 5099 3007 5157 saltem
3029 5101 3280 5158 obscure
3302 5101 3538 5160 locutus
3558 5109 3664 5161 est.
3684 5104 3927 5173 Quisnam

2322 5187 2396 5242 sit
2416 5186 2572 5242 enim
2603 5187 2706 5259 qui
2734 5189 2905 5246 modo
2937 5196 3111 5257 tenet,
3149 5190 3235 5247 vel
3266 5192 3414 5263 quid
3449 5199 3662 5259 teneat,
3709 5192 3785 5248 vel
3809 5188 3924 5263 quid

2322 5274 2439 5330 sibi
2466 5275 2603 5332 velit
2633 5277 2797 5349 quod
2814 5278 2917 5344 ait,
2946 5279 3017 5335 de
3036 5279 3226 5336 medio
3247 5280 3380 5350 ﬁat,
3406 5287 3601 5354 potest
3624 5280 3858 5354 quisque
3879 5292 3925 5332 se

2320 5372 2621 5421 coarctare
2661 5371 2723 5421 ut
2748 5365 3050 5441 intelligat,
3084 5368 3175 5424 vel
3199 5368 3578 5442 aliquatenus
3609 5371 3919 5443 suspicetur.

2319 5455 2608 5528 quoniam
2656 5470 2901 5529 quoquo
2929 5459 3111 5514 modo
3139 5459 3428 5532 scriptum
3457 5459 3593 5533 legit
3627 5480 3639 5521 :
3671 5454 3919 5532 quamdiu

2318 5548 2519 5599 autem
2550 5549 2766 5612 teneat,
2793 5551 2849 5602 et
2880 5552 3015 5620 post
3043 5546 3270 5621 quanta
3294 5552 3640 5622 temporum
3669 5547 3843 5623 spatia
3865 5543 3921 5599 de

2317 5647 2443 5692 meo
2461 5633 2558 5691 dio
2590 5634 2724 5707 ﬁat,
2760 5634 2859 5693 hic
2895 5637 3147 5696 omnino
3175 5640 3429 5698 tacetur.
