4118 6164
185 156 294 219 909

262 285 484 343 CAPUT
514 286 603 341 IV.
638 314 702 326 -
733 288 816 339 t2.
844 283 1533 358 ItemDominus,inquit,
1561 288 1622 342 in
1649 286 1842 342 Evan-

182 376 336 446 gelia
374 376 644 444 increpat
667 373 894 438 Judaeo,
919 373 1148 428 dicens:
1170 391 1197 423 α
1228 375 1302 428 Et
1337 380 1426 436 tu,
1460 375 1512 430 si
1544 376 1840 446 cognovis-

182 480 274 521 ses
300 471 527 532 tempus
556 462 902 520 uisitationis
925 468 1061 527 tuae,
1085 463 1348 532 forsitan
1371 464 1795 533 permansisses
1821 484 1840 531 ;

186 569 349 610 nunc
378 557 575 609 autem
607 551 953 607 abscondita
977 557 1108 605 sunt
1142 552 1214 608 de
1247 553 1431 608 oculis
1462 552 1629 608 tuis»
1673 553 1839 622 (Luc.

182 659 304 706 ιιι.
334 642 446 713 42).
473 641 587 697 Sed
617 641 730 696 hoc
756 639 832 694 ad
865 646 1103 710 tempus
1130 639 1306 710 primi
1329 641 1620 697 adventus
1648 641 1840 696 Domi-

183 733 246 787 ni
272 732 525 802 pertinet
557 746 676 786 non
709 728 974 794 secundi,
1003 728 1078 784 de
1099 744 1221 800 quo
1260 745 1418 784 nunc
1449 729 1702 801 qumstio
1731 733 1836 784 est.

187 823 266 876 De
290 820 558 875 secundo
579 820 804 891 quippe
835 818 1097 873 adventu
1129 833 1242 874 suo
1271 818 1436 885 dixit,
1458 819 1589 875 Non
1617 825 1700 875 est
1725 834 1842 874 ves-

184 915 342 964 trum
370 909 521 965 scire
554 915 840 978 tempora,
875 922 997 962 non
1046 907 1121 962 de
1147 907 1344 978 primo
1382 929 1395 963 :
1443 908 1518 963 de
1552 907 1650 963 illo
1681 907 1842 964 enim

184 999 258 1054 ab
291 1013 364 1054 eo
403 999 770 1070 quaesierunt
804 995 1082 1067 Discipuli
1110 1010 1290 1068 quem
1332 996 1678 1070 sperabant,
1720 1011 1842 1052 non

181 1086 259 1142 de
289 1088 402 1142 isto
432 1101 614 1158 quem
640 1086 767 1156 jam
802 1084 1104 1141 videbant.
1141 1086 1196 1141 Si
1229 1086 1390 1141 enim
1421 1087 1683 1157 primum
1713 1085 1842 1156 ejus

131 1187 136 1191 '
183 1176 513 1231 adventum
529 1174 715 1229 Judsei
733 1173 1174 1245 cognovissent,
1190 1189 1505 1246 nunquam
1523 1175 1842 1231 Dominum

185 1265 398 1335 glorise
427 1262 859 1319 cruciﬁxissent
881 1262 922 1333 (ι
951 1263 1081 1319 Cor.
1103 1280 1161 1329 ιι,
1185 1265 1240 1333 8)
1264 1283 1280 1329 ς
1313 1269 1366 1318 et
1387 1264 1516 1320 ideo
1548 1279 1840 1319 nonever-

186 1355 246 1420 ti,
282 1354 388 1409 sed
420 1367 770 1424 permanere
795 1352 1148 1423 potuissent.
1181 1354 1454 1407 Jamvero
1485 1351 1642 1425 quod
1671 1351 1842 1407 aitad

183 1459 310 1509 eos,
343 1441 762 1500 Paenitentiam
802 1441 960 1511 agite
991 1457 1009 1507 ;
1059 1443 1352 1510 completa
1388 1447 1526 1496 sunt
1554 1447 1841 1509 tempora,

184 1533 409 1590 credite
434 1534 451 1566 ¹
481 1531 812 1601 Evangelio
837 1530 1035 1602 (Marc.
1067 1546 1101 1597 ι,
1135 1530 1579 1601 l5),etiamipse
1611 1529 1844 1586 ﬁrmas-

184 1622 228 1678 ti
260 1623 335 1677 de
365 1622 434 1676 iis
466 1619 836 1692 temporibus
866 1619 1094 1674 dictum
1126 1634 1254 1675 esse
1299 1619 1664 1684 Judteorum,
1706 1635 1842 1690 quas

182 1710 475 1767 continuo
502 1715 634 1780 post
672 1723 897 1780 paucos
937 1722 1132 1764 annos
1163 1707 1400 1763 fuerant
1428 1707 1767 1773 transitura,
1788 1713 1844 1762 et

182 1814 347 1856 nunc
378 1799 654 1854 novimus
680 1797 808 1868 jam
852 1811 981 1852 esse
1020 1800 1340 1865 transacta,
1387 1811 1596 1852 eversa
1623 1796 1844 1851 scilicet

181 1890 422 1945 civitate
452 1889 511 1943 in
544 1902 667 1958 qua
696 1901 946 1956 regnum
971 1901 1179 1941 eorum
1211 1885 1403 1942 fuerat
1429 1885 1840 1942 constitutum.

251 1978 340 2032 13.
373 1976 620 2032 Proinde
649 1975 816 2048 quod
845 1991 914 2030 ex
953 1975 1191 2030 Daniele
1222 1974 1297 2030 de
1321 1974 1628 2030 interfecta
1649 1974 1841 2030 bestia

183 2068 390 2141 posuit
406 2066 826 2122 Venerabilitas
847 2064 1117 2129 tua,etde
1129 2063 1498 2135 reliquarum
1512 2064 1838 2120 bestiarum

181 2172 391 2227 regno,
421 2161 477 2211 et
502 2157 653 2211 inter
682 2155 809 2210 haec
841 2153 914 2209 de
943 2153 1066 2208 tilio
1097 2153 1355 2210 hominis
1401 2155 1670 2209 veniente
1701 2169 1842 2208 cum

181 2246 451 2302 nubibus
475 2244 627 2309 cali,
662 2241 1044 2299 manifestum
1072 2257 1204 2297 esse
1232 2242 1434 2297 dixisti
1463 2242 1845 2312 intelligenti-

179 2336 298 2391 bus
330 2335 716 2406 Scripturam.
755 2332 866 2388 Sed
919 2333 969 2386 si
999 2331 1283 2402 dignatus
1330 2331 1510 2387 tueris
1541 2346 1841 2403 exponere

178 2423 617 2497 quomodoista
631 2420 963 2492 pertineant
989 2419 1066 2476 ad
1088 2420 1574 2493 cognoscendum
1619 2426 1843 2493 tempo-

178 2513 264 2569 ris
292 2512 553 2585 spatium
573 2517 704 2582 post
732 2511 896 2582 quod
928 2509 1038 2565 erit
1071 2510 1393 2566 Salvatoris
1423 2510 1734 2575 adventus,
1765 2510 1846 2566 ita

184 2607 252 2658 ut
282 2601 664 2658 inveniantur
690 2599 816 2655 sine
865 2598 987 2655 ulla
1037 2598 1426 2668 ambiguitate
1477 2599 1795 2656 manifesta
1828 2617 1842 2665 ;

182 2690 416 2748 fatebor
445 2691 621 2745 etiam
654 2689 780 2759 ipse
809 2703 947 2743 cum
978 2702 1205 2756 magna
1231 2688 1465 2744 actione
1489 2690 1842 2757 gratiarum,

181 2779 330 2836 illud
360 2778 519 2851 quod
543 2779 623 2834 ait
652 2776 962 2843 Dominus,
986 2776 1119 2832 Non
1151 2781 1231 2832 est
1258 2783 1517 2832 vestrum
1536 2779 1690 2833 scire
1709 2785 1848 2833 tem-

176 2883 356 2938 pora,
415 2865 836 2923 tantummodo
869 2864 1168 2936 Apostolis
1229 2880 1360 2920 esse
1417 2865 1667 2932 dictum,
1726 2883 1848 2923 non

180 2957 440 3030 posteris
471 2971 700 3023 eorum,
735 2955 837 3025 qui
863 2970 934 3010 ea
975 2953 1213 3010 fuerant
1242 2955 1560 3025 cognituri.

259 3045 487 3102 CAPUT
517 3046 582 3099 V.
617 3073 685 3086 -
714 3046 797 3098 14.
834 3043 1182 3114 Diligendus
1209 3059 1353 3116 ergo
1400 3049 1515 3110 est,
1550 3048 1608 3100 et
1637 3059 1851 3114 exspe-

180 3134 441 3192 ctandus
469 3132 720 3198 Domini,
754 3132 912 3187 sicut
950 3138 1154 3188 sancte
1205 3133 1481 3197 hortaris,
1515 3134 1847 3197 adventus;

185 3237 603 3294 magnamque
634 3221 781 3277 dicis
821 3237 950 3276 esse
993 3221 1426 3277 beatitudinem
1466 3221 1854 3292 diligentibus

183 3314 239 3383 ej
253 3330 320 3368 us
349 3311 700 3381 adventum,
732 3314 790 3366 et
814 3310 1066 3367 adhibes
1099 3310 1363 3382 Apostoli
1418 3310 1852 3375 testimonium,

189 3401 365 3472 cujus
394 3400 577 3456 verba
606 3399 692 3455 sic
727 3400 926 3471 ponis:
964 3400 1041 3455 De
1066 3404 1275 3454 cetera
1301 3398 1556 3466 reposita
1587 3404 1670 3454 est
1707 3397 1857 3454 mihi

190 3489 875 3559 commjustitiaeguam
892 3487 1095 3543 reddet
1106 3487 1256 3543 mihi
1269 3487 1542 3542 Dominus
1545 3489 1580 3557 j
1586 3493 1750 3543 ustus
1753 3489 1790 3558 j
1794 3504 1857 3542 u-

193 3579 314 3635 dea:
327 3577 407 3633 im
427 3578 538 3635 illa
567 3576 1029 3634 diemonsotum
1050 3583 1247 3631 autem
1260 3575 1537 3645 mihi,sed
1563 3583 1613 3631 et
1633 3577 1722 3632 his
1755 3577 1859 3648 qui

194 3668 461 3738 diligunt
474 3667 794 3723 adventum
815 3663 1131 3735 Domini(tl
1154 3665 1299 3720 Tim.
1317 3681 1390 3731 IV,
1408 3666 1482 3735 8).
1498 3668 1659 3721 Tunc
1672 3665 1855 3735 enim,

195 3757 352 3814 sicut
379 3773 449 3812 ex
481 3754 809 3825 Evangelia
835 3769 1298 3818 commemoras,
1345 3755 1501 3809 Justi
1534 3755 1858 3825 fulgebunt

194 3845 450 3902 sicutsot
470 3844 532 3900 in
551 3859 730 3914 regno
756 3843 954 3898 Patris
967 3840 1447 3910 suitMatth.xm,
1470 3846 1587 3912 i3):
1617 3849 1670 3898 et
1691 3845 1857 3914 quod

197 3933 496 4007 propheta
515 3932 677 3996 dicit,
702 3931 846 3987 Ecce
870 3931 1024 3988 enim
1047 3931 1241 4001 caligo
1255 3939 1306 3987 et
1329 3932 1581 3988 tenebrae
1593 3935 1856 4001 operient

201 4029 426 4082 terram
451 4037 630 4090 super
651 4027 852 4092 gentes
866 4036 889 4085 ,'
914 4020 977 4075 in
998 4028 1051 4076 te
1063 4036 1202 4076 vero
1212 4021 1527 4089 apparebit
1543 4022 1849 4094 Dominus,

199 4114 539 4182 etmajestas
550 4113 678 4180 ejus
692 4111 753 4166 in
771 4117 825 4166 te
843 4109 1408 4178 videbitur(lsai,i.x,
1423 4115 1507 4176 2):
1526 4112 1665 4166 item
1688 4113 1853 4185 quod

199 4203 491 4273 scriptum
506 4207 614 4266 est,
646 4201 759 4267 Qui
780 4213 916 4255 vero
936 4205 1278 4266 exspectant
1303 4201 1637 4266 Dominum,
1656 4204 1860 4259 exsul-

199 4292 417 4348 tabant
443 4305 576 4344 cum
599 4289 851 4353 virtute;
864 4288 1182 4358 producent
1204 4302 1432 4356 pennas
1452 4290 1604 4346 sicut
1616 4294 1856 4363 aquila,

199 4385 449 4440 Current
495 4384 549 4435 et
602 4392 718 4434 non
763 4377 1136 4444 laborabunt,
1194 4379 1587 4434 ambulabunt
1647 4389 1697 4437 et
1736 4397 1858 4438 non

202 4470 467 4528 esurient
491 4467 607 4539 (Id.
639 4483 735 4535 XL,
767 4466 879 4536 31).

277 4559 364 4612 15.
410 4559 527 4612 Hoc
556 4555 731 4626 plane
767 4554 1116 4626 piissime'et
1144 4555 1451 4612 verissime
1477 4557 1650 4623 dicis,
1687 4575 1860 4614 com-

204 4645 504 4704 mendans
526 4660 734 4700 eorum
761 4643 1210 4714 beatitudinem,
1229 4647 1330 4717 qui
1357 4646 1621 4716 diligunt
1641 4648 1865 4703 adven-

205 4742 335 4794 tum
369 4735 619 4790 Domini.
660 4733 775 4789 Sed
813 4737 870 4788 et
904 4732 984 4788 illi
1008 4733 1478 4805 quibusdicebat
1516 4737 1862 4807 Apostolus,

206 4825 342 4884 Non
358 4825 474 4880 cito
488 4821 842 4880 moveamini
853 4830 1063 4890 mente,
1087 4825 1264 4892 quasi
1274 4823 1450 4880 instet
1474 4825 1596 4880 dies
1613 4827 1860 4892 Domini,

205 4912 541 4984 diligebant
572 4912 775 4981 utique
820 4910 1148 4966 adventum
1182 4913 1443 4968 Domini:
1475 4929 1584 4969 nec
1615 4930 1718 4970 eos
1750 4916 1865 4972 hoc

208 5004 412 5059 dicens
446 4999 949 5056 DoctorGentium
978 4999 1056 5055 ab
1078 4999 1176 5055 illa
1199 5000 1864 5072 dilectionefrangebat,

204 5109 332 5166 qua
367 5096 426 5146 ut
450 5089 970 5146 inﬂammarentur
1002 5089 1238 5145 volebat
1265 5108 1279 5156 ;
1306 5096 1362 5144 et
1391 5092 1528 5147 ideo
1547 5094 1784 5148 nolebat
1805 5097 1870 5150 ut

207 5180 526 5238 crederent
550 5178 634 5234 eis
663 5194 700 5233 a
723 5177 944 5249 quibus
971 5178 1296 5234 audiebant
1318 5179 1538 5237 instare
1568 5181 1729 5237 diem
1757 5186 1872 5239 Do-

212 5269 386 5334 mini,
407 5284 483 5324 ne
516 5267 664 5323 forte
685 5283 822 5322 cum
857 5267 1165 5323 transisset
1185 5273 1420 5340 tempus
1445 5287 1567 5342 quo
1595 5287 1874 5329 eumcre-

213 5359 494 5414 diderant
523 5371 654 5411 esse
687 5361 1025 5424 venturum,
1053 5360 1110 5410 et
1140 5359 1368 5414 venisse
1392 5375 1511 5414 non
1543 5368 1870 5428 cernerent,

213 5447 398 5505 etiam
428 5451 643 5503 cmtera
668 5444 951 5501 fallaciter
978 5445 1091 5502 sibi
1118 5449 1377 5518 promitti
1410 5449 1790 5519 arbitrantes,
1819 5458 1875 5509 et

284 5604 300 5633 ί
334 5601 487 5675 βόα...
522 5602 707 5652 credite
734 5600 1038 5675 Evangelia.
1058 5604 1123 5653 At
1148 5603 1279 5675 his;
1315 5605 1530 5675 habent,
1558 5609 1615 5657 in
1637 5607 1882 5674 Evange-

216 5668 318 5726 ιεο.
342 5666 502 5731 juxta
520 5678 761 5731 granum
779 5666 1026 5729 pistmte
1047 5681 1112 5716 en
1140 5666 1190 5717 td
1222 5669 1533 5733 Euangetio.

1427 152 1934 218 EPISTOLARUM
1976 156 2265 214 CLASSIS
2304 153 2398 212 IIl.

3493 161 3600 222 910

1955 283 2030 339 de
2062 283 2192 353 ipsa
2221 281 2537 339 merceden
2568 280 2706 337 ﬁdei
2756 279 3117 352 desperaret.
3161 286 3286 340 Non
3321 299 3463 356 ergo
3515 287 3608 345 illc

1955 372 2141 442 diligit
2173 372 2500 428 adventum
2534 370 2785 436 Domini,
2815 371 2914 443 qui
2946 387 3083 427 cum
3107 373 3454 430 asseritnon
3479 392 3610 447 pro-

1955 464 2248 534 pinquare
2286 478 2299 526 ;
2335 464 2437 516 aut
2486 460 2582 515 ille
2614 460 2716 532 qui
2749 460 2956 515 asserit
3005 477 3124 516 non
3157 463 3563 536 propinquare
3593 484 3605 532 ;

1956 551 2060 606 sed
2107 549 2202 605 ille
2253 550 2452 620 potius
2499 549 2602 620 qui
2651 564 2810 616 eum,
2845 550 2968 604 sive
3018 566 3204 622 prope
3253 552 3377 607 sive
3434 553 3610 624 longe

1955 640 2047 703 sit,
2093 638 2428 694 sinceritate
2468 636 2629 701 ﬁdei,
2684 636 2955 693 ﬁrmitate
3020 641 3168 710 spei,
3216 640 3431 696 ardore
3476 643 3610 698 cha-

1954 727 2143 784 ritatis
2172 731 2494 798 exspectat.
2513 729 2660 782 Nam
2677 727 2726 781 si
2743 730 2905 782 tanto
2920 728 3116 797 magis
3133 728 3610 799 diligiturDomi-

1955 831 2094 887 nus,
2125 821 2353 889 quanto
2402 816 2594 886 magis
2626 815 2885 871 creditur
2936 819 2992 871 et
3040 817 3399 887 praedicatur
3431 820 3602 875 citius

1954 921 2083 963 esse
2115 911 2442 972 venturus;
2498 907 2690 975 magis
2740 921 2877 961 eum
2935 905 3264 975 diligebant
3326 909 3427 978 qui
3478 909 3608 979 ejus

1953 997 2281 1053 adventum
2328 996 2455 1066 jam
2509 995 2726 1050 instare
2757 993 3057 1061 dicebant,
3109 1011 3294 1067 quam
3329 996 3389 1051 hi
3450 1013 3604 1068 quos

1955 1084 2278 1156 Apostolus
2304 1084 2388 1140 eis
2415 1083 2653 1139 credere
2685 1082 3056 1153 prohibebat,
3087 1083 3173 1138 vel
3198 1084 3323 1154 ipse
3356 1085 3610 1157 Aposto-

1953 1172 2047 1229 lus
2075 1174 2175 1246 qui
2210 1174 2321 1228 hoc
2354 1173 2553 1244 utique
2581 1187 2702 1227 non
2733 1172 3030 1227 credebat.

2027 1283 2251 1339 CAPUT
2271 1281 2442 1336 VI.-—-
2471 1283 2559 1338 16.
2596 1282 2648 1338 Si
2682 1284 2882 1337 autem
2913 1297 3168 1337 onerosa
3190 1298 3312 1338 non
3344 1283 3615 1339 estiufir-

1954 1373 2133 1428 mitas
2163 1388 2296 1427 mea
2316 1369 2621 1426 Sanctitati
2646 1375 2779 1436 tuae,
2808 1375 2942 1441 peto
2969 1372 3234 1442 apertius
3268 1388 3387 1427 non
3405 1388 3610 1442 grave-

1955 1463 2035 1518 ris
2054 1476 2351 1533 exponere
2377 1460 2686 1532 quomodo
2709 1460 2926 1514 dixeris
2940 1461 3240 1516 neminem
3263 1477 3440 1532 posse
3469 1470 3615 1518 tem-

1951 1565 2164 1621 porum
2194 1563 2498 1605 mensuras
2544 1547 2821 1617 cottigere
2848 1563 2872 1612 ,'
2912 1565 2985 1602 ne
3034 1549 3182 1604 forte
3214 1556 3270 1604 et
3302 1550 3416 1605 hoc
3468 1551 3617 1605 mihi

1953 1639 2225 1695 videatur
2253 1637 2418 1709 quod
2447 1638 2627 1692 etiam
2663 1637 2941 1691 Charitati
2968 1642 3105 1704 tuae,
3137 1643 3193 1692 et
3223 1637 3444 1694 frustra
3478 1638 3618 1710 qui-

1951 1727 2096 1784 libet
2117 1733 2388 1783 nostrum
2419 1725 2624 1780 instrui
2656 1731 2954 1797 exspectet
2980 1726 3057 1781 ab
3079 1725 3285 1782 altero.
3317 1728 3461 1782 Cum
3506 1727 3621 1783 hoc

1954 1817 2112 1872 enim
2146 1816 2421 1880 dixisses,
2462 1814 2679 1870 deinde
2709 1813 3026 1870 subdidisti
3062 1821 3118 1870 et
3150 1815 3317 1870 aisti:
3353 1817 3620 1886 Evange-

1951 1906 2071 1962 ium
2113 1905 2344 1975 quidem
2396 1903 2561 1965 dieit,
2612 1923 2636 1953 α
2672 1903 2754 1958 De
2812 1902 2905 1958 die
2945 1911 2997 1958 et
3037 1905 3187 1960 hora
3233 1921 3402 1961 nemo
3456 1905 3560 1960 scit
3595 1928 3622 1956 »

1953 1994 2187 2066 (Matth.
2205 1992 2458 2062 xxw,36)
2485 2008 2497 2043 :
2515 2006 2618 2062 ego
2632 1998 2848 2047 autem.
2864 1991 3085 2064 inquis,
3109 2009 3214 2063 pro
3231 1994 3624 2061 possibilitate

1953 2083 2283 2139 intellectus
2330 2083 2445 2137 mei
2473 2081 2626 2147 dico,
2677 2095 2862 2151 neque
2904 2096 3156 2138 mensem
3187 2098 3373 2153 neque
3398 2099 3626 2138 annum

1954 2171 2237 2227 adventus
2258 2169 2438 2241 ipsius
2455 2169 2599 2226 sciri
2618 2185 2802 2238 posse.
2841 2173 2924 2224 lta
2946 2171 3103 2224 enim
3127 2170 3241 2225 hoc
3280 2171 3506 2226 videtur
3534 2188 3628 2227 so-

1955 2276 2119 2326 nare,
2149 2266 2443 2331 tanquam
2471 2275 2589 2314 non
2619 2258 2805 2330 possit
2832 2258 2965 2313 sciri
2993 2275 3114 2330 quo
3145 2275 3306 2315 anno
3343 2265 3630 2316 venturus

1957 2350 2047 2421 sit,
2078 2349 2185 2404 sed
2217 2349 2404 2421 possit
2436 2347 2570 2403 sciri
2602 2362 2725 2417 qua
2752 2346 3132 2402 hebdomade
3165 2363 3488 2414 annorum,
3535 2349 3628 2404 vel

1956 2455 2080 2512 qua
2131 2437 2397 2504 decade;
2445 2442 2738 2507 tanquam
2777 2436 2891 2490 dici
2934 2437 3120 2507 possit
3168 2442 3346 2509 atque
3385 2438 3619 2494 deﬁniri

1956 2531 2114 2585 intra
2158 2527 2289 2582 illos
2336 2527 2425 2581 vel
2465 2525 2598 2580 illos
2647 2531 2875 2596 septem
2909 2541 3122 2592 annos,
3176 2533 3280 2582 aut
3311 2529 3462 2583 intra
3491 2527 3624 2582 illos

1960 2617 2052 2674 vel
2109 2616 2240 2672 illos
2278 2615 2486 2671 decem
2523 2629 2738 2670 annos.
2783 2614 2955 2679 Quod
3010 2615 3058 2670 si
3112 2630 3186 2669 ne
3231 2616 3346 2670 hoc
3388 2616 3636 2688 quidem

1959 2705 2389 2777 comprehendi
2453 2707 2664 2774 potest,
2729 2718 2934 2774 quaero
3002 2707 3200 2757 utrum
3271 2705 3352 2758 sic
3419 2705 3630 2760 saltem

1963 2796 2147 2867 possit
2219 2791 2450 2848 deﬁniri
2501 2797 2732 2861 tempas
2790 2790 3082 2845 adventus
3154 2791 3303 2861 ejus,
3380 2798 3442 2847 ut
3490 2809 3627 2848 eum
3731 2841 3734 2844 .

1961 2888 2280 2940 venturum
2309 2895 2438 2935 esse
2467 2879 2735 2934 dicamus
2783 2878 2938 2933 intra
2991 2879 3154 2944 istos,
3206 2880 3369 2934 verbi
3417 2883 3628 2951 gratia,

1962 2971 2409 3045 quinquaginta
2435 2967 2522 3023 vel
2549 2973 2788 3022 centum
2831 2981 3043 3031 annos,
3078 2968 3166 3022 vel
3195 2968 3485 3038 quotlibet
3516 2987 3621 3027 seu

1966 3059 2207 3131 majoris
2231 3057 2463 3113 numeri
2492 3073 2595 3111 seu
2623 3055 2871 3109 minoris
2923 3070 3244 3121 annorum,
3277 3055 3379 3110 sed
3414 3057 3473 3111 in
3506 3074 3629 3130 quo

1966 3164 2195 3214 eorum,
2224 3163 2332 3202 nos
2365 3147 2661 3215 ignorare.
2698 3145 2818 3199 Hoc
2844 3144 2891 3198 si
2937 3143 3064 3212 jam
3092 3146 3619 3215 comprehendisti,

1966 3238 2223 3294 multum
2246 3234 2512 3306 estquod
2528 3232 3038 3304 comprehendere
3058 3233 3317 3300 potuisti.
3352 3234 3554 3305 ldipsu
3572 3253 3629 3292 m

1967 3335 2055 3385 est
2085 3334 2284 3383 autem
2306 3325 2468 3397 quod
2501 3339 2646 3393 rogo
2676 3327 2734 3377 ut
2764 3321 2941 3377 nobis
2976 3322 3624 3394 benignusimpertias,

1969 3418 2263 3474 adhibens
2294 3414 2511 3470 idonea
2535 3412 2897 3468 documenta
2917 3411 3140 3482 quibus
3167 3411 3227 3466 id
3257 3413 3522 3483 potueris
3541 3415 3628 3470 in-

1968 3507 2194 3575 dagare
2227 3521 2240 3559 :
2277 3503 2324 3557 si
2365 3508 2565 3558 autem
2597 3516 2790 3572 neque
2821 3500 2932 3555 hoc
2993 3505 3045 3554 te
3099 3500 3629 3572 comprehendisse

1969 3594 2307 3668 prmsumis,
2337 3592 2450 3647 hoc
2481 3591 2659 3645 sentis
2689 3589 2854 3660 quod
2885 3605 3019 3658 ego.

2047 3710 2130 3759 ΓΙ.
2168 3700 2496 3757 Novissima
2519 3699 2677 3752 enim
2706 3713 2833 3751 esse
2862 3698 2970 3752 ista
2998 3703 3292 3769 tempora,
3325 3701 3522 3755 multis
3541 3718 3628 3756 re-

1970 3809 2103 3849 rum
2120 3790 2300 3861 signis
2315 3787 2759 3860 apparentibus,
2787 3801 2917 3857 qua:
2943 3786 3257 3840 Dominum
3287 3789 3626 3856 praedixisse

1971 3882 2247 3952 legimus,
2277 3893 2486 3934 omnes
2513 3877 2617 3948 qui
2649 3891 2718 3930 ea
2747 3876 3066 3938 credimus,
3097 3876 3417 3931 cernimus.
3437 3879 3547 3933 Sed
3572 3883 3627 3935 et

1971 3971 2129 4027 mille
2156 3984 2453 4025 annorum
2489 3971 2740 4036 tempus,
2771 3963 2819 4018 si
2846 3979 3053 4019 eorum
3079 3964 3212 4018 ﬁnis
3239 3973 3396 4021 esset
3424 3967 3624 4022 saeculi

1970 4061 2128 4124 ﬁnis,
2162 4063 2359 4130 posset
2388 4057 2732 4110 universum
2765 4053 2876 4107 dici
2927 4053 3327 4108 novissimum
3364 4061 3622 4127 tempus,

1969 4150 2057 4204 vel
2089 4149 2269 4203 etiam
2301 4144 2656 4200 novissimus
2682 4141 2828 4205 dies,
2858 4141 3002 4213 quia
3027 4143 3313 4212 scriptum
3331 4151 3436 4199 est.
3456 4144 3626 4202 Mitte

1967 4238 2116 4298 anni
2142 4240 2280 4293 ante
2316 4235 2515 4290 oculos
2569 4235 2713 4295 tuos,
2751 4238 3037 4302 tanquam
3085 4231 3206 4286 dies
3247 4249 3400 4286 unus
3427 4234 3615 4302 (Psat.

1969 4343 2203 4390 LXXXIX,
2236 4324 2290 4395 4)
2321 4343 2332 4390 ;
2368 4328 2429 4377 ut
2455 4320 2747 4394 quidquid
2783 4336 2886 4390 per
2938 4320 3180 4374 eosdem
3239 4321 3395 4375 mille
3427 4337 3621 4378 annos

1971 4421 2291 4488 gereretur,
2320 4412 2644 4467 novissimo
2673 4415 2940 4478 tempore
2971 4407 3055 4461 vel
3083 4407 3406 4463 novissimo
3433 4409 3525 4464 die
3539 4412 3625 4466 di-

1972 4511 2200 4562 ceretur
2231 4501 2376 4571 geri.
2408 4501 2619 4554 lterum
2647 4497 2806 4552 enim
2839 4496 2992 4558 dico,
3022 4495 3186 4565 quod
3208 4495 3266 4550 in
3294 4497 3408 4551 hac
3439 4515 3625 4555 causa

1974 4609 2133 4665 saepe
2147 4590 2467 4646 dicendum
2485 4585 2970 4642 estzconsiderem
2983 4599 3048 4636 us
3064 4587 3199 4637 ante
3213 4599 3387 4653 quam
3407 4603 3458 4640 m
3471 4587 3623 4643 ultos

1975 4698 2168 4739 annos
2194 4679 2395 4733 dixerit
2435 4676 2648 4731 beatus
2680 4674 2936 4727 Joannes
2983 4671 3371 4740 evangelista,
3413 4676 3626 4732 Novis-

1973 4773 2124 4828 sima
2167 4769 2315 4824 hora
2347 4771 2448 4821 est.
2481 4767 2625 4819 Nam
2662 4763 2706 4816 si
2741 4767 2878 4815 tunc
2910 4776 3198 4825 essemus,
3251 4761 3363 4817 hoc
3393 4765 3623 4831 audito,

1974 4857 2224 4934 quando
2253 4855 2631 4910 crederemus
2667 4856 2749 4906 tot
2779 4865 2970 4904 annos
3019 4855 3225 4918 postea
3253 4853 3623 4919 transituros,

1979 4965 2047 5006 ac
2079 4963 2197 5003 non
2231 4945 2455 5017 potius,
2477 4942 2604 5013 ipso
2633 4940 2825 4995 adhuc
2847 4941 3074 4993 Joanne
3103 4939 3160 4992 in
3189 4954 3434 5009 corpore
3449 4956 3627 4995 cons-

1978 5039 2167 5099 tituto,
2185 5033 2503 5089 Dominum
2520 5043 2897 5102 speraremus
2913 5043 3043 5082 esse
3062 5033 3373 5082 venturum
3389 5030 3414 5083 ‘2
3429 5029 3626 5102 Neque

1979 5128 2139 5183 enim
2157 5125 2318 5187 dixit,
2344 5122 2746 5177 Novissimum
2771 5125 3002 5186 tempus
3017 5120 3120 5178 est,
3138 5121 3239 5169 aut
3260 5117 3624 5175 novissimus

1981 5231 2194 5278 annus,
2225 5217 2327 5267 aut
2358 5209 2597 5276 mensis,
2631 5213 2732 5262 aut
2763 5206 2889 5260 dies
2917 5221 2929 5268 ;
2965 5203 3089 5266 sed,
3125 5203 3452 5261 Novissima
3478 5208 3626 5266 hora

1983 5310 2096 5362 est:
2122 5308 2178 5357 et
2197 5317 2330 5356 ecce
2349 5301 2457 5354 ista
2478 5299 2626 5353 hora
2643 5310 2826 5366 quam
2855 5292 3034 5360 longa
3057 5295 3144 5345 est
3165 5291 3177 5345 ῑ
3201 5307 3306 5346 nec
3324 5298 3515 5350 tamen
3543 5306 3631 5355 est

1985 5394 2079 5449 ille
2107 5391 2417 5446 mentitus:
2457 5387 2560 5441 sed
2596 5384 2798 5455 utique
2839 5381 3260 5449 intelligendus
3307 5390 3392 5436 est
3423 5385 3633 5444 horam

1988 5496 2098 5554 pro
2128 5485 2395 5549 tempore
2417 5474 2708 5548 posuisse.
2737 5470 2908 5536 Quod
2929 5470 3196 5524 nonnulli
3216 5471 3297 5525 sic
3317 5473 3634 5546 accipiunt,

1990 5575 2054 5625 ut
2068 5583 2171 5623 sex
2192 5580 2488 5622 annorum
2506 5559 2686 5617 millia
2698 5558 3062 5614 constituant
3083 5559 3239 5613 velut
3257 5575 3442 5616 unum
3456 5563 3638 5636 diem,

1993 5671 2255 5730 eumque
2284 5655 2344 5710 in
2380 5655 2581 5727 partes
2614 5649 2774 5705 velut
2801 5647 2982 5704 horas
3020 5647 3339 5704 duodecim
3378 5654 3642 5724 partial].
