4118 6164
625 141 724 195 911

626 269 740 333 tur,
777 270 837 321 ut
867 266 951 320 sic
1002 266 1360 338 quingentos
1413 277 1606 317 annos
1638 270 1974 333 postremos
2011 265 2162 322 hora
2187 266 2266 321 vi-

625 354 1065 411 deaturhabere
1090 357 1417 420 postrema:
1449 350 1506 406 in
1534 351 1754 422 quibus
1779 355 2272 424 annisjamJoan—

625 460 752 507 nes,
813 443 1106 512 inquiunt,
1157 439 1537 511 loquebatur,
1571 442 1820 512 quando
1873 442 2270 500 novissimam

623 533 832 588 horam
863 545 992 584 esse
1025 528 1280 585 dicebat.

694 641 775 692 18.
807 635 924 692 Sed
955 636 1116 692 aliud
1148 640 1237 690 est
1267 651 1442 691 nosse
1468 635 1717 707 aliquid,
1762 637 1923 692 aliud
1955 639 2267 710 suspicari.

617 729 727 782 Cur
740 727 899 781 enim
918 742 1037 781 non
1055 725 1276 796 potius,
1292 725 1340 779 si
1353 741 1455 779 sex
1470 741 1763 780 annorum
1780 727 1962 783 miliia
1977 728 2269 800 deputan-

614 817 695 870 du
709 822 798 872 est
813 831 967 870 unus
980 816 1124 878 dies,
1143 830 1260 869 non
1275 814 1752 880 duodecima,sed
1770 817 2039 872 vicesima
2055 823 2269 889 quarta

610 922 751 977 pars
783 905 912 975 ejus
945 919 1063 958 una
1102 904 1250 958 hora
1279 908 1384 967 est,
1413 903 1473 957 id
1500 909 1606 967 est,
1640 905 2125 976 non‘quingenti,
2158 908 2266 963 sed

610 994 844 1049 ducenti
871 993 1312 1064 quinquaginta
1344 992 1482 1046 anni
1507 989 1534 1044 ?
1560 991 1732 1046 Totus
1759 993 1920 1048 enim
1939 995 2081 1057 dies.
2105 998 2262 1050 totus

610 1083 956 1139 circumitus
986 1081 1127 1135 solis
1150 1081 1343 1134 verius
1360 1085 1761 1150 nuncupatur,
1782 1098 1896 1137 non
1926 1084 2002 1138 ab
2027 1085 2258 1140 Oriente

607 1189 795 1244 usque
810 1174 867 1226 in
891 1170 1289 1231 Occidentem,
1308 1169 1411 1223 sed
1428 1169 1506 1224 ab
1525 1171 1756 1226 Oriente
1773 1188 1965 1243 usque
1980 1173 2036 1226 in
2057 1174 2254 1229 Orien-

601 1268 743 1325 tem,
769 1260 922 1314 unde
957 1265 1075 1314 toto
1096 1258 1188 1312 die
1206 1263 1464 1328 peracto,
1483 1258 1542 1311 id
1561 1263 1649 1312 est
1681 1259 1886 1328 viginti
1915 1269 1970 1314 et
1992 1269 2252 1333 quatuor

598 1350 784 1415 horis,
819 1365 1019 1404 rursus
1049 1347 1340 1402 exoritar:
1367 1363 1435 1401 ac
1470 1363 1572 1418 per
1602 1349 1716 1402 hoc
1741 1348 1890 1404 hora
1922 1350 2037 1405 ista
2057 1353 2251 1408 novis-

595 1441 769 1504 sima,
802 1455 871 1494 ex
899 1454 1020 1509 quo
1048 1443 1312 1506 tempore
1345 1436 1403 1490 id
1431 1436 1660 1492 locutus
1690 1444 1773 1493 est
1796 1439 2081 1505 Joannes,
2111 1447 2248 1498 ante

596 1529 780 1584 ferme
813 1528 1194 1597 septuaginta
1223 1541 1434 1593 annos,
1460 1532 1520 1579 ut
1552 1525 1888 1592 minimum,
1909 1527 2036 1599 jam
2084 1546 2246 1601 repe-

594 1620 742 1673 ritur
772 1633 900 1671 esse
928 1620 1247 1678 transacta,
1277 1621 1331 1669 et
1354 1615 1624 1669 nondum
1650 1617 1808 1671 venit
1830 1619 2116 1672 terminus
2140 1636 2246 1675 sa:-

593 1706 734 1764 culi.
775 1706 898 1760 Huc
923 1703 1169 1768 accedit,
1204 1705 1348 1774 quia
1402 1704 1672 1774 inspecta
1711 1705 2026 1774 diligenter
2060 1708 2244 1764 eccle-

590 1795 822 1851 siastica
851 1794 1114 1856 historia,
1147 1793 1433 1863 reperitur
1461 1795 1718 1847 Joannes
1735 1795 2044 1864 apostolus
2063 1797 2242 1866 longe

587 1891 722 1940 ante
756 1883 934 1938 fuisse
959 1881 1296 1944 defunctus,
1327 1897 1515 1952 quam
1546 1882 1812 1953 quinque
1845 1883 2032 1940 millia
2067 1888 2240 1956 quin-

585 1973 744 2044 genti
762 1971 953 2028 annia
975 1971 1205 2040 generis
1232 1970 1741 2026 humaniexordio
1769 1972 2233 2044 complerentur.

587 2063 858 2117 Nondum
886 2067 1011 2115 erat
1034 2062 1232 2130 itaque
1250 2060 1396 2114 hora
1416 2059 1768 2123 novissima,
1795 2063 1842 2115 si
1863 2079 1965 2117 sex
1982 2062 2234 2121 millium

578 2166 875 2205 annorum
909 2164 1050 2220 pars
1082 2146 1461 2211 duodecima,
1497 2147 1556 2202 id
1610 2153 1696 2204 est
1726 2149 2036 2220 quingenti
2066 2155 2230 2223 anni,

580 2239 736 2295 velut
760 2239 933 2293 unius
947 2239 1106 2293 horae
1129 2237 1388 2307 spatium
1401 2235 1738 2308 deputatur.
1758 2240 1938 2294 Porro
1952 2241 1998 2294 si
2024 2257 2232 2299 secun-

577 2328 724 2384 dum
753 2328 1090 2398 Scripturas
1111 2342 1297 2380 unum
1316 2325 1477 2380 diem
1504 2326 1662 2381 inille
1691 2343 1879 2382 annos
1901 2345 2028 2384 esse
2048 2346 2231 2400 pona-

575 2435 733 2481 mus,
760 2416 1154 2485 multomagis
1176 2415 1317 2470 olim
1345 2415 1706 2471 transiittam
1733 2416 1927 2487 longas
1950 2419 2064 2473 dici
2081 2420 2230 2476 hora

572 2507 928 2573 novissima;
959 2521 1078 2560 non
1111 2504 1246 2560 dico
1276 2505 1322 2557 si
1358 2503 1643 2558 vicesima
1671 2511 1886 2576 quarta
1909 2523 2048 2577 pars
2073 2509 2224 2579 ejus,

570 2595 674 2666 qui
702 2602 839 2649 sunt
869 2594 1012 2648 anni
1046 2592 1222 2662 paulo
1255 2592 1517 2662 amplius
1551 2593 1975 2663 quadraginta,
2017 2597 2121 2652 sed
2178 2599 2227 2654 si

570 2683 932 2738 duodecima
943 2683 1421 2751 deputetur,qua3
1438 2680 1567 2735 illos
1585 2697 1776 2737 annos
1791 2683 2006 2754 duplos
2026 2685 2222 2742 habet.

571 2772 734 2828 Unde
759 2769 1213 2826 convenientius
1245 2769 1337 2824 ille
1368 2770 1675 2840 apostolus
1724 2772 1983 2828 creditur
2014 2775 2226 2832 horam

570 2860 843 2933 posuisse
871 2875 978 2930 pro
1005 2865 1268 2930 tempore
1296 2877 1309 2926 ;
1341 2874 1477 2930 quae
1504 2859 1652 2914 hora.
1679 2876 1864 2931 quam
1914 2861 2098 2932 longa
2129 2866 2221 2930 sit,

568 2951 936 3020 ignoramus,
969 2949 1113 3020 quia
1162 2963 1279 3002 non
1310 2953 1398 3002 est
1430 2952 1705 3003 nostrum
1755 2950 1901 3006 scire
1937 2956 2220 3024 tempora,

571 3055 707 3111 quae
736 3039 906 3094 Pater
955 3037 1153 3109 posuit
1183 3038 1242 3092 in
1273 3053 1384 3091 sua
1411 3041 1698 3108 potestate
1735 3055 1748 3093 :
1777 3041 2054 3110 quamvis
2087 3058 2224 3098 eam

573 3128 963 3184 novissimam
994 3142 1122 3181 esse
1171 3125 1532 3189 noverimus,
1570 3126 1757 3181 multo
1791 3129 1982 3198 magis
2020 3131 2224 3202 utique

572 3234 704 3281 nos,
736 3233 921 3287 quam
953 3215 1056 3286 qui
1105 3215 1343 3268 fuerunt
1373 3218 1508 3268 ante
1557 3230 1687 3280 nos,
1712 3230 1784 3270 ex
1814 3231 1936 3286 quo
1973 3233 2104 3274 esse
2135 3220 2223 3276 vel

573 3307 690 3362 dici
722 3304 1067 3375 coepithora
1097 3301 1446 3357 novissima.

643 3409 873 3465 CAPUT
908 3409 1012 3462 Vll.
1042 3437 1111 3447 —
1142 3411 1221 3460 t9.
1252 3406 1424 3471 Quod
1463 3411 1664 3462 autem
1694 3408 1828 3464 ideo
1856 3409 2090 3468 videtur
2126 3416 2224 3470 Ve-

575 3499 863 3555 nerationi
918 3503 1031 3552 tum
1058 3495 1485 3566 comprehendi
1520 3512 1638 3552 non
1673 3513 1850 3568 posse
1880 3505 2221 3571 temporum

577 3603 911 3652 mensuras,
943 3585 1336 3640 utdetiniatur
1365 3600 1484 3655 quo
1508 3601 1667 3640 anno
1685 3585 1922 3643 futurus
1945 3595 2036 3645 est
2059 3591 2219 3664 finis,

573 3677 717 3748 quia
747 3674 1080 3730 secundum
1111 3674 1570 3745 promissionem
1603 3675 1837 3731 Domini
1861 3677 2225 3738 breviabun-

571 3772 668 3820 tur
687 3764 813 3820 dies
834 3764 936 3829 illi,
968 3779 1211 3836 prorsus
1238 3779 1358 3818 non
1385 3763 1679 3835 intelligo.
1701 3765 1758 3820 Si
1785 3767 1944 3821 enim
1973 3769 2057 3823 sic
2088 3770 2222 3825 bre-

574 3856 909 3919 viabuntur,
941 3862 1002 3908 ut
1032 3854 1178 3907 tiant
1226 3868 1297 3907 ex
1329 3851 1598 3923 pluribus
1647 3855 1991 3924 pauciores;
2015 3874 2221 3929 quaero

571 3948 904 4000 secundum
921 3959 1105 4014 quam
1140 3943 1442 3997 veritatem
1472 3942 1648 3996 futuri
1675 3946 2077 4015 erantplures,
2108 3949 2221 4005 nisi

573 4031 1014 4088 breviarentur?
1029 4030 1438 4085 Hebdomades
1456 4032 1612 4084 enim
1627 4033 1813 4086 sancti
1830 4036 2084 4090 Danielis
2099 4053 2219 4094 non

573 4122 650 4178 ad
680 4123 943 4192 primum
978 4119 1208 4174 Domini
1254 4120 1596 4183 adventum,
1654 4121 1802 4176 sicut
1834 4122 2100 4192 pleribus
2136 4127 2221 4180 vi-

571 4229 701 4266 sum
735 4217 840 4273 est,
868 4210 974 4264 sed
995 4209 1071 4263 ad
1104 4207 1435 4263 secundum
1469 4210 1663 4277 potius
1694 4211 2000 4267 existimas
2046 4218 2216 4285 perti-

571 4277 728 4357 nere.
772 4301 934 4356 Itane
972 4313 1115 4367 ergo
1162 4296 1612 4361 breviabuntur,
1665 4304 1722 4353 ut
1752 4298 1840 4353 vel
1875 4317 1992 4356 una
2021 4304 2080 4357 in
2130 4305 2215 4360 eis

568 4389 948 4447 hebdomade
979 4390 1175 4443 minus
1189 4387 1386 4442 futura
1401 4387 1494 4451 sit,
1514 4391 1568 4441 et
1589 4386 1740 4441 falsa
1758 4388 1863 4442 erit
1878 4391 2209 4462 prophetia,

565 4498 700 4554 quae
721 4485 883 4535 tanta
905 4476 1209 4548 diligentia
1231 4491 1548 4530 numerum
1570 4475 2091 4536 hebdomadarum
2105 4484 2212 4538 de-

564 4572 733 4625 ﬁnire
765 4569 1008 4632 curavit,
1044 4572 1106 4621 ut
1135 4566 1428 4638 quiddam
1479 4565 1700 4620 diceret
1729 4566 1906 4622 etiam
1956 4569 2209 4629 dimidio

564 4658 962 4716 hebdomadis
990 4654 1362 4726 implendum
1382 4654 1408 4707 ?
1429 4655 1596 4708 Miror
1623 4655 1670 4708 si
1697 4671 1800 4726 per
1831 4659 2206 4728 prOphetiam

561 4750 770 4805 Christi
793 4745 1116 4801 destruitur
1141 4743 1458 4814 prophetia
1491 4745 1740 4798 Danielis
1787 4746 2006 4802 Deinde
2028 4751 2206 4820 quale

557 4846 645 4895 est
677 4844 736 4895 ut
769 4841 1047 4908 putemus
1071 4834 1376 4900 ignorasse
1405 4831 1730 4897 Danielem,
1759 4833 1842 4887 vel
1877 4835 2073 4903 potius
2096 4855 2205 4894 an-

556 4931 777 4998 gelum,
803 4942 837 4981 a
866 4939 988 4995 quo
1020 4923 1131 4977 ista
1161 4921 1398 4976 dicebat
1430 4920 1836 4976 breviaturum
1881 4924 2197 4983 Dominum

552 5019 677 5073 dies
709 5017 856 5079 illos,
890 5019 944 5068 et
974 5027 1199 5066 errasse
1227 5015 1284 5064 ut
1317 5011 1428 5063 hoc
1455 5009 1706 5075 diceret,-
1741 5010 1830 5064 vel
1858 5013 2038 5068 scisse
2066 5017 2202 5085 qui-

548 5109 707 5171 dem,
739 5105 838 5160 sed
869 5104 920 5158 ei
942 5117 1123 5173 quem
1154 5098 1605 5154 docebatfuisse
1635 5100 1944 5156 mentitum
1973 5100 2000 5155 7
2027 5103 2197 5167 Quod

546 5199 589 5250 si
608 5195 940 5251 absurdum
959 5200 1176 5259 est,cur
1198 5205 1315 5243 non
1333 5187 1530 5258 potius
1545 5188 1844 5242 credimus
1860 5193 2194 5249 secundum

541 5285 601 5338 id
656 5284 817 5356 quod
854 5281 1220 5337 breviaturus
1274 5285 1359 5332 est
1417 5279 1700 5330 Dominus
1756 5276 1884 5331 dies
1927 5278 2074 5345 illos,
2113 5285 2193 5338 tot

539 5372 954 5428 hebdomadas
985 5369 1376 5442 prophetasse
1401 5365 1697 5421 Danielem
1730 5367 1756 5422 ?
1783 5367 1829 5420 si
1859 5374 2056 5423 tamen
2112 5371 2190 5427 ad

539 5462 866 5515 secundum
883 5460 1115 5514 Domini
1134 5457 1461 5513 adventum
1476 5454 1662 5526 (quod
1684 5458 1883 5512 nescio
1898 5459 2189 5529 quemad-

534 5548 785 5603 modum
823 5549 1014 5618 possit
1051 5547 1325 5614 ostendi),
1355 5545 1449 5602 ille
1486 5561 1774 5602 numerus
1808 5546 2057 5605 refertur
2083 5565 2187 5606 an-

531 5651 776 5698 norum.

1902 139 1969 195 S.-
2008 135 2391 198 AUGUSTINI
2433 139 2745 199 EPISCOPI

3836 175 3915 232 ΜΞ

2452 266 2538 321 20.
2576 271 2899 339 Postremo,
2937 273 3122 330 multo
3154 279 3367 334 certius
3393 285 3738 359 securiusque
3763 293 3924 355 dicitur

2379 354 2610 411 Domini
2643 358 2968 416 adventum
3001 363 3156 419 intra
3183 371 3568 440 septuaginta,
3595 354 3699 444 aut,
3728 385 3927 453 utpluri-

2380 460 2570 510 mum,
2595 445 2748 501 intra
2775 455 3013 506 centum
3028 469 3220 509 annos
3239 456 3515 526 futurum,
3540 445 3926 530 sihebdoniades

2378 532 2505 588 istae
2531 535 2731 605 ipsum
2758 542 3187 608 praenuntiant.
3219 548 3371 602 Anni
3401 550 3549 606 enim
3587 556 3927 630 quadringenti

2381 622 2708 692 nonaginta
2740 634 2878 682 sunt
2907 627 2965 682 in
3011 629 3490 692 hebdomadibus
3533 622 3883 714 septuaginta:
3909 668 3934 708 ει

2378 711 2685 784 nativitate
2716 720 2914 770 autem
2950 719 3183 776 Domini
3209 723 3388 780 hodie
3426 711 3809 800 computantur
3829 743 3933 796 anni

2376 796 2561 854 ferme
2577 802 2993 875 quadringenti
3010 809 3278 879 viginti;a
3289 796 3692 875 resurrectione
3705 829 3857 879 autem
3869 830 3935 884 vel

2377 891 2728 946 ascensione
2742 894 2792 962 ej
2805 898 3039 961 us,anni
3055 898 3187 970 plus
3203 901 3400 958 minus
3416 909 3640 964 trecenti
3655 915 3934 982 nonaginta.

2372 979 2453 1032 Ac
2477 979 2728 1050 perhoc,
2762 983 2810 1036 si
2829 999 2899 1038 ex
2925 1001 3048 1057 quo
3064 994 3239 1045 natus
3257 998 3346 1047 est
3367 1002 3737 1066 computetur,
3750 979 3934 1074 septua-

2371 1068 2533 1135 ginta
2555 1077 2692 1124 sunt
2714 1071 2951 1143 reliqui;
2986 1076 3035 1130 si
3056 1092 3122 1131 ex
3143 1094 3266 1151 quo
3287 1097 3501 1151 passus
3521 1087 3934 1153 est,circitercen-

2367 1158 2496 1212 tum
2509 1167 2839 1215 remanent:
2856 1163 3008 1217 intra
3027 1181 3180 1237 quos
3198 1171 3451 1226 Danielis
3465 1189 3557 1228 om
3568 1190 3662 1230 nes
3673 1176 3934 1240 hebdoma-

2363 1243 2490 1311 des,
2525 1247 2570 1300 si
2589 1247 2662 1302 de
2679 1248 3004 1307 novissimo
3022 1254 3149 1324 ejus
3183 1257 3256 1312 ad
3268 1267 3440 1315 ventu
3460 1265 3796 1334 prophetale:
3815 1278 3930 1336 sunt,

2360 1333 2904 1406 implebuntur.Qui
2927 1356 3069 1413 ergo
3090 1344 3417 1411 dicit,lntra
3437 1354 3516 1406 tot
3531 1333 3710 1410 annos
3723 1333 3938 1424 erit,tuun

2360 1421 2578 1480 falsum
2596 1425 2736 1480 dicit
2750 1428 2795 1481 si
2813 1428 2962 1485 ultra
2980 1432 3115 1487 erit:
3136 1435 3239 1489 sed
3253 1436 3395 1507 quia
3407 1421 3937 1519 breviabuntur,pau-

2358 1513 2546 1568 ciores
2561 1520 2836 1585 poterunt
2848 1533 3133 1583 esse,non
3148 1524 3546 1593 plures.Recte
3560 1529 3746 1604 itaque
3757 1513 3935 1603 dicitur,

2357 1603 2514 1658 lntra
2534 1603 2646 1658 hos
2683 1604 2808 1670 erit,
2841 1610 3134 1678 quoniam
3163 1618 3623 1684 quamtumlibet
3643 1603 3936 1691 brevientur,

2355 1705 2561 1746 verum
2579 1693 2684 1747 erit
2702 1709 2714 1747 :
2731 1693 2864 1765 ipsa
2887 1711 3143 1770 namque
3156 1700 3445 1760 breviatio
3462 1706 3508 1761 si
3521 1723 3590 1762 eo
3601 1711 3939 1770 modointelli-

2353 1779 2550 1848 genda
2577 1785 2668 1837 est
2691 1788 2752 1837 ut
2776 1785 3091 1854 pauciores
3111 1787 3273 1856 ﬁant,
3299 1792 3454 1849 ultra
3466 1810 3568 1850 eos
3593 1797 3740 1853 diem
3761 1803 3938 1860 Domini

2351 1869 2552 1939 venire
2577 1885 2699 1926 non
2733 1873 2973 1943 patitur,
3003 1875 3107 1931 sed
3141 1880 3331 1949 magis
3371 1885 3679 1957 magisque
3706 1887 3839 1945 intra
3861 1908 3938 1949 eos

2347 1964 2575 2027 quanto
2590 1958 2806 2016 fuerint
2815 1963 3281 2032 pauciores.Non
3298 1969 3476 2039 igitur
3489 1973 3597 2029 ista
3612 1974 3842 2034 brevatio
3855 1985 3938 2035 tur-

2346 2043 2451 2101 bat
2475 2062 2608 2104 com
2619 2054 2952 2120 putatorem
2982 2055 3085 2126 qui
3111 2070 3182 2110 eo
3204 2058 3389 2115 modo
3411 2061 3712 2131 deﬁnierit,
3743 2075 3794 2122 ut
3822 2067 3936 2127 dicat

2345 2133 2499 2191 intra
2523 2141 2605 2192 tot
2627 2154 2819 2195 annos
2833 2140 2995 2198 diem
3012 2144 3242 2201 Domini
3257 2163 3389 2203 esse
3406 2159 3745 2221 venturum;
3769 2158 3854 2212 sed
3865 2158 3938 2213 ad-

2339 2221 2510 2292 juvat
2528 2227 2743 2297 potius,
2778 2232 3066 2300 quoniam
3086 2242 3315 2306 quanto
3340 2241 3536 2309 magis
3552 2242 3626 2297 ad
3642 2246 3936 2314 paucitatem

2343 2313 2687 2382 redigentur
2706 2316 2854 2382 dies,
2883 2323 3046 2376 tanto
3069 2325 3262 2393 magis
3294 2327 3401 2383 erit
3426 2329 3602 2397 intra,
3627 2313 3678 2388 et
3701 2333 3937 2391 ultraesse

2343 2416 2463 2456 non
2497 2405 2743 2474 poterit:
2777 2412 2957 2478 atque
2984 2409 3119 2466 ideo
3145 2427 3351 2470 verum
3379 2417 3490 2472 erit
3509 2420 3671 2490 quod
3697 2423 3938 2480 itadeiini-

2343 2493 2455 2554 tur,
2488 2497 2548 2546 ut
2577 2491 2830 2562 dicatur,
2860 2496 3018 2554 Intra
3052 2506 3133 2556 tot
3161 2516 3355 2558 annos
3383 2507 3515 2573 erit,
3548 2512 3808 2580 quamvis
3837 2530 3932 2568 nes-

2340 2580 2530 2635 ciatur
2559 2597 2682 2652 quo
2713 2599 2871 2640 anno
2903 2585 3172 2646 futurum
3204 2590 3299 2646 sit.

2410 2692 2497 2742 2t.
2517 2690 2766 2745 Proinde
2783 2697 2903 2748 tota
2915 2697 3167 2764 quaestio
3180 2702 3268 2754 est
3283 2704 3485 2758 utrum
3501 2703 3746 2761 Danielis
3761 2708 3935 2763 Hebdo-

2341 2777 2550 2832 mades
2568 2778 2762 2848 primo
2777 2781 3040 2838 adventu
3060 2786 3572 2862 Dominiimpletm
3587 2793 3673 2849 sin
3685 2801 3794 2860 t,an
3804 2796 3934 2851 ﬁnem

2340 2865 2544 2920 saeculi
2563 2869 3068 2940 prophetaverint,
3092 2890 3169 2929 an
3187 2877 3616 2952 ad,utrumque
3640 2885 3932 2954 pertineant.

2338 2955 2538 3024 Neque
2570 2956 2730 3011 enim
2761 2960 2863 3029 qui
2885 2960 3064 3016 etiam
3093 2962 3206 3018 hoc
3237 2975 3543 3037 saperent,
3571 2971 3861 3028 defuerunt
3876 2973 3936 3028 di-

2337 3049 2832 3116 centes,tempore
2848 3047 3023 3117 primi
3037 3051 3334 3109 adventus
3357 3055 3577 3115 Christi
3591 3075 3714 3116 esse
3731 3062 3937 3134 comple-

2340 3135 2447 3196 tas,
2480 3138 2536 3186 et
2565 3133 2703 3189 inde
2733 3151 2919 3208 usque
2948 3139 3025 3192 ad
3056 3139 3237 3197 tinem
3279 3145 3480 3201 smculi
3514 3150 3749 3205 totidem
3778 3133 3935 3206 rursus

2338 3235 2468 3276 esse
2491 3223 2901 3294 complendas.
2924 3227 3212 3298 Equidem
3229 3231 3401 3289 video
3423 3238 3571 3307 quia
3588 3239 3632 3293 si
3648 3241 3934 3310 primuseas

2339 3326 2459 3366 non
2474 3312 2795 3383 complevit
2808 3315 3374 3384 adventus,necesse
3385 3331 3477 3380 est
3495 3332 3841 3385 utsecundus
3861 3347 3935 3385 eas

2338 3401 2667 3472 compleat;
2695 3405 2984 3475 quoniam
3015 3409 3329 3480 prophetia
3359 3413 3456 3470 illa
3502 3433 3622 3474 non
3651 3426 3825 3490 potest
3845 3435 3937 3476 esse

2339 3489 2514 3545 falsa:
2548 3507 2684 3563 quas
2708 3494 2754 3547 si
2774 3497 3040 3566 tempore
3075 3500 3247 3568 primi
3279 3502 3581 3562 adventus
3607 3489 3834 3581 impleta
3855 3516 3933 3570 est.

2339 3593 2459 3633 non
2478 3581 2636 3648 cogit
2661 3580 2905 3652 intelligi
2929 3587 3096 3655 quod
3123 3588 3301 3645 etiam
3319 3591 3393 3647 de
3415 3594 3539 3650 ﬁne
3570 3580 3758 3654 saeculi
3779 3599 3937 3670 imple-

2339 3667 2511 3722 bitur.
2547 3674 2624 3723 Ac
2656 3686 2760 3740 per
2789 3671 2902 3727 hoc
2928 3672 3219 3732 incertum
3249 3685 3356 3744 est,
3376 3681 3616 3741 etiamsi
3640 3704 3823 3743 verum
3843 3667 3934 3757 est;

2338 3771 2532 3827 neque
2565 3759 2912 3828 negandum
2937 3763 3207 3835 quidem,
3235 3769 3338 3824 sed
3370 3786 3570 3844 neque
3620 3792 3934 3847 praesumen-

2338 3844 2485 3901 dum
2514 3852 2605 3902 est
2629 3848 2688 3902 id
2721 3848 3006 3906 futurum.
3035 3853 3405 3926 Relinquitur
3424 3844 3651 3934 itaque,
3674 3866 3937 3938 utquivult

2338 3947 2548 4003 cogere
2565 3936 2737 3992 istam
2755 3938 3130 4009 prophetiam
3151 3945 3311 4001 credi
3327 3951 3530 4006 seaculi
3553 3954 3670 4009 ﬁne
3687 3936 3936 4027 complen-

2336 4021 2500 4089 dam,
2533 4027 3164 4100 contendatquantum
3193 4043 3407 4106 potest,
3439 4044 3497 4095 et
3518 4044 3788 4100 ostendat
3812 4021 3935 4115 sipo-

2338 4116 2465 4177 test,
2485 4114 2679 4183 primo
2695 4115 2955 4172 adventu
2981 4122 3215 4176 Domini
3241 4139 3357 4180 non
3384 4126 3571 4185 fuisse
3598 4114 3934 4204 completam,

2332 4208 2542 4257 contra
2573 4209 2654 4259 tot
2677 4206 3046 4275 expositores
3077 4211 3418 4271 divinorum
3449 4217 3836 4292 eloquiorum,
3863 4223 3935 4294 qui

2329 4287 2485 4346 hanc
2512 4306 2630 4346 non
2663 4293 2856 4349 solum
2901 4301 3341 4368 computatione
3373 4312 3733 4379 temporum,
3769 4327 3932 4366 verum

2330 4379 2506 4434 etiam
2539 4380 2717 4436 rebus
2745 4383 2887 4453 ipsis
2918 4386 3278 4458 completam
3324 4392 3508 4451 fuisse
3540 4398 3935 4465 demonstrant,

2329 4469 2589 4522 maxime
2613 4470 2778 4540 quod
2810 4470 2889 4527 ibi
2914 4474 3200 4545 scriptum
3217 4485 3326 4545 est,
3357 4482 3429 4536 Et
3443 4493 3705 4556 ungatur
3718 4490 3937 4545 Sanctus

2325 4562 2706 4613 sanctorum:
2735 4559 2824 4616 vel
2857 4567 3101 4633 propter
3124 4568 3289 4637 quod
3321 4569 3381 4624 in
3409 4574 3624 4630 eadem
3669 4579 3937 4650 prophetia

2325 4642 2543 4699 hebraai
2568 4646 2804 4702 codices
2823 4652 3164 4720 expressius
3178 4655 3396 4713 habent
3419 4676 3434 4725 ;
3459 4642 3936 4722 Occideturbhris-

2325 4739 2439 4797 tus,
2471 4739 2524 4789 et
2551 4751 2668 4790 non
2687 4737 2795 4791 erit
2821 4739 2946 4806 ejus
2966 4741 3143 4810 (Dan.
3168 4759 3245 4810 ix,
3276 4747 3489 4820 24,26).
3518 4751 3581 4807 id
3595 4760 3699 4823 est,
3730 4755 3936 4810 nouerit

2321 4822 2452 4892 ejus
2483 4824 2730 4878 civitatis
2755 4841 2768 4891 ;
2797 4829 3085 4898 quoniam
3109 4832 3192 4887 sic
3217 4834 3510 4894 alienatus
3543 4850 3629 4897 est
3659 4822 3694 4899 a
3722 4845 3930 4908 Judaeis,

2319 4911 2421 4983 qui
2454 4927 2592 4968 eum
2625 4921 2939 4984 propterea
2985 4918 3356 4981 Salvatorem
3409 4930 3931 5005 redemptoremque

2321 5015 2496 5055 suum
2530 5017 2652 5056 non
2679 5019 2811 5059 esse
2843 5007 3241 5080 crediderunt,
3274 5014 3418 5086 quia
3450 5021 3719 5076 occidere
3753 5030 3931 5093 potue-

2316 5094 2473 5144 runt.
2501 5091 2702 5161 Neque
2731 5095 2889 5150 enim
2915 5095 2975 5150 in
3007 5097 3125 5154 ﬁne
3158 5103 3359 5158 saeculi
3389 5111 3704 5177 ungendus
3732 5091 3825 5166 aut
3853 5126 3928 5164 oc-

2315 5176 2608 5233 cidendus
2630 5182 3209 5250 estChristus,utista
3234 5176 3538 5264 prophetia
3557 5199 3798 5254 Danielis
3814 5207 3926 5252 tunc

2311 5273 2686 5337 exspectetur
2765 5271 3091 5342 implenda,
3148 5293 3282 5349 qum
3354 5285 3624 5341 nondum
3683 5286 3924 5342 credatur

2310 5353 2576 5425 impleta.

2381 5462 2607 5518 CAPUT
2626 5465 2757 5520 Vlll.
2782 5497 2848 5508 —-
2867 5472 2953 5524 '2'2.
2983 5472 3154 5536 Quod
3175 5482 3374 5534 autem
3395 5480 3470 5536 de
3498 5482 3681 5553 signis
3695 5498 3917 5553 evange-

2304 5549 2429 5605 licis
2442 5558 2498 5606 et
2513 5553 3034 5631 propheticis,quae
3049 5562 3172 5619 ﬁeri
3198 5568 3517 5639 cernimus,
3537 5549 3911 5647 propinquum

2305 5638 2540 5698 Domini
2567 5640 2894 5704 adventum
2923 5665 3163 5724 sperare
3189 5638 3552 5732 debeamus,
3569 5638 3900 5738 quisnegatt
