4118 6164
188 189 306 248 013

189 317 462 390 quotidie
485 318 708 392 quippe
735 321 929 391 magis
953 321 1266 394 magisque
1291 321 1355 377 ﬁt
1375 321 1708 394 proximus.
1731 321 1844 379 Sed

185 413 418 478 quanto
447 408 756 465 intervallo
787 411 1320 484 propinquet,hoc,
1346 411 1572 467 dictum
1599 416 1703 476 est,
1725 427 1843 468 non

184 503 269 551 est
285 502 543 552 vestrum
559 499 729 554 scire.
750 499 887 554 Vide
901 501 1147 572 quando
1162 499 1307 556 dixit
1324 501 1844 570 Apostolus,Nunc

184 585 340 640 enim
355 586 602 654 propior
611 593 694 643 est
709 595 916 645 nostra
928 590 1298 662 satus,quam
1313 605 1445 645 cum
1460 591 1838 648 credidimus.

181 673 326 730 Nox
357 679 680 744 pracessit,
720 677 842 734 dies
869 683 1066 734 autem
1108 678 1616 748 appropinquavit
1649 681 1840 749 (Rom.

179 768 341 829 xm,l
360 764 500 834 l,l2)
527 771 612 820 :et
629 780 763 821 ecce
784 772 926 838 quot
946 766 1087 822 anni
1109 767 1494 822 transierunt!
1518 783 1626 823 nec
1641 773 1839 825 tamen

181 853 350 925 quod
362 852 511 909 dixit
525 853 738 910 falsum
753 857 1103 922 est.0uanto
1119 856 1310 925 magis
1327 872 1486 912 nunc
1515 857 1839 913 dicendum

180 946 271 996 est
301 942 704 1015 propinquare
718 945 951 1000 Domini
976 945 1303 1002 adventum
1334 946 1612 1018 ;quando
1641 951 1840 1002 tantus

179 1031 364 1087 estad
392 1031 570 1087 ﬁnem
605 1033 791 1089 factus
817 1035 1134 1089 accessus!
1166 1035 1484 1105 Apostolus
1517 1040 1692 1102 certe,
1725 1036 1840 1106 Spi-

178 1120 346 1184 ritus,
374 1119 583 1192 inquit,
611 1123 901 1190 manifeste
921 1123 1054 1177 dicit
1071 1124 1200 1194 quia
1224 1125 1280 1177 in
1303 1123 1616 1180 novissimis
1637 1129 1840 1195 tempo-

179 1208 334 1264 ribus
367 1209 616 1266 recedent
645 1211 870 1282 quidam
901 1229 934 1266 a
963 1212 1068 1281 ﬁde
1094 1213 1136 1282 (Ι
1168 1213 1308 1267 Tim.
1340 1229 1417 1279 ιν,
1452 1214 1522 1284 ι).
1559 1213 1835 1268 Nondum

182 1297 389 1369 utique
410 1303 580 1354 erant
598 1300 808 1354 eadem
838 1305 1128 1372 tempora,
1164 1301 1580 1357 haereticorum
1615 1301 1836 1357 scilicet

177 1390 236 1441 et
277 1386 507 1452 talium,
541 1387 745 1458 quales
772 1388 982 1444 eodem
1026 1405 1304 1445 sermone
1353 1389 1680 1445 describit:
1728 1389 1832 1445 sed

175 1475 304 1546 jam
337 1481 626 1532 venerunt
657 1493 670 1532 :
707 1493 778 1532 ac
809 1493 914 1548 per
938 1478 1052 1533 hoc
1081 1479 1139 1533 in
1172 1479 1514 1533 novissimis
1545 1479 1832 1550 tempori-

177 1563 297 1619 bus
331 1564 605 1620 videmur
629 1565 810 1622 etiam
867 1582 971 1637 per
1009 1567 1168 1637 ipsos
1199 1567 1273 1621 de
1304 1567 1422 1623 ﬁne
1450 1569 1648 1622 saeculi
1671 1583 1831 1622 com-

178 1654 432 1709 moneri.
477 1657 736 1727 ltemque
779 1654 920 1711 alibi
968 1656 1193 1711 dicens.
1237 1658 1344 1712 Hoc
1389 1661 1573 1712 autem
1619 1658 1826 1722 scitote,

175 1744 437 1813 quoniam
469 1744 528 1798 in
556 1744 862 1799 novissimis
885 1745 1071 1800 diebus
1093 1746 1376 1800 instabunt
1403 1749 1646 1814 tempora
1665 1763 1828 1814 saeva,

176 1830 294 1894 vel,
311 1832 463 1888 sicut
477 1831 571 1887 alii
589 1832 820 1888 codices
833 1833 1080 1902 habent,
1098 1835 1406 1904 periculosa
1422 1852 1442 1890 :
1455 1834 1666 1890 deinde
1684 1851 1829 1906 qna-

174 1918 256 1976 lia
288 1921 486 1978 futura
517 1923 631 1978 sint
659 1922 1024 1995 exprimens.
1067 1925 1244 1978 Erunt
1272 1923 1419 1978 enim
1449 1924 1716 1988 homines,
1745 1925 1830 1980 in-

174 2011 329 2082 quit,
356 2012 556 2081 seipsos
579 2016 848 2078 amantes,
879 2016 1149 2068 amatores
1165 2014 1430 2083 pecunia,
1464 2013 1618 2081 elati,
1640 2029 1830 2083 super-

174 2100 229 2155 bi
244 2100 543 2170 blasphemi
549 2145 558 2163 .
565 2103 894 2169 parentibus
907 2118 1012 2157 non
1027 2101 1825 2172 obedientes,ingrati,scelesti,

171 2190 494 2259 irreligiosi,
526 2192 643 2245 sine
679 2191 982 2260 ajfectione,
1015 2191 1372 2254 detractores,
1405 2193 1825 2257 incontinentes,

175 2279 416 2333 immites
445 2279 563 2334 sine
583 2279 938 2350 benignitate,
961 2279 1286 2351 proditores,
1314 2295 1586 2350 procaces,
1617 2282 1826 2347 caecati,

173 2367 523 2436 voluptatum
533 2373 807 2424 amatores
819 2370 993 2439 magis
1009 2386 1172 2439 quam
1202 2371 1312 2433 Dei,
1330 2369 1586 2424 habentes
1598 2372 1826 2439 speciem

171 2457 421 2527 pietatis,
473 2459 730 2513 virtutem
760 2467 941 2514 autem
983 2460 1103 2527 ejus
1145 2459 1492 2527 abnegantes.
1539 2459 1748 2513 Mirum
1781 2458 1827 2512 si

173 2545 326 2601 tales
356 2547 622 2602 homines
664 2547 996 2619 aliquando
1025 2546 1360 2602 defuerunt.
1397 2548 1657 2618 Denique
1684 2548 1828 2617 quia

171 2641 230 2690 et
260 2641 595 2704 tuncerant,
627 2636 899 2706 adjnngit
930 2651 1000 2690 ac
1021 2635 1260 2700 dicit,Et
1283 2635 1375 2690 hos
1407 2635 1607 2690 devita.
1635 2637 1718 2690 Ere
1742 2636 1826 2690 his

172 2726 326 2781 enim
361 2729 492 2780 sunt
516 2726 612 2795 qui
637 2729 926 2795 penetrant
955 2723 1300 2780 domos.Non
1315 2725 1830 2792 ait,Penetrabunt

172 2819 470 2885 tanquam
499 2819 556 2868 et
585 2813 678 2868 hic
705 2813 969 2868 futurum
1001 2814 1432 2884 prmnuntians,
1464 2813 1614 2869 sicut
1645 2829 1828 2884 supra

173 2902 426 2966 dixerat,
462 2903 746 2958 Instabunt
785 2907 1029 2974 tempora
1063 2903 1366 2970 periculosa
1395 2924 1415 2969 ;
1446 2903 1550 2956 sed
1584 2903 1684 2966 ait,
1727 2905 1828 2958 Pe-

171 2995 400 3047 netrant
424 2990 627 3059 domos,
655 2996 707 3047 et
727 2992 974 3060 captivas
993 2991 1649 3060 ducuntmutiereutasdl
1682 2991 1823 3046 Tim.

170 3097 256 3146 ιιι,
297 3081 408 3152 1-6)
446 3095 457 3133 :
500 3096 621 3137 non
653 3081 752 3146 ait,
785 3084 1026 3144 Ducent,
1069 3081 1157 3136 vel
1185 3081 1418 3136 ducturi
1469 3086 1650 3148 sunt;
1695 3081 1823 3146 sed,

167 3171 300 3242 jam
329 3170 554 3226 ducunt.

237 3282 326 3333 23.
347 3281 459 3334 Nec
476 3278 776 3350 putandus
794 3283 877 3333 est
899 3277 1012 3334 hoc
1025 3277 1176 3342 loco,
1195 3294 1301 3349 pro
1326 3278 1612 3350 temporis
1636 3277 1823 3336 futuri

165 3367 386 3431 verbis,
408 3367 718 3438 prmsentis
734 3367 1011 3437 temporis
1029 3367 1209 3422 verba
1224 3367 1525 3438 posuisse;
1547 3367 1826 3439 quando-

161 3456 412 3528 quidem
438 3456 566 3512 illos
585 3456 662 3512 ab
689 3471 791 3511 eos
824 3457 916 3510 cui
949 3457 1169 3517 scribit,
1201 3457 1405 3512 evitari
1429 3456 1816 3512 admonebat.

164 3547 284 3600 Nec
306 3549 504 3600 tamen
527 3542 745 3600 frustra
761 3544 929 3609 dixit,
966 3544 1028 3598 In
1061 3546 1372 3600 novissimis
1421 3544 1608 3600 diebus
1652 3547 1821 3600 insta-

165 3633 302 3689 bunt
327 3638 571 3705 tempora
586 3635 889 3702 periculosa
903 3639 993 3698 ;et
1012 3634 1152 3688 hinc
1170 3650 1242 3689 ea
1261 3634 1596 3704 periculosa
1619 3633 1821 3690 futura

160 3722 588 3778 demonstrans
620 3722 763 3779 tales
790 3724 1064 3779 homines
1095 3724 1326 3778 futuros
1357 3739 1488 3778 esse
1521 3723 1817 3794 praedixit,

166 3811 281 3866 nisi
297 3813 612 3884 quiatanto
629 3812 824 3883 plures
842 3819 1034 3876 erunt,
1064 3813 1375 3885 magisque
1396 3811 1818 3880 abundabunt,

159 3907 392 3974 quanto
412 3902 607 3969 magis
620 3902 1059 3974 propinquatur
1077 3901 1152 3956 ad
1170 3900 1654 3956 ﬁnem.Videmus
1676 3916 1820 3969 ergo

163 3992 311 4046 tales
336 4005 494 4045 nunc
527 3991 978 4046 abundare.Sed
1015 3990 1182 4063 quid,
1241 3991 1286 4044 si
1342 3989 1818 4045 abundantiores

163 4085 484 4150 eruntpost
509 4095 638 4144 nos,
675 4084 730 4134 et
759 4079 1003 4134 omnino
1027 4077 1538 4134 abundantissimi
1569 4077 1819 4149 quando

159 4167 290 4238 jam
314 4167 562 4238 jamque
588 4168 714 4237 ipse
740 4166 875 4221 ﬁnis
906 4167 1172 4229 instabit,
1202 4166 1304 4238 qui
1326 4165 1598 4237 quandiu
1630 4166 1821 4222 aberit

160 4253 515 4324 ignoratur?
543 4255 859 4310 Novissimi
891 4257 1114 4326 quippe
1139 4255 1266 4310 dies
1296 4255 1435 4310 dicti
1471 4262 1630 4320 sunt,
1658 4261 1714 4310 et
1758 4255 1818 4312 in

161 4345 310 4416 ipsis
338 4345 546 4415 primis
576 4344 996 4414 Apostolorum
1029 4344 1263 4407 diebus,
1315 4361 1450 4399 cum
1486 4346 1717 4400 Domini
1759 4347 1817 4400 in

163 4434 383 4490 coelum
399 4449 603 4489 recens
620 4433 1329 4504 essetascensus,quando
1345 4433 1436 4489 die
1451 4434 1818 4490 Pentecostes

162 4522 323 4578 misit
344 4521 711 4593 promissum
738 4523 1018 4592 Spiritum
1043 4528 1403 4586 sanctnm,et
1425 4522 1673 4593 quidam
1701 4529 1818 4576 stu-

158 4611 387 4684 pebant
416 4610 784 4666 admirantes
810 4625 913 4665 eos
939 4611 1039 4682 qui
1074 4611 1290 4680 linguis
1321 4627 1477 4680 quas
1507 4627 1626 4665 non
1659 4611 1817 4665 didi-

161 4698 812 4770 cerant,loquebantur,
831 4698 1082 4769 quidam
1107 4713 1245 4753 vero
1277 4698 1815 4763 irridentes,musto

160 4789 372 4861 plenos
392 4803 524 4844 esse
537 4787 837 4843 dicebant.
855 4789 898 4853 Ο
910 4803 983 4842 uo
996 4787 1090 4842 die
1105 4788 1307 4841 Petrus
1329 4787 1580 4859 loquens
1594 4787 1670 4842 ad
1687 4786 1815 4842 illos

161 4878 265 4949 qui
298 4877 372 4931 de
402 4876 514 4931 hac
545 4893 606 4930 re
642 4877 802 4931 varie
833 4875 1228 4931 movebantur
1258 4894 1270 4933 :
1302 4875 1426 4930 Non
1477 4875 1624 4929 enim
1671 4875 1814 4929 sicut

161 4965 377 5037 inquit,
417 4967 797 5031 suspicamini,
825 4965 962 5020 ebrii
989 4968 1117 5019 sunt
1150 4965 1390 5028 isti,cum
1413 4966 1482 5018 sit
1516 4963 1652 5018 hora
1680 4964 1814 5019 dicit

161 5056 349 5109 tertia.
384 5055 482 5108 Sed
520 5053 791 5109 attendite
811 5055 1072 5123 quoniam
1097 5052 1196 5108 hoc
1219 5057 1298 5108 est
1324 5052 1471 5123 quod
1498 5053 1707 5107 dictum
1732 5057 1812 5107 est

159 5159 261 5214 per
271 5142 736 5214 prophetam,Erit
758 5144 813 5196 in
839 5143 1146 5197 novissimis
1159 5142 1506 5206 diebus,iticit
1527 5143 1808 5206 Dominus,

159 5231 446 5304 effundam
484 5231 550 5286 de
577 5232 794 5302 Spiritu
835 5246 951 5286 meo
979 5247 1147 5292 super
1176 5247 1390 5287 omnem
1418 5247 1668 5298 carnem,
1699 5236 1809 5287 etc.

167 5323 304 5391 (Act.
339 5335 401 5386 ιι,
440 5325 458 5373 l
495 5323 627 5389 (l7).

240 5425 476 5478 24.1am
511 5430 651 5479 tunc
683 5439 824 5494 ergo
857 5424 1164 5479 erantdies
1195 5425 1506 5481 novissimi
1538 5443 1550 5491 ;
1586 5430 1814 5496 quanto

166 5514 362 5581 magis
377 5514 788 5578 nunc,etiamsi
810 5519 1040 5568 tantum
1059 5513 1288 5568 dierum
1306 5515 1595 5569 remansit
1625 5529 1815 5585 usque

163 5603 222 5658 in
248 5601 754 5673 linem,qnantum
787 5603 861 5658 ad
897 5603 1054 5657 hunc
1081 5603 1236 5656 diem
1278 5619 1312 5658 a
1347 5603 1577 5658 Domini
1610 5618 1817 5657 ascen-

167 5691 339 5749 sione
379 5697 748 5748 transactum
780 5697 887 5755 est,
906 5691 998 5747 vel
1020 5690 1247 5764 aliquid
1273 5691 1396 5747 sive
1417 5693 1616 5748 minus
1638 5697 1818 5749 restet

1414 191 1919 254 EPISTOLARUM
1960 195 2255 256 CLASSIS
2298 197 2397 258 III.

3503 196 3614 258 9M

1958 323 2080 381 sive
2113 326 2371 398 amplius
2395 325 2423 380 7
2452 323 2618 397 quod
2660 322 2924 396 profecto
2955 323 3279 393 nescimus,
3312 323 3456 397 quia
3487 341 3610 382 non

1957 417 2042 468 est
2070 419 2338 470 nostrum
2355 414 2502 469 scire
2527 419 2797 484 tempora
2811 411 2897 466 vel
2915 417 3242 477 momenta,
3276 429 3409 485 quas
3443 417 3611 471 Pater

1955 502 2152 572 posuit
2180 503 2236 557 in
2269 520 2375 558 sua
2409 507 2736 574 potestate;
2778 517 2916 557 cum
2957 507 3155 556 tamen
3209 503 3491 568 sciamus,
3547 505 3606 558 in

1953 591 2294 647 novissimis
2328 591 2786 662 temporibus,in
2811 591 3152 646 novissimis
3171 591 3467 655 diebus,in
3507 609 3606 648 no-

1951 679 2197 736 vissima
2222 680 2371 736 hora
2397 695 2508 735 nos
2541 695 2736 748 agere,
2767 680 2916 734 sicut
2945 679 3248 750 Apostoli;
3281 680 3383 734 sed
3419 681 3606 736 multo

1953 769 2145 837 magis
2175 771 2277 842 qui
2317 769 2558 825 fuerunt
2591 774 2726 839 post
2755 768 2886 823 illos
2958 773 3094 823 ante
3126 783 3256 832 nos,
3303 772 3358 822 et
3418 769 3604 824 multo

1950 858 2144 928 magis
2173 873 2284 914 nos
2315 863 2370 913 et
2399 857 2592 927 magis
2624 872 2809 930 quam
2859 872 2968 911 nos
3006 856 3109 928 qui
3136 861 3462 928 ernntpost
3494 872 3604 912 nos

1949 946 2141 1002 donec
2161 949 2237 1002 ad
2253 947 2380 1002 illos
2393 947 2662 1002 veniatur
2677 945 2779 1017 qui
2792 950 2963 1000 erunt
2977 945 3020 998 si
3037 944 3154 999 dici
3176 950 3474 1014 potest,no
3485 945 3572 999 vis
3585 975 3604 985 -

1951 1036 2237 1092 simorum
2256 1036 2774 1107 novissimi,atque
2793 1035 2868 1089 ad
2897 1036 3092 1105 ipsum
3124 1034 3372 1088 omnino
3398 1035 3602 1089 novis-

1950 1126 2192 1194 simum,
2225 1141 2406 1197 quem
2431 1126 2551 1179 vult
2578 1124 2821 1193 intelligi
2860 1124 3165 1187 Dominus,
3203 1123 3303 1177 ubi
3336 1123 3498 1190 dicit,
3537 1125 3599 1177 Et

1947 1215 2280 1269 resuscitabo
2304 1231 2426 1270 eum
2455 1215 2515 1268 in
2553 1215 2850 1268 novissima
2877 1213 2963 1268 die
3016 1213 3204 1282 (Joan.
3232 1229 3303 1280 v1,
3335 1213 3422 1281 40)
3453 1228 3464 1265 :
3497 1212 3598 1283 qui

1947 1305 2048 1375 qui
2083 1319 2267 1375 quam
2300 1303 2474 1372 longe
2507 1303 2680 1373 absit,
2711 1300 3137 1374 comprehendi
3170 1316 3289 1355 non
3315 1305 3523 1371 potest.

2018 1409 2240 1464 CAPUT
2259 1410 2352 1463 lX.
2378 1439 2444 1449 —
2471 1410 2558 1464 25.
2589 1409 2768 1480 Signa
2800 1423 2933 1479 quae
2963 1408 3020 1461 in
3055 1406 3369 1475 Evangelio
3402 1406 3599 1462 futura

1941 1497 2230 1568 praedicta
2261 1499 3028 1560 sunt,sicutcommemorat
3052 1497 3343 1551 Sanctitas
3374 1501 3596 1560 tua,se-

1943 1585 2207 1641 cundum
2227 1589 2443 1642 Lucam
2468 1586 2950 1656 (Luc.xx1,7-33),
2975 1585 3186 1639 eadem
3222 1589 3360 1639 sunt
3391 1599 3597 1639 secun-

1942 1675 2085 1730 dum
2118 1675 2452 1730 Matthaaum
2507 1673 2736 1744 (Matth.
2765 1689 2924 1741 xxiv,
2974 1673 3142 1742 1-44),
3175 1679 3228 1727 et
3260 1672 3595 1727 secundum

1942 1765 2202 1818 Marcum
2225 1764 2435 1829 (Marc.
2453 1769 2595 1828 xm).
2616 1762 2679 1816 Hi
2695 1762 2855 1816 enim
2881 1766 2994 1816 tres
3021 1765 3268 1816 narrant
3283 1777 3416 1832 quae
3431 1760 3596 1815 dixe-

1940 1852 2013 1907 rit
2048 1853 2353 1918 Dominus,
2412 1868 2548 1906 cum
2592 1851 2983 1921 interrogatus
3034 1855 3189 1903 esset
3219 1866 3252 1904 a
3287 1848 3595 1919 discipulis

1942 1941 2091 2008 suis,
2123 1941 2368 2012 quando
2383 1940 2578 1995 futura
2603 1945 2798 1994 essent
2833 1954 2967 2010 quae
2985 1937 3050 1992 de
3070 1937 3270 2009 templi
3289 1939 3594 1993 eversione

1940 2029 2314 2100 praedixerat,
2344 2035 2397 2083 et
2427 2028 2588 2099 quod
2615 2027 2855 2096 signum
2885 2027 3350 2081 essetadventus
3367 2027 3515 2096 ejus,
3539 2032 3592 2083 et

1941 2117 2473 2174 consummationis
2488 2117 2843 2172 smculi.Non
2860 2116 3018 2170 enim
3034 2115 3374 2185 discrepant
3390 2115 3588 2184 rebus,

1942 2207 1992 2262 si
2023 2206 2172 2262 alius
2203 2207 2430 2279 aliquid
2492 2205 2632 2261 dicit
2685 2203 2851 2277 quod
2883 2205 3034 2260 alius
3082 2209 3252 2273 tacet,
3315 2208 3416 2260 aut
3474 2203 3592 2260 alio

1940 2295 2123 2352 modo
2149 2296 2289 2350 dicit
2323 2295 2550 2366 :magis
2582 2300 2780 2350 autem
2831 2294 3049 2349 collata
3078 2292 3330 2348 invicem
3357 2293 3591 2362 juvant,

1942 2390 2003 2440 ut
2016 2383 2262 2453 legentis
2276 2384 2605 2439 intellectus
2619 2381 2992 2450 regatur.Sed
3007 2381 3080 2436 de
3096 2380 3376 2436 omnibus
3391 2380 3595 2452 dispu-

1942 2478 2064 2530 tare
2101 2489 2258 2528 nunc
2291 2473 2539 2543 longum
2571 2469 3193 2539 est.lnterrogantibus
3225 2470 3381 2524 enim
3402 2470 3594 2524 Domi-

1941 2578 2052 2617 nus
2083 2577 2155 2617 ea
2184 2561 2508 2632 respondit,
2532 2559 2810 2631 quaejam
2843 2575 2914 2613 ex
2937 2558 3034 2613 illo
3063 2562 3328 2629 tempore
3360 2557 3594 2613 fuerant

1940 2655 2217 2706 secutura
2248 2650 2369 2705 sive
2395 2649 2470 2703 de
2501 2647 2731 2704 excidio
2756 2646 3107 2712 Jerusalem,
3144 2646 3300 2701 unde
3354 2650 3481 2701 orta
3506 2650 3594 2702 est

1941 2741 2126 2811 ipsius
2151 2737 2628 2808 interrogationis
2647 2736 2920 2801 occasio;
2956 2737 3077 2791 sive
3093 2736 3166 2792 de
3190 2735 3452 2792 adventu
3485 2752 3594 2790 suo

1941 2846 2046 2902 per
2073 2829 2418 2892 Ecclesiam,
2452 2829 2511 2883 in
2533 2844 2656 2899 qua
2689 2841 2877 2898 usque
2910 2826 2986 2881 ad
3029 2825 3206 2881 ﬁnem
3238 2826 3439 2882 venire
3472 2840 3593 2881 non

1940 2924 2132 2974 cessat
2157 2936 2168 2974 :
2193 2919 2251 2973 in
2280 2918 2399 2972 suis
2431 2916 2592 2971 enim
2629 2915 2874 2970 veniens
2892 2915 3259 2983 agnoscitur,
3291 2915 3432 2970 dum
3465 2916 3595 2985 ejus

1939 3008 2203 3081 quotidie
2232 3006 2506 3061 membra
2539 3009 2866 3060 nascuntur
2899 3020 2911 3068 ;
2948 3002 3020 3057 de
3052 3019 3174 3074 quo
3190 3002 3456 3058 adventu
3491 3004 3590 3070 ait,

1939 3097 2148 3152 Amodo
2178 3096 2426 3150 videbitis
2469 3094 2679 3149 Filium
2720 3093 2960 3149 hominis
3000 3093 3305 3146 venientem
3338 3092 3392 3145 in
3434 3091 3594 3146 nubi-

1939 3186 2034 3240 bus
2083 3185 2306 3256 (Matth.
2340 3199 2498 3248 xxvr,
2530 3183 2619 3252 64)
2661 3199 2672 3237 :
2700 3181 2772 3236 de
2805 3180 3028 3253 quibus
3056 3179 3322 3234 nubibus
3366 3180 3592 3235 dictum

1938 3280 2027 3330 est
2061 3273 2552 3346 perprophetam,
2587 3270 2860 3326 Mandabo
2883 3269 3116 3323 nubibus
3142 3269 3276 3322 meis
3313 3285 3380 3322 ne
3401 3270 3594 3338 pluant

1934 3380 2098 3435 super
2146 3379 2267 3417 eam
2302 3362 2460 3433 ([sai.
2494 3378 2545 3426 v,
2578 3361 2630 3431 6)
2659 3378 2672 3416 :
2729 3361 2849 3414 sive
2881 3358 2954 3413 de
3003 3358 3135 3430 ipso
3170 3359 3306 3422 ﬁne,
3369 3359 3425 3412 in
3471 3373 3593 3430 quo

1936 3452 2251 3525 apparebit
2282 3452 2447 3506 vivos
2470 3449 2847 3520 judicaturus
2877 3452 2933 3502 et
2962 3451 3256 3503 mortuos.

2005 3552 2094 3612 26,
2113 3553 2257 3605 Cum
2283 3549 2484 3619 itaque
2511 3546 3023 3616 signadicat,quae
3051 3544 3254 3599 adista
3275 3543 3384 3600 tria
3415 3543 3594 3615 perti-

1935 3640 2162 3703 nent,id
2194 3643 2300 3701 est,
2326 3637 2401 3692 ad
2435 3635 2727 3690 excidium
2759 3633 2915 3688 illius
2941 3633 3192 3688 civitatis
3225 3651 3237 3700 ;
3268 3633 3344 3688 ad
3370 3633 3589 3688 adven-

1935 3733 2059 3785 tum
2075 3728 2203 3798 ejus
2218 3728 2272 3780 in
2289 3740 2538 3796 corpore
2553 3722 2855 3794 suo,quod
2870 3726 2954 3776 est
2973 3721 3261 3787 Ecclesia;
3279 3722 3352 3777 ad
3374 3721 3592 3777 adven-

1935 3822 2060 3872 tum
2093 3817 2220 3887 ejus
2253 3815 2312 3870 in
2359 3816 2549 3886 capite
2576 3811 2874 3880 Ecclesiie,
2910 3809 3073 3882 quod
3113 3816 3198 3864 est
3221 3811 3347 3880 ipse
3377 3827 3388 3863 :
3423 3811 3589 3880 quod

1933 3921 2142 3962 eorum
2167 3905 2452 3975 signorun
2467 3901 2544 3956 ad
2573 3900 2735 3973 quod
2765 3900 2977 3954 horum
3007 3898 3186 3952 trium
3211 3898 3588 3953 referendum

1934 3995 2029 4059 sit,
2050 3993 2316 4063 diligenti
2334 3989 2808 4046 consideratione
2821 3985 3191 4042 cernendum
3206 3991 3313 4051 est,
3337 4001 3409 4040 ne
3433 3985 3582 4042 forte

1933 4083 2097 4157 quod
2122 4082 2372 4155 pertinet
2397 4080 2472 4135 ad
2495 4080 2868 4135 eversionem
2899 4075 3248 4143 Jerusalem,
3295 4075 3372 4131 ad
3405 4075 3586 4131 ﬁnem

1935 4173 2137 4229 saeculi
2168 4170 2546 4226 referendum
2581 4170 3009 4240 pulcmus;aut
3035 4182 3066 4220 e
3097 4164 3398 4220 contrario
3423 4165 3586 4235 quod

1931 4279 1969 4321 a
1989 4263 2002 4317 l
2019 4263 2199 4317 ﬁnem
2218 4259 2408 4315 saeculi
2425 4256 3065 4331 pertinet,aiﬁrmemus
3081 4257 3152 4310 ad
3167 4255 3416 4310 civitatis
3435 4253 3587 4309 illius

1931 4352 2226 4409 excidium
2289 4349 2620 4420 pertinere;
2673 4353 2773 4402 aut
2830 4345 2994 4416 quod
3022 4345 3270 4415 pertinet
3322 4344 3396 4397 ad
3455 4343 3585 4412 ejus

1927 4441 2256 4497 adventum
2291 4439 2348 4491 in
2381 4452 2630 4508 corpore
2662 4450 2790 4502 suo,
2820 4433 2984 4505 quod
3013 4437 3099 4487 est
3129 4432 3391 4487 Ecclesia
3422 4430 3585 4484 dica-

1930 4545 2065 4583 mus
2114 4527 2403 4598 pertinere
2445 4524 2521 4579 ad
2552 4523 2678 4594 ejus
2709 4522 3032 4577 adventum
3093 4519 3483 4574 novissimum
3521 4519 3582 4573 in

1929 4631 2178 4688 corpore
2204 4630 2331 4678 suo,
2366 4612 2532 4684 quod
2564 4615 2652 4665 est
2681 4616 2861 4681 caput
2891 4609 3161 4664 Ecclesiae
3190 4611 3326 4673 ;aut
3372 4622 3583 4660 rursus

1928 4705 2095 4778 quod
2122 4704 2373 4775 pertinet
2404 4703 2480 4758 ad
2513 4701 2839 4755 adventum
2874 4699 3001 4769 ejus
3046 4697 3442 4752 novissimum
3477 4711 3582 4767 per

1931 4795 2216 4864 seipsum,
2242 4791 2317 4847 ad
2341 4807 2476 4846 eum
2505 4789 2794 4862 pertinere
2819 4803 3236 4842 asseveremus
3260 4786 3582 4841 adventum

1927 4885 2030 4957 qui
2063 4887 2148 4938 est
2175 4898 2278 4954 per
2335 4880 2676 4936 Ecclesiam.
2716 4882 2774 4932 In
2826 4877 3048 4949 quibus
3109 4876 3391 4931 omnibus
3443 4879 3580 4930 sunt

1926 4973 2209 5046 quaedam
2244 4969 2576 5032 manifesta,
2598 4967 2880 5039 quaedam
2914 4981 3052 5020 vero
3086 4966 3167 5019 sic
3199 4965 3474 5027 obscura,
3519 4968 3584 5016 ut

1927 5062 2019 5117 vel
2047 5060 2417 5116 laboriosum
2451 5059 2524 5113 sit
2545 5074 2614 5111 ea
2641 5057 2994 5127 dijudicare,
3052 5054 3142 5109 vel
3172 5051 3576 5117 temerarium,

1927 5150 2219 5224 quamdiu
2253 5147 2816 5216 nonintelliguntur,
2834 5145 2907 5200 de
2932 5145 3021 5198 his
3055 5141 3280 5213 aliquid
3309 5139 3579 5196 deﬁnire.

1999 5255 2085 5304 27.
2117 5249 2254 5315 Quis
2278 5247 2434 5302 enim
2454 5261 2573 5300 non
2589 5243 2877 5300 videatad
2906 5242 3068 5297 illam
3086 5241 3385 5295 civitatem
3411 5240 3587 5311 perti-

1930 5337 2246 5409 nerequod
2279 5338 2505 5392 dictum
2525 5339 2616 5389 est
2644 5333 2806 5395 Cum,
2839 5336 3024 5385 autem
3055 5329 3301 5385 videritis
3347 5330 3586 5383 circum-

1929 5429 2055 5483 dari
2100 5429 2348 5482 exercitu
2389 5425 2714 5484 Jerusalem,
2759 5422 3088 5476 tuncscitote
3133 5419 3263 5489 quia
3296 5425 3588 5489 apprOpin-

1930 5519 2114 5589 quavit
2137 5516 2395 5572 desolatw
2421 5513 2536 5582 ejus
2581 5513 2735 5582 (Luc.
2770 5526 2892 5574 xxn,
2929 5509 3018 5580 20)
3051 5510 3078 5564 i’
3106 5509 3249 5563 ltem
3281 5508 3418 5579 quis
3467 5523 3587 5564 non

1931 5606 2124 5660 videat
2151 5605 2226 5660 ad
2260 5605 2587 5659 adventum
2615 5599 2844 5654 Domini
2868 5597 3264 5652 novissimum
3294 5597 3589 5666 pertinere

1934 5691 2096 5766 quod
2111 5693 2334 5748 dictum
2354 5699 2463 5759 est,
2500 5691 2639 5745 Cum
2664 5687 2914 5743 videritis
2942 5686 3055 5742 hac
3080 5687 3426 5760 ﬁeri,scitote
3458 5702 3591 5758 quo~
