4118 6164
544 178 655 245 915

546 305 705 359 niam
717 318 882 377 prope
892 309 973 361 est
988 318 1217 374 regnum
1229 302 1335 358 Dei
1357 300 1384 356 ‘l
1410 301 1557 359 Illud
1568 307 1767 360 autem
1795 302 1957 377 quod
1973 302 2199 361 dictum

550 399 657 460 est,
710 396 799 450 Vm
837 392 1246 465 praegnantibus
1290 399 1344 447 et
1365 393 1738 449 nutrientibus
1790 394 1852 447 in
1873 393 1986 448 illis
2016 392 2203 448 diebus

554 484 723 539 Orate
735 486 919 537 autem
932 484 991 535 ut
1029 495 1135 535 non
1154 481 1252 551 ﬁat
1262 483 1396 553 fuga
1429 486 1610 537 vestra
1641 482 1819 539 hieme
1847 482 1932 538 vel
1959 481 2201 537 sabbato.

557 574 684 627 Erit
734 572 883 625 enim
942 572 1071 623 tunc
1114 569 1406 626 tribulatio
1462 588 1668 642 magna
1724 572 1907 643 qualis
1938 586 2045 628 non
2094 571 2205 640 fuit

553 661 623 714 ab
638 659 800 713 initio
812 658 1025 723 mundi,
1048 674 1220 729 neque
1232 659 1325 729 ﬁet
1341 678 1359 724 ;
1376 660 1459 715 sic
1479 665 1567 715 est
1588 660 1847 732 positum
1874 658 2206 715 secundum

556 746 913 813 Matthaeum,
937 751 996 801 et
1026 748 1359 803 secundum
1392 752 1674 814 Marcum,
1702 754 1763 804 ut
1801 750 2092 805 incertum
2133 747 2210 804 sit

560 841 757 891 utrum
779 836 853 891 de
874 836 1103 892 excidio
1129 836 1282 892 illius
1330 838 1602 904 civitatis,
1630 854 1707 894 an
1738 838 1813 894 de
1840 837 2044 894 saeculi
2092 837 2209 893 ﬁne

559 924 804 995 intelligi
833 924 1067 981 debeat.
1102 926 1195 981 Sic
1226 926 1385 981 enim
1417 926 1532 982 hoc
1554 929 1757 998 ipsum
1805 927 2017 997 legitur
2046 925 2212 998 apud

562 1017 842 1078 Marcum,
892 1016 973 1070 Vm
1024 1018 1209 1070 autem
1237 1017 1649 1086 pregnantibus
1679 1024 1728 1072 et
1759 1014 2126 1072 nutrientibus
2152 1017 2211 1070 in

562 1103 678 1159 illis
707 1102 908 1159 diebus.
930 1102 1092 1159 Orate
1123 1110 1179 1158 ut
1205 1103 1380 1159 hieme
1406 1121 1512 1159 non
1539 1106 1698 1175 fiant.
1724 1107 1898 1160 Erunt
1920 1120 2073 1159 enim
2101 1104 2214 1158 dies

565 1193 653 1247 illi
665 1191 1041 1246 tribulationis
1054 1192 1205 1256 tales,
1231 1194 1421 1263 quales
1442 1210 1549 1247 non
1564 1196 1596 1263 Γ
1595 1198 1793 1249 uerunt
1806 1195 1875 1249 ab
1892 1194 2055 1249 initio
2068 1208 2216 1248 crea-

568 1288 705 1335 tura
734 1297 896 1351 quam
924 1280 1163 1335 condidit
1198 1282 1353 1347 Deus,
1384 1298 1550 1353 usque
1584 1300 1749 1347 nunc,
1776 1298 1945 1354 neque
1972 1283 2125 1353 ﬁent.
2150 1283 2216 1337 Et

567 1370 676 1424 nisi
690 1368 971 1424 breviasset
984 1370 1253 1425 Dominus
1275 1371 1387 1426 dies
1402 1372 1661 1438 illos,non
1673 1373 1862 1437 fuisset
1873 1372 2024 1427 salva
2037 1388 2161 1427 omn
2170 1372 2217 1425 is

566 1474 697 1515 caro
726 1478 745 1514 :
771 1460 865 1514 sed
888 1464 1109 1531 propter
1153 1462 1368 1525 electos,
1399 1478 1528 1532 quos
1558 1464 1747 1533 elegit,
1783 1462 2046 1518 breviavit
2079 1460 2215 1518 dies.

569 1550 693 1602 Non
725 1547 1092 1603 dissimiliter
1123 1549 1518 1605 etMatthasus.
1552 1554 1669 1606 Hoc
1701 1557 1894 1606 autem
1923 1551 2115 1608 Lucas
2136 1550 2219 1605 ita

567 1636 792 1708 posuit,
830 1638 1467 1708 utappareatzadillius
1500 1639 1751 1695 civitatis
1767 1639 2064 1695 excidium
2090 1654 2218 1711 per-

569 1726 752 1779 tinere
785 1741 799 1790 ;
832 1740 974 1779 nam
1001 1724 1082 1779 sic
1113 1725 1275 1796 apud
1309 1741 1442 1780 eum
1479 1726 1721 1795 legitur:
1758 1729 1839 1782 Vae
1866 1731 2051 1783 autem
2074 1743 2222 1797 prte-

568 1814 862 1884 gnantibus
876 1817 922 1867 et
944 1814 1308 1869 nutrientibus
1323 1815 1379 1869 in
1404 1814 1516 1869 illis
1528 1814 1866 1871 diebus.Erit
1898 1818 2043 1872 enim
2070 1832 2219 1888 pres-

568 1919 702 1957 sura
734 1919 929 1973 magna
942 1908 1343 1974 superterram,
1378 1908 1429 1959 et
1460 1906 1535 1959 ita
1561 1905 1758 1975 populo
1785 1905 1912 1960 huic
1923 1908 2004 1975 ;et
2021 1905 2220 1961 cadent

568 1992 627 2046 in
664 2006 757 2045 ore
780 1990 977 2068 gladii,
1010 2000 1059 2046 et
1087 1993 1290 2062 captivi
1319 1991 1585 2048 ducentur
1616 1994 1675 2047 in
1705 2010 1888 2049 omnes
1923 1998 2137 2065 gentes;
2164 2000 2222 2049 et

563 2080 866 2135 Jerusalem
892 2080 1233 2135 calcabitura
1261 2082 1530 2151 gentibus,
1554 2081 1720 2138 donec
1733 2083 2072 2155 impleantur
2088 2090 2220 2139 tem-

564 2185 701 2240 pora
722 2170 1031 2224 nationum.

633 2277 720 2332 28.
753 2275 916 2333 Unde
942 2280 1141 2332 autem
1174 2275 1252 2332 ad
1272 2276 1386 2332 hoc
1418 2281 1658 2333 ventum
1686 2277 2113 2343 est,Matthaeus
2139 2277 2219 2335 ita

565 2364 797 2421 scribit:
817 2366 949 2421 Cum
969 2381 1097 2436 ergo
1110 2365 1304 2421 viderit
1313 2366 1358 2421 is
1370 2366 1836 2423 abominationem
1849 2366 2216 2433 desolationis,

562 2454 842 2525 quaedicta
858 2458 935 2509 est
948 2472 981 2509 a
1005 2457 1119 2509 Dan
1128 2455 1230 2511 iele
1252 2454 1660 2525 propheta,stan
1669 2462 1777 2511 tem
1800 2458 1857 2511 in
1876 2456 1985 2511 loco
2007 2465 2213 2522 sancto,

561 2544 655 2615 qui
685 2545 833 2614 legit,
858 2543 1136 2614 intelligat
1167 2560 1182 2596 :
1216 2548 1346 2598 tunc
1366 2546 1530 2614 quiin
1551 2545 2139 2615 Judmasuntfugiant
2159 2548 2218 2600 in

560 2640 769 2690 montes
792 2651 810 2699 ,'
830 2641 881 2689 et
906 2634 1071 2704 quiin
1103 2638 1379 2698 tecto,non
1405 2634 1693 2690 descendat
1724 2634 1914 2691 tollere
1926 2635 2135 2705 aliquid
2156 2635 2216 2691 de

561 2723 718 2778 domo
731 2738 831 2777 sua
841 2738 862 2787 ;
875 2729 928 2778 et
940 2723 1036 2792 qui
1047 2723 1103 2776 in
1123 2737 1274 2792 agro,
1293 2738 1398 2777 non
1416 2726 1743 2779 revertatur
1758 2723 1948 2780 tollere
1969 2725 2217 2779 tunicam

561 2828 738 2867 suam.
774 2813 855 2867 Vae
877 2814 1064 2867 autem
1088 2811 1505 2882 praegnantibus
1521 2819 1573 2867 et
1600 2813 1978 2868 nutrientibus
2006 2815 2064 2867 in
2101 2813 2216 2868 illis

560 2901 768 2965 diebus,
801 2905 911 2956 etc.
941 2903 1167 2957 Marcus
1192 2899 1451 2956 veroita:
1469 2900 1601 2955 Cum
1628 2904 1815 2957 autem
1828 2901 2075 2957 videritis
2090 2902 2215 2957 abo-

558 2990 920 3045 minationem
932 2990 1279 3045 desolationis
1291 2993 1529 3045 stantem
1545 2989 1638 3045 ubi
1648 3005 1756 3045 non
1767 2990 2049 3060 debet,qui
2063 2993 2211 3061 legit,

560 3080 838 3150 intelligat
860 3097 876 3134 :
901 3086 1031 3134 tunc
1046 3080 1142 3150 qui
1166 3079 1227 3134 in
1253 3078 1448 3134 Judaea
1471 3083 1618 3143 sunt,
1649 3081 1942 3151 [ugiantin
1963 3084 2166 3136 montes
2194 3096 2211 3145 ;

558 3177 610 3225 et
626 3171 720 3239 qui
743 3185 910 3238 super
941 3172 1162 3236 tectum,
1185 3183 1253 3223 ne
1267 3167 1551 3223 descendat
1574 3169 1634 3222 in
1654 3168 1895 3233 domum,
1918 3185 2017 3225 nec
2042 3171 2212 3225 intro-

559 3262 647 3314 cat
676 3262 735 3312 ut
754 3258 910 3313 tollat
934 3257 1065 3327 quid
1088 3257 1153 3311 de
1182 3256 1339 3312 domo
1370 3272 1469 3312 sua
1500 3260 1587 3323 ;et
1610 3258 1777 3328 quiin
1804 3274 1936 3328 agro
1950 3260 2079 3324 erit,
2108 3276 2217 3313 non

560 3352 869 3404 revertatur
897 3355 1038 3403 retro
1069 3346 1257 3400 tollere
1282 3348 1667 3401 vestimentum
1690 3362 1872 3402 suum.
1926 3349 2008 3403 Va:
2031 3353 2217 3404 autem

559 3436 971 3510 praegnantibus
981 3440 1034 3490 et
1064 3435 1436 3490 nutrientibus
1452 3436 1511 3490 in
1532 3436 1644 3491 illis
1659 3435 1870 3504 diebus,
1888 3442 1945 3491 et
1964 3436 2213 3508 reliqua.

565 3527 752 3582 Lucas
783 3540 923 3580 vero
946 3527 1008 3579 ut
1031 3523 1369 3579 ostenderet
1401 3524 1775 3579 tuncfactam
1794 3523 1973 3580 fuisse
1989 3525 2219 3582 abomi-

565 3614 868 3670 nationem
900 3611 1307 3678 desolationis,
1330 3627 1466 3684 qua)
1495 3628 1530 3667 a
1561 3612 1798 3668 Daniele
1814 3613 2217 3685 praedictaest,

566 3703 814 3776 quando
836 3706 1181 3773 expugnata
1200 3706 1287 3757 est
1305 3700 1662 3770 Jerusalem,
1682 3701 1811 3759 haec
1842 3705 2055 3760 eodem
2084 3702 2219 3760 loco

569 3790 801 3848 Domini
814 3790 999 3847 verba
1011 3794 1444 3847 commemorat
1459 3805 1473 3847 :
1502 3788 1637 3847 Cum
1651 3796 1837 3847 autem
1850 3793 2097 3850 videritis
2114 3796 2222 3850 cir-

568 3880 824 3936 cumdari
852 3879 918 3935 ab
930 3880 1178 3935 exercitu
1205 3878 1671 3944 Jerusalem,tunc
1680 3880 1867 3936 scitote
1883 3884 2011 3953 quia
2024 3897 2219 3954 appro-

566 3970 853 4040 pinquavit
882 3968 1139 4025 desolatis
1151 3968 1201 4033 ei
1207 3984 1285 4022 us.
1312 3972 1574 4039 Apparet
1598 3968 1798 4039 itaque
1812 3973 1948 4026 tunc
1962 3971 2042 4027 ibi
2065 3971 2222 4043 posi-

573 4064 695 4113 tam
743 4057 1132 4112 desolationis
1160 4055 1695 4123 abominationem,
1721 4058 1795 4113 de
1837 4075 1960 4130 qua
1986 4060 2109 4116 duo
2142 4059 2224 4117 illi

574 4144 952 4215 evangelista:
966 4144 1144 4198 locuti
1172 4148 1331 4198 sunt.
1353 4144 1929 4215 Deniqueetiamiste
1957 4148 2226 4206 similiter

577 4235 872 4304 sequitur:
895 4234 1037 4288 Tunc
1064 4232 1153 4286 cui
1182 4233 1239 4287 in
1260 4232 1455 4288 Iudaea
1484 4237 1632 4299 sunt,
1658 4236 1881 4304 fugiant
1910 4238 1968 4292 in
1995 4242 2224 4307 montes,

578 4324 643 4378 Et
667 4337 777 4393 pro
807 4336 877 4376 eo
903 4320 1068 4394 quod
1100 4320 1372 4376 dixerunt
1403 4320 1503 4386 illi,
1526 4328 1579 4376 et
1603 4324 1699 4392 qui
1715 4340 1876 4395 super
1906 4329 2131 4394 tectum,
2159 4338 2229 4384 ne

576 4411 857 4467 descendat
878 4412 934 4466 in
957 4410 1170 4467 domum
1182 4426 1299 4476 ,nec
1324 4412 1560 4466 introeat
1575 4415 1635 4466 ut
1654 4412 2023 4485 toluthuidde
2038 4416 2192 4474 domo
2205 4431 2229 4484 ,'

576 4501 685 4557 iste
702 4501 867 4567 dixit,
885 4505 937 4557 et
957 4501 1120 4572 quiin
1138 4498 1314 4555 medio
1335 4499 1450 4570 ejus
1461 4506 1611 4567 sunt,
1627 4501 1944 4560 discedant:
1964 4511 2022 4560 ut
2036 4514 2227 4563 osten-

576 4590 810 4647 deretur
838 4589 954 4645 illis
987 4588 1181 4645 verbis
1212 4588 1370 4660 apud
1402 4588 1551 4646 alios
1573 4593 1966 4661 evangelistas
1992 4596 2224 4666 positis,

578 4679 1012 4736 festinationem
1027 4677 1180 4748 fugae
1192 4677 1371 4733 fuisse
1389 4684 1763 4751 praeceptam.
1784 4684 1846 4737 Et
1859 4698 1967 4754 pro
1980 4700 2049 4739 eo
2061 4685 2228 4756 quod

581 4767 662 4825 illi
694 4771 1038 4839 posuerunt,
1054 4769 1210 4837 etqui
1220 4769 1276 4822 in
1300 4783 1435 4838 agro
1460 4771 1587 4834 erit,
1620 4785 1730 4825 non
1757 4780 2060 4827 revertatur
2077 4778 2229 4831 retro

580 4858 767 4915 tollere
798 4858 1178 4911 vestimentum
1204 4872 1364 4912 suum
1393 4879 1413 4927 ,-
1444 4858 1825 4928 apertiusisle
1852 4861 1952 4926 ait,
1991 4863 2151 4932 etqui
2171 4864 2230 4918 in

578 4947 899 5020 regionibus
912 4962 1018 5002 non
1039 4947 1243 5001 intrent
1263 4948 1317 5001 in
1329 4962 1452 5001 eam
1463 4948 1627 5018 ,‘quia
1640 4948 1751 5003 dies
1774 4948 1998 5007 ultionis
2013 4949 2077 5005 hi
2098 4956 2228 5007 sunt

578 5043 639 5095 ut
668 5036 1008 5108 impleantur
1045 5036 1233 5090 omnia
1260 5052 1379 5106 quae
1407 5038 1617 5105 scripta
1642 5046 1787 5093 sunt.
1816 5038 2036 5095 Deinde
2068 5040 2228 5095 simi-

573 5127 705 5185 liter
724 5126 905 5185 etiam
933 5125 1040 5181 iste
1066 5126 1348 5196 sequitur,
1375 5128 1435 5179 ut
1457 5140 1705 5196 prorsus
1735 5128 2117 5185 manifestum
2151 5130 2227 5187 sit

573 5218 648 5273 de
679 5218 794 5273 hac
821 5232 883 5272 re
903 5215 1034 5285 ipsa
1057 5214 1329 5270 omnium
1376 5213 1550 5271 trium
1578 5231 1709 5272 esse
1731 5217 1890 5273 hunc
1922 5217 2223 5288 Evangelii

570 5306 887 5370 locum,Vae
918 5312 1106 5361 autem
1131 5304 1547 5375 pravgnantibus
1561 5307 1997 5362 etnutrientibus
2020 5309 2076 5362 in
2110 5308 2222 5363 illis

570 5394 775 5461 diebus,
809 5400 863 5450 et
884 5399 1098 5451 caetera
1111 5392 1189 5449 ad
1209 5392 1323 5449 hoc
1345 5393 1719 5465 pertinentia,
1738 5410 1873 5468 quae
1893 5393 2021 5467 jam
2059 5411 2221 5453 com-

572 5484 901 5541 memoravi
925 5482 1223 5555 superius.

639 5591 729 5645 29.
756 5592 941 5648 Lucas
970 5606 1113 5661 ergo
1138 5591 1413 5664 patefecit
1456 5592 1616 5663 quod
1646 5607 1779 5648 esse
1823 5608 1998 5665 posse
2027 5592 2221 5650 incer-

567 5682 715 5745 tum,
758 5691 880 5735 non
906 5679 985 5736 ad
1014 5679 1215 5741 saeculi
1243 5680 1448 5749 ﬁnem,
1482 5681 1585 5740 sed
1610 5681 1689 5738 ad
1710 5681 2219 5761 expugnationem

1830 176 1893 236 S.
1932 176 2290 237 AUGUSTIN
2295 177 2317 236 Ι
2357 176 2684 239 EPISCOPI

3805 184 3897 245 MC

2309 302 2637 361 Jerusalem
2652 302 2946 376 pertinere
2964 301 3199 375 id’quod
3220 300 3445 358 dictum
3461 299 3627 358 estde
3639 300 3907 363 abomina-

2310 393 2465 450 tione
2481 392 2888 455 desolationis,
2903 391 3131 464 etquod
3145 390 3370 447 dictum
3383 395 3471 445 est
3482 390 3704 447 dierum
3715 390 3911 448 brevia-

2312 481 2471 537 tione
2501 487 2742 554 propter
2771 480 2987 538 electos
3023 496 3037 546 ;
3068 479 3205 552 quia
3242 479 3349 535 etsi
3404 493 3477 533 ea
3505 478 3627 550 ipse
3654 479 3913 546 nondixit,

2311 569 2459 627 dixit
2483 575 2681 627 tamen
2713 570 2977 641 apertius
3000 574 3209 625 caetera
3222 568 3297 624 de
3323 567 3440 623 hoc
3458 567 3604 640 ipso,
3619 583 3730 641 quo
3756 574 3808 623 et
3826 570 3914 627 ista

2313 661 2609 731 pertinere
2624 659 2995 715 monstravit.
3011 657 3137 714 Non
3152 656 3311 713 enim
3329 656 3623 712 debemus
3636 655 3915 727 ambigere,

2314 748 2562 822 quando
2590 764 2803 805 eversa
2826 753 2911 804 est
2936 744 3481 813 Jerusalem,fuisse
3521 744 3582 801 in
3613 744 3706 801 illo
3734 747 3918 817 populo

2315 838 2535 894 electos
2546 839 2668 906 Dei,
2682 837 2785 911 qui
2798 836 3251 894 circumcisione
3270 833 3671 899 crediderant,
3698 833 3807 889 sive
3830 834 3922 892 lue

2316 931 2451 984 rant
2474 927 2771 993 credituri,
2808 925 2977 983 electi
3006 930 3145 983 ante
3196 923 3682 981 constitutionem
3730 923 3919 990 mundi,

2320 1021 2555 1089 propter
2582 1032 2739 1089 quos
2781 1016 3192 1072 breviarentur
3235 1012 3361 1070 diss
3392 1011 3499 1078 illi,
3530 1016 3593 1067 ut
3640 1010 3924 1069 tolerabilia

2320 1105 2478 1161 mala
2489 1104 2715 1161 ﬁerent.
2732 1107 2876 1161 Nam
2890 1103 3137 1176 quidam
3151 1100 3603 1159 convenientius
3616 1099 3922 1158 intellexisse

2323 1194 2467 1251 mihi
2482 1194 2777 1259 videntur,
2792 1193 2952 1250 mala
2966 1194 3098 1263 ipsa
3109 1190 3445 1261 signiﬁcata
3460 1190 3701 1246 nomine
3710 1189 3920 1255 dierum,

2323 1282 2913 1339 sicutdictisuntdies
2930 1281 3070 1338 mali
3105 1281 3166 1337 in
3204 1280 3336 1337 aliis
3375 1278 3598 1335 divinis
3640 1277 3912 1349 Scriptum

2322 1372 2469 1429 locis
2485 1371 2699 1442 (Ephes.
2734 1389 2790 1439 v,
2821 1374 2907 1442 16)
2932 1390 2944 1426 :
2969 1368 3480 1443 nequeenimdies
3506 1366 3620 1439 ipsi
3645 1366 3775 1422 mali
3796 1373 3922 1433 sunt,
4030 1382 4031 1391 η

2324 1461 2505 1517 sedea
2535 1477 2671 1532 quae
2706 1460 2857 1516 fiunt
2884 1460 2943 1515 in
2985 1458 3088 1515 eis.
3123 1460 3264 1531 Ipsa
3295 1472 3442 1529 ergo
3468 1455 3628 1511 dicta
3651 1460 3779 1511 sunt
3825 1454 3924 1512 bre-
4030 1482 4031 1549 ᾗ

2323 1548 2559 1618 viari,ut
2574 1550 2692 1605 Deo
2703 1549 2966 1605 donante
2983 1548 3356 1604 tolerantiam
3386 1546 3592 1601 minus
3605 1545 3925 1607 sentirentur.

2326 1653 2398 1695 ac
2419 1638 2501 1696 sic
2524 1654 2661 1711 qua:
2689 1653 2914 1709 magna
2943 1642 3143 1693 essent
3164 1636 3369 1693 brevia
3394 1634 3629 1691 ﬁerent.

2398 1746 2486 1801 30.
2515 1745 2629 1801 Sed
2657 1746 2905 1801 siveisto
2920 1743 3103 1799 modo
3124 1742 3513 1812 intelligenda
3540 1739 3835 1796 sitdierum
3857 1739 3929 1796 illa

2326 1834 2641 1900 breviatio,
2684 1834 2808 1889 sive
2832 1832 2995 1906 quod
3030 1831 3107 1888 ad
3153 1832 3524 1904 paucitatem
3550 1828 3928 1899 redigerentur,

2328 1924 2451 1979 sive
2480 1924 2645 1995 quod
2671 1939 2848 1979 cursu
2880 1922 3019 1978 solis
3053 1922 3332 1976 celeriore
3370 1919 3776 1975 breviarentur
3804 1932 3927 1983 ;non

2326 2013 2487 2069 enim
2519 2012 2739 2069 desunt
2767 2011 2870 2084 qui
2899 2016 2956 2067 et
2978 2010 3093 2067 hoc
3115 2010 3473 2073 existiment,
3504 2008 3588 2063 ita
3612 2006 3816 2063 scilicet
3837 2005 3930 2061 dic-

2328 2105 2419 2159 tos
2446 2101 2742 2157 breviores
2769 2101 2895 2157 dies
2946 2100 3198 2164 futuros,
3241 2098 3397 2154 sicut
3437 2097 3548 2154 fuit
3579 2096 3795 2167 longior
3818 2096 3927 2160 dies,

2328 2197 2535 2248 orante
2560 2192 2697 2245 Jesu
2728 2193 2888 2247 Nave
2927 2190 3128 2260 (Iosue
3173 2205 3235 2258 x,
3270 2191 3462 2255 12-14)
3492 2205 3506 2243 :
3544 2192 3738 2242 tamen
3786 2186 3928 2240 Lucas

2326 2279 2687 2351 evangelista
2727 2283 2784 2335 et
2812 2279 2970 2334 hanc
2999 2277 3231 2333 dierum
3263 2275 3718 2339 breviationem,
3751 2278 3801 2329 et
3825 2272 3929 2329 abo-

2328 2370 2715 2426 minationem
2747 2365 3151 2431 desolatiouis,
3180 2381 3309 2437 quas
3338 2364 3467 2420 duo
3496 2363 3629 2435 ipse
3656 2377 3769 2418 non
3802 2361 3928 2423 dixit,

2327 2465 2431 2515 sed
2462 2458 2770 2515 Mattbaaus
2802 2459 3153 2528 Marsusque
3182 2455 3487 2519 dixerunt,
3507 2452 3587 2509 ad
3612 2450 3926 2509 eversionem

2322 2548 2649 2605 Jerusalem
2664 2545 3191 2618 docuitpertinere,
3205 2543 3323 2599 alia
3334 2558 3481 2599 cum
3503 2541 3792 2599 eisdicens
3804 2554 3930 2610 aper-

2325 2638 2439 2694 tius
2464 2636 2538 2692 de
2562 2637 2675 2691 hac
2688 2635 2897 2691 eadem
2922 2650 3003 2701 re,
3036 2647 3173 2704 quas
3192 2632 3272 2687 illi
3292 2637 3627 2704 posuerunt
3644 2628 3925 2686 obscurius.

2322 2729 2471 2785 Nam
2523 2723 2817 2796 Josephus
2859 2724 2963 2795 qui
3015 2721 3318 2777 Judaicam
3365 2721 3607 2792 scripsit
3652 2717 3925 2779 historiam,

2324 2816 2464 2873 talia
2509 2814 2670 2870 mala
2695 2813 2838 2869 dicit
2865 2812 2945 2868 illi
2977 2810 3205 2884 populo
3237 2815 3375 2867 tunc
3418 2808 3729 2877 accidisse,
3769 2812 3820 2862 ut
3858 2806 3926 2860 vix

2322 2904 2629 2961 credibilia
2668 2902 3021 2958 videantur:
3062 2900 3219 2956 unde
3260 2914 3380 2956 non
3428 2898 3723 2956 immerito
3752 2897 3926 2952 dictum

2323 3000 2430 3061 est,
2446 2992 2625 3050 talem
2640 2989 3077 3049 tribulationem
3100 3006 3208 3046 nec
3231 2988 3465 3045 fuissea
3487 2993 3763 3045 creature
3782 2983 3924 3046 initio.

2322 3100 2433 3139 nec
2464 3083 2749 3138 futuram.
2780 3080 2897 3137 Sed
2928 3080 3049 3136 etsi
3079 3085 3346 3151 tempore
3363 3078 3705 3135 Antichristi
3733 3073 3929 3131 talisaut

2323 3173 2517 3243 major
2543 3170 2787 3226 forsitan
2816 3169 2944 3235 erit,
2961 3167 3412 3238 intelligendum
3444 3166 3619 3222 estde
3638 3164 3731 3220 illo
3749 3160 3925 3235 populo

2324 3263 2571 3326 dictum,
2602 3258 2768 3332 quod
2798 3259 2850 3315 ei
2879 3258 3013 3315 talis
3054 3256 3316 3328 amplius
3346 3256 3554 3312 futura
3597 3270 3715 3311 non
3741 3253 3866 3309 erit:
3892 3248 3923 3303 si

2325 3351 2484 3407 enim
2515 3348 2940 3406 Antichristum
2971 3346 3051 3403 illi
3077 3346 3352 3419 primitus
3376 3352 3437 3401 et
3457 3345 3749 3418 praecipue
3770 3354 3924 3410 recep'

2324 3441 2441 3497 turi
2480 3443 2638 3504 sunt,
2671 3437 2940 3493 facturus
2970 3441 3058 3492 est
3094 3441 3234 3492 tunc
3264 3435 3426 3491 idem
3450 3434 3707 3508 populus
3736 3428 3924 3489 tribula-

2329 3529 2550 3585 tionem
2581 3527 2779 3599 potius
2809 3541 2995 3598 quam
3022 3540 3340 3596 passurus.

2399 3628 2486 3683 3t.
2516 3629 2640 3681 Non
2672 3632 2763 3680 est
2792 3639 2935 3694 ergo
2956 3638 3061 3679 cur
3087 3628 3367 3695 putemus
3393 3619 3806 3678 Hebdomades
3826 3630 3923 3689 pro-

2330 3717 2522 3790 phetas
2551 3713 2826 3779 Danielis,
2863 3712 2952 3767 vel
2997 3718 3238 3784 propter
3275 3711 3510 3767 dierum
3551 3707 3924 3767 breviationem

2328 3805 2512 3862 fuisse
2539 3802 2829 3866 turbatas,
2850 3800 2944 3858 vel
2955 3800 3051 3857 illo
3060 3801 3476 3873 jamtempore
3492 3816 3611 3856 non
3624 3799 3793 3855 fuisse
3806 3808 3925 3851 com-

2330 3895 2545 3968 pletas,
2571 3892 2672 3948 sed
2687 3892 2748 3946 in
2761 3890 2880 3946 ﬁne
2892 3890 3094 3946 seculi
3105 3906 3233 3946 esse
3245 3889 3662 3962 complendas.
3674 3887 3790 3943 Non
3805 3884 3925 3940 enim

2332 3987 2469 4039 ante
2496 3980 2841 4054 passionem
2875 3978 3379 4051 Dominiimpletaa
3393 3986 3554 4034 sunt.
3570 3975 3735 4044 Quod
3749 3972 3924 4047 quipu-

2335 4077 2478 4137 tant,
2491 4069 2816 4126 rectissime
2834 4072 2936 4124 tua
2949 4069 3247 4124 sententia
3271 4067 3641 4132 refelluntur,
3656 4079 3770 4137 qua
3786 4058 3927 4116 dixis-

2335 4162 2376 4217 ti
2404 4178 2417 4216 :
2452 4162 2573 4215 Haec
2599 4174 2724 4230 ergo
2753 4160 3088 4214 abominatio
3110 4159 3162 4212 si
3182 4160 3309 4228 jam
3335 4157 3609 4228 completa
3632 4155 3819 4225 fuerat,
3833 4162 3927 4215 quo-
4030 4155 4031 4230 ξ

2334 4249 2483 4305 modo
2512 4250 2771 4303 Dominus
2798 4252 2979 4303 monet
3011 4251 3065 4302 et
3087 4247 3242 4315 dicit,
3272 4268 3300 4299 ‹‹
3332 4248 3469 4303 Cum
3499 4245 3744 4301 videritis
3767 4235 3927 4296 abomi-

2335 4338 2611 4393 nationem
2640 4336 3015 4401 desolationis,
3057 4335 3198 4407 quod
3225 4336 3436 4392 dictum
3464 4340 3545 4391 est
3571 4350 3665 4405 per
3697 4326 3928 4387 Danielem

2336 4426 2674 4499 prophetam,
2718 4428 2951 4480 stantem
2989 4426 3049 4480 in
3081 4426 3189 4481 loco
3218 4432 3426 4491 sancto,
3453 4424 3554 4496 qui
3591 4424 3733 4495 legit,
3763 4415 3928 4474 intelli-

2335 4519 2429 4587 gat
2455 4538 2473 4564 ι
2507 4515 2722 4587 (Matth.
2755 4530 2913 4579 xxiv.
2941 4514 3033 4587 15)
3062 4513 3091 4569 ?
3116 4514 3211 4570 His
3231 4514 3428 4570 verbis
3462 4510 3820 4570 Beatitudinis
3839 4509 3926 4559 tum

2337 4606 2417 4661 illi
2447 4606 2655 4660 merito
2681 4603 3015 4674 corrigendi
3048 4608 3205 4670 sunt,
3244 4604 3349 4676 qui
3392 4603 3603 4659 dicunt
3638 4616 3785 4667 eam,
3819 4606 3925 4650 cum

2337 4694 2465 4750 hac
2490 4692 2775 4750 Dominus
2787 4692 3150 4764 loqueretur,
3164 4692 3255 4748 vel
3271 4697 3407 4749 ante
3418 4690 3756 4763 passionem
3772 4697 3925 4740 resur-

2336 4785 2780 4854 rectionemque
2808 4781 2940 4851 ejus
2994 4780 3175 4837 fuisse
3213 4786 3589 4852 completam.
3625 4777 3727 4844 Qui
3764 4778 3923 4830 autem

2337 4872 2567 4937 dicunt,
2610 4873 2762 4926 sicut
2787 4871 3155 4941 apertissime
3184 4871 3363 4925 etiam
3394 4871 3580 4925 Lucas
3610 4862 3923 4933 evangelista

2336 4965 2602 5025 testatur,
2636 4965 2775 5015 tunc
2805 4959 2989 5015 fuisse
3019 4959 3259 5024 factam,
3288 4958 3534 5031 quando
3553 4971 3746 5013 eversa
3768 4950 3923 5008 estla-

2336 5049 2616 5116 rusalem,
2644 5048 2791 5120 quid
2830 5050 2913 5104 eis
2932 5048 3388 5120 respondeatur,
3410 5047 3608 5103 videre
3628 5045 3823 5101 debent
3841 5036 3919 5109 qui

2338 5138 2397 5195 in
2428 5139 2547 5195 ﬁne
2576 5137 2776 5193 saeculi
2796 5138 2889 5193 vel
2918 5137 3074 5193 circa
3104 5136 3286 5193 ﬁnem
3309 5137 3645 5193 existimant
3670 5134 3783 5190 haec
3800 5129 3918 5185 iutu-

2332 5243 2400 5284 ra
2432 5244 2446 5295 ;
2475 5243 2827 5299 quanquam
2849 5227 2982 5298 ipsa
2998 5225 3383 5282 desolationis
3414 5222 3763 5282 abominatio
3782 5229 3918 5291 prop-

2335 5322 2421 5374 ter
2454 5317 2881 5383 obscuritatem
2910 5314 3048 5371 dicti
3071 5331 3193 5371 non
3226 5331 3344 5371 uno
3379 5314 3557 5371 modo
3586 5312 3660 5369 ab
3683 5305 3914 5367 omnibus

2333 5405 2592 5478 potuerit
2629 5404 2896 5475 intelligi.

2402 5507 2489 5560 32.
2531 5504 2595 5559 Et
2620 5502 2785 5575 quod
2816 5500 3045 5558 dictum
3074 5507 3179 5566 est,
3212 5502 3320 5568 Qui
3342 5511 3416 5557 est
3466 5503 3523 5558 in
3549 5504 3696 5564 tecto,
3723 5510 3815 5551 nan
3845 5489 3910 5543 άε·

2326 5592 2547 5649 scendat
2565 5592 2751 5648 tollere
2762 5591 3057 5663 aliquidde
3083 5590 3241 5647 domo
3261 5608 3363 5648 sua
3385 5609 3404 5658 ;
3429 5596 3482 5647 et
3507 5589 3664 5663 quiin
3676 5600 3804 5657 agro,
3823 5592 3907 5677 non

2329 5684 2643 5748 revertatur
2652 5680 2841 5743 tollere
2871 5679 3121 5743 tunicam
3132 5697 3293 5737 suam
3307 5702 3328 5751 ,-
3343 5685 3537 5762 potest
3547 5674 3907 5755 congruentius
