4118 6164
178 85 334 156 917

165 1025 470 1082 Ecclesiae
492 1031 614 1083 toto
630 1027 774 1083 orbe
797 1027 1030 1084 diffusae
1060 1033 1071 1086 t
1106 1033 1252 1086 Nam
1276 1037 1331 1086 et
1347 1031 1473 1102 ipse
1495 1032 1705 1096 Lucas,
1731 1047 1852 1087 non

161 1113 444 1184 quidem
479 1115 727 1186 quando
754 1132 789 1172 a
827 1115 1142 1188 discipulis
1168 1119 1296 1174 suis
1323 1119 1397 1174 de
1449 1121 1707 1177 adventu
1740 1136 1850 1176 suo

165 1201 484 1259 Dominus
516 1204 916 1274 interrogatus
947 1212 1053 1273 est,
1086 1207 1186 1262 ubi
1216 1207 1331 1264 hoc
1357 1210 1661 1265 Mattbaaus
1681 1226 1848 1266 com-

168 1292 552 1349 memoravit
580 1300 634 1348 et
671 1296 915 1358 Marcus.
962 1297 1064 1351 sed
1093 1296 1210 1352 alio
1258 1297 1388 1353 loco
1420 1299 1522 1353 ubi
1571 1299 1848 1356 Pharismi

164 1382 552 1451 quassis-runt
585 1382 662 1438 ab
703 1383 803 1438 illo
834 1385 1082 1456 quando
1099 1387 1290 1442 veniet
1310 1402 1562 1456 regnum
1595 1390 1710 1454 Dei,
1731 1391 1846 1447 tale

172 1467 420 1540 aliquid
453 1486 590 1524 eum
622 1470 847 1526 dixisse
874 1473 1137 1530 narravit
1167 1491 1180 1529 :
1215 1476 1273 1531 In
1304 1475 1423 1541 illa,
1447 1477 1662 1548 inquit,
1686 1479 1842 1548 hora,

167 1559 282 1626 qui
309 1561 481 1626 fuerit
509 1559 567 1612 in
592 1564 749 1624 tecto,
793 1565 846 1615 et
892 1577 1025 1616 vasa
1062 1563 1178 1633 ejus
1214 1565 1270 1617 in
1302 1565 1480 1628 domo,
1519 1583 1589 1621 ne
1625 1567 1846 1624 descen-

157 1643 274 1699 dat
307 1646 500 1702 tollere
526 1647 629 1703 illa
666 1670 686 1716 ;
738 1653 791 1705 et
820 1650 916 1720 qui
946 1651 1006 1705 in
1053 1667 1207 1722 agro,
1235 1653 1492 1710 similiter
1528 1672 1639 1711 non
1663 1659 1845 1714 redeat

154 1738 330 1790 retro
359 1738 507 1797 (Luc.
538 1753 700 1803 xvm,
726 1741 930 1799 20-31).

250 1844 344 1897 33.
374 1842 482 1898 Sed
507 1858 667 1899 nunc
697 1849 935 1916 propter
961 1848 1467 1919 computationem
1503 1857 1842 1924 temporum

155 1927 256 1985 de
312 1931 569 1986 Danielis
610 1932 1099 1990 Hebdomadibus
1140 1937 1355 2006 agitur,
1405 1955 1540 2010 quae
1601 1941 1647 1995 si
1688 1943 1840 1998 circa

168 2023 461 2091 tempora
500 2022 675 2092 primi
716 2023 1007 2078 adventus
1063 2026 1293 2082 Domini
1349 2030 1663 2100 completas
1722 2047 1842 2086 non

161 2112 340 2172 sunt,
366 2113 546 2181 atque
569 2110 628 2166 in
659 2109 773 2166 ﬁne
805 2111 1178 2184 complendas
1196 2121 1352 2182 sunt,
1385 2119 1700 2188 Apostolos
1729 2121 1845 2177 hoc

160 2196 510 2267 ignorasse,
553 2199 644 2255 vel
675 2200 856 2256 scisse
892 2201 1163 2273 quidem,
1199 2206 1304 2259 sed
1336 2206 1550 2262 docere
1582 2209 1845 2279 prohibi-

166 2290 272 2340 tos
313 2285 494 2342 fuisse
533 2290 668 2360 quis
698 2289 900 2345 credat
930 2289 958 2344 ?
990 2292 1348 2363 Quanquam
1394 2295 1441 2348 si
1476 2295 1590 2350 hoc
1619 2298 1700 2352 ita
1735 2305 1843 2364 est,

168 2375 398 2432 utiliter
429 2378 703 2435 nesciunt
727 2386 934 2450 gentes
967 2381 1130 2452 quod
1159 2383 1447 2439 Dominus
1474 2384 1689 2442 docere
1717 2403 1845 2459 pro-

170 2464 376 2521 hibuit
420 2481 523 2522 eos
553 2483 708 2539 quos
753 2469 1025 2538 gentium
1065 2469 1246 2526 voluit
1295 2488 1422 2527 esse
1453 2473 1748 2531 doctores.
1786 2478 1841 2534 Si

171 2558 386 2609 autem
411 2555 539 2625 jam
589 2556 901 2628 completas
932 2563 1092 2623 sunt,
1145 2558 1290 2630 quia
1337 2560 1467 2631 jam
1512 2567 1600 2617 est
1629 2567 1844 2619 unctus

171 2642 439 2698 Sanctus
482 2649 851 2712 sanctorum,
879 2646 1007 2716 jam
1059 2647 1293 2702 occisus
1323 2653 1414 2705 est
1461 2651 1742 2718 Christus,
1789 2659 1848 2709 ut

175 2746 306 2787 non
347 2737 500 2788 esset
535 2733 785 2790 civitatis
816 2739 967 2806 ejus,
1001 2735 1128 2807 jam
1158 2736 1230 2790 de
1261 2738 1486 2810 templo
1521 2739 1618 2796 illo
1651 2741 1849 2797 subla-

177 2826 315 2876 tum
337 2825 426 2876 est
439 2822 821 2889 sacriﬁcium,
840 2823 1077 2880 sublata
1095 2827 1412 2893 estunctio,
1435 2830 1643 2885 merito
1666 2836 1848 2900 Apos-

181 2908 324 2964 tolis
355 2909 429 2964 de
464 2909 581 2966 ﬁne
625 2913 1032 2982 quaerentibus
1063 2930 1420 2986 responsum
1452 2923 1558 2982 est,
1590 2920 1725 2975 Non
1764 2925 1848 2975 est

179 3004 450 3056 vestrum
476 3000 627 3057 scire
647 3008 932 3070 tempora,
961 3019 1092 3074 quae
1121 3006 1306 3060 Pater
1344 3006 1398 3060 in
1431 3022 1537 3062 sua
1561 3014 1850 3076 potestate

178 3087 381 3156 posuit
411 3111 434 3159 ,-
462 3090 750 3161 quoniam
785 3096 1058 3163 tempora
1106 3109 1242 3165 quae
1295 3110 1399 3165 per
1432 3097 1684 3150 Danielis
1715 3114 1843 3168 pro—

169 3177 448 3249 phetiam
493 3179 643 3234 scire
677 3187 967 3251 poterant,
1004 3197 1124 3237 non
1169 3182 1246 3239 ad
1286 3184 1465 3239 finem
1508 3186 1730 3250 saeculi,
1773 3187 1846 3242 de

167 3282 300 3338 quo
327 3268 710 3340 quaesieram,
744 3269 1145 3340 pertinebant.

247 3373 471 3430 CAPUT
510 3377 570 3430 Χ.
620 3405 688 3416 -
728 3377 817 3433 34.
852 3376 1039 3447 Signa
1098 3393 1236 3434 vero
1268 3378 1342 3435 de
1380 3380 1530 3437 ccelo
1585 3385 1638 3438 et
1671 3387 1845 3448 terra,

169 3463 472 3534 numquid
506 3463 740 3534 majora
781 3481 892 3520 nos
924 3466 1207 3532 vidimus,
1236 3484 1419 3538 quam
1451 3471 1553 3541 qui
1604 3470 1847 3534 fuerunt

170 3557 313 3607 ante
340 3567 449 3607 nos
473 3551 500 3607 ‘l
522 3555 728 3609 Nonne
751 3554 796 3608 si
827 3559 1093 3622 gentium
1121 3556 1354 3626 legatur
1377 3559 1648 3625 historia,
1679 3565 1845 3617 tanta

170 3640 330 3696 mira
362 3641 740 3711 reperiuntur
769 3643 1027 3698 extitisse
1057 3644 1130 3699 de
1155 3645 1305 3700 ccelo
1338 3653 1630 3720 terraque,
1657 3655 1719 3704 ut
1744 3649 1845 3706 ali-

168 3745 296 3801 qua
345 3730 525 3786 etiam
575 3746 698 3786 non
740 3732 1063 3788 credantur
1096 3733 1124 3788 i’
1161 3736 1295 3799 Sed,
1339 3743 1402 3790 ut
1439 3738 1626 3793 multa
1669 3739 1844 3793 omit-

171 3822 300 3873 tam
321 3833 458 3890 quaa
487 3819 769 3891 persequi
799 3820 1050 3890 longum
1076 3827 1183 3887 est,
1213 3823 1368 3879 duos
1399 3825 1558 3881 soles
1584 3827 1833 3897 quando

170 3921 286 3962 nos
316 3905 628 3962 vidimus?
648 3923 801 3980 quos
835 3909 998 3965 visos
1027 3911 1238 3966 litteris
1266 3913 1711 3969 mandaverunt
1734 3916 1837 3988 qui

171 3999 314 4051 tunc
335 3994 594 4061 fuerunt,
616 4002 944 4069 antequam
971 4001 1259 4055 Dominus
1277 4002 1533 4057 venisset
1554 4003 1612 4058 in
1636 4019 1832 4060 carne.

171 4083 426 4149 Quando
453 4100 561 4140 nos
591 4086 849 4141 vidimus
882 4089 1074 4143 solem
1120 4089 1202 4144 sic
1238 4092 1650 4156 obscuratum,
1692 4109 1832 4165 que-

171 4173 570 4229 madmodum
621 4175 982 4232 obscuratus
1030 4183 1138 4246 est,
1171 4194 1308 4234 cum
1352 4181 1570 4237 Lumen
1620 4185 1832 4239 mundi

170 4261 457 4334 penderet
486 4264 546 4318 in
575 4263 740 4334 ligno
765 4263 792 4319 ‘i
819 4264 932 4320 nisi
958 4266 1105 4321 forte
1128 4267 1392 4324 defectus
1422 4270 1560 4325 solis
1579 4277 1633 4326 et
1652 4271 1827 4340 lunae,

171 4366 326 4422 quos
358 4359 798 4408 consueverunt
833 4360 1276 4425 computatores
1323 4357 1585 4414 siderum
1636 4376 1829 4418 anno-

169 4435 293 4495 lare
315 4445 494 4511 atque
517 4441 858 4512 praedicere,
873 4443 1024 4498 inter
1046 4445 1308 4502 cmlestia
1324 4447 1600 4518 prodigia
1622 4466 1830 4505 nume-

170 4528 459 4594 rabimus,
501 4530 646 4600 quia
675 4530 882 4587 lunam
917 4533 1136 4603 saepius
1165 4536 1223 4589 in
1275 4551 1387 4590 sua
1435 4536 1826 4606 plenitudine,

170 4617 354 4672 solem
378 4633 520 4673 vero
549 4620 764 4684 rarius,
790 4620 893 4676 sed
920 4627 1119 4677 tamen
1145 4623 1408 4679 vidimus
1436 4626 1494 4679 in
1526 4626 1644 4682 ﬁne
1669 4627 1826 4683 lunm

170 4706 502 4763 secundum
531 4722 739 4763 eorum
795 4719 1149 4780 computum
1199 4711 1511 4770 defecisse.
1543 4717 1668 4770 Non
1700 4721 1829 4772 erat

170 4794 300 4850 talis
320 4794 459 4850 solis
483 4795 578 4851 ille
601 4796 887 4863 defectus,
917 4801 1164 4870 quando
1181 4800 1496 4857 cruciﬁxus
1517 4809 1608 4857 est
1637 4803 1828 4859 Chris-

1471 101 1976 161 EPISTOLABUM
2030 103 2321 163 CLASSIS
2347 106 2441 163 III.

171 210 460 296 intelligi
488 225 1643 302 spiritualiter,quodintribulationibus
1669 229 1868 286 omni-

168 309 330 369 bus
361 319 449 370 est
476 316 834 384 cavendum,
868 334 941 374 ne
972 321 1231 392 quisque
1258 320 1525 375 devictus
1554 319 1631 375 ad
1659 335 1867 376 carna-

165 399 327 459 lem
357 404 544 460 vitam
575 404 643 459 de
667 406 957 477 spirituali
979 407 1346 464 sublimitate
1381 408 1730 474 descendat,
1766 411 1867 465 aut

165 493 312 561 qui
335 492 665 564 profecerat
687 494 748 549 in
764 497 1061 552 anteriora
1084 514 1147 553 se
1170 498 1513 567 extendens,
1539 497 1864 556 deﬁciendo

163 577 191 632 i
206 594 263 634 η
299 581 627 652 posteriora
639 583 939 654 respiciat.
955 586 1123 650 Quod
1143 587 1188 641 si
1203 586 1261 641 in
1275 588 1438 642 omni
1458 586 1859 653 tribulatione,

165 675 434 739 quanto
464 672 654 741 magis
694 671 754 728 in
803 673 903 728 illa
959 674 1291 731 cavendum
1343 675 1582 746 praecipi
1633 676 1858 740 debuit,

166 771 339 829 quas
364 758 500 815 talis
527 760 726 816 futura
742 763 1023 832 prtedicta
1050 769 1136 819 est
1158 763 1236 818 illi
1260 764 1502 829 civitati,
1525 764 1722 836 qualis
1742 781 1857 820 non

165 844 303 902 fuit
333 847 415 903 ab
445 848 632 915 initio,
656 865 850 922 neque
873 851 970 908 ﬁet
1002 868 1015 918 ;
1049 856 1105 907 et
1125 852 1172 907 si
1194 852 1396 918 inista,
1420 858 1650 926 quanto
1667 854 1857 924 magis

166 933 256 990 in
288 936 414 1003 illa,
461 954 594 1009 quas
626 939 956 995 novissima
988 939 1183 996 futura
1205 946 1294 996 est
1316 943 1444 997 orbi
1478 942 1743 1008 terrae,id
1767 946 1856 998 est

3535 111 3644 167 918

1981 243 2198 302 passus
2218 236 2302 289 est
2322 235 2350 290 ?
2373 234 2566 299 Quare
2590 232 2638 288 si
2660 232 3043 305 apparebunt
3064 233 3263 298 etiam,
3282 234 3423 291 talia
3449 235 3496 290 si
3513 251 3633 293 non

1980 320 2364 390 spiritualiter
2389 323 2586 394 potius
2619 322 3003 390 intelligenda
3037 328 3192 387 sunt,
3225 328 3363 379 tunc
3386 341 3632 397 appare-

1978 408 2146 475 bunt,
2185 413 2430 482 quando
2462 412 2596 467 ﬁnis
2628 413 2709 467 sic
2741 412 3254 484 appropinquabit
3284 418 3344 469 ut
3375 414 3634 471 debeant

1976 515 2287 570 apparere.

2046 596 2132 652 35.
2157 597 2324 652 Bellis
2349 602 2546 653 autem
2567 613 2670 669 per
2691 598 2930 654 diversa
2948 599 3258 654 intervalla
3288 605 3625 671 temporum

1973 691 2027 742 et
2048 686 2315 742 locorum
2345 687 2592 759 quando
2615 703 2734 742 non
2769 692 2920 742 terra
2941 688 3191 743 contrita
3219 694 3304 742 est
3328 689 3348 742 ?
3372 692 3539 755 Nam,
3561 693 3626 744 ut

1970 775 2149 830 nimis
2166 775 2412 847 antiqua
2430 778 2799 847 praeteream,
2822 774 2935 828 sub
2954 775 3306 845 imperatore
3335 776 3618 843 Gallieno,

1969 880 2106 920 cum
2136 868 2438 921 Romanas
2484 864 2823 936 provincias
2855 863 3153 919 barbaries
3185 881 3618 937 usquequaque

1967 955 2338 1025 pervaderet,
2371 970 2555 1026 quam
2588 953 2807 1009 multos
2840 953 3048 1008 fratres
3078 959 3313 1008 nostros
3345 955 3446 1025 qui
3479 961 3616 1010 tunc

1963 1049 2131 1099 erant
2148 1044 2206 1099 in
2229 1059 2427 1108 carne,
2451 1047 2732 1115 putamus
2754 1042 3353 1114 propinquumlinem
3375 1043 3613 1100 credere

1962 1134 2243 1205 potuisse,
2271 1132 2561 1204 quoniam
2585 1132 2760 1200 longe
2777 1137 2909 1202 post
2934 1131 3348 1186 ascensionem
3380 1131 3613 1188 Domini

1958 1221 2180 1275 factum
2211 1225 2299 1275 est
2339 1221 2448 1276 lac
2489 1236 2592 1290 per
2627 1220 2740 1276 hoc
2788 1219 2969 1275 etiam
3018 1220 3128 1274 ista
3167 1220 3370 1291 qualia
3411 1221 3610 1277 futura

1960 1311 2098 1375 sint,
2152 1326 2290 1365 cum
2330 1307 2501 1364 fuerit
2544 1308 2791 1365 omnino
2831 1308 2965 1362 ﬁnis
3013 1309 3341 1379 proximus,
3375 1309 3610 1378 ignora-

1958 1415 2095 1454 mus
2129 1415 2142 1464 ;
2177 1398 2225 1453 si
2258 1403 2457 1454 tamen
2488 1398 2615 1453 haec
2659 1413 2777 1452 non
2820 1399 2898 1452 ita
2937 1397 3223 1468 praedicta
3253 1402 3409 1462 sunt,
3449 1403 3508 1453 ut
3547 1399 3607 1454 in

1958 1487 2218 1544 Ecclesia
2248 1486 2442 1558 potius
2469 1486 2710 1554 intelligi
2741 1486 3018 1542 debeant.
3055 1490 3193 1541 Duae
3224 1487 3446 1557 quippe
3469 1503 3608 1557 gen-

1959 1585 2040 1634 tes
2070 1582 2227 1645 sunt,
2259 1581 2315 1631 et
2345 1575 2465 1630 duo
2496 1590 2715 1644 regna;
2752 1591 2937 1629 unum
2963 1575 3183 1629 scilicet
3207 1575 3440 1639 Christi,
3467 1576 3606 1632 alte-

1954 1681 2088 1720 rum
2116 1664 2360 1730 diaboli,
2391 1663 2464 1719 de
2490 1663 2712 1735 quibus
2743 1662 2860 1717 dici
2891 1663 3099 1733 potuit,
3131 1665 3430 1734 Exsurget
3462 1680 3604 1734 gens

1953 1770 2133 1823 super
2151 1760 2398 1824 gentem,
2427 1758 2479 1808 et
2507 1767 2754 1823 regnum
2780 1768 2956 1821 super
2975 1767 3220 1822 regnum
3253 1770 3268 1807 :
3296 1755 3459 1823 quod
3487 1769 3608 1809 non

1953 1843 2172 1899 desinit
2209 1842 2354 1907 ﬁeri,
2389 1858 2460 1898 ex
2489 1842 2655 1914 quod
2686 1842 2913 1896 dictum
2944 1845 3054 1905 est,
3111 1843 3286 1912 Agite
3320 1844 3610 1912 paeniten-

1953 1934 2163 2002 tiam;
2213 1932 2722 2001 appropinquavit
2787 1930 2941 1986 enim
3003 1945 3252 2000 regnum
3321 1934 3606 1988 caelorum

1953 2020 2194 2092 (Matth.
2229 2036 2305 2083 ιιι,
2333 2020 2409 2092 2).
2435 2019 2606 2086 Quod
2633 2018 2768 2073 vide
2797 2019 3043 2090 quando
3073 2019 3296 2074 dictum
3321 2025 3427 2086 est,
3453 2025 3512 2076 et
3536 2037 3608 2076 ex

1952 2109 2052 2166 illo
2073 2114 2222 2182 quot
2248 2109 2388 2164 anni
2419 2109 2780 2164 transierunt
2809 2123 2822 2173 ;
2852 2113 2908 2163 et
2931 2112 3133 2164 tamen
3163 2109 3464 2165 verissime
3490 2109 3610 2166 dic-

1953 2203 2082 2254 tum
2115 2203 2224 2254 est.
2253 2196 2600 2253 Novissimis
2627 2197 2786 2252 enim
2817 2197 3031 2253 diebus
3057 2198 3342 2254 Dominus
3365 2215 3470 2269 per
3500 2200 3610 2256 vir-

1955 2288 2156 2358 ginem
2186 2287 2347 2342 venit
2382 2303 2392 2340 :
2445 2301 2554 2342 nec
2583 2285 2878 2342 diceretur
2912 2286 3024 2342 ista
3067 2287 3216 2343 hora
3262 2289 3607 2356 novissima,

1954 2377 2067 2432 nisi
2116 2391 2302 2446 regno
2350 2375 2873 2446 appropinquante
2923 2376 3231 2442 caelorum,
3277 2392 3384 2448 per
3422 2394 3610 2450 quam

1955 2470 2144 2522 totam
2170 2465 2374 2520 horam
2394 2464 2545 2519 ﬁunt
2565 2480 2702 2536 quae
2726 2464 3016 2519 Dominus
3039 2465 3484 2536 propinquante
3502 2482 3611 2524 suo

1956 2570 2140 2624 regno
2169 2555 2367 2608 futura
2397 2552 2670 2624 praedixit
2697 2575 2709 2606 :
2747 2552 2851 2607 sed
2876 2553 3004 2608 haec
3034 2553 3184 2608 hora
3222 2560 3448 2624 quanto
3480 2572 3613 2627 spa-

1957 2645 2037 2699 tio
2085 2642 2495 2714 protendatur,
2536 2642 2583 2696 si
2616 2641 2916 2712 Apostolis
2955 2641 3182 2697 dictum
3210 2647 3322 2708 est,
3367 2645 3504 2700 Non
3531 2649 3614 2701 est

1958 2735 2209 2789 vestrum
2240 2731 2392 2787 scire
2420 2748 2440 2794 ;
2472 2734 2701 2801 quanto
2735 2731 2929 2799 magis
2958 2730 3204 2802 quilibet
3231 2731 3437 2799 homo,
3469 2749 3616 2806 qua-

1955 2821 2028 2876 lis
2060 2836 2172 2890 ego
2225 2836 2380 2884 sum,
2424 2819 2676 2873 modum
2709 2834 2883 2872 suum
2937 2818 3116 2873 debet
3161 2835 3504 2888 agnoscere,
3540 2838 3613 2879 ne

1956 2909 2092 2981 plus
2119 2909 2316 2980 sapiat
2346 2923 2529 2979 quam
2563 2910 2797 2977 oportet
2828 2922 3041 2977 sapere
3076 2909 3262 2976 (Rom.
3296 2925 3395 2973 xu,
3429 2911 3504 2980 3).

2029 3015 2260 3071 CAPUT
2281 3016 2365 3071 XI.
2391 3045 2458 3054 —
2489 3013 2577 3068 36.
2605 3012 2721 3068 Sed
2742 3013 3012 3081 conﬁteri
3036 3029 3164 3078 nos,
3195 3014 3615 3086 inquis,ptena

1956 3113 2163 3161 nostra
2193 3103 2484 3173 compellit
2515 3102 2717 3158 adesse
2734 3103 2869 3171 jam
2915 3103 3114 3170 ﬁnem,
3157 3103 3295 3158 dum
3329 3104 3615 3172 impletur

1955 3195 2114 3266 quod
2129 3192 2606 3264 praenuntatium
2629 3195 2746 3247 est:
2776 3210 2804 3242 ‹‹
2839 3191 3255 3246 Arescentibus
3283 3193 3613 3249 hominibus

1950 3299 2081 3354 prae
2106 3285 2314 3340 timore
2341 3288 2394 3339 et
2421 3281 2858 3350 exspectatione
2881 3295 3011 3352 quae
3034 3282 3448 3349 supervenient
3482 3286 3609 3337 uni-

1955 3387 2119 3429 verso
2145 3373 2278 3428 orbi
2304 3392 2352 3426 ω.
2375 3371 2650 3433 Nullam,
2683 3369 2902 3440 inquis,
2932 3371 3218 3438 patriam,
3251 3371 3487 3425 nultum
3524 3372 3609 3426 lo-

1954 3477 2085 3517 cum
2137 3462 2354 3517 nostris
2388 3458 2747 3528 temporibus
2788 3473 2907 3514 non
2957 3458 3156 3528 afﬂigi
3193 3464 3298 3514 aut
3325 3459 3609 3516 tributari

1952 3555 2175 3606 certum
2207 3557 2287 3606 est
2315 3571 2337 3620 ,-
2364 3551 2516 3604 sicut
2548 3549 2770 3603 dictum
2793 3551 2895 3612 est,
2931 3566 2958 3596 «
2983 3548 3119 3603 Prw
3147 3546 3373 3612 timore,
3406 3555 3458 3603 et
3482 3563 3605 3605 exs-

1946 3640 2278 3709 pectatione
2304 3653 2434 3710 qua:
2450 3637 2865 3706 supervenient
2889 3636 3162 3692 universo
3177 3636 3325 3692 orbi.
3346 3657 3370 3688 ν
3386 3636 3442 3692 Si
3465 3654 3606 3711 ergo

1948 3730 2064 3784 ista
2091 3728 2250 3783 mala
2271 3742 2408 3799 quas
2429 3741 2589 3781 nunc
2607 3726 2826 3796 patitur
2846 3739 3036 3794 genus
3057 3724 3419 3792 humanum,
3447 3735 3606 3783 certa

1947 3822 2086 3873 sunt
2117 3815 2340 3872 indicia
2381 3817 2507 3886 jam
2564 3814 2885 3869 Dominum
2912 3830 3044 3870 esse
3082 3820 3422 3878 venturum,
3455 3815 3603 3886 quid

1945 3914 2031 3962 est
2059 3905 2223 3977 quod
2242 3906 2324 3961 ait
2352 3903 2692 3976 Apostolus,
2717 3903 2865 3959 Cum
2897 3902 3174 3973 dixerint,
3208 3905 3346 3959 Pax
3365 3911 3416 3959 et
3437 3920 3597 3960 secu-

1943 3997 2090 4052 ritas
2125 3996 2170 4061 (l
2204 3995 2399 4050 Thess.
2432 4010 2487 4057 v,
2521 3994 2573 4064 3)
2628 3991 2655 4046 i’
2681 3994 2826 4049 Cum
2864 3992 3025 4048 enim
3054 3993 3302 4048 dixisset
3331 3995 3596 4063 Evange-

1939 4085 2109 4154 lium,
2138 4083 2532 4141 arescentibus
2559 4081 2894 4138 hominibus
2914 4096 3040 4150 prae
3062 4082 3272 4138 timore
3291 4088 3342 4138 et
3362 4097 3594 4152 exspec-

1940 4175 2488 4244 tatione;continuo
2515 4171 2846 4242 subjunxit,
2867 4172 3015 4228 Nam
3038 4173 3287 4228 virtutes
3310 4173 3591 4228 castorum

1936 4264 2377 4321 movebuntur:
2413 4269 2463 4318 et
2528 4267 2669 4317 tunc
2723 4260 3002 4316 videbunt
3067 4260 3288 4316 Filium
3339 4261 3591 4316 hominis

1937 4354 2257 4410 venientem
2287 4352 2349 4407 in
2381 4350 2535 4407 nube
2559 4365 2690 4406 cum
2715 4355 3005 4418 potestate
3032 4364 3256 4420 magna
3303 4356 3358 4405 et
3384 4352 3592 4420 majes-

1937 4448 2076 4499 tate.

2005 4539 2093 4594 37.
2121 4537 2443 4592 Videamus
2472 4536 2672 4606 itaque
2701 4549 2775 4588 ne
2800 4533 2948 4588 forte
2979 4533 3190 4588 melius
3225 4533 3586 4603 intelligatur

1932 4642 2054 4682 nou
2087 4642 2159 4681 ea
2185 4625 2361 4680 modo
2388 4622 2618 4694 impleri
2648 4638 2785 4694 quae
2815 4621 3101 4693 praedicta
3141 4627 3278 4678 sunt
3325 4622 3433 4678 illis
3459 4640 3585 4680 ver-

1932 4715 2050 4781 bis,
2078 4714 2182 4770 sed
2227 4719 2366 4768 tunc
2397 4711 2592 4783 potius
2622 4726 2757 4767 esse
2785 4716 3047 4777 ventura,
3081 4711 3328 4783 quando
3362 4713 3445 4768 sic
3477 4714 3584 4770 erit

1933 4804 2234 4861 tribulatio
2263 4803 2538 4857 universo
2565 4801 2692 4856 orbi
2722 4800 2911 4865 ;utad
2943 4801 3263 4857 Ecclesiam
3291 4803 3583 4874 pertineat

169 4889 283 4947 tus,
307 4890 361 4940 et
391 4885 526 4941 ideo
552 4902 684 4942 vere
713 4887 1002 4943 mirabilis
1028 4893 1154 4944 erat
1183 4895 1237 4945 et
1269 4891 1671 4961 prodigiosus.
1695 4894 1827 4949 Pas-

169 4972 283 5028 cha
302 4973 528 5045 quippe
548 4975 1122 5043 fuerattudaaorum,
1143 4979 1308 5051 quod
1331 4981 1568 5036 nonnisi
1591 4982 1649 5037 in
1664 4982 1820 5040 luna:

171 5061 535 5132 plenitudine
587 5063 920 5120 celebratur
953 5082 966 5120 :
1003 5067 1338 5123 secundum
1383 5070 1823 5140 astrologorum

172 5154 367 5205 autem
409 5166 695 5208 numeros
745 5160 972 5209 certum
1016 5159 1102 5209 est
1140 5156 1348 5226 solem,
1381 5159 1628 5229 quando
1681 5161 1826 5216 luna

173 5237 345 5308 plena
374 5244 480 5308 est,
511 5255 631 5296 non
664 5256 841 5311 posse
867 5242 1140 5307 deﬁcere,
1176 5244 1278 5299 sed
1307 5247 1555 5316 quando
1582 5246 1826 5304 ﬁnisest

174 5326 325 5381 lunas
357 5342 370 5392 ;
404 5343 524 5384 non
555 5329 800 5401 quidem
843 5346 1098 5402 semper,
1134 5332 1239 5386 sed
1289 5333 1456 5388 aliter
1487 5351 1823 5408 nunquam,

176 5432 307 5471 cum
353 5419 688 5472 secundum
736 5418 871 5474 illos
910 5435 1194 5476 numeros
1241 5421 1454 5477 deﬁcit.
1489 5425 1640 5487 Quid
1683 5441 1824 5494 ergo

178 5503 284 5560 tale
298 5520 567 5576 unquam
580 5507 904 5578 quisquam
921 5508 1552 5580 meminitapparuisse
1565 5513 1637 5566 de
1651 5513 1822 5579 ccelo,

177 5609 377 5667 exquo
391 5594 675 5652 Dominus
686 5595 786 5652 illa
799 5597 1274 5671 praedixit,quale
1288 5601 1562 5674 apparuit
1577 5605 1824 5676 quando

1931 4909 2066 4965 quae
2097 4894 2370 4948 universo
2396 4890 2539 4946 orbe
2562 4889 2950 4954 tribulabitur,
2977 4906 3098 4946 non
3130 4891 3208 4946 ad
3230 4906 3331 4946 eos
3358 4893 3461 4962 qui
3488 4892 3583 4946 tri-

1929 4982 2225 5038 bulabunt
2253 4997 2407 5037 eam.
2431 4979 2546 5051 Ipsi
2570 4980 2728 5035 enim
2751 4980 2962 5035 dicturi
2994 4983 3150 5044 sunt,
3184 4981 3320 5036 Pax
3339 4984 3392 5035 et
3421 4994 3580 5035 secu-

1931 5073 2080 5128 ritas
2105 5088 2128 5138 ;
2175 5077 2238 5126 ut
2277 5070 2616 5142 repentinus
2648 5068 2761 5124 illis
2796 5068 3172 5140 superveniat
3201 5068 3494 5135 interitus,
3526 5072 3582 5124 et

1930 5177 2032 5216 eos
2067 5161 2363 5217 adventus
2397 5158 2629 5214 Domini
2677 5159 2829 5213 sicut
2877 5157 2970 5212 fur
3008 5158 3066 5211 in
3105 5162 3277 5212 nocte
3313 5171 3583 5227 compre-

1929 5249 2152 5306 hendat
2182 5265 2194 5315 ;
2227 5248 2474 5321 quando
2503 5262 2532 5301 e
2563 5246 2861 5302 contrario
2912 5244 3282 5316 gaudebunt,
3313 5249 3368 5300 et
3392 5245 3585 5302 exsul-

1933 5339 2143 5395 tabunt
2164 5339 2267 5408 qui
2289 5337 2546 5408 diligunt
2568 5335 3115 5390 manifestationem
3140 5335 3393 5389 Domini.
3418 5338 3586 5391 Nunc

1931 5435 2129 5482 autem
2155 5427 2268 5481 ista
2295 5425 2475 5488 mala,
2503 5439 2639 5495 quae
2671 5427 2959 5495 tanquam
2983 5438 3222 5478 summa
3238 5428 3294 5479 et
3319 5428 3586 5481 extrema

1930 5516 2272 5585 creduntur,
2299 5514 2530 5585 utrique
2557 5512 2712 5584 genti
2736 5518 2792 5567 et
2811 5511 3045 5584 utrique
3067 5526 3272 5582 regno,
3301 5520 3356 5569 et
3377 5513 3583 5571 Christi

1931 5603 2173 5669 scilicet,
2206 5609 2262 5661 et
2291 5600 2537 5670 diaboli,
2557 5600 2832 5658 videmus
2861 5616 2990 5658 esse
3016 5602 3397 5661 communia:
3430 5605 3587 5680 pari-
