4118 6164
543 135 657 200 919

552 271 638 323 ter
666 267 890 340 quippe
914 265 1009 322 his
1039 270 1096 320 et
1118 263 1260 319 boni
1290 261 1639 331 afﬂiguntur
1668 263 1724 315 et
1754 256 1896 313 mali
1925 274 1939 322 ;
1975 271 2085 312 nec
2115 256 2206 311 est

555 359 656 430 qui
689 359 863 420 dicat,
885 357 1014 410 Pax
1029 361 1079 409 et
1103 352 1408 415 securitas,
1442 349 1807 420 ubicumque
1830 345 2203 414 contingunt,

558 446 646 501 vel
679 447 953 500 metuitur
975 457 1048 496 ne
1080 441 1446 509 contingant.
1477 442 1628 493 [nter
1657 452 1792 509 quae
1826 441 2022 491 tamen
2048 432 2207 488 mala

557 535 753 590 adhuc
786 544 1221 601 usquequaque
1255 528 1706 600 frequentantur
1736 524 2043 580 luxuriosa
2073 537 2209 577 con-

555 621 733 684 vivia,
771 618 1297 682 fervetebriositas,
1333 616 1583 673 avaritia
1613 618 1938 684 grassatur,
1964 616 2210 683 perstre-

558 714 708 780 punt
741 707 941 763 lascivi
990 712 1219 772 cantus,
1255 722 1504 777 organa,
1539 704 1710 767 tibiae,
1750 703 1917 774 lyrae,
1949 701 2208 765 citharas,

557 803 814 852 tesserae.
849 795 1036 851 multa
1075 801 1130 850 et
1157 796 1319 850 varia
1350 810 1568 863 gcnera
1599 807 1883 847 sonorum
1927 796 2097 861 atque
2127 787 2210 842 lu-

561 886 776 941 dorum
807 903 819 941 :
843 885 1091 941 hoccine
1113 889 1200 940 est
1225 899 1491 939 arescere
1508 899 1628 954 prie
1652 882 1883 946 timore,
1912 895 1987 934 au
2017 877 2213 950 potius

563 976 909 1030 madescere
933 991 1051 1045 pra:
1083 973 1368 1028 libidine?
1401 972 1513 1029 Sed
1538 972 1666 1026 haec
1697 970 1800 1024 ﬁlii
1833 968 2213 1024 tenebrarum

563 1065 968 1120 abundantius
1010 1063 1336 1127 habebunt,
1376 1068 1430 1117 et
1470 1060 1850 1124 exercebunt,
1884 1073 2022 1112 cum
2053 1054 2215 1110 dixe-

562 1154 700 1218 rint,
737 1156 871 1210 Pax
900 1161 950 1209 et
976 1155 1282 1209 securitas.

637 1264 724 1315 38.
759 1259 910 1323 Quid
934 1259 1043 1330 ipsi
1078 1257 1179 1312 ﬁlii
1212 1257 1356 1312 lucis
1383 1263 1436 1312 et
1466 1255 1568 1310 ﬁlii
1605 1255 1744 1318 diei,
1787 1254 1889 1325 qui
1917 1267 2038 1307 non
2079 1254 2216 1305 sunt

565 1349 623 1403 in
659 1348 942 1414 tenebris,
979 1353 1040 1402 ut
1069 1363 1168 1402 eos
1214 1353 1500 1418 tanquam
1534 1344 1626 1398 fur
1655 1344 1778 1397 dies
1814 1342 1909 1397 ille
1938 1354 2214 1410 compre-

564 1437 789 1492 hendat
807 1435 832 1488 ‘l
850 1452 1046 1491 nonne
1066 1435 1262 1490 adhuc
1283 1440 1524 1489 utuntur
1541 1434 1653 1488 hoc
1675 1431 1902 1487 mundo
1925 1438 2215 1501 tanquam

566 1542 686 1580 non
717 1531 945 1579 utentes
972 1525 998 1577 ἰ)
1021 1525 1168 1588 Quia
1194 1524 1299 1578 etsi
1322 1527 1458 1579 ante
1491 1522 1710 1577 multos
1735 1536 1947 1582 annos,
1975 1523 2219 1588 Aposto-

565 1613 762 1668 lorum
795 1614 1163 1681 temporibus
1194 1613 1418 1667 dictum
1451 1616 1556 1677 est,
1589 1612 1688 1682 pia
1713 1616 1910 1665 tamen
1939 1607 2220 1662 sollicitu-

567 1702 705 1756 dine
737 1702 1000 1772 cogitant
1028 1702 1190 1772 quod
1236 1701 1459 1755 dictum
1488 1705 1596 1764 est,
1635 1701 1880 1767 Tempus
1937 1697 2108 1753 breve
2136 1703 2217 1752 est

569 1792 612 1860 (l
648 1791 782 1846 Cor.
820 1806 916 1854 vu,
948 1793 1059 1858 29).
1092 1793 1297 1844 Nonne
1330 1806 1365 1844 a
1406 1789 1666 1844 maxima
1692 1795 1857 1858 parte
1883 1802 2087 1841 eorum
2114 1801 2218 1840 no-

567 1879 837 1944 vellatur,
884 1878 1229 1942 aediﬁcatur,
1264 1879 1498 1945 emitur,
1546 1876 1900 1948 possidetur,
1933 1883 2219 1946 geruntur

568 1968 766 2023 adhuc
797 1967 1074 2031 honores,
1117 1967 1417 2021 ducuntur
1447 1981 1658 2020 uxores
1690 1965 1717 2021 ‘t
1747 1969 1822 2020 De
1867 1966 1935 2019 iis
1981 1965 2214 2035 loquor,

564 2057 666 2127 qui
693 2063 1102 2127 exspectantes
1126 2055 1444 2110 Dominum
1469 2072 1664 2119 suum,
1687 2053 1934 2126 quando
1965 2054 2160 2108 veniat
2181 2067 2218 2108 a

564 2145 785 2216 nuptiis
834 2147 995 2214 (Luc.
1030 2161 1127 2207 xu.
1178 2144 1288 2215 36),
1325 2160 1445 2200 non
1494 2161 1556 2199 se
1600 2149 1798 2199 tamen
1831 2142 2131 2197 abstinent
2183 2157 2218 2197 a

565 2234 904 2290 carnalibus
955 2235 1198 2304 nuptiis,
1247 2234 1353 2290 sed
1402 2232 1890 2289 obedientissima
1935 2231 2216 2286 charitate

564 2323 817 2378 audiunt
842 2323 1192 2394 Apostolum
1226 2323 1668 2393 praecipientem
1694 2319 2217 2393 quemadmodum

565 2413 759 2468 vivere
793 2413 1052 2467 debeant
1086 2428 1299 2467 uxores
1343 2427 1478 2466 cum
1523 2411 1684 2475 viris,
1722 2411 1828 2464 viri
1859 2427 1995 2464 cum
2030 2409 2216 2464 uxori-

563 2501 702 2565 bus,
723 2501 826 2555 ﬁlii
854 2517 986 2555 cum
1017 2500 1383 2571 parentibus,
1403 2507 1681 2572 parentes
1710 2515 1844 2554 cum
1877 2498 2031 2564 ﬁliis,
2067 2497 2215 2553 servi

566 2606 702 2644 cum
730 2589 1011 2652 dominis,
1044 2588 1428 2643 dominicum
1455 2588 1637 2643 servis
1667 2605 1680 2640 :
1709 2603 1909 2643 nonne
1926 2586 1986 2642 bi
2007 2602 2216 2642 omnes

566 2678 626 2733 in
658 2678 748 2732 his
779 2678 1062 2732 omnibus
1092 2683 1336 2732 utuntur
1365 2676 1478 2732 hoc
1519 2676 1746 2732 mundo
1770 2677 1799 2729 ‘?
1820 2680 2020 2738 Arant,
2053 2675 2217 2731 navi-

567 2772 730 2835 gant,
757 2771 1128 2837 comparant,
1154 2771 1458 2836 generant,
1487 2766 1756 2834 militant,
1777 2765 2214 2821 administrant.

567 2855 716 2910 Puto
760 2854 925 2926 quod
960 2871 1079 2910 non
1124 2861 1296 2910 erunt
1337 2855 1440 2922 sic,
1481 2855 1726 2926 quando
1764 2862 1960 2920 erunt,
1992 2871 2127 2926 quae
2158 2855 2217 2909 in

568 2944 888 3013 Evangelio
921 2945 1199 3015 praedicta
1238 2949 1394 3012 sunt,
1427 2945 1598 3015 signa
1631 2947 1690 2999 in
1718 2946 1858 3008 sole,
1890 2951 1941 3000 et
1971 2945 2134 3010 tuna,
2167 2951 2220 3000 et

571 3034 780 3097 stellis,
812 3040 864 3089 et
919 3034 980 3088 in
1032 3034 1206 3090 terris
1233 3049 1516 3102 pressura
1546 3035 1822 3104 gentium,
1853 3049 1980 3102 prae
2010 3035 2216 3103 confu-

569 3123 726 3179 sione
751 3123 978 3178 sonitus
1005 3123 1187 3178 maris
1211 3125 1560 3191 et/luctuum
1586 3145 1604 3192 ,-
1627 3124 2022 3179 arescentibus
2039 3122 2222 3178 homi-

569 3212 746 3266 nibus
776 3227 902 3280 prae
954 3212 1180 3276 timore,
1234 3220 1283 3267 et
1315 3212 1749 3280 exspectatione
1777 3228 1907 3283 quae
1949 3227 2220 3280 superve-

571 3301 733 3356 nient
766 3302 1043 3356 universo
1074 3301 1204 3356 orbi
1236 3318 1251 3356 :
1283 3316 1422 3356 nam
1457 3301 1700 3358 virtutes
1725 3302 2007 3357 caelorum
2038 3316 2223 3356 move-

575 3390 818 3445 buntur.

647 3501 733 3552 39.
759 3497 891 3551 Haec
918 3496 1140 3568 quippe
1158 3496 1217 3550 in
1243 3496 1500 3552 Ecclesia
1522 3496 1732 3552 melius
1759 3497 2031 3551 existimo
2058 3495 2224 3551 intel-

579 3585 704 3653 ligi,
738 3601 810 3638 ne
860 3584 1145 3638 Dominus
1187 3585 1354 3639 Jesus
1401 3584 1928 3656 appropinquante
1960 3584 2227 3639 secundo

579 3673 840 3728 adventu
882 3689 990 3727 suo
1041 3688 1111 3728 ea
1156 3688 1264 3744 pro
1297 3688 1518 3744 magno
1548 3674 1896 3744 praedixisse
1937 3672 2224 3738 videatur,

579 3777 714 3832 quae
743 3760 885 3816 huic
915 3762 1143 3816 mundo
1187 3767 1244 3817 et
1291 3768 1426 3817 ante
1460 3762 1720 3834 primum
1748 3767 1875 3834 ejus
1904 3767 2230 3818 adventum

580 3855 1011 3906 consueverant
1033 3851 1284 3916 evenire,
1305 3857 1360 3906 et
1378 3851 1733 3907 irrideamur
1753 3852 1830 3908 ab
1853 3853 1933 3908 eis
1950 3853 2052 3924 qui
2080 3853 2226 3916 haec,

580 3954 715 4010 quas
751 3939 907 3993 velut
928 3940 1259 3995 novissima
1284 3945 1339 3994 et
1363 3941 1636 3995 omnium
1662 3941 1926 3996 maxima
1947 3941 2235 3996 horresci-

582 4043 737 4093 mus,
771 4027 945 4096 plura
989 4029 1048 4082 in
1090 4029 1336 4082 historia
1363 4029 1649 4097 gentium,
1683 4035 1737 4084 et
1768 4031 1951 4085 multo
2001 4031 2232 4099 majora

583 4116 870 4183 legerunt.
930 4117 1189 4171 Ecclesia
1218 4122 1309 4171 est
1335 4118 1494 4171 enim
1543 4118 1630 4171 sol
1662 4125 1718 4173 et
1749 4119 1892 4174 luna
1923 4124 1979 4173 et
2030 4118 2230 4184 stellae,

587 4203 680 4257 cui
712 4203 940 4258 dictum
982 4210 1066 4258 est
1102 4204 1412 4271 :Speciosa
1452 4206 1603 4260 sicut
1639 4208 1802 4270 luna,
1855 4209 2038 4263 electa
2083 4208 2232 4263 sicut

587 4293 676 4348 sol
706 4292 901 4363 (Cant.
935 4308 1010 4355 v1,
1037 4294 1114 4363 9).
1140 4293 1228 4347 Ab
1257 4293 1370 4348 hac
1396 4293 1679 4350 adoratur
1706 4296 1922 4366 Joseph
1953 4301 2152 4351 noster
2174 4297 2235 4352 in

586 4381 700 4437 hoc
734 4381 983 4445 mundo,
1014 4382 1173 4438 velut
1195 4382 1254 4436 in
1284 4383 1554 4454 Egypto,
1586 4399 1656 4438 ex
1685 4384 2020 4440 humillimo
2050 4385 2234 4441 subli-

588 4476 786 4526 matus
810 4494 821 4526 :
854 4487 991 4526 nam
1023 4471 1192 4526 illum
1213 4471 1431 4543 Joseph
1450 4477 1639 4526 mater
1661 4479 1814 4528 certe
1843 4475 2092 4529 adorare
2114 4490 2235 4530 non

589 4561 797 4631 potuit,
827 4576 963 4632 quae
991 4565 1126 4615 ante
1148 4560 1428 4616 defuncta
1449 4563 1722 4632 est(Gen.
1746 4579 1925 4627 xxxv,
1947 4564 2034 4635 19)
2051 4580 2235 4636 quam

589 4649 775 4704 Jacob
809 4650 1162 4704 venisselad
1198 4649 1384 4704 ﬁlium
1409 4650 1522 4720 (Id.
1543 4653 1718 4721 va1).
1752 4658 1811 4706 ut
1833 4652 1984 4707 illius
2018 4653 2238 4709 somnii

591 4738 922 4807 prophetici
941 4739 1051 4807 (Id.
1071 4755 1288 4804 xxxvu,
1309 4740 1366 4810 9)
1384 4739 1595 4794 veritas
1611 4740 1998 4812 adimplenda
2011 4743 2239 4798 Christo

591 4825 843 4880 Domino
891 4832 1244 4880 servaretur.
1291 4827 1542 4892 Quando
1573 4828 1732 4883 enim
1773 4829 1856 4885 sol
1897 4830 2241 4886 obscurabi-

591 4920 702 4980 tur,
735 4919 789 4970 et
820 4915 964 4969 luna
994 4929 1113 4969 non
1146 4915 1315 4971 dabit
1353 4916 1553 4972 lumen
1586 4935 1784 4984 suum,
1820 4925 1876 4974 et
1925 4919 2105 4974 statim
2136 4935 2238 4974 ca-

587 5005 733 5060 dent
776 5004 849 5059 de
891 5004 1062 5071 ccelo,
1096 5011 1151 5058 et
1199 5005 1435 5061 virtutes
1493 5008 1777 5063 caelorum
1822 5009 2235 5072 movebuntur,

588 5097 742 5148 sicut
770 5093 848 5150 ab
879 5094 1008 5148 aliis
1059 5091 1297 5148 duobus
1332 5095 1717 5163 Evangelistis
1745 5096 1840 5150 hic
1882 5097 2048 5151 locus
2076 5113 2242 5152 com-

585 5190 956 5239 memoratus
1005 5187 1110 5247 est,
1165 5182 1422 5238 Ecclesia
1470 5199 1588 5238 non
1635 5185 1946 5255 apparebit
1989 5203 2002 5252 ;
2043 5187 2240 5258 impiis

586 5279 728 5327 tunc
764 5272 1240 5343 persecutoribus
1273 5273 1424 5327 ultra
1457 5273 1703 5328 modum
1745 5274 2142 5345 saevientibus,
2185 5280 2242 5332 et

585 5368 815 5417 remoto
842 5365 1071 5426 timore,
1098 5370 1383 5432 tanquam
1415 5361 1708 5418 arridente
1737 5363 1944 5418 mundi
1970 5364 2240 5420 felicitate

584 5451 943 5516 dicentibus,
975 5453 1108 5507 Pax
1127 5458 1180 5508 et
1203 5452 1528 5508 securitas:
1556 5458 1694 5507 tunc
1721 5453 1902 5509 stellae
1929 5455 2145 5509 cadent
2165 5456 2238 5509 de

585 5539 755 5602 cmlo,
789 5545 843 5595 et
870 5541 1111 5596 virtutes
1150 5540 1439 5596 caelorum
1468 5541 1873 5598 movebuntur
1902 5558 1913 5608 ;
1947 5546 2236 5614 quoniam

585 5623 777 5691 multi,
797 5627 897 5700 qui
913 5628 1099 5697 gratia
1117 5627 1338 5697 fulgere
1353 5629 1725 5696 videbantur,
1743 5632 2236 5706 persequentibus

1748 179 1750 184 .
1833 130 1894 187 S.
1936 124 2323 186 AUGUSTINI
2363 123 2685 183 EPISCOPI

3810 123 3908 182 920

2311 253 2524 310 cedent
2552 257 2606 309 et
2637 250 2873 318 cadent,
2904 254 2963 306 et
2993 248 3238 322 quidem
3269 247 3474 304 ﬁdeles
3506 245 3788 305 fortissimi
3809 254 3912 307 tur-

2313 342 2637 398 babuntur.
2695 340 2831 396 Ideo
2884 345 3082 397 autem
3133 337 3465 393 secundum
3525 337 3831 393 Matthasum
3873 348 3914 397 et

2314 434 2571 489 Marcum
2600 435 2732 503 post
2763 429 3198 485 tribulationem
3227 427 3457 482 dierum
3489 425 3717 481 illorum
3744 426 3916 486 dicitur

2315 521 2428 577 hoc
2475 521 2763 589 futurum,
2796 535 2916 575 non
2956 519 3099 590 quia
3149 521 3454 572 transacta
3489 521 3606 570 tota
3635 515 3729 571 illa
3763 532 3914 586 perse-

2316 611 2550 666 cutione
2578 609 2848 666 accident
2876 609 2988 664 ista
3023 625 3037 675 ;
3068 608 3172 663 sed
3209 606 3350 678 quia
3392 604 3680 677 praecedet
3723 604 3917 662 tribula-

2319 699 2418 764 tio,
2444 704 2506 754 ut
2534 704 2820 770 sequatur
2849 696 3255 769 quorumdam
3290 694 3546 750 defectio
3570 710 3583 749 :
3619 699 3674 749 et
3699 694 3826 764 quia
3843 712 3919 766 per

2319 802 2528 842 omnes
2555 786 2683 842 dies
2713 785 2843 841 illos
2875 785 2957 841 ita
2987 785 3103 849 ﬁet,
3139 789 3456 856 propterea
3487 787 3622 854 post
3650 781 3921 838 tribulatio-

2319 890 2455 930 nem
2488 875 2719 929 dierum
2747 873 3006 940 illorum,
3040 872 3145 928 sed
3176 877 3377 928 tamen
3408 871 3468 925 in
3502 868 3724 926 eisdem
3751 869 3923 927 diebus

2320 962 2438 1018 ﬁet.

2393 1060 2479 1116 40.
2514 1059 2683 1125 Quod
2713 1075 2855 1130 ergo
2885 1058 3115 1115 dictum
3145 1063 3233 1115 est
3259 1057 3598 1114 secundum
3633 1058 3847 1123 Lucam,
3869 1059 3925 1114 Et

2321 1149 2384 1204 in
2431 1149 2601 1205 terris
2629 1164 2909 1217 pressura
2939 1148 3225 1218 gentium,
3258 1153 3467 1218 gentes
3498 1146 3684 1202 voluit
3710 1146 3924 1215 intelligi,

2323 1254 2444 1295 non
2477 1237 2835 1309 pertinentes
2867 1237 2943 1293 ad
2973 1253 3179 1292 semen
3207 1236 3474 1301 Abrahae,
3507 1234 3568 1290 in
3590 1250 3710 1308 quo
3737 1234 3928 1291 benedi-

2324 1335 2530 1383 centur
2558 1343 2770 1382 omnes
2803 1333 3006 1395 gentes
3023 1325 3136 1396 (Id.
3161 1342 3302 1391 xxii,
3336 1325 3443 1395 18),
3481 1324 3585 1379 sed
3621 1330 3810 1394 gentes
3832 1341 3929 1396 qua:

2324 1415 2403 1472 ad
2429 1416 2730 1471 sinistram
2752 1416 3013 1480 stabunt,
3027 1417 3272 1488 quanCo
3292 1413 3812 1485 congregabuntur
3829 1421 3930 1472 ante

2321 1505 2588 1560 Judicem
2643 1506 2915 1561 vivorum
2953 1509 3011 1561 et
3064 1509 3436 1560 mortuorum
3485 1519 3698 1558 omnes
3748 1510 3929 1571 gentes.

2330 1596 2585 1665 Utraque
2617 1609 2756 1666 pars
2781 1595 2939 1649 enim
2967 1595 3074 1650 erit
3101 1593 3160 1648 in
3193 1593 3482 1649 omnibus
3515 1593 3812 1661 gentibus;
3843 1608 3931 1647 una

2324 1697 2459 1754 quia
2482 1689 2733 1754 premat,
2767 1683 2950 1739 altera
2975 1699 3108 1755 qum
3128 1686 3435 1755 prematur
3465 1697 3478 1736 :
3513 1697 3770 1752 unaqum
3794 1681 3931 1744 dicat,

2329 1774 2461 1827 Pax
2489 1778 2542 1827 et
2573 1772 2859 1828 securitas
2883 1785 2906 1842 ,'
2935 1772 3119 1827 altera
3156 1773 3214 1826 in
3249 1788 3371 1844 qua
3402 1770 3496 1827 sol
3521 1770 3868 1836 obscuretur,
3895 1777 3932 1825 et

2325 1876 2446 1916 non
2478 1859 2577 1915 det
2601 1860 2744 1916 luna
2771 1861 2976 1916 lumen
2997 1877 3195 1925 suum,
3217 1866 3273 1916 et
3300 1860 3373 1915 de
3396 1877 3522 1932 qua
3546 1859 3756 1915 cadant
3772 1858 3928 1923 stella,

2325 1955 2380 2005 et
2409 1949 2467 2004 in
2499 1966 2621 2022 qua
2653 1949 2896 2005 virtutes
2921 1950 3210 2006 caelorum
3244 1954 3630 2006 moveantur.

2395 2061 2482 2112 41.
2509 2059 2582 2114 Et
2604 2066 2745 2114 tunc
2768 2058 3280 2115 videbuntFilium
3310 2058 3576 2114 hominis
3589 2058 3932 2113 venientemin

2324 2146 2478 2202 nube
2493 2162 2624 2203 cum
2643 2151 2928 2215 potestate
2946 2164 3168 2218 magna
3191 2155 3244 2204 et
3258 2151 3594 2218 maiestate.
3619 2146 3778 2212 Quod
3799 2145 3932 2200 video

2323 2234 2564 2291 duobus
2579 2236 2771 2291 modis
2783 2236 2972 2308 accipi
2989 2253 3188 2308 posse;
3204 2238 3322 2292 sive
3335 2236 3397 2292 in
3415 2236 3680 2292 Ecclesia
3694 2239 3929 2306 tanquam

2323 2324 2384 2379 in
2433 2324 2594 2379 nube
2622 2325 2977 2395 venientem,
3034 2326 3188 2381 sicut
3218 2326 3395 2381 etiam
3421 2340 3589 2380 nunc
3639 2324 3820 2379 venire
3842 2337 3932 2376 non

2323 2419 2534 2483 cessat,
2595 2413 2929 2470 secundum
2960 2415 3018 2470 id
3043 2414 3210 2487 quod
3259 2416 3359 2478 ait,
3417 2414 3652 2470 Amodo
3716 2411 3930 2470 videbitis

2322 2501 2542 2558 Filium
2595 2502 2849 2559 hominis
2891 2504 3186 2560 sedentem
3237 2520 3275 2559 a
3322 2504 3561 2560 dextris
3621 2502 3852 2562 viriutis,
3895 2508 3931 2554 et

2324 2593 2647 2648 venientem
2668 2594 2732 2648 in
2763 2593 3017 2648 nubibus
3047 2594 3212 2659 caeli;
3241 2595 3343 2649 sed
3366 2594 3507 2650 ideo
3539 2599 3680 2650 tunc
3707 2607 3827 2647 cum
3861 2607 3936 2662 po-

2323 2685 2531 2737 testate
2558 2698 2786 2750 magna
2814 2690 2870 2737 et
2897 2683 3224 2752 majestate,
3257 2683 3398 2754 quia
3423 2682 3624 2753 major
3649 2686 3877 2752 potestas
3897 2683 3937 2732 et

2324 2770 2608 2841 majestas
2636 2770 2791 2826 illius
2819 2772 3137 2842 apparebit
3171 2771 3417 2837 sanctis,
3446 2772 3674 2844 quibus
3707 2782 3935 2838 magnam

2326 2859 2602 2914 virtutem
2632 2859 2818 2925 dabit,
2864 2875 2936 2915 ne
2968 2865 3134 2915 tanta
3165 2860 3582 2931 persecutione
3633 2861 3935 2915 vincantur:

2327 2948 2445 3003 sive
2485 2949 2545 3004 in
2569 2965 2817 3019 corpore
2843 2965 2973 3015 suo,
3007 2951 3066 3004 in
3093 2965 3216 3021 quo
3248 2949 3416 3005 sedet
3447 2949 3531 3004 ad
3558 2949 3840 3003 dexteram
3867 2945 3936 2998 Pa-

2328 3037 2450 3102 tris,
2485 3038 2544 3092 in
2599 3053 2720 3109 quo
2749 3039 2928 3094 etiam
2967 3045 3244 3093 mortuus
3287 3044 3397 3104 est,
3458 3044 3515 3094 et
3549 3035 3858 3099 resurrexit,
3897 3039 3936 3087 et

2327 3126 2595 3182 ascendit
2623 3128 2682 3181 in
2713 3126 2952 3191 omium,
3009 3127 3342 3182 secundum
3369 3127 3539 3199 quod
3572 3125 3838 3197 scriptum
3875 3127 3937 3176 est

2328 3216 2387 3271 in
2420 3215 2663 3270 Actibus
2689 3217 3132 3286 Apostolorum,
3177 3217 3276 3270 His
3305 3216 3483 3272 dictis
3515 3216 3698 3271 nubes
3735 3213 3936 3280 suscepit

2331 3319 2480 3367 eum,
2505 3312 2555 3359 et
2581 3304 2852 3360 sublatus
2877 3309 2959 3361 est
2989 3306 3064 3361 ab
3095 3306 3196 3361 eis.
3231 3307 3293 3360 Et
3325 3305 3472 3377 quia
3501 3305 3619 3360 illic
3649 3304 3816 3360 etiam
3850 3299 3937 3354 dic-

2332 3397 2460 3448 tum
2490 3400 2576 3448 est
2606 3395 2684 3448 ab
2745 3394 3003 3464 Angelis,
3055 3394 3152 3450 Sic
3211 3395 3422 3460 veniet,
3491 3389 3934 3464 quemadmodum

2334 3481 2560 3537 vidistis
2581 3498 2712 3538 eum
2740 3489 2971 3540 euntem
2999 3484 3062 3538 in
3087 3484 3291 3538 caelum
3308 3484 3462 3554 (Act.
3491 3499 3530 3547 ι,
3549 3482 3605 3548 9,
3643 3483 3745 3552 tt),
3776 3477 3937 3534 merito

2334 3570 2668 3625 credendus
2689 3578 2795 3637 est,
2817 3588 2936 3627 non
2959 3571 3226 3627 solumin
3253 3571 3465 3627 eodem
3482 3585 3751 3642 corpore,
3782 3580 3934 3623 verum

2336 3661 2515 3717 etiam
2544 3662 2602 3716 in
2631 3663 2790 3717 nube
2820 3668 3104 3717 venturus
3129 3678 3143 3727 ;
3177 3663 3469 3731 quoniam
3500 3662 3585 3717 sic
3619 3662 3796 3715 veniet
3825 3657 3936 3710 sicut

2337 3750 2506 3816 abiit,
2536 3758 2592 3806 et
2618 3751 2810 3806 nubes
2832 3767 2970 3806 cum
3004 3751 3266 3822 suscepit
3286 3749 3636 3806 abeuntem.

2409 3853 2495 3905 42.
2515 3850 2625 3906 Sed
2645 3848 2859 3905 horum
2884 3848 3142 3904 duorum
3157 3847 3305 3919 quid
3327 3847 3422 3903 hic
3439 3848 3641 3919 potius
3653 3842 3935 3918 eligendum

2339 3941 2432 4004 sit,
2459 3938 2731 4009 judicare
2757 3936 2996 3994 difﬁcile
3017 3944 3124 3994 est.
3155 3939 3486 4008 Promptior
3508 3936 3749 4009 quidem
3769 3945 3933 3987 sensus

2339 4034 2425 4083 est
2460 4032 2520 4081 ut
2547 4028 2801 4098 quisque
2826 4043 2964 4082 cum
2990 4026 3244 4082 audierit
3270 4025 3361 4081 vel
3391 4025 3616 4094 legerit.
3642 4025 3716 4080 Et
3746 4028 3865 4076 tunc
3881 4018 3937 4074 vi-

2340 4118 2558 4174 debunt
2584 4115 2808 4172 Filium
2828 4115 3080 4171 hominis
3104 4116 3427 4172 venientem
3456 4114 3520 4170 in
3553 4114 3706 4169 nube
3724 4126 3839 4166 cum
3863 4123 3936 4174 po-

2343 4211 2550 4262 testate
2570 4219 2792 4274 magna
2821 4210 2873 4259 et
2907 4205 3436 4274 majestate,ipsum
3469 4219 3710 4274 prorsus
3737 4199 3938 4268 accipiat

2341 4296 2471 4366 ejus
2496 4294 2844 4360 adventum,
2873 4309 2992 4350 non
3027 4309 3130 4365 per
3176 4293 3521 4355 Ecclesiam,
3557 4290 3660 4347 sed
3698 4306 3792 4361 per
3821 4287 3937 4354 seip-

2345 4400 2500 4449 sum,
2533 4381 2779 4454 quando
2804 4393 3084 4438 venturus
3113 4389 3200 4438 est
3230 4382 3306 4438 ad
3342 4381 3508 4436 vivos
3540 4387 3597 4437 et
3617 4384 3854 4435 mortuos
3871 4374 3937 4442 ju-

2343 4472 2662 4528 dicandos:
2694 4473 2794 4526 sed
2823 4474 3111 4543 quoniam
3131 4471 3445 4542 Scriptura:
3467 4467 3793 4526 scrutanda?
3816 4465 3937 4519 sunt,

2344 4576 2456 4619 nec
2480 4576 2686 4636 earum
2709 4560 3020 4631 superﬁcie
3049 4560 3342 4616 debemus
3371 4576 3499 4615 esse
3550 4556 3812 4620 contenti,
3835 4564 3936 4624 qua:

2345 4651 2423 4706 ad
2451 4650 2930 4706 exercitationem
2962 4655 3229 4704 nostram
3263 4649 3342 4705 ita
3366 4649 3712 4705 modiﬁcata;
3733 4647 3867 4702 sunt,
3896 4642 3938 4690 ut

2345 4740 2521 4796 altius
2533 4755 2594 4794 se
2609 4738 2900 4809 penetrari
2914 4737 3112 4801 velint,
3127 4737 3439 4804 diligenter
3460 4727 3934 4799 suntinspicienda

2349 4828 2679 4900 sequentia.
2710 4828 2855 4882 Cum
2870 4828 3028 4882 enim
3047 4826 3311 4890 dixisset,
3344 4829 3408 4882 Et
3427 4835 3571 4882 tunc
3599 4823 3849 4880 videbunt
3866 4816 3935 4872 Fi-

2351 4919 2495 4973 lium
2513 4915 2762 4972 hominis
2777 4917 3100 4972 venientem
3137 4918 3195 4971 in
3211 4916 3364 4972 nube
3385 4930 3516 4971 cum
3556 4915 3818 4982 potestate
3841 4919 3936 4960 ma-

2349 5023 2470 5078 gna
2487 5013 2540 5062 et
2562 5009 2906 5076 majestate;
2921 5004 3016 5074 adj
3031 5006 3191 5059 unxit
3212 5011 3392 5077 atque
3405 5007 3504 5070 ait,
3539 5004 3638 5058 His
3652 5007 3824 5058 autem
3834 4991 3934 5062 ﬁeri

2348 5094 2787 5164 incipientibus,
2812 5095 3083 5161 respicite
3099 5101 3151 5150 et
3172 5095 3362 5151 levate
3380 5096 3579 5162 capita
3611 5099 3803 5148 vestra,
3825 5097 3933 5156 quo-

2349 5186 2511 5242 niam
2537 5183 3319 5254 appropinquatredemptio
3340 5190 3552 5238 vestra.
3584 5182 3655 5237 Et
3681 5176 3816 5233 dixit
3839 5170 3929 5226 illis

2348 5275 2793 5330 similitudinem
2822 5291 2837 5327 :
2871 5273 3068 5328 Videte
3085 5273 3405 5337 ﬁculneam
3425 5279 3478 5327 et
3495 5285 3684 5326 omnes
3703 5264 3929 5322 arbores;

2350 5380 2481 5420 cum
2505 5363 2988 5432 producuntij
3011 5376 3084 5417 ex
3113 5376 3172 5417 se
3197 5362 3487 5429 fructum,
3515 5361 3668 5416 scitis
3697 5351 3922 5426 quoniam

2346 5468 2532 5523 prape
2556 5459 2638 5508 est
2660 5458 2861 5507 xstas:
2893 5451 2978 5506 ita
3009 5456 3063 5507 et
3103 5466 3201 5506 vos
3231 5466 3364 5506 cum
3398 5448 3654 5506 videritis
3685 5446 3790 5501 hac
3810 5435 3921 5509 ﬁeri.

2347 5543 2552 5598 scitote
2581 5541 2862 5613 quoniam
2886 5556 3071 5610 prope
3097 5546 3179 5596 est
3213 5555 3459 5609 regnum
3494 5538 3613 5594 Dei.
3653 5536 3779 5591 Cum
3815 5538 3918 5592 ergo

2348 5631 2511 5697 dicit,
2541 5631 2686 5688 Cum
2707 5629 2973 5687 videritis
2996 5628 3120 5686 hac
3137 5629 3271 5697 ﬁeri
3284 5645 3310 5697 ,θ
3329 5644 3463 5702 quas
3489 5625 3782 5696 intelligere
3798 5620 3919 5690 pote-
