  <div class='ocr_page' id='page_1' title='image "/cluster/home/n/w/nwhite01/storage/ocr_20150623/33/hvd.32044096580568/459.png"; bbox 0 0 4118 6164; ppageno 0'>
   <div class='ocr_carea' id='block_1_1' title="bbox 529 171 642 231">
    <p class='ocr_par' dir='ltr' id='par_1_1' title="bbox 529 171 642 231">
     <span class='ocr_line' id='line_1_1' title="bbox 529 171 642 231; baseline 0.035 -4"><span class='ocrx_word' id='word_1_1' title='bbox 529 171 642 231; x_wconf 76' lang='lat'><strong>923</strong></span> 
     </span>
    </p>
   </div>
   <div class='ocr_carea' id='block_1_2' title="bbox 541 298 2192 375">
    <p class='ocr_par' dir='ltr' id='par_1_2' title="bbox 541 298 2192 375">
     <span class='ocr_line' id='line_1_2' title="bbox 541 298 2192 375; baseline 0.004 -22"><span class='ocrx_word' id='word_1_2' title='bbox 541 298 888 357; x_wconf 83' lang='lat' dir='ltr'><strong>adorabunt</strong></span> <span class='ocrx_word' id='word_1_3' title='bbox 900 317 1100 359; x_wconf 89' lang='lat' dir='ltr'><strong>coram</strong></span> <span class='ocrx_word' id='word_1_4' title='bbox 1125 310 1195 368; x_wconf 91' lang='lat' dir='ltr'><strong>te,</strong></span> <span class='ocrx_word' id='word_1_5' title='bbox 1230 304 1669 375; x_wconf 88' lang='lat' dir='ltr'><strong>Domine(Psal.</strong></span> <span class='ocrx_word' id='word_1_6' title='bbox 1689 321 1903 374; x_wconf 77' lang='lat' dir='ltr'><strong>Lxxxv,</strong></span> <span class='ocrx_word' id='word_1_7' title='bbox 1925 308 1980 367; x_wconf 88' lang='lat'><strong>9)</strong></span> <span class='ocrx_word' id='word_1_8' title='bbox 2007 306 2034 362; x_wconf 71' lang='lat'>7</span> <span class='ocrx_word' id='word_1_9' title='bbox 2065 307 2192 361; x_wconf 85' lang='lat' dir='ltr'><strong>Non</strong></span> 
     </span>
    </p>
   </div>
   <div class='ocr_carea' id='block_1_3' title="bbox 544 389 2193 464">
    <p class='ocr_par' dir='ltr' id='par_1_3' title="bbox 544 389 2193 464">
     <span class='ocr_line' id='line_1_3' title="bbox 544 389 2193 464; baseline 0.002 -21"><span class='ocrx_word' id='word_1_10' title='bbox 544 389 704 445; x_wconf 91' lang='lat' dir='ltr'><strong>enim</strong></span> <span class='ocrx_word' id='word_1_11' title='bbox 724 391 797 446; x_wconf 90' lang='lat' dir='ltr'><strong>de</strong></span> <span class='ocrx_word' id='word_1_12' title='bbox 819 391 962 446; x_wconf 92' lang='lat' dir='ltr'><strong>locis</strong></span> <span class='ocrx_word' id='word_1_13' title='bbox 981 393 1102 446; x_wconf 82' lang='lat' dir='ltr'><strong>suis</strong></span> <span class='ocrx_word' id='word_1_14' title='bbox 1121 394 1433 464; x_wconf 84' lang='lat' dir='ltr'><strong>migrando</strong></span> <span class='ocrx_word' id='word_1_15' title='bbox 1449 395 1704 462; x_wconf 84' lang='lat' dir='ltr'><strong>venient,</strong></span> <span class='ocrx_word' id='word_1_16' title='bbox 1722 395 1826 450; x_wconf 92' lang='lat' dir='ltr'><strong>sed</strong></span> <span class='ocrx_word' id='word_1_17' title='bbox 1843 395 1899 450; x_wconf 90' lang='lat' dir='ltr'><strong>in</strong></span> <span class='ocrx_word' id='word_1_18' title='bbox 1915 395 2053 450; x_wconf 90' lang='lat' dir='ltr'><strong>locis</strong></span> <span class='ocrx_word' id='word_1_19' title='bbox 2070 394 2193 449; x_wconf 88' lang='lat' dir='ltr'><strong>suis</strong></span> 
     </span>
    </p>
   </div>
   <div class='ocr_carea' id='block_1_4' title="bbox 543 479 2188 556">
    <p class='ocr_par' dir='ltr' id='par_1_4' title="bbox 543 479 2188 556">
     <span class='ocr_line' id='line_1_4' title="bbox 543 479 2188 556; baseline 0.004 -23"><span class='ocrx_word' id='word_1_20' title='bbox 543 479 862 534; x_wconf 91' lang='lat' dir='ltr'><strong>credendo.</strong></span> <span class='ocrx_word' id='word_1_21' title='bbox 911 479 991 534; x_wconf 91' lang='lat' dir='ltr'><strong>De</strong></span> <span class='ocrx_word' id='word_1_22' title='bbox 1037 481 1414 537; x_wconf 85' lang='lat' dir='ltr'><strong>credentibus</strong></span> <span class='ocrx_word' id='word_1_23' title='bbox 1454 484 1984 556; x_wconf 89' lang='lat' dir='ltr'><strong>quippeDominus</strong></span> <span class='ocrx_word' id='word_1_24' title='bbox 2005 483 2188 539; x_wconf 81' lang='lat' dir='ltr'><strong>dixit:</strong></span> 
     </span>
    </p>
   </div>
   <div class='ocr_carea' id='block_1_5' title="bbox 541 568 2193 643">
    <p class='ocr_par' dir='ltr' id='par_1_5' title="bbox 541 568 2193 643">
     <span class='ocr_line' id='line_1_5' title="bbox 541 568 2193 643; baseline 0.004 -21"><span class='ocrx_word' id='word_1_25' title='bbox 541 568 726 624; x_wconf 82' lang='lat' dir='ltr'><strong>Nemo</strong></span> <span class='ocrx_word' id='word_1_26' title='bbox 743 576 927 636; x_wconf 85' lang='lat' dir='ltr'><strong>potest</strong></span> <span class='ocrx_word' id='word_1_27' title='bbox 949 570 1239 627; x_wconf 86' lang='lat' dir='ltr'><strong>veniread</strong></span> <span class='ocrx_word' id='word_1_28' title='bbox 1261 576 1495 638; x_wconf 88' lang='lat' dir='ltr'><strong>me,nisi</strong></span> <span class='ocrx_word' id='word_1_29' title='bbox 1523 575 1728 630; x_wconf 87' lang='lat' dir='ltr'><strong>datum</strong></span> <span class='ocrx_word' id='word_1_30' title='bbox 1745 575 1926 643; x_wconf 81' lang='lat' dir='ltr'><strong>fuerit</strong></span> <span class='ocrx_word' id='word_1_31' title='bbox 1954 575 2062 630; x_wconf 89' lang='lat' dir='ltr'><strong>eia</strong></span> <span class='ocrx_word' id='word_1_32' title='bbox 2085 574 2193 628; x_wconf 87' lang='grc' dir='ltr'><strong>Ρα-</strong></span> 
     </span>
    </p>
   </div>
   <div class='ocr_carea' id='block_1_6' title="bbox 542 657 2193 735">
    <p class='ocr_par' dir='ltr' id='par_1_6' title="bbox 542 657 2193 735">
     <span class='ocr_line' id='line_1_6' title="bbox 542 657 2193 735; baseline 0.004 -25"><span class='ocrx_word' id='word_1_33' title='bbox 542 663 630 710; x_wconf 84' lang='lat' dir='ltr'><strong>tre</strong></span> <span class='ocrx_word' id='word_1_34' title='bbox 645 672 768 712; x_wconf 90' lang='lat' dir='ltr'><strong>meo</strong></span> <span class='ocrx_word' id='word_1_35' title='bbox 785 657 967 726; x_wconf 88' lang='lat' dir='ltr'><strong>(Joan.</strong></span> <span class='ocrx_word' id='word_1_36' title='bbox 987 660 1184 731; x_wconf 78' lang='lat' dir='ltr'><strong>v1.66).</strong></span> <span class='ocrx_word' id='word_1_37' title='bbox 1212 663 1715 735; x_wconf 84' lang='lat' dir='ltr'><strong>Prophetaautem</strong></span> <span class='ocrx_word' id='word_1_38' title='bbox 1741 663 1882 718; x_wconf 91' lang='lat' dir='ltr'><strong>dicit</strong></span> <span class='ocrx_word' id='word_1_39' title='bbox 1909 681 1920 718; x_wconf 87' lang='lat'><strong>:</strong></span> <span class='ocrx_word' id='word_1_40' title='bbox 1954 665 2028 719; x_wconf 91' lang='lat' dir='ltr'><strong>Et</strong></span> <span class='ocrx_word' id='word_1_41' title='bbox 2054 667 2193 718; x_wconf 85' lang='lat' dir='ltr'><strong>ado-</strong></span> 
     </span>
    </p>
   </div>
   <div class='ocr_carea' id='block_1_7' title="bbox 541 745 2193 823">
    <p class='ocr_par' dir='ltr' id='par_1_7' title="bbox 541 745 2193 823">
     <span class='ocr_line' id='line_1_7' title="bbox 541 745 2193 823; baseline 0.005 -24"><span class='ocrx_word' id='word_1_42' title='bbox 541 745 762 800; x_wconf 88' lang='lat' dir='ltr'><strong>rabunt</strong></span> <span class='ocrx_word' id='word_1_43' title='bbox 789 751 1330 823; x_wconf 86' lang='lat' dir='ltr'><strong>eumunusquisque</strong></span> <span class='ocrx_word' id='word_1_44' title='bbox 1362 753 1574 808; x_wconf 82' lang='lat' dir='ltr'><strong>deloco</strong></span> <span class='ocrx_word' id='word_1_45' title='bbox 1605 769 1723 817; x_wconf 81' lang='lat' dir='ltr'><strong>suo,</strong></span> <span class='ocrx_word' id='word_1_46' title='bbox 1757 768 1952 808; x_wconf 90' lang='lat' dir='ltr'><strong>omnes</strong></span> <span class='ocrx_word' id='word_1_47' title='bbox 1987 751 2193 808; x_wconf 67' lang='lat' dir='ltr'><strong>insula!</strong></span> 
     </span>
    </p>
   </div>
   <div class='ocr_carea' id='block_1_8' title="bbox 535 835 2188 912">
    <p class='ocr_par' dir='ltr' id='par_1_8' title="bbox 535 835 2188 912">
     <span class='ocr_line' id='line_1_8' title="bbox 535 835 2188 912; baseline 0.004 -23"><span class='ocrx_word' id='word_1_48' title='bbox 535 835 793 905; x_wconf 83' lang='lat' dir='ltr'><strong>genitum</strong></span> <span class='ocrx_word' id='word_1_49' title='bbox 809 837 1173 907; x_wconf 84' lang='lat' dir='ltr'><strong>(Sophon.u,l</strong></span> <span class='ocrx_word' id='word_1_50' title='bbox 1194 841 1480 910; x_wconf 86' lang='lat' dir='ltr'><strong>l).0mnes</strong></span> <span class='ocrx_word' id='word_1_51' title='bbox 1493 843 1705 898; x_wconf 76' lang='lat' dir='ltr'><strong>insulae</strong></span> <span class='ocrx_word' id='word_1_52' title='bbox 1726 843 2188 912; x_wconf 86' lang='lat' dir='ltr'><strong>dixit,tanquam</strong></span> 
     </span>
    </p>
   </div>
   <div class='ocr_carea' id='block_1_9' title="bbox 539 923 2185 1002">
    <p class='ocr_par' dir='ltr' id='par_1_9' title="bbox 539 923 2185 1002">
     <span class='ocr_line' id='line_1_9' title="bbox 539 923 2185 1002; baseline 0.005 -25"><span class='ocrx_word' id='word_1_53' title='bbox 539 923 779 990; x_wconf 84' lang='lat' dir='ltr'><strong>diceret,</strong></span> <span class='ocrx_word' id='word_1_54' title='bbox 803 925 991 982; x_wconf 88' lang='lat' dir='ltr'><strong>Etiam</strong></span> <span class='ocrx_word' id='word_1_55' title='bbox 1007 944 1217 984; x_wconf 90' lang='lat' dir='ltr'><strong>omnes</strong></span> <span class='ocrx_word' id='word_1_56' title='bbox 1244 931 1451 986; x_wconf 80' lang='lat' dir='ltr'><strong>insulae</strong></span> <span class='ocrx_word' id='word_1_57' title='bbox 1478 951 1489 998; x_wconf 89' lang='lat'><strong>;</strong></span> <span class='ocrx_word' id='word_1_58' title='bbox 1508 932 1646 986; x_wconf 86' lang='lat' dir='ltr'><strong>hinc</strong></span> <span class='ocrx_word' id='word_1_59' title='bbox 1660 931 1984 986; x_wconf 90' lang='lat' dir='ltr'><strong>ostendens</strong></span> <span class='ocrx_word' id='word_1_60' title='bbox 2001 946 2185 1002; x_wconf 89' lang='lat' dir='ltr'><strong>quam</strong></span> 
     </span>
    </p>
   </div>
   <div class='ocr_carea' id='block_1_10' title="bbox 543 1012 2186 1086">
    <p class='ocr_par' dir='ltr' id='par_1_10' title="bbox 543 1012 2186 1086">
     <span class='ocr_line' id='line_1_10' title="bbox 543 1012 2186 1086; baseline 0.006 -21"><span class='ocrx_word' id='word_1_61' title='bbox 543 1012 705 1068; x_wconf 91' lang='lat' dir='ltr'><strong>nulla</strong></span> <span class='ocrx_word' id='word_1_62' title='bbox 740 1014 1106 1086; x_wconf 80' lang='lat' dir='ltr'><strong>relinquatur</strong></span> <span class='ocrx_word' id='word_1_63' title='bbox 1147 1023 1440 1075; x_wconf 86' lang='lat' dir='ltr'><strong>terrarum</strong></span> <span class='ocrx_word' id='word_1_64' title='bbox 1475 1021 1573 1074; x_wconf 89' lang='lat' dir='ltr'><strong>ubi</strong></span> <span class='ocrx_word' id='word_1_65' title='bbox 1608 1036 1723 1076; x_wconf 91' lang='lat' dir='ltr'><strong>non</strong></span> <span class='ocrx_word' id='word_1_66' title='bbox 1761 1021 1835 1074; x_wconf 88' lang='lat' dir='ltr'><strong>sit</strong></span> <span class='ocrx_word' id='word_1_67' title='bbox 1888 1019 2142 1075; x_wconf 83' lang='lat' dir='ltr'><strong>Ecclesia</strong></span> <span class='ocrx_word' id='word_1_68' title='bbox 2173 1036 2186 1084; x_wconf 92' lang='lat'><strong>;</strong></span> 
     </span>
    </p>
   </div>
   <div class='ocr_carea' id='block_1_11' title="bbox 539 1102 2190 1180">
    <p class='ocr_par' dir='ltr' id='par_1_11' title="bbox 539 1102 2190 1180">
     <span class='ocr_line' id='line_1_11' title="bbox 539 1102 2190 1180; baseline 0.005 -26"><span class='ocrx_word' id='word_1_69' title='bbox 539 1102 962 1171; x_wconf 88' lang='lat' dir='ltr'><strong>quandonulla</strong></span> <span class='ocrx_word' id='word_1_70' title='bbox 978 1106 1956 1180; x_wconf 87' lang='lat' dir='ltr'><strong>relinquiturinsularum,quarum</strong></span> <span class='ocrx_word' id='word_1_71' title='bbox 1973 1107 2190 1162; x_wconf 86' lang='lat' dir='ltr'><strong>nonul-</strong></span> 
     </span>
    </p>
   </div>
   <div class='ocr_carea' id='block_1_12' title="bbox 541 1187 2188 1269">
    <p class='ocr_par' dir='ltr' id='par_1_12' title="bbox 541 1187 2188 1269">
     <span class='ocr_line' id='line_1_12' title="bbox 541 1187 2188 1269; baseline 0.005 -26"><span class='ocrx_word' id='word_1_72' title='bbox 541 1187 608 1244; x_wconf 70' lang='lat' dir='ltr'><strong>la:</strong></span> <span class='ocrx_word' id='word_1_73' title='bbox 641 1191 888 1246; x_wconf 88' lang='lat' dir='ltr'><strong>etiamin</strong></span> <span class='ocrx_word' id='word_1_74' title='bbox 906 1194 1141 1250; x_wconf 90' lang='lat' dir='ltr'><strong>Oceano</strong></span> <span class='ocrx_word' id='word_1_75' title='bbox 1156 1197 1660 1262; x_wconf 69' lang='lat' dir='ltr'><strong>suntconstitutte,</strong></span> <span class='ocrx_word' id='word_1_76' title='bbox 1689 1203 1742 1252; x_wconf 91' lang='lat' dir='ltr'><strong>et</strong></span> <span class='ocrx_word' id='word_1_77' title='bbox 1774 1197 2071 1269; x_wconf 89' lang='lat' dir='ltr'><strong>quasdam</strong></span> <span class='ocrx_word' id='word_1_78' title='bbox 2091 1212 2188 1252; x_wconf 89' lang='lat' dir='ltr'><strong>eo-</strong></span> 
     </span>
    </p>
   </div>
   <div class='ocr_carea' id='block_1_13' title="bbox 539 1283 2191 1358">
    <p class='ocr_par' dir='ltr' id='par_1_13' title="bbox 539 1283 2191 1358">
     <span class='ocr_line' id='line_1_13' title="bbox 539 1283 2191 1358; baseline 0.005 -26"><span class='ocrx_word' id='word_1_79' title='bbox 539 1295 674 1333; x_wconf 86' lang='lat' dir='ltr'><strong>rum</strong></span> <span class='ocrx_word' id='word_1_80' title='bbox 712 1283 1235 1354; x_wconf 87' lang='lat' dir='ltr'><strong>Evangeliumjam</strong></span> <span class='ocrx_word' id='word_1_81' title='bbox 1272 1287 1966 1356; x_wconf 87' lang='lat' dir='ltr'><strong>suscepissedidicimus.</strong></span> <span class='ocrx_word' id='word_1_82' title='bbox 2001 1291 2191 1358; x_wconf 80' lang='lat' dir='ltr'><strong>Atque</strong></span> 
     </span>
    </p>
   </div>
   <div class='ocr_carea' id='block_1_14' title="bbox 542 1369 2190 1448">
    <p class='ocr_par' dir='ltr' id='par_1_14' title="bbox 542 1369 2190 1448">
     <span class='ocr_line' id='line_1_14' title="bbox 542 1369 2190 1448; baseline 0.005 -26"><span class='ocrx_word' id='word_1_83' title='bbox 542 1369 619 1423; x_wconf 89' lang='lat' dir='ltr'><strong>ita</strong></span> <span class='ocrx_word' id='word_1_84' title='bbox 651 1375 705 1424; x_wconf 93' lang='lat' dir='ltr'><strong>et</strong></span> <span class='ocrx_word' id='word_1_85' title='bbox 732 1370 791 1424; x_wconf 88' lang='lat' dir='ltr'><strong>in</strong></span> <span class='ocrx_word' id='word_1_86' title='bbox 815 1371 1024 1426; x_wconf 89' lang='lat' dir='ltr'><strong>insulis</strong></span> <span class='ocrx_word' id='word_1_87' title='bbox 1059 1374 1308 1444; x_wconf 84' lang='lat' dir='ltr'><strong>singulis</strong></span> <span class='ocrx_word' id='word_1_88' title='bbox 1349 1376 1688 1448; x_wconf 85' lang='lat' dir='ltr'><strong>quibusque</strong></span> <span class='ocrx_word' id='word_1_89' title='bbox 1717 1376 1998 1446; x_wconf 88' lang='lat' dir='ltr'><strong>impletur</strong></span> <span class='ocrx_word' id='word_1_90' title='bbox 2028 1374 2190 1447; x_wconf 90' lang='lat' dir='ltr'><strong>quod</strong></span> 
     </span>
    </p>
   </div>
   <div class='ocr_carea' id='block_1_15' title="bbox 540 1456 2191 1536">
    <p class='ocr_par' dir='ltr' id='par_1_15' title="bbox 540 1456 2191 1536">
     <span class='ocr_line' id='line_1_15' title="bbox 540 1456 2191 1536; baseline 0.005 -26"><span class='ocrx_word' id='word_1_91' title='bbox 540 1456 764 1513; x_wconf 91' lang='lat' dir='ltr'><strong>dictum</strong></span> <span class='ocrx_word' id='word_1_92' title='bbox 779 1465 881 1524; x_wconf 89' lang='lat' dir='ltr'><strong>est,</strong></span> <span class='ocrx_word' id='word_1_93' title='bbox 903 1462 1308 1518; x_wconf 74' lang='lat' dir='ltr'><strong>Dominabitur</strong></span> <span class='ocrx_word' id='word_1_94' title='bbox 1329 1481 1363 1520; x_wconf 93' lang='lat' dir='ltr'><strong>a</strong></span> <span class='ocrx_word' id='word_1_95' title='bbox 1382 1466 1538 1520; x_wconf 86' lang='lat' dir='ltr'><strong>mari</strong></span> <span class='ocrx_word' id='word_1_96' title='bbox 1565 1480 1745 1536; x_wconf 85' lang='lat' dir='ltr'><strong>usque</strong></span> <span class='ocrx_word' id='word_1_97' title='bbox 1764 1465 1844 1520; x_wconf 88' lang='lat' dir='ltr'><strong>ad</strong></span> <span class='ocrx_word' id='word_1_98' title='bbox 1865 1480 2048 1532; x_wconf 87' lang='lat' dir='ltr'><strong>mare,</strong></span> <span class='ocrx_word' id='word_1_99' title='bbox 2069 1479 2191 1535; x_wconf 90' lang='lat' dir='ltr'><strong>quo</strong></span> 
     </span>
    </p>
   </div>
   <div class='ocr_carea' id='block_1_16' title="bbox 546 1551 2190 1622">
    <p class='ocr_par' dir='ltr' id='par_1_16' title="bbox 546 1551 2190 1622">
     <span class='ocr_line' id='line_1_16' title="bbox 546 1551 2190 1622; baseline 0.004 -22"><span class='ocrx_word' id='word_1_100' title='bbox 546 1551 1136 1619; x_wconf 70' lang='lat' dir='ltr'><strong>unaquaequeinsula</strong></span> <span class='ocrx_word' id='word_1_101' title='bbox 1161 1553 1445 1622; x_wconf 83' lang='lat' dir='ltr'><strong>cingitur;</strong></span> <span class='ocrx_word' id='word_1_102' title='bbox 1474 1554 1624 1609; x_wconf 90' lang='lat' dir='ltr'><strong>sicut</strong></span> <span class='ocrx_word' id='word_1_103' title='bbox 1662 1554 1720 1608; x_wconf 92' lang='lat' dir='ltr'><strong>in</strong></span> <span class='ocrx_word' id='word_1_104' title='bbox 1751 1555 2028 1608; x_wconf 87' lang='lat' dir='ltr'><strong>universo</strong></span> <span class='ocrx_word' id='word_1_105' title='bbox 2046 1551 2190 1607; x_wconf 88' lang='lat' dir='ltr'><strong>orbe</strong></span> 
     </span>
    </p>
   </div>
   <div class='ocr_carea' id='block_1_17' title="bbox 543 1639 2191 1714">
    <p class='ocr_par' dir='ltr' id='par_1_17' title="bbox 543 1639 2191 1714">
     <span class='ocr_line' id='line_1_17' title="bbox 543 1639 2191 1714; baseline 0.004 -26"><span class='ocrx_word' id='word_1_106' title='bbox 543 1639 857 1702; x_wconf 89' lang='lat' dir='ltr'><strong>terrarum,</strong></span> <span class='ocrx_word' id='word_1_107' title='bbox 892 1654 1027 1708; x_wconf 75' lang='lat' dir='ltr'><strong>quas</strong></span> <span class='ocrx_word' id='word_1_108' title='bbox 1073 1644 1361 1711; x_wconf 88' lang='lat' dir='ltr'><strong>tanquam</strong></span> <span class='ocrx_word' id='word_1_109' title='bbox 1425 1642 1696 1697; x_wconf 90' lang='lat' dir='ltr'><strong>omnium</strong></span> <span class='ocrx_word' id='word_1_110' title='bbox 1734 1640 2191 1714; x_wconf 90' lang='lat' dir='ltr'><strong>quodammodo</strong></span> 
     </span>
    </p>
   </div>
   <div class='ocr_carea' id='block_1_18' title="bbox 543 1725 2192 1800">
    <p class='ocr_par' dir='ltr' id='par_1_18' title="bbox 543 1725 2192 1800">
     <span class='ocr_line' id='line_1_18' title="bbox 543 1725 2192 1800; baseline 0.004 -24"><span class='ocrx_word' id='word_1_111' title='bbox 543 1725 811 1780; x_wconf 88' lang='lat' dir='ltr'><strong>maxima</strong></span> <span class='ocrx_word' id='word_1_112' title='bbox 832 1732 917 1780; x_wconf 89' lang='lat' dir='ltr'><strong>est</strong></span> <span class='ocrx_word' id='word_1_113' title='bbox 949 1727 1311 1800; x_wconf 78' lang='lat' dir='ltr'><strong>insula,quia</strong></span> <span class='ocrx_word' id='word_1_114' title='bbox 1334 1731 1592 1800; x_wconf 91' lang='lat' dir='ltr'><strong>etipsam</strong></span> <span class='ocrx_word' id='word_1_115' title='bbox 1614 1730 1796 1799; x_wconf 83' lang='lat' dir='ltr'><strong>cingit</strong></span> <span class='ocrx_word' id='word_1_116' title='bbox 1817 1733 2007 1786; x_wconf 90' lang='lat' dir='ltr'><strong>Ocean</strong></span> <span class='ocrx_word' id='word_1_117' title='bbox 2021 1729 2192 1794; x_wconf 88' lang='lat' dir='ltr'><strong>us,ad</strong></span> 
     </span>
    </p>
   </div>
   <div class='ocr_carea' id='block_1_19' title="bbox 542 1812 2189 1891">
    <p class='ocr_par' dir='ltr' id='par_1_19' title="bbox 542 1812 2189 1891">
     <span class='ocr_line' id='line_1_19' title="bbox 542 1812 2189 1891; baseline 0.005 -26"><span class='ocrx_word' id='word_1_118' title='bbox 542 1812 721 1882; x_wconf 87' lang='lat' dir='ltr'><strong>cujus</strong></span> <span class='ocrx_word' id='word_1_119' title='bbox 765 1813 962 1871; x_wconf 85' lang='lat' dir='ltr'><strong>littora</strong></span> <span class='ocrx_word' id='word_1_120' title='bbox 994 1816 1052 1871; x_wconf 92' lang='lat' dir='ltr'><strong>in</strong></span> <span class='ocrx_word' id='word_1_121' title='bbox 1085 1818 1552 1874; x_wconf 87' lang='lat' dir='ltr'><strong>occidentalibus</strong></span> <span class='ocrx_word' id='word_1_122' title='bbox 1568 1819 1836 1891; x_wconf 87' lang='lat' dir='ltr'><strong>partibus</strong></span> <span class='ocrx_word' id='word_1_123' title='bbox 1866 1818 2189 1874; x_wconf 89' lang='lat' dir='ltr'><strong>Ecclesiam</strong></span> 
     </span>
    </p>
   </div>
   <div class='ocr_carea' id='block_1_20' title="bbox 544 1903 2191 1980">
    <p class='ocr_par' dir='ltr' id='par_1_20' title="bbox 544 1903 2191 1980">
     <span class='ocr_line' id='line_1_20' title="bbox 544 1903 2191 1980; baseline 0.004 -25"><span class='ocrx_word' id='word_1_124' title='bbox 544 1903 1033 1973; x_wconf 87' lang='lat' dir='ltr'><strong>pervenissejam</strong></span> <span class='ocrx_word' id='word_1_125' title='bbox 1080 1907 1377 1973; x_wconf 90' lang='lat' dir='ltr'><strong>novimus,</strong></span> <span class='ocrx_word' id='word_1_126' title='bbox 1408 1915 1462 1963; x_wconf 93' lang='lat' dir='ltr'><strong>et</strong></span> <span class='ocrx_word' id='word_1_127' title='bbox 1499 1924 1884 1980; x_wconf 93' lang='lat' dir='ltr'><strong>quocumque</strong></span> <span class='ocrx_word' id='word_1_128' title='bbox 1926 1908 2191 1964; x_wconf 89' lang='lat' dir='ltr'><strong>littorum</strong></span> 
     </span>
    </p>
   </div>
   <div class='ocr_carea' id='block_1_21' title="bbox 545 1990 2194 2070">
    <p class='ocr_par' dir='ltr' id='par_1_21' title="bbox 545 1990 2194 2070">
     <span class='ocr_line' id='line_1_21' title="bbox 545 1990 2194 2070; baseline 0.005 -27"><span class='ocrx_word' id='word_1_129' title='bbox 545 1990 815 2046; x_wconf 89' lang='lat' dir='ltr'><strong>nondum</strong></span> <span class='ocrx_word' id='word_1_130' title='bbox 838 1995 1491 2066; x_wconf 90' lang='lat' dir='ltr'><strong>pervenit,perventura</strong></span> <span class='ocrx_word' id='word_1_131' title='bbox 1504 2002 1594 2053; x_wconf 89' lang='lat' dir='ltr'><strong>est</strong></span> <span class='ocrx_word' id='word_1_132' title='bbox 1623 1999 1821 2070; x_wconf 87' lang='lat' dir='ltr'><strong>utique</strong></span> <span class='ocrx_word' id='word_1_133' title='bbox 1837 1997 2194 2053; x_wconf 86' lang='lat' dir='ltr'><strong>fructiﬁcan-</strong></span> 
     </span>
    </p>
   </div>
   <div class='ocr_carea' id='block_1_22' title="bbox 545 2079 1172 2151">
    <p class='ocr_par' dir='ltr' id='par_1_22' title="bbox 545 2079 1172 2151">
     <span class='ocr_line' id='line_1_22' title="bbox 545 2079 1172 2151; baseline 0.01 -17"><span class='ocrx_word' id='word_1_134' title='bbox 545 2079 620 2135; x_wconf 93' lang='lat' dir='ltr'><strong>do</strong></span> <span class='ocrx_word' id='word_1_135' title='bbox 634 2084 814 2151; x_wconf 90' lang='lat' dir='ltr'><strong>atque</strong></span> <span class='ocrx_word' id='word_1_136' title='bbox 827 2084 1172 2140; x_wconf 90' lang='lat' dir='ltr'><strong>crescendo.</strong></span> 
     </span>
    </p>
   </div>
   <div class='ocr_carea' id='block_1_23' title="bbox 614 2188 2192 2265">
    <p class='ocr_par' dir='ltr' id='par_1_23' title="bbox 614 2188 2192 2265">
     <span class='ocr_line' id='line_1_23' title="bbox 614 2188 2192 2265; baseline 0.006 -25"><span class='ocrx_word' id='word_1_137' title='bbox 614 2189 704 2242; x_wconf 82' lang='grc'><strong>48.</strong></span> <span class='ocrx_word' id='word_1_138' title='bbox 739 2188 792 2244; x_wconf 89' lang='lat' dir='ltr'><strong>Si</strong></span> <span class='ocrx_word' id='word_1_139' title='bbox 828 2204 970 2258; x_wconf 89' lang='lat' dir='ltr'><strong>ergo</strong></span> <span class='ocrx_word' id='word_1_140' title='bbox 997 2191 1138 2262; x_wconf 87' lang='lat' dir='ltr'><strong>quia</strong></span> <span class='ocrx_word' id='word_1_141' title='bbox 1169 2193 1478 2265; x_wconf 88' lang='lat' dir='ltr'><strong>prophetia</strong></span> <span class='ocrx_word' id='word_1_142' title='bbox 1509 2194 1771 2250; x_wconf 85' lang='lat' dir='ltr'><strong>veritatis</strong></span> <span class='ocrx_word' id='word_1_143' title='bbox 1806 2195 2040 2250; x_wconf 90' lang='lat' dir='ltr'><strong>mentiri</strong></span> <span class='ocrx_word' id='word_1_144' title='bbox 2071 2209 2192 2250; x_wconf 91' lang='lat' dir='ltr'><strong>non</strong></span> 
     </span>
    </p>
   </div>
   <div class='ocr_carea' id='block_1_24' title="bbox 545 2281 2194 2356">
    <p class='ocr_par' dir='ltr' id='par_1_24' title="bbox 545 2281 2194 2356">
     <span class='ocr_line' id='line_1_24' title="bbox 545 2281 2194 2356; baseline 0.005 -26"><span class='ocrx_word' id='word_1_145' title='bbox 545 2281 761 2347; x_wconf 89' lang='lat' dir='ltr'><strong>potest,</strong></span> <span class='ocrx_word' id='word_1_146' title='bbox 790 2293 1035 2334; x_wconf 89' lang='lat' dir='ltr'><strong>necesse</strong></span> <span class='ocrx_word' id='word_1_147' title='bbox 1053 2286 1142 2336; x_wconf 89' lang='lat' dir='ltr'><strong>est</strong></span> <span class='ocrx_word' id='word_1_148' title='bbox 1169 2286 1228 2336; x_wconf 92' lang='lat' dir='ltr'><strong>ut</strong></span> <span class='ocrx_word' id='word_1_149' title='bbox 1261 2297 1471 2337; x_wconf 92' lang='lat' dir='ltr'><strong>omnes</strong></span> <span class='ocrx_word' id='word_1_150' title='bbox 1503 2289 2034 2356; x_wconf 89' lang='lat' dir='ltr'><strong>gentes,quotquot</strong></span> <span class='ocrx_word' id='word_1_151' title='bbox 2061 2284 2194 2339; x_wconf 91' lang='lat' dir='ltr'><strong>fecit</strong></span> 
     </span>
    </p>
   </div>
   <div class='ocr_carea' id='block_1_25' title="bbox 546 2367 2191 2442">
    <p class='ocr_par' dir='ltr' id='par_1_25' title="bbox 546 2367 2191 2442">
     <span class='ocr_line' id='line_1_25' title="bbox 546 2367 2191 2442; baseline 0.005 -22"><span class='ocrx_word' id='word_1_152' title='bbox 546 2367 979 2431; x_wconf 90' lang='lat' dir='ltr'><strong>Deus,adorent</strong></span> <span class='ocrx_word' id='word_1_153' title='bbox 999 2385 1136 2425; x_wconf 88' lang='lat' dir='ltr'><strong>eum</strong></span> <span class='ocrx_word' id='word_1_154' title='bbox 1162 2390 1174 2437; x_wconf 90' lang='lat'><strong>;</strong></span> <span class='ocrx_word' id='word_1_155' title='bbox 1204 2372 1514 2442; x_wconf 90' lang='lat' dir='ltr'><strong>quomodo</strong></span> <span class='ocrx_word' id='word_1_156' title='bbox 1533 2373 1873 2428; x_wconf 88' lang='lat' dir='ltr'><strong>adorabunt</strong></span> <span class='ocrx_word' id='word_1_157' title='bbox 1897 2389 2056 2438; x_wconf 91' lang='lat' dir='ltr'><strong>eum,</strong></span> <span class='ocrx_word' id='word_1_158' title='bbox 2075 2373 2191 2428; x_wconf 88' lang='lat' dir='ltr'><strong>nisi</strong></span> 
     </span>
    </p>
   </div>
   <div class='ocr_carea' id='block_1_26' title="bbox 544 2454 2192 2533">
    <p class='ocr_par' dir='ltr' id='par_1_26' title="bbox 544 2454 2192 2533">
     <span class='ocr_line' id='line_1_26' title="bbox 544 2454 2192 2533; baseline 0.004 -25"><span class='ocrx_word' id='word_1_159' title='bbox 544 2454 1331 2522; x_wconf 73' lang='lat' dir='ltr'><strong>invocenteum‘touomodo</strong></span> <span class='ocrx_word' id='word_1_160' title='bbox 1349 2466 1539 2516; x_wconf 90' lang='lat' dir='ltr'><strong>autem</strong></span> <span class='ocrx_word' id='word_1_161' title='bbox 1556 2461 2003 2526; x_wconf 87' lang='lat' dir='ltr'><strong>invocabunt,in</strong></span> <span class='ocrx_word' id='word_1_162' title='bbox 2020 2478 2192 2533; x_wconf 88' lang='lat' dir='ltr'><strong>quem</strong></span> 
     </span>
    </p>
   </div>
   <div class='ocr_carea' id='block_1_27' title="bbox 543 2545 2192 2622">
    <p class='ocr_par' dir='ltr' id='par_1_27' title="bbox 543 2545 2192 2622">
     <span class='ocr_line' id='line_1_27' title="bbox 543 2545 2192 2622; baseline 0.005 -25"><span class='ocrx_word' id='word_1_163' title='bbox 543 2558 664 2597; x_wconf 91' lang='lat' dir='ltr'><strong>non</strong></span> <span class='ocrx_word' id='word_1_164' title='bbox 687 2545 1108 2602; x_wconf 82' lang='lat' dir='ltr'><strong>crediderunt?</strong></span> <span class='ocrx_word' id='word_1_165' title='bbox 1137 2555 1237 2602; x_wconf 89' lang='lat' dir='ltr'><strong>aut</strong></span> <span class='ocrx_word' id='word_1_166' title='bbox 1261 2550 1570 2619; x_wconf 92' lang='lat' dir='ltr'><strong>quomodo</strong></span> <span class='ocrx_word' id='word_1_167' title='bbox 1602 2551 2039 2622; x_wconf 86' lang='lat' dir='ltr'><strong>credentquem</strong></span> <span class='ocrx_word' id='word_1_168' title='bbox 2071 2567 2192 2605; x_wconf 91' lang='lat' dir='ltr'><strong>non</strong></span> 
     </span>
    </p>
   </div>
   <div class='ocr_carea' id='block_1_28' title="bbox 543 2633 2194 2710">
    <p class='ocr_par' dir='ltr' id='par_1_28' title="bbox 543 2633 2194 2710">
     <span class='ocr_line' id='line_1_28' title="bbox 543 2633 2194 2710; baseline 0.005 -23"><span class='ocrx_word' id='word_1_169' title='bbox 543 2633 861 2688; x_wconf 89' lang='lat' dir='ltr'><strong>audierunt</strong></span> <span class='ocrx_word' id='word_1_170' title='bbox 886 2635 1226 2706; x_wconf 76' lang='lat' dir='ltr'><strong>‘lquomodo</strong></span> <span class='ocrx_word' id='word_1_171' title='bbox 1253 2643 1450 2692; x_wconf 92' lang='lat' dir='ltr'><strong>autem</strong></span> <span class='ocrx_word' id='word_1_172' title='bbox 1475 2639 1712 2694; x_wconf 87' lang='lat' dir='ltr'><strong>audient</strong></span> <span class='ocrx_word' id='word_1_173' title='bbox 1729 2640 1852 2694; x_wconf 88' lang='lat' dir='ltr'><strong>sine</strong></span> <span class='ocrx_word' id='word_1_174' title='bbox 1868 2640 2194 2710; x_wconf 58' lang='lat' dir='ltr'><strong>praedican-</strong></span> 
     </span>
    </p>
   </div>
   <div class='ocr_carea' id='block_1_29' title="bbox 543 2721 2189 2796">
    <p class='ocr_par' dir='ltr' id='par_1_29' title="bbox 543 2721 2189 2796">
     <span class='ocr_line' id='line_1_29' title="bbox 543 2721 2189 2796; baseline 0.005 -23"><span class='ocrx_word' id='word_1_175' title='bbox 543 2725 595 2774; x_wconf 91' lang='lat' dir='ltr'><strong>te</strong></span> <span class='ocrx_word' id='word_1_176' title='bbox 621 2721 647 2773; x_wconf 69' lang='grc' dir='ltr'><strong>’ἶ</strong></span> <span class='ocrx_word' id='word_1_177' title='bbox 663 2725 1083 2792; x_wconf 89' lang='lat' dir='ltr'><strong>autquomodo</strong></span> <span class='ocrx_word' id='word_1_178' title='bbox 1105 2726 1653 2795; x_wconf 64' lang='lat' dir='ltr'><strong>praedicabuntmisi</strong></span> <span class='ocrx_word' id='word_1_179' title='bbox 1680 2728 2189 2796; x_wconf 53' lang='lat' dir='ltr'><strong>mittantuerom.</strong></span> 
     </span>
    </p>
   </div>
   <div class='ocr_carea' id='block_1_30' title="bbox 540 2809 2192 2886">
    <p class='ocr_par' dir='ltr' id='par_1_30' title="bbox 540 2809 2192 2886">
     <span class='ocr_line' id='line_1_30' title="bbox 540 2809 2192 2886; baseline 0.004 -23"><span class='ocrx_word' id='word_1_180' title='bbox 540 2825 596 2872; x_wconf 87' lang='lat' dir='ltr'><strong>x,</strong></span> <span class='ocrx_word' id='word_1_181' title='bbox 633 2812 714 2876; x_wconf 73' lang='grc'><strong>14)</strong></span> <span class='ocrx_word' id='word_1_182' title='bbox 731 2809 758 2863; x_wconf 78' lang='lat'>?</span> <span class='ocrx_word' id='word_1_183' title='bbox 781 2811 1112 2868; x_wconf 82' lang='lat' dir='ltr'><strong>Mittitenim</strong></span> <span class='ocrx_word' id='word_1_184' title='bbox 1129 2815 1384 2883; x_wconf 90' lang='lat' dir='ltr'><strong>Angelos</strong></span> <span class='ocrx_word' id='word_1_185' title='bbox 1400 2822 1622 2879; x_wconf 90' lang='lat' dir='ltr'><strong>suos,et</strong></span> <span class='ocrx_word' id='word_1_186' title='bbox 1636 2822 1958 2886; x_wconf 76' lang='lat' dir='ltr'><strong>congregat</strong></span> <span class='ocrx_word' id='word_1_187' title='bbox 1975 2817 2192 2871; x_wconf 90' lang='lat' dir='ltr'><strong>electos</strong></span> 
     </span>
    </p>
   </div>
   <div class='ocr_carea' id='block_1_31' title="bbox 542 2903 2190 2975">
    <p class='ocr_par' dir='ltr' id='par_1_31' title="bbox 542 2903 2190 2975">
     <span class='ocr_line' id='line_1_31' title="bbox 542 2903 2190 2975; baseline 0.006 -24"><span class='ocrx_word' id='word_1_188' title='bbox 542 2914 728 2954; x_wconf 92' lang='lat' dir='ltr'><strong>suosa</strong></span> <span class='ocrx_word' id='word_1_189' title='bbox 751 2907 1009 2970; x_wconf 90' lang='lat' dir='ltr'><strong>quatuor</strong></span> <span class='ocrx_word' id='word_1_190' title='bbox 1033 2903 1462 2973; x_wconf 83' lang='lat' dir='ltr'><strong>ventis(Matth.</strong></span> <span class='ocrx_word' id='word_1_191' title='bbox 1487 2905 1836 2975; x_wconf 73' lang='lat' dir='ltr'><strong>xx1v,3l),id</strong></span> <span class='ocrx_word' id='word_1_192' title='bbox 1860 2907 2038 2960; x_wconf 89' lang='lat' dir='ltr'><strong>estab</strong></span> <span class='ocrx_word' id='word_1_193' title='bbox 2062 2907 2190 2960; x_wconf 89' lang='lat' dir='ltr'><strong>uni-</strong></span> 
     </span>
    </p>
   </div>
   <div class='ocr_carea' id='block_1_32' title="bbox 541 2987 2194 3065">
    <p class='ocr_par' dir='ltr' id='par_1_32' title="bbox 541 2987 2194 3065">
     <span class='ocr_line' id='line_1_32' title="bbox 541 2987 2194 3065; baseline 0.005 -24"><span class='ocrx_word' id='word_1_194' title='bbox 541 2987 868 3043; x_wconf 88' lang='lat' dir='ltr'><strong>versoorbe</strong></span> <span class='ocrx_word' id='word_1_195' title='bbox 893 2995 1201 3046; x_wconf 85' lang='lat' dir='ltr'><strong>terrarum.</strong></span> <span class='ocrx_word' id='word_1_196' title='bbox 1241 2997 1298 3046; x_wconf 91' lang='lat' dir='ltr'><strong>In</strong></span> <span class='ocrx_word' id='word_1_197' title='bbox 1322 2993 1543 3064; x_wconf 88' lang='lat' dir='ltr'><strong>quibus</strong></span> <span class='ocrx_word' id='word_1_198' title='bbox 1561 3009 1702 3062; x_wconf 88' lang='lat' dir='ltr'><strong>ergo</strong></span> <span class='ocrx_word' id='word_1_199' title='bbox 1733 2996 2010 3065; x_wconf 81' lang='lat' dir='ltr'><strong>gentibus</strong></span> <span class='ocrx_word' id='word_1_200' title='bbox 2043 3011 2194 3050; x_wconf 88' lang='lat' dir='ltr'><strong>non-</strong></span> 
     </span>
    </p>
   </div>
   <div class='ocr_carea' id='block_1_33' title="bbox 539 3076 2192 3155">
    <p class='ocr_par' dir='ltr' id='par_1_33' title="bbox 539 3076 2192 3155">
     <span class='ocr_line' id='line_1_33' title="bbox 539 3076 2192 3155; baseline 0.005 -24"><span class='ocrx_word' id='word_1_201' title='bbox 539 3076 683 3131; x_wconf 91' lang='lat' dir='ltr'><strong>dum</strong></span> <span class='ocrx_word' id='word_1_202' title='bbox 699 3079 1312 3152; x_wconf 87' lang='lat' dir='ltr'><strong>estEcciesia,oportet</strong></span> <span class='ocrx_word' id='word_1_203' title='bbox 1343 3090 1401 3137; x_wconf 92' lang='lat' dir='ltr'><strong>ut</strong></span> <span class='ocrx_word' id='word_1_204' title='bbox 1422 3083 1638 3149; x_wconf 89' lang='lat' dir='ltr'><strong>sit,uon</strong></span> <span class='ocrx_word' id='word_1_205' title='bbox 1670 3090 1730 3138; x_wconf 94' lang='lat' dir='ltr'><strong>ut</strong></span> <span class='ocrx_word' id='word_1_206' title='bbox 1764 3085 2088 3155; x_wconf 89' lang='lat' dir='ltr'><strong>omnesqui</strong></span> <span class='ocrx_word' id='word_1_207' title='bbox 2111 3085 2192 3140; x_wconf 90' lang='lat' dir='ltr'><strong>ibi</strong></span> 
     </span>
    </p>
   </div>
   <div class='ocr_carea' id='block_1_34' title="bbox 535 3164 2191 3244">
    <p class='ocr_par' dir='ltr' id='par_1_34' title="bbox 535 3164 2191 3244">
     <span class='ocr_line' id='line_1_34' title="bbox 535 3164 2191 3244; baseline 0.005 -24"><span class='ocrx_word' id='word_1_208' title='bbox 535 3164 751 3222; x_wconf 83' lang='lat' dir='ltr'><strong>fuerint</strong></span> <span class='ocrx_word' id='word_1_209' title='bbox 780 3169 1054 3240; x_wconf 82' lang='lat' dir='ltr'><strong>credant;</strong></span> <span class='ocrx_word' id='word_1_210' title='bbox 1075 3187 1280 3225; x_wconf 88' lang='lat' dir='ltr'><strong>omnes</strong></span> <span class='ocrx_word' id='word_1_211' title='bbox 1297 3172 1454 3226; x_wconf 92' lang='lat' dir='ltr'><strong>enim</strong></span> <span class='ocrx_word' id='word_1_212' title='bbox 1480 3178 1683 3241; x_wconf 85' lang='lat' dir='ltr'><strong>gentes</strong></span> <span class='ocrx_word' id='word_1_213' title='bbox 1703 3174 2011 3244; x_wconf 65' lang='lat' dir='ltr'><strong>promissas</strong></span> <span class='ocrx_word' id='word_1_214' title='bbox 2033 3179 2191 3241; x_wconf 86' lang='lat' dir='ltr'><strong>sunt,</strong></span> 
     </span>
    </p>
   </div>
   <div class='ocr_carea' id='block_1_35' title="bbox 539 3258 2191 3330">
    <p class='ocr_par' dir='ltr' id='par_1_35' title="bbox 539 3258 2191 3330">
     <span class='ocr_line' id='line_1_35' title="bbox 539 3258 2191 3330; baseline 0.005 -21"><span class='ocrx_word' id='word_1_215' title='bbox 539 3271 659 3310; x_wconf 93' lang='lat' dir='ltr'><strong>non</strong></span> <span class='ocrx_word' id='word_1_216' title='bbox 692 3271 903 3312; x_wconf 89' lang='lat' dir='ltr'><strong>omnes</strong></span> <span class='ocrx_word' id='word_1_217' title='bbox 941 3258 1216 3314; x_wconf 89' lang='lat' dir='ltr'><strong>homines</strong></span> <span class='ocrx_word' id='word_1_218' title='bbox 1244 3260 1517 3314; x_wconf 89' lang='lat' dir='ltr'><strong>omnium</strong></span> <span class='ocrx_word' id='word_1_219' title='bbox 1545 3262 1838 3330; x_wconf 89' lang='lat' dir='ltr'><strong>gentium:</strong></span> <span class='ocrx_word' id='word_1_220' title='bbox 1867 3277 1985 3317; x_wconf 88' lang='lat' dir='ltr'><strong>non</strong></span> <span class='ocrx_word' id='word_1_221' title='bbox 2031 3264 2191 3317; x_wconf 89' lang='lat' dir='ltr'><strong>enim</strong></span> 
     </span>
    </p>
   </div>
   <div class='ocr_carea' id='block_1_36' title="bbox 537 3345 2191 3421">
    <p class='ocr_par' dir='ltr' id='par_1_36' title="bbox 537 3345 2191 3421">
     <span class='ocr_line' id='line_1_36' title="bbox 537 3345 2191 3421; baseline 0.005 -23"><span class='ocrx_word' id='word_1_222' title='bbox 537 3345 810 3400; x_wconf 85' lang='lat' dir='ltr'><strong>omnium</strong></span> <span class='ocrx_word' id='word_1_223' title='bbox 834 3350 922 3400; x_wconf 89' lang='lat' dir='ltr'><strong>est</strong></span> <span class='ocrx_word' id='word_1_224' title='bbox 952 3346 1178 3417; x_wconf 83' lang='lat' dir='ltr'><strong>ﬁdes(ll</strong></span> <span class='ocrx_word' id='word_1_225' title='bbox 1216 3349 1813 3413; x_wconf 78' lang='lat' dir='ltr'><strong>Thess.iu,2).Credit</strong></span> <span class='ocrx_word' id='word_1_226' title='bbox 1834 3351 2034 3421; x_wconf 86' lang='lat' dir='ltr'><strong>itaque</strong></span> <span class='ocrx_word' id='word_1_227' title='bbox 2065 3368 2191 3406; x_wconf 91' lang='lat' dir='ltr'><strong>om-</strong></span> 
     </span>
    </p>
   </div>
   <div class='ocr_carea' id='block_1_37' title="bbox 535 3433 2192 3508">
    <p class='ocr_par' dir='ltr' id='par_1_37' title="bbox 535 3433 2192 3508">
     <span class='ocr_line' id='line_1_37' title="bbox 535 3433 2192 3508; baseline 0.004 -19"><span class='ocrx_word' id='word_1_228' title='bbox 535 3433 629 3489; x_wconf 90' lang='lat' dir='ltr'><strong>nis</strong></span> <span class='ocrx_word' id='word_1_229' title='bbox 661 3450 807 3504; x_wconf 90' lang='lat' dir='ltr'><strong>gens</strong></span> <span class='ocrx_word' id='word_1_230' title='bbox 839 3435 1190 3491; x_wconf 90' lang='lat' dir='ltr'><strong>inomnibus</strong></span> <span class='ocrx_word' id='word_1_231' title='bbox 1215 3436 1651 3508; x_wconf 87' lang='lat' dir='ltr'><strong>quielectisunt</strong></span> <span class='ocrx_word' id='word_1_232' title='bbox 1675 3440 2192 3495; x_wconf 89' lang='lat' dir='ltr'><strong>anteconstitutio—</strong></span> 
     </span>
    </p>
   </div>
   <div class='ocr_carea' id='block_1_38' title="bbox 537 3522 2190 3596">
    <p class='ocr_par' dir='ltr' id='par_1_38' title="bbox 537 3522 2190 3596">
     <span class='ocr_line' id='line_1_38' title="bbox 537 3522 2190 3596; baseline 0.004 -20"><span class='ocrx_word' id='word_1_233' title='bbox 537 3537 675 3576; x_wconf 92' lang='lat' dir='ltr'><strong>nem</strong></span> <span class='ocrx_word' id='word_1_234' title='bbox 709 3522 914 3576; x_wconf 88' lang='lat' dir='ltr'><strong>mundi</strong></span> <span class='ocrx_word' id='word_1_235' title='bbox 946 3523 1122 3593; x_wconf 85' lang='lat' dir='ltr'><strong>(Eph.</strong></span> <span class='ocrx_word' id='word_1_236' title='bbox 1157 3542 1192 3589; x_wconf 84' lang='grc' dir='ltr'>ι,</span> <span class='ocrx_word' id='word_1_237' title='bbox 1242 3525 1320 3595; x_wconf 83' lang='grc'>4),</span> <span class='ocrx_word' id='word_1_238' title='bbox 1354 3525 1414 3580; x_wconf 88' lang='lat' dir='ltr'><strong>in</strong></span> <span class='ocrx_word' id='word_1_239' title='bbox 1464 3527 1688 3581; x_wconf 69' lang='lat' dir='ltr'><strong>casteria</strong></span> <span class='ocrx_word' id='word_1_240' title='bbox 1731 3543 1850 3582; x_wconf 92' lang='lat' dir='ltr'><strong>non</strong></span> <span class='ocrx_word' id='word_1_241' title='bbox 1899 3527 2103 3596; x_wconf 89' lang='lat' dir='ltr'><strong>credit,</strong></span> <span class='ocrx_word' id='word_1_242' title='bbox 2136 3534 2190 3584; x_wconf 92' lang='lat' dir='ltr'><strong>et</strong></span> 
     </span>
    </p>
   </div>
   <div class='ocr_carea' id='block_1_39' title="bbox 537 3611 2186 3688">
    <p class='ocr_par' dir='ltr' id='par_1_39' title="bbox 537 3611 2186 3688">
     <span class='ocr_line' id='line_1_39' title="bbox 537 3611 2186 3688; baseline 0.004 -23"><span class='ocrx_word' id='word_1_243' title='bbox 537 3611 843 3666; x_wconf 90' lang='lat' dir='ltr'><strong>credentes</strong></span> <span class='ocrx_word' id='word_1_244' title='bbox 865 3612 1006 3666; x_wconf 86' lang='lat' dir='ltr'><strong>odit.</strong></span> <span class='ocrx_word' id='word_1_245' title='bbox 1041 3614 1356 3677; x_wconf 88' lang='lat' dir='ltr'><strong>Quomodo</strong></span> <span class='ocrx_word' id='word_1_246' title='bbox 1382 3616 1540 3669; x_wconf 92' lang='lat' dir='ltr'><strong>enim</strong></span> <span class='ocrx_word' id='word_1_247' title='bbox 1569 3621 1624 3670; x_wconf 90' lang='lat' dir='ltr'><strong>et</strong></span> <span class='ocrx_word' id='word_1_248' title='bbox 1653 3615 1797 3670; x_wconf 90' lang='lat' dir='ltr'><strong>illud</strong></span> <span class='ocrx_word' id='word_1_249' title='bbox 1825 3616 2186 3688; x_wconf 90' lang='lat' dir='ltr'><strong>implebitur,</strong></span> 
     </span>
    </p>
   </div>
   <div class='ocr_carea' id='block_1_40' title="bbox 539 3699 2184 3776">
    <p class='ocr_par' dir='ltr' id='par_1_40' title="bbox 539 3699 2184 3776">
     <span class='ocr_line' id='line_1_40' title="bbox 539 3699 2184 3776; baseline 0.004 -23"><span class='ocrx_word' id='word_1_250' title='bbox 539 3700 729 3754; x_wconf 96' lang='lat' dir='ltr'><strong>Erilis</strong></span> <span class='ocrx_word' id='word_1_251' title='bbox 759 3699 886 3755; x_wconf 89' lang='lat' dir='ltr'><strong>odio</strong></span> <span class='ocrx_word' id='word_1_252' title='bbox 916 3702 1185 3757; x_wconf 90' lang='lat' dir='ltr'><strong>omnibus</strong></span> <span class='ocrx_word' id='word_1_253' title='bbox 1213 3711 1458 3772; x_wconf 80' lang='lat' dir='ltr'><strong>pmpter</strong></span> <span class='ocrx_word' id='word_1_254' title='bbox 1489 3720 1699 3760; x_wconf 85' lang='lat' dir='ltr'><strong>nomen</strong></span> <span class='ocrx_word' id='word_1_255' title='bbox 1730 3721 1919 3761; x_wconf 88' lang='lat' dir='ltr'><strong>meum</strong></span> <span class='ocrx_word' id='word_1_256' title='bbox 1944 3706 2184 3776; x_wconf 80' lang='lat' dir='ltr'><strong>(Matth.</strong></span> 
     </span>
    </p>
   </div>
   <div class='ocr_carea' id='block_1_41' title="bbox 536 3789 2188 3866">
    <p class='ocr_par' dir='ltr' id='par_1_41' title="bbox 536 3789 2188 3866">
     <span class='ocr_line' id='line_1_41' title="bbox 536 3789 2188 3866; baseline 0.004 -22"><span class='ocrx_word' id='word_1_257' title='bbox 536 3805 691 3857; x_wconf 70' lang='lat' dir='ltr'><strong>xxxv,</strong></span> <span class='ocrx_word' id='word_1_258' title='bbox 732 3790 787 3861; x_wconf 86' lang='lat'><strong>9)</strong></span> <span class='ocrx_word' id='word_1_259' title='bbox 817 3806 832 3856; x_wconf 87' lang='lat'><strong>;</strong></span> <span class='ocrx_word' id='word_1_260' title='bbox 866 3789 976 3845; x_wconf 86' lang='lat' dir='ltr'><strong>nisi</strong></span> <span class='ocrx_word' id='word_1_261' title='bbox 1003 3792 1064 3846; x_wconf 91' lang='lat' dir='ltr'><strong>in</strong></span> <span class='ocrx_word' id='word_1_262' title='bbox 1088 3793 1373 3848; x_wconf 91' lang='lat' dir='ltr'><strong>omnibus</strong></span> <span class='ocrx_word' id='word_1_263' title='bbox 1405 3794 1682 3863; x_wconf 86' lang='lat' dir='ltr'><strong>gentibus</strong></span> <span class='ocrx_word' id='word_1_264' title='bbox 1701 3795 1814 3850; x_wconf 89' lang='lat' dir='ltr'><strong>sint</strong></span> <span class='ocrx_word' id='word_1_265' title='bbox 1843 3800 1899 3850; x_wconf 91' lang='lat' dir='ltr'><strong>et</strong></span> <span class='ocrx_word' id='word_1_266' title='bbox 1924 3796 2188 3866; x_wconf 83' lang='lat' dir='ltr'><strong>quiode-</strong></span> 
     </span>
    </p>
   </div>
   <div class='ocr_carea' id='block_1_42' title="bbox 536 3878 1247 3952">
    <p class='ocr_par' dir='ltr' id='par_1_42' title="bbox 536 3878 1247 3952">
     <span class='ocr_line' id='line_1_42' title="bbox 536 3878 1247 3952; baseline 0.003 -18"><span class='ocrx_word' id='word_1_267' title='bbox 536 3878 672 3944; x_wconf 88' lang='lat' dir='ltr'><strong>rint,</strong></span> <span class='ocrx_word' id='word_1_268' title='bbox 700 3884 755 3936; x_wconf 92' lang='lat' dir='ltr'><strong>et</strong></span> <span class='ocrx_word' id='word_1_269' title='bbox 774 3895 928 3952; x_wconf 90' lang='lat' dir='ltr'><strong>quos</strong></span> <span class='ocrx_word' id='word_1_270' title='bbox 959 3881 1193 3936; x_wconf 88' lang='lat' dir='ltr'><strong>oderint</strong></span> <span class='ocrx_word' id='word_1_271' title='bbox 1220 3881 1247 3936; x_wconf 86' lang='lat'><strong>?</strong></span> 
     </span>
    </p>
   </div>
   <div class='ocr_carea' id='block_1_43' title="bbox 607 3989 2185 4062">
    <p class='ocr_par' dir='ltr' id='par_1_43' title="bbox 607 3989 2185 4062">
     <span class='ocr_line' id='line_1_43' title="bbox 607 3989 2185 4062; baseline 0.004 -20"><span class='ocrx_word' id='word_1_272' title='bbox 607 3991 694 4042; x_wconf 73' lang='grc'><strong>49.</strong></span> <span class='ocrx_word' id='word_1_273' title='bbox 721 3989 848 4052; x_wconf 90' lang='lat' dir='ltr'><strong>Quo</strong></span> <span class='ocrx_word' id='word_1_274' title='bbox 880 3995 1052 4057; x_wconf 90' lang='lat' dir='ltr'><strong>pacto</strong></span> <span class='ocrx_word' id='word_1_275' title='bbox 1083 3989 1262 4057; x_wconf 90' lang='lat' dir='ltr'><strong>igitur</strong></span> <span class='ocrx_word' id='word_1_276' title='bbox 1292 3989 1369 4044; x_wconf 92' lang='lat' dir='ltr'><strong>ab</strong></span> <span class='ocrx_word' id='word_1_277' title='bbox 1395 3991 1689 4059; x_wconf 83' lang='lat' dir='ltr'><strong>Apostolis</strong></span> <span class='ocrx_word' id='word_1_278' title='bbox 1732 3997 1816 4045; x_wconf 90' lang='lat' dir='ltr'><strong>est</strong></span> <span class='ocrx_word' id='word_1_279' title='bbox 1844 3992 2185 4062; x_wconf 66' lang='lat' dir='ltr'><strong>praedicatio</strong></span> 
     </span>
    </p>
   </div>
   <div class='ocr_carea' id='block_1_44' title="bbox 536 4077 2184 4151">
    <p class='ocr_par' dir='ltr' id='par_1_44' title="bbox 536 4077 2184 4151">
     <span class='ocr_line' id='line_1_44' title="bbox 536 4077 2184 4151; baseline 0.004 -21"><span class='ocrx_word' id='word_1_280' title='bbox 536 4077 646 4130; x_wconf 89' lang='lat' dir='ltr'><strong>ista</strong></span> <span class='ocrx_word' id='word_1_281' title='bbox 678 4077 993 4145; x_wconf 89' lang='lat' dir='ltr'><strong>completa,</strong></span> <span class='ocrx_word' id='word_1_282' title='bbox 1037 4077 1281 4148; x_wconf 89' lang='lat' dir='ltr'><strong>quando</strong></span> <span class='ocrx_word' id='word_1_283' title='bbox 1323 4077 1520 4132; x_wconf 90' lang='lat' dir='ltr'><strong>adhuc</strong></span> <span class='ocrx_word' id='word_1_284' title='bbox 1562 4095 1749 4149; x_wconf 91' lang='lat' dir='ltr'><strong>usque</strong></span> <span class='ocrx_word' id='word_1_285' title='bbox 1799 4085 1938 4134; x_wconf 91' lang='lat' dir='ltr'><strong>sunt</strong></span> <span class='ocrx_word' id='word_1_286' title='bbox 1979 4087 2184 4151; x_wconf 87' lang='lat' dir='ltr'><strong>gentes</strong></span> 
     </span>
    </p>
   </div>
   <div class='ocr_carea' id='block_1_45' title="bbox 537 4163 2181 4239">
    <p class='ocr_par' dir='ltr' id='par_1_45' title="bbox 537 4163 2181 4239">
     <span class='ocr_line' id='line_1_45' title="bbox 537 4163 2181 4239; baseline 0.005 -23"><span class='ocrx_word' id='word_1_287' title='bbox 537 4163 726 4233; x_wconf 91' lang='lat' dir='ltr'><strong>(quod</strong></span> <span class='ocrx_word' id='word_1_288' title='bbox 747 4164 1074 4218; x_wconf 87' lang='lat' dir='ltr'><strong>certissime</strong></span> <span class='ocrx_word' id='word_1_289' title='bbox 1106 4165 1397 4234; x_wconf 89' lang='lat' dir='ltr'><strong>estnobis)</strong></span> <span class='ocrx_word' id='word_1_290' title='bbox 1426 4166 1484 4219; x_wconf 90' lang='lat' dir='ltr'><strong>in</strong></span> <span class='ocrx_word' id='word_1_291' title='bbox 1517 4166 1736 4236; x_wconf 88' lang='lat' dir='ltr'><strong>quibus</strong></span> <span class='ocrx_word' id='word_1_292' title='bbox 1770 4168 1950 4222; x_wconf 92' lang='lat' dir='ltr'><strong>modo</strong></span> <span class='ocrx_word' id='word_1_293' title='bbox 1983 4170 2181 4239; x_wconf 73' lang='lat' dir='ltr'><strong>cmpit,</strong></span> 
     </span>
    </p>
   </div>
   <div class='ocr_carea' id='block_1_46' title="bbox 537 4251 2184 4327">
    <p class='ocr_par' dir='ltr' id='par_1_46' title="bbox 537 4251 2184 4327">
     <span class='ocr_line' id='line_1_46' title="bbox 537 4251 2184 4327; baseline 0.004 -21"><span class='ocrx_word' id='word_1_294' title='bbox 537 4258 593 4307; x_wconf 92' lang='lat' dir='ltr'><strong>et</strong></span> <span class='ocrx_word' id='word_1_295' title='bbox 623 4252 680 4306; x_wconf 90' lang='lat' dir='ltr'><strong>in</strong></span> <span class='ocrx_word' id='word_1_296' title='bbox 713 4251 936 4322; x_wconf 90' lang='lat' dir='ltr'><strong>quibus</strong></span> <span class='ocrx_word' id='word_1_297' title='bbox 963 4253 1233 4307; x_wconf 91' lang='lat' dir='ltr'><strong>nondum</strong></span> <span class='ocrx_word' id='word_1_298' title='bbox 1271 4253 1447 4324; x_wconf 69' lang='lat' dir='ltr'><strong>coepit</strong></span> <span class='ocrx_word' id='word_1_299' title='bbox 1493 4254 1724 4325; x_wconf 87' lang='lat' dir='ltr'><strong>impleri</strong></span> <span class='ocrx_word' id='word_1_300' title='bbox 1757 4254 1784 4308; x_wconf 80' lang='lat' dir='ltr'><strong>‘l</strong></span> <span class='ocrx_word' id='word_1_301' title='bbox 1819 4259 1944 4311; x_wconf 86' lang='lat' dir='ltr'><strong>Non</strong></span> <span class='ocrx_word' id='word_1_302' title='bbox 1987 4257 2184 4327; x_wconf 90' lang='lat' dir='ltr'><strong>itaque</strong></span> 
     </span>
    </p>
   </div>
   <div class='ocr_carea' id='block_1_47' title="bbox 541 4341 2184 4413">
    <p class='ocr_par' dir='ltr' id='par_1_47' title="bbox 541 4341 2184 4413">
     <span class='ocr_line' id='line_1_47' title="bbox 541 4341 2184 4413; baseline 0.004 -18"><span class='ocrx_word' id='word_1_303' title='bbox 541 4341 624 4396; x_wconf 93' lang='lat' dir='ltr'><strong>sic</strong></span> <span class='ocrx_word' id='word_1_304' title='bbox 655 4341 881 4396; x_wconf 86' lang='lat' dir='ltr'><strong>dictum</strong></span> <span class='ocrx_word' id='word_1_305' title='bbox 913 4346 1002 4396; x_wconf 91' lang='lat' dir='ltr'><strong>est</strong></span> <span class='ocrx_word' id='word_1_306' title='bbox 1032 4343 1346 4413; x_wconf 86' lang='lat' dir='ltr'><strong>Apostolis,</strong></span> <span class='ocrx_word' id='word_1_307' title='bbox 1373 4343 1556 4398; x_wconf 87' lang='lat' dir='ltr'><strong>Erilis</strong></span> <span class='ocrx_word' id='word_1_308' title='bbox 1587 4345 1916 4402; x_wconf 82' lang='lat' dir='ltr'><strong>mihitestes</strong></span> <span class='ocrx_word' id='word_1_309' title='bbox 1941 4347 1999 4401; x_wconf 89' lang='lat' dir='ltr'><strong>in</strong></span> <span class='ocrx_word' id='word_1_310' title='bbox 2017 4346 2184 4402; x_wconf 87' lang='lat' dir='ltr'><strong>Jeru-</strong></span> 
     </span>
    </p>
   </div>
   <div class='ocr_carea' id='block_1_48' title="bbox 537 4432 2184 4505">
    <p class='ocr_par' dir='ltr' id='par_1_48' title="bbox 537 4432 2184 4505">
     <span class='ocr_line' id='line_1_48' title="bbox 537 4432 2184 4505; baseline 0.003 -19"><span class='ocrx_word' id='word_1_311' title='bbox 537 4433 742 4497; x_wconf 83' lang='lat' dir='ltr'><strong>salem,</strong></span> <span class='ocrx_word' id='word_1_312' title='bbox 775 4432 915 4487; x_wconf 89' lang='lat' dir='ltr'><strong>etin</strong></span> <span class='ocrx_word' id='word_1_313' title='bbox 943 4437 1060 4488; x_wconf 90' lang='lat' dir='ltr'><strong>tota</strong></span> <span class='ocrx_word' id='word_1_314' title='bbox 1103 4432 1278 4488; x_wconf 65' lang='lat' dir='ltr'><strong>JudaO</strong></span> <span class='ocrx_word' id='word_1_315' title='bbox 1307 4441 1359 4488; x_wconf 94' lang='lat' dir='ltr'><strong>et</strong></span> <span class='ocrx_word' id='word_1_316' title='bbox 1378 4432 1671 4498; x_wconf 79' lang='lat' dir='ltr'><strong>Samaria,</strong></span> <span class='ocrx_word' id='word_1_317' title='bbox 1693 4441 1745 4488; x_wconf 92' lang='lat' dir='ltr'><strong>et</strong></span> <span class='ocrx_word' id='word_1_318' title='bbox 1779 4450 1960 4505; x_wconf 87' lang='lat' dir='ltr'><strong>usque</strong></span> <span class='ocrx_word' id='word_1_319' title='bbox 1989 4434 2052 4490; x_wconf 90' lang='lat' dir='ltr'><strong>in</strong></span> <span class='ocrx_word' id='word_1_320' title='bbox 2080 4449 2184 4491; x_wconf 76' lang='lat' dir='ltr'><strong>ex-</strong></span> 
     </span>
    </p>
   </div>
   <div class='ocr_carea' id='block_1_49' title="bbox 536 4523 2185 4595">
    <p class='ocr_par' dir='ltr' id='par_1_49' title="bbox 536 4523 2185 4595">
     <span class='ocr_line' id='line_1_49' title="bbox 536 4523 2185 4595; baseline 0.001 -19"><span class='ocrx_word' id='word_1_321' title='bbox 536 4527 783 4577; x_wconf 87' lang='lat' dir='ltr'><strong>tremum</strong></span> <span class='ocrx_word' id='word_1_322' title='bbox 811 4527 984 4577; x_wconf 77' lang='lat' dir='ltr'><strong>terrae</strong></span> <span class='ocrx_word' id='word_1_323' title='bbox 1013 4523 1170 4592; x_wconf 79' lang='lat' dir='ltr'><strong>(Act.</strong></span> <span class='ocrx_word' id='word_1_324' title='bbox 1203 4539 1239 4587; x_wconf 83' lang='lat'><strong>1,</strong></span> <span class='ocrx_word' id='word_1_325' title='bbox 1263 4525 1339 4592; x_wconf 88' lang='grc'><strong>8),</strong></span> <span class='ocrx_word' id='word_1_326' title='bbox 1359 4523 1776 4594; x_wconf 89' lang='lat' dir='ltr'><strong>tanquamipsi</strong></span> <span class='ocrx_word' id='word_1_327' title='bbox 1800 4524 1927 4586; x_wconf 88' lang='lat' dir='ltr'><strong>soli,</strong></span> <span class='ocrx_word' id='word_1_328' title='bbox 1962 4523 2185 4595; x_wconf 88' lang='lat' dir='ltr'><strong>quibus</strong></span> 
     </span>
    </p>
   </div>
   <div class='ocr_carea' id='block_1_50' title="bbox 537 4611 2178 4684">
    <p class='ocr_par' dir='ltr' id='par_1_50' title="bbox 537 4611 2178 4684">
     <span class='ocr_line' id='line_1_50' title="bbox 537 4611 2178 4684; baseline 0.003 -20"><span class='ocrx_word' id='word_1_329' title='bbox 537 4616 673 4666; x_wconf 87' lang='lat' dir='ltr'><strong>tunc</strong></span> <span class='ocrx_word' id='word_1_330' title='bbox 698 4611 1078 4681; x_wconf 89' lang='lat' dir='ltr'><strong>loquebatur,</strong></span> <span class='ocrx_word' id='word_1_331' title='bbox 1108 4617 1340 4666; x_wconf 89' lang='lat' dir='ltr'><strong>tantum</strong></span> <span class='ocrx_word' id='word_1_332' title='bbox 1366 4628 1586 4666; x_wconf 89' lang='lat' dir='ltr'><strong>munus</strong></span> <span class='ocrx_word' id='word_1_333' title='bbox 1614 4613 2141 4684; x_wconf 88' lang='lat' dir='ltr'><strong>fuerintimpleturi</strong></span> <span class='ocrx_word' id='word_1_334' title='bbox 2166 4632 2178 4671; x_wconf 94' lang='lat'>:</span> 
     </span>
    </p>
   </div>
   <div class='ocr_carea' id='block_1_51' title="bbox 534 4699 2185 4772">
    <p class='ocr_par' dir='ltr' id='par_1_51' title="bbox 534 4699 2185 4772">
     <span class='ocr_line' id='line_1_51' title="bbox 534 4699 2185 4772; baseline 0.002 -18"><span class='ocrx_word' id='word_1_335' title='bbox 534 4699 641 4754; x_wconf 88' lang='lat' dir='ltr'><strong>sed</strong></span> <span class='ocrx_word' id='word_1_336' title='bbox 669 4701 818 4755; x_wconf 91' lang='lat' dir='ltr'><strong>sicut</strong></span> <span class='ocrx_word' id='word_1_337' title='bbox 847 4700 930 4754; x_wconf 90' lang='lat' dir='ltr'><strong>eis</strong></span> <span class='ocrx_word' id='word_1_338' title='bbox 957 4701 1098 4754; x_wconf 90' lang='lat' dir='ltr'><strong>solis</strong></span> <span class='ocrx_word' id='word_1_339' title='bbox 1121 4701 1354 4756; x_wconf 89' lang='lat' dir='ltr'><strong>videtur</strong></span> <span class='ocrx_word' id='word_1_340' title='bbox 1385 4701 1611 4756; x_wconf 84' lang='lat' dir='ltr'><strong>dixisse</strong></span> <span class='ocrx_word' id='word_1_341' title='bbox 1649 4701 1813 4772; x_wconf 86' lang='lat' dir='ltr'><strong>quod</strong></span> <span class='ocrx_word' id='word_1_342' title='bbox 1840 4702 2006 4765; x_wconf 80' lang='lat' dir='ltr'><strong>dixit,</strong></span> <span class='ocrx_word' id='word_1_343' title='bbox 2035 4702 2185 4758; x_wconf 86' lang='lat' dir='ltr'><strong>Ecce</strong></span> 
     </span>
    </p>
   </div>
   <div class='ocr_carea' id='block_1_52' title="bbox 536 4789 2185 4861">
    <p class='ocr_par' dir='ltr' id='par_1_52' title="bbox 536 4789 2185 4861">
     <span class='ocr_line' id='line_1_52' title="bbox 536 4789 2185 4861; baseline -0.001 -15"><span class='ocrx_word' id='word_1_344' title='bbox 536 4789 834 4846; x_wconf 79' lang='lat' dir='ltr'><strong>vobiscum</strong></span> <span class='ocrx_word' id='word_1_345' title='bbox 865 4805 986 4843; x_wconf 90' lang='lat' dir='ltr'><strong>sum</strong></span> <span class='ocrx_word' id='word_1_346' title='bbox 1050 4805 1232 4861; x_wconf 85' lang='lat' dir='ltr'><strong>usque</strong></span> <span class='ocrx_word' id='word_1_347' title='bbox 1273 4791 1331 4845; x_wconf 87' lang='lat' dir='ltr'><strong>in</strong></span> <span class='ocrx_word' id='word_1_348' title='bbox 1360 4793 1919 4847; x_wconf 82' lang='lat' dir='ltr'><strong>consummationem</strong></span> <span class='ocrx_word' id='word_1_349' title='bbox 1977 4792 2185 4846; x_wconf 69' lang='lat' dir='ltr'><strong>saeculi</strong></span> 
     </span>
    </p>
   </div>
   <div class='ocr_carea' id='block_1_53' title="bbox 535 4877 2184 4950">
    <p class='ocr_par' dir='ltr' id='par_1_53' title="bbox 535 4877 2184 4950">
     <span class='ocr_line' id='line_1_53' title="bbox 535 4877 2184 4950; baseline -0.001 -16"><span class='ocrx_word' id='word_1_350' title='bbox 535 4877 771 4950; x_wconf 82' lang='lat' dir='ltr'><strong>(Matth.</strong></span> <span class='ocrx_word' id='word_1_351' title='bbox 795 4880 1102 4945; x_wconf 84' lang='lat' dir='ltr'><strong>xxvm,20)</strong></span> <span class='ocrx_word' id='word_1_352' title='bbox 1133 4894 1145 4942; x_wconf 89' lang='lat'><strong>;</strong></span> <span class='ocrx_word' id='word_1_353' title='bbox 1175 4877 1340 4949; x_wconf 89' lang='lat' dir='ltr'><strong>quod</strong></span> <span class='ocrx_word' id='word_1_354' title='bbox 1375 4885 1573 4933; x_wconf 90' lang='lat' dir='ltr'><strong>tamen</strong></span> <span class='ocrx_word' id='word_1_355' title='bbox 1595 4895 1730 4933; x_wconf 90' lang='lat' dir='ltr'><strong>eum</strong></span> <span class='ocrx_word' id='word_1_356' title='bbox 1766 4881 2057 4934; x_wconf 72' lang='lat' dir='ltr'><strong>universae</strong></span> <span class='ocrx_word' id='word_1_357' title='bbox 2089 4882 2184 4932; x_wconf 90' lang='lat' dir='ltr'><strong>Ec-</strong></span> 
     </span>
    </p>
   </div>
   <div class='ocr_carea' id='block_1_54' title="bbox 1811 175 3897 246">
    <p class='ocr_par' dir='ltr' id='par_1_54' title="bbox 1811 175 3897 246">
     <span class='ocr_line' id='line_1_54' title="bbox 1811 175 3897 246; baseline -0.001 -12"><span class='ocrx_word' id='word_1_358' title='bbox 1811 178 1871 234; x_wconf 91' lang='lat' dir='ltr'><strong>S.</strong></span> <span class='ocrx_word' id='word_1_359' title='bbox 1915 175 2305 236; x_wconf 77' lang='lat' dir='ltr'><strong>AUGUSTINI</strong></span> <span class='ocrx_word' id='word_1_360' title='bbox 2346 175 2671 234; x_wconf 86' lang='lat' dir='ltr'><strong>EPISCOPI</strong></span> <span class='ocrx_word' id='word_1_361' title='bbox 3808 187 3897 246; x_wconf 66' lang='lat' dir='ltr'><strong>sm</strong></span> 
     </span>
    </p>
   </div>
   <div class='ocr_carea' id='block_1_55' title="bbox 2303 303 3904 380">
    <p class='ocr_par' dir='ltr' id='par_1_55' title="bbox 2303 303 3904 380">
     <span class='ocr_line' id='line_1_55' title="bbox 2303 303 3904 380; baseline 0.006 -21"><span class='ocrx_word' id='word_1_362' title='bbox 2303 319 2408 375; x_wconf 91' lang='lat' dir='ltr'><strong>per</strong></span> <span class='ocrx_word' id='word_1_363' title='bbox 2437 319 2538 360; x_wconf 89' lang='lat' dir='ltr'><strong>eos</strong></span> <span class='ocrx_word' id='word_1_364' title='bbox 2560 303 2865 373; x_wconf 89' lang='lat' dir='ltr'><strong>agendum</strong></span> <span class='ocrx_word' id='word_1_365' title='bbox 2898 303 3023 370; x_wconf 90' lang='lat' dir='ltr'><strong>fuit,</strong></span> <span class='ocrx_word' id='word_1_366' title='bbox 3055 304 3333 377; x_wconf 81' lang='lat' dir='ltr'><strong>quamvis</strong></span> <span class='ocrx_word' id='word_1_367' title='bbox 3366 309 3420 362; x_wconf 91' lang='lat' dir='ltr'><strong>et</strong></span> <span class='ocrx_word' id='word_1_368' title='bbox 3447 307 3695 380; x_wconf 84' lang='lat' dir='ltr'><strong>posteris</strong></span> <span class='ocrx_word' id='word_1_369' title='bbox 3724 323 3904 369; x_wconf 87' lang='lat' dir='ltr'><strong>eorum</strong></span> 
     </span>
    </p>
   </div>
   <div class='ocr_carea' id='block_1_56' title="bbox 2299 392 3095 451">
    <p class='ocr_par' dir='ltr' id='par_1_56' title="bbox 2299 392 3095 451">
     <span class='ocr_line' id='line_1_56' title="bbox 2299 392 3095 451; baseline 0.004 -4"><span class='ocrx_word' id='word_1_370' title='bbox 2299 392 2508 447; x_wconf 90' lang='lat' dir='ltr'><strong>eadem</strong></span> <span class='ocrx_word' id='word_1_371' title='bbox 2529 393 2682 448; x_wconf 89' lang='lat' dir='ltr'><strong>actio</strong></span> <span class='ocrx_word' id='word_1_372' title='bbox 2709 399 3043 448; x_wconf 83' lang='lat' dir='ltr'><strong>servaretur</strong></span> <span class='ocrx_word' id='word_1_373' title='bbox 3066 394 3095 451; x_wconf 74' lang='grc'><strong>7</strong></span> 
     </span>
    </p>
   </div>
   <div class='ocr_carea' id='block_1_57' title="bbox 2371 481 3906 557">
    <p class='ocr_par' dir='ltr' id='par_1_57' title="bbox 2371 481 3906 557">
     <span class='ocr_line' id='line_1_57' title="bbox 2371 481 3906 557; baseline 0.005 -21"><span class='ocrx_word' id='word_1_374' title='bbox 2371 484 2457 537; x_wconf 86' lang='grc'><strong>50.</strong></span> <span class='ocrx_word' id='word_1_375' title='bbox 2491 482 2660 547; x_wconf 85' lang='lat' dir='ltr'><strong>Quod</strong></span> <span class='ocrx_word' id='word_1_376' title='bbox 2690 485 2892 538; x_wconf 85' lang='lat' dir='ltr'><strong>autem</strong></span> <span class='ocrx_word' id='word_1_377' title='bbox 2918 481 3060 538; x_wconf 89' lang='lat' dir='ltr'><strong>dixit</strong></span> <span class='ocrx_word' id='word_1_378' title='bbox 3100 481 3433 554; x_wconf 76' lang='lat' dir='ltr'><strong>Apostolus,</strong></span> <span class='ocrx_word' id='word_1_379' title='bbox 3476 483 3770 557; x_wconf 83' lang='lat' dir='ltr'><strong>Numquid</strong></span> <span class='ocrx_word' id='word_1_380' title='bbox 3805 503 3906 544; x_wconf 84' lang='lat' dir='ltr'><strong>non</strong></span> 
     </span>
    </p>
   </div>
   <div class='ocr_carea' id='block_1_58' title="bbox 2299 570 3910 641">
    <p class='ocr_par' dir='ltr' id='par_1_58' title="bbox 2299 570 3910 641">
     <span class='ocr_line' id='line_1_58' title="bbox 2299 570 3910 641; baseline 0.004 -15"><span class='ocrx_word' id='word_1_381' title='bbox 2299 570 2618 627; x_wconf 87' lang='lat' dir='ltr'><strong>audierunt</strong></span> <span class='ocrx_word' id='word_1_382' title='bbox 2651 570 2755 625; x_wconf 82' lang='lat' dir='ltr'><strong>lln</strong></span> <span class='ocrx_word' id='word_1_383' title='bbox 2783 586 3011 627; x_wconf 88' lang='lat' dir='ltr'><strong>omnem</strong></span> <span class='ocrx_word' id='word_1_384' title='bbox 3033 578 3250 628; x_wconf 84' lang='lat' dir='ltr'><strong>terram</strong></span> <span class='ocrx_word' id='word_1_385' title='bbox 3273 572 3414 628; x_wconf 68' lang='lat' dir='ltr'><strong>exiit</strong></span> <span class='ocrx_word' id='word_1_386' title='bbox 3440 587 3610 628; x_wconf 86' lang='lat' dir='ltr'><strong>sonus</strong></span> <span class='ocrx_word' id='word_1_387' title='bbox 3639 589 3845 641; x_wconf 85' lang='lat' dir='ltr'><strong>eorum,</strong></span> <span class='ocrx_word' id='word_1_388' title='bbox 3870 587 3910 632; x_wconf 88' lang='lat' dir='ltr'><strong>et</strong></span> 
     </span>
    </p>
   </div>
   <div class='ocr_carea' id='block_1_59' title="bbox 2298 658 3908 732">
    <p class='ocr_par' dir='ltr' id='par_1_59' title="bbox 2298 658 3908 732">
     <span class='ocr_line' id='line_1_59' title="bbox 2298 658 3908 732; baseline 0.003 -19"><span class='ocrx_word' id='word_1_389' title='bbox 2298 658 2359 713; x_wconf 89' lang='lat' dir='ltr'><strong>in</strong></span> <span class='ocrx_word' id='word_1_390' title='bbox 2378 660 2524 727; x_wconf 84' lang='lat' dir='ltr'><strong>ﬁnes</strong></span> <span class='ocrx_word' id='word_1_391' title='bbox 2541 661 2698 715; x_wconf 84' lang='lat' dir='ltr'><strong>orbis</strong></span> <span class='ocrx_word' id='word_1_392' title='bbox 2721 666 2889 716; x_wconf 71' lang='lat' dir='ltr'><strong>terra;</strong></span> <span class='ocrx_word' id='word_1_393' title='bbox 2910 661 3087 717; x_wconf 87' lang='lat' dir='ltr'><strong>verba</strong></span> <span class='ocrx_word' id='word_1_394' title='bbox 3103 675 3302 716; x_wconf 89' lang='lat' dir='ltr'><strong>eorum</strong></span> <span class='ocrx_word' id='word_1_395' title='bbox 3317 662 3659 732; x_wconf 78' lang='lat' dir='ltr'><strong>(Rom.x,18,</strong></span> <span class='ocrx_word' id='word_1_396' title='bbox 3690 669 3739 718; x_wconf 90' lang='lat' dir='ltr'><strong>et</strong></span> <span class='ocrx_word' id='word_1_397' title='bbox 3767 665 3908 720; x_wconf 86' lang='lat' dir='ltr'><strong>Psal.</strong></span> 
     </span>
    </p>
   </div>
   <div class='ocr_carea' id='block_1_60' title="bbox 2297 749 3909 822">
    <p class='ocr_par' dir='ltr' id='par_1_60' title="bbox 2297 749 3909 822">
     <span class='ocr_line' id='line_1_60' title="bbox 2297 749 3909 822; baseline 0.004 -20"><span class='ocrx_word' id='word_1_398' title='bbox 2297 763 2456 814; x_wconf 85' lang='lat' dir='ltr'><strong>xvm,</strong></span> <span class='ocrx_word' id='word_1_399' title='bbox 2491 750 2588 819; x_wconf 90' lang='lat'><strong>5):</strong></span> <span class='ocrx_word' id='word_1_400' title='bbox 2633 749 2911 820; x_wconf 87' lang='lat' dir='ltr'><strong>quamvis</strong></span> <span class='ocrx_word' id='word_1_401' title='bbox 2959 750 3191 804; x_wconf 90' lang='lat' dir='ltr'><strong>locutus</strong></span> <span class='ocrx_word' id='word_1_402' title='bbox 3235 752 3308 804; x_wconf 88' lang='lat' dir='ltr'><strong>sit</strong></span> <span class='ocrx_word' id='word_1_403' title='bbox 3339 751 3613 821; x_wconf 69' lang='lat' dir='ltr'><strong>praeteriti</strong></span> <span class='ocrx_word' id='word_1_404' title='bbox 3655 753 3909 822; x_wconf 87' lang='lat' dir='ltr'><strong>temporis</strong></span> 
     </span>
    </p>
   </div>
   <div class='ocr_carea' id='block_1_61' title="bbox 2298 837 3911 911">
    <p class='ocr_par' dir='ltr' id='par_1_61' title="bbox 2298 837 3911 911">
     <span class='ocr_line' id='line_1_61' title="bbox 2298 837 3911 911; baseline 0.004 -21"><span class='ocrx_word' id='word_1_405' title='bbox 2298 837 2717 902; x_wconf 86' lang='lat' dir='ltr'><strong>verbis,tameu</strong></span> <span class='ocrx_word' id='word_1_406' title='bbox 2745 839 2909 911; x_wconf 88' lang='lat' dir='ltr'><strong>quod</strong></span> <span class='ocrx_word' id='word_1_407' title='bbox 2941 837 3206 893; x_wconf 88' lang='lat' dir='ltr'><strong>futurum</strong></span> <span class='ocrx_word' id='word_1_408' title='bbox 3229 837 3416 894; x_wconf 83' lang='lat' dir='ltr'><strong>fuerat</strong></span> <span class='ocrx_word' id='word_1_409' title='bbox 3435 839 3603 906; x_wconf 84' lang='lat' dir='ltr'><strong>dixit,</strong></span> <span class='ocrx_word' id='word_1_410' title='bbox 3627 855 3743 894; x_wconf 89' lang='lat' dir='ltr'><strong>non</strong></span> <span class='ocrx_word' id='word_1_411' title='bbox 3771 841 3911 911; x_wconf 91' lang='lat' dir='ltr'><strong>quod</strong></span> 
     </span>
    </p>
   </div>
   <div class='ocr_carea' id='block_1_62' title="bbox 2293 924 3910 1000">
    <p class='ocr_par' dir='ltr' id='par_1_62' title="bbox 2293 924 3910 1000">
     <span class='ocr_line' id='line_1_62' title="bbox 2293 924 3910 1000; baseline 0.004 -20"><span class='ocrx_word' id='word_1_412' title='bbox 2293 924 2419 995; x_wconf 89' lang='lat' dir='ltr'><strong>jam</strong></span> <span class='ocrx_word' id='word_1_413' title='bbox 2447 925 2666 982; x_wconf 90' lang='lat' dir='ltr'><strong>factum</strong></span> <span class='ocrx_word' id='word_1_414' title='bbox 2689 933 2867 998; x_wconf 90' lang='lat' dir='ltr'><strong>atque</strong></span> <span class='ocrx_word' id='word_1_415' title='bbox 2894 926 3257 999; x_wconf 90' lang='lat' dir='ltr'><strong>completum</strong></span> <span class='ocrx_word' id='word_1_416' title='bbox 3289 928 3470 992; x_wconf 81' lang='lat' dir='ltr'><strong>;sicut</strong></span> <span class='ocrx_word' id='word_1_417' title='bbox 3491 927 3620 998; x_wconf 90' lang='lat' dir='ltr'><strong>ipse</strong></span> <span class='ocrx_word' id='word_1_418' title='bbox 3652 929 3910 1000; x_wconf 84' lang='lat' dir='ltr'><strong>propheta</strong></span> 
     </span>
    </p>
   </div>
   <div class='ocr_carea' id='block_1_63' title="bbox 2297 1015 3912 1085">
    <p class='ocr_par' dir='ltr' id='par_1_63' title="bbox 2297 1015 3912 1085">
     <span class='ocr_line' id='line_1_63' title="bbox 2297 1015 3912 1085; baseline 0.002 -17"><span class='ocrx_word' id='word_1_419' title='bbox 2297 1029 2419 1085; x_wconf 92' lang='lat' dir='ltr'><strong>quo</strong></span> <span class='ocrx_word' id='word_1_420' title='bbox 2446 1031 2587 1069; x_wconf 91' lang='lat' dir='ltr'><strong>usus</strong></span> <span class='ocrx_word' id='word_1_421' title='bbox 2607 1020 2692 1071; x_wconf 88' lang='lat' dir='ltr'><strong>est</strong></span> <span class='ocrx_word' id='word_1_422' title='bbox 2723 1021 2888 1080; x_wconf 91' lang='lat' dir='ltr'><strong>teste,</strong></span> <span class='ocrx_word' id='word_1_423' title='bbox 2924 1032 3043 1070; x_wconf 91' lang='lat' dir='ltr'><strong>non</strong></span> <span class='ocrx_word' id='word_1_424' title='bbox 3071 1015 3169 1079; x_wconf 89' lang='lat' dir='ltr'><strong>ait,</strong></span> <span class='ocrx_word' id='word_1_425' title='bbox 3205 1016 3272 1071; x_wconf 89' lang='lat' dir='ltr'><strong>In</strong></span> <span class='ocrx_word' id='word_1_426' title='bbox 3317 1031 3545 1072; x_wconf 89' lang='lat' dir='ltr'><strong>omnem</strong></span> <span class='ocrx_word' id='word_1_427' title='bbox 3569 1024 3786 1073; x_wconf 85' lang='lat' dir='ltr'><strong>terram</strong></span> <span class='ocrx_word' id='word_1_428' title='bbox 3813 1018 3912 1072; x_wconf 86' lang='lat' dir='ltr'><strong>exi-</strong></span> 
     </span>
    </p>
   </div>
   <div class='ocr_carea' id='block_1_64' title="bbox 2300 1104 3911 1179">
    <p class='ocr_par' dir='ltr' id='par_1_64' title="bbox 2300 1104 3911 1179">
     <span class='ocr_line' id='line_1_64' title="bbox 2300 1104 3911 1179; baseline 0.003 -21"><span class='ocrx_word' id='word_1_429' title='bbox 2300 1107 2486 1169; x_wconf 89' lang='lat' dir='ltr'><strong>turus,</strong></span> <span class='ocrx_word' id='word_1_430' title='bbox 2505 1104 2818 1169; x_wconf 75' lang='lat' dir='ltr'><strong>sed,Exiit,</strong></span> <span class='ocrx_word' id='word_1_431' title='bbox 2853 1105 3062 1177; x_wconf 89' lang='lat' dir='ltr'><strong>inquit,</strong></span> <span class='ocrx_word' id='word_1_432' title='bbox 3094 1121 3274 1160; x_wconf 85' lang='lat' dir='ltr'><strong>sonus</strong></span> <span class='ocrx_word' id='word_1_433' title='bbox 3299 1121 3523 1169; x_wconf 91' lang='lat' dir='ltr'><strong>eorum,</strong></span> <span class='ocrx_word' id='word_1_434' title='bbox 3549 1105 3712 1177; x_wconf 91' lang='lat' dir='ltr'><strong>quod</strong></span> <span class='ocrx_word' id='word_1_435' title='bbox 3740 1107 3911 1179; x_wconf 87' lang='lat' dir='ltr'><strong>utique</strong></span> 
     </span>
    </p>
   </div>
   <div class='ocr_carea' id='block_1_65' title="bbox 2295 1192 3913 1265">
    <p class='ocr_par' dir='ltr' id='par_1_65' title="bbox 2295 1192 3913 1265">
     <span class='ocr_line' id='line_1_65' title="bbox 2295 1192 3913 1265; baseline 0.002 -18"><span class='ocrx_word' id='word_1_436' title='bbox 2295 1192 2565 1248; x_wconf 90' lang='lat' dir='ltr'><strong>nondum</strong></span> <span class='ocrx_word' id='word_1_437' title='bbox 2582 1193 2802 1249; x_wconf 89' lang='lat' dir='ltr'><strong>factum</strong></span> <span class='ocrx_word' id='word_1_438' title='bbox 2817 1199 2944 1250; x_wconf 89' lang='lat' dir='ltr'><strong>erat</strong></span> <span class='ocrx_word' id='word_1_439' title='bbox 2958 1193 3154 1265; x_wconf 91' lang='lat' dir='ltr'><strong>:quale</strong></span> <span class='ocrx_word' id='word_1_440' title='bbox 3167 1199 3254 1249; x_wconf 91' lang='lat' dir='ltr'><strong>est</strong></span> <span class='ocrx_word' id='word_1_441' title='bbox 3269 1195 3449 1249; x_wconf 88' lang='lat' dir='ltr'><strong>etiam</strong></span> <span class='ocrx_word' id='word_1_442' title='bbox 3466 1194 3913 1258; x_wconf 80' lang='lat' dir='ltr'><strong>illud,Foderunt</strong></span> 
     </span>
    </p>
   </div>
   <div class='ocr_carea' id='block_1_66' title="bbox 2297 1283 3911 1356">
    <p class='ocr_par' dir='ltr' id='par_1_66' title="bbox 2297 1283 3911 1356">
     <span class='ocr_line' id='line_1_66' title="bbox 2297 1283 3911 1356; baseline 0.002 -20"><span class='ocrx_word' id='word_1_443' title='bbox 2297 1296 2508 1337; x_wconf 86' lang='lat' dir='ltr'><strong>manus</strong></span> <span class='ocrx_word' id='word_1_444' title='bbox 2553 1298 2712 1338; x_wconf 86' lang='lat' dir='ltr'><strong>meas</strong></span> <span class='ocrx_word' id='word_1_445' title='bbox 2739 1289 2788 1338; x_wconf 93' lang='lat' dir='ltr'><strong>et</strong></span> <span class='ocrx_word' id='word_1_446' title='bbox 2819 1283 2992 1352; x_wconf 81' lang='lat' dir='ltr'><strong>pedes</strong></span> <span class='ocrx_word' id='word_1_447' title='bbox 3022 1283 3204 1355; x_wconf 89' lang='lat' dir='ltr'><strong>(Psal.</strong></span> <span class='ocrx_word' id='word_1_448' title='bbox 3247 1299 3365 1346; x_wconf 86' lang='lat' dir='ltr'><strong>xxi,</strong></span> <span class='ocrx_word' id='word_1_449' title='bbox 3406 1284 3490 1354; x_wconf 84' lang='lat' dir='ltr'><strong>t7)</strong></span> <span class='ocrx_word' id='word_1_450' title='bbox 3542 1300 3558 1348; x_wconf 88' lang='lat'><em>;</em></span> <span class='ocrx_word' id='word_1_451' title='bbox 3605 1284 3765 1356; x_wconf 91' lang='lat' dir='ltr'><strong>quod</strong></span> <span class='ocrx_word' id='word_1_452' title='bbox 3813 1291 3911 1340; x_wconf 87' lang='lat' dir='ltr'><strong>tam</strong></span> 
     </span>
    </p>
   </div>
   <div class='ocr_carea' id='block_1_67' title="bbox 2296 1371 3915 1443">
    <p class='ocr_par' dir='ltr' id='par_1_67' title="bbox 2296 1371 3915 1443">
     <span class='ocr_line' id='line_1_67' title="bbox 2296 1371 3915 1443; baseline 0.002 -17"><span class='ocrx_word' id='word_1_453' title='bbox 2296 1371 2473 1440; x_wconf 91' lang='lat' dir='ltr'><strong>longe</strong></span> <span class='ocrx_word' id='word_1_454' title='bbox 2497 1378 2701 1443; x_wconf 88' lang='lat' dir='ltr'><strong>postea</strong></span> <span class='ocrx_word' id='word_1_455' title='bbox 2723 1371 2945 1428; x_wconf 90' lang='lat' dir='ltr'><strong>factum</strong></span> <span class='ocrx_word' id='word_1_456' title='bbox 2965 1372 3264 1428; x_wconf 87' lang='lat' dir='ltr'><strong>novimus.</strong></span> <span class='ocrx_word' id='word_1_457' title='bbox 3297 1371 3412 1427; x_wconf 92' lang='lat' dir='ltr'><strong>Sed</strong></span> <span class='ocrx_word' id='word_1_458' title='bbox 3446 1388 3521 1428; x_wconf 89' lang='lat' dir='ltr'><strong>ne</strong></span> <span class='ocrx_word' id='word_1_459' title='bbox 3546 1372 3691 1428; x_wconf 86' lang='lat' dir='ltr'><strong>istas</strong></span> <span class='ocrx_word' id='word_1_460' title='bbox 3715 1379 3915 1429; x_wconf 81' lang='lat' dir='ltr'><strong>tantum</strong></span> 
     </span>
    </p>
   </div>
   <div class='ocr_carea' id='block_1_68' title="bbox 2299 1459 3916 1531">
    <p class='ocr_par' dir='ltr' id='par_1_68' title="bbox 2299 1459 3916 1531">
     <span class='ocr_line' id='line_1_68' title="bbox 2299 1459 3916 1531; baseline 0.001 -17"><span class='ocrx_word' id='word_1_461' title='bbox 2299 1460 2678 1531; x_wconf 89' lang='lat' dir='ltr'><strong>propheticas</strong></span> <span class='ocrx_word' id='word_1_462' title='bbox 2706 1459 3057 1526; x_wconf 89' lang='lat' dir='ltr'><strong>locutiones,</strong></span> <span class='ocrx_word' id='word_1_463' title='bbox 3090 1476 3210 1516; x_wconf 90' lang='lat' dir='ltr'><strong>non</strong></span> <span class='ocrx_word' id='word_1_464' title='bbox 3254 1465 3308 1516; x_wconf 89' lang='lat' dir='ltr'><strong>et</strong></span> <span class='ocrx_word' id='word_1_465' title='bbox 3351 1459 3717 1531; x_wconf 79' lang='lat' dir='ltr'><strong>apostolicas</strong></span> <span class='ocrx_word' id='word_1_466' title='bbox 3759 1460 3916 1516; x_wconf 77' lang='lat' dir='ltr'><strong>fuisse</strong></span> 
     </span>
    </p>
   </div>
   <div class='ocr_carea' id='block_1_69' title="bbox 2298 1549 3916 1621">
    <p class='ocr_par' dir='ltr' id='par_1_69' title="bbox 2298 1549 3916 1621">
     <span class='ocr_line' id='line_1_69' title="bbox 2298 1549 3916 1621; baseline 0.001 -17"><span class='ocrx_word' id='word_1_467' title='bbox 2298 1549 2635 1614; x_wconf 90' lang='lat' dir='ltr'><strong>credamus,</strong></span> <span class='ocrx_word' id='word_1_468' title='bbox 2678 1565 2877 1605; x_wconf 89' lang='lat' dir='ltr'><strong>nonne</strong></span> <span class='ocrx_word' id='word_1_469' title='bbox 2922 1550 3080 1605; x_wconf 91' lang='lat' dir='ltr'><strong>idem</strong></span> <span class='ocrx_word' id='word_1_470' title='bbox 3113 1551 3238 1621; x_wconf 89' lang='lat' dir='ltr'><strong>ipse</strong></span> <span class='ocrx_word' id='word_1_471' title='bbox 3277 1549 3596 1621; x_wconf 87' lang='lat' dir='ltr'><strong>apostolus</strong></span> <span class='ocrx_word' id='word_1_472' title='bbox 3647 1551 3767 1606; x_wconf 89' lang='lat' dir='ltr'><strong>ait:</strong></span> <span class='ocrx_word' id='word_1_473' title='bbox 3800 1551 3916 1617; x_wconf 69' lang='lat' dir='ltr'><strong>Qua</strong></span> 
     </span>
    </p>
   </div>
   <div class='ocr_carea' id='block_1_70' title="bbox 2297 1638 3916 1708">
    <p class='ocr_par' dir='ltr' id='par_1_70' title="bbox 2297 1638 3916 1708">
     <span class='ocr_line' id='line_1_70' title="bbox 2297 1638 3916 1708; baseline 0.002 -15"><span class='ocrx_word' id='word_1_474' title='bbox 2297 1644 2371 1693; x_wconf 84' lang='lat' dir='ltr'><strong>est</strong></span> <span class='ocrx_word' id='word_1_475' title='bbox 2411 1638 2674 1694; x_wconf 87' lang='lat' dir='ltr'><strong>Ecclesia</strong></span> <span class='ocrx_word' id='word_1_476' title='bbox 2699 1639 2804 1695; x_wconf 88' lang='lat' dir='ltr'><strong>Dei</strong></span> <span class='ocrx_word' id='word_1_477' title='bbox 2833 1640 2970 1704; x_wconf 90' lang='lat' dir='ltr'><strong>vivi,</strong></span> <span class='ocrx_word' id='word_1_478' title='bbox 2995 1640 3274 1695; x_wconf 87' lang='lat' dir='ltr'><strong>columna</strong></span> <span class='ocrx_word' id='word_1_479' title='bbox 3300 1645 3352 1694; x_wconf 81' lang='lat' dir='ltr'><strong>et</strong></span> <span class='ocrx_word' id='word_1_480' title='bbox 3382 1640 3816 1708; x_wconf 78' lang='lat' dir='ltr'><strong>ﬁrmamentum</strong></span> <span class='ocrx_word' id='word_1_481' title='bbox 3841 1654 3916 1696; x_wconf 83' lang='lat' dir='ltr'><strong>ve-</strong></span> 
     </span>
    </p>
   </div>
   <div class='ocr_carea' id='block_1_71' title="bbox 2299 1727 3915 1798">
    <p class='ocr_par' dir='ltr' id='par_1_71' title="bbox 2299 1727 3915 1798">
     <span class='ocr_line' id='line_1_71' title="bbox 2299 1727 3915 1798; baseline 0.002 -17"><span class='ocrx_word' id='word_1_482' title='bbox 2299 1727 2512 1783; x_wconf 88' lang='lat' dir='ltr'><strong>ritatis.</strong></span> <span class='ocrx_word' id='word_1_483' title='bbox 2540 1728 2617 1782; x_wconf 88' lang='lat' dir='ltr'><strong>Et</strong></span> <span class='ocrx_word' id='word_1_484' title='bbox 2640 1728 2764 1784; x_wconf 88' lang='lat' dir='ltr'><strong>sine</strong></span> <span class='ocrx_word' id='word_1_485' title='bbox 2795 1727 2966 1783; x_wconf 89' lang='lat' dir='ltr'><strong>bubio</strong></span> <span class='ocrx_word' id='word_1_486' title='bbox 2997 1743 3280 1798; x_wconf 87' lang='lat' dir='ltr'><strong>magnum</strong></span> <span class='ocrx_word' id='word_1_487' title='bbox 3327 1734 3410 1784; x_wconf 88' lang='lat' dir='ltr'><strong>est</strong></span> <span class='ocrx_word' id='word_1_488' title='bbox 3449 1728 3688 1797; x_wconf 85' lang='lat' dir='ltr'><strong>pietatis</strong></span> <span class='ocrx_word' id='word_1_489' title='bbox 3728 1729 3915 1784; x_wconf 83' lang='lat' dir='ltr'><strong>Sacra-</strong></span> 
     </span>
    </p>
   </div>
   <div class='ocr_carea' id='block_1_72' title="bbox 2298 1816 3916 1888">
    <p class='ocr_par' dir='ltr' id='par_1_72' title="bbox 2298 1816 3916 1888">
     <span class='ocr_line' id='line_1_72' title="bbox 2298 1816 3916 1888; baseline -0.001 -17"><span class='ocrx_word' id='word_1_490' title='bbox 2298 1824 2569 1878; x_wconf 87' lang='lat' dir='ltr'><strong>mentum,</strong></span> <span class='ocrx_word' id='word_1_491' title='bbox 2607 1817 2766 1888; x_wconf 89' lang='lat' dir='ltr'><strong>quod</strong></span> <span class='ocrx_word' id='word_1_492' title='bbox 2794 1817 3244 1884; x_wconf 81' lang='lat' dir='ltr'><strong>manifestatum</strong></span> <span class='ocrx_word' id='word_1_493' title='bbox 3289 1823 3372 1872; x_wconf 90' lang='lat' dir='ltr'><strong>est</strong></span> <span class='ocrx_word' id='word_1_494' title='bbox 3409 1816 3474 1871; x_wconf 88' lang='lat' dir='ltr'><strong>in</strong></span> <span class='ocrx_word' id='word_1_495' title='bbox 3504 1832 3700 1886; x_wconf 84' lang='lat' dir='ltr'><strong>carne,</strong></span> <span class='ocrx_word' id='word_1_496' title='bbox 3724 1818 3916 1887; x_wconf 78' lang='lat' dir='ltr'><strong>justiﬁ-</strong></span> 
     </span>
    </p>
   </div>
   <div class='ocr_carea' id='block_1_73' title="bbox 2297 1905 3915 1975">
    <p class='ocr_par' dir='ltr' id='par_1_73' title="bbox 2297 1905 3915 1975">
     <span class='ocr_line' id='line_1_73' title="bbox 2297 1905 3915 1975; baseline 0 -14"><span class='ocrx_word' id='word_1_497' title='bbox 2297 1911 2580 1962; x_wconf 88' lang='lat' dir='ltr'><strong>catumest</strong></span> <span class='ocrx_word' id='word_1_498' title='bbox 2597 1908 2658 1961; x_wconf 87' lang='lat' dir='ltr'><strong>in</strong></span> <span class='ocrx_word' id='word_1_499' title='bbox 2678 1906 2916 1974; x_wconf 81' lang='lat' dir='ltr'><strong>spiritu,</strong></span> <span class='ocrx_word' id='word_1_500' title='bbox 2947 1905 3229 1975; x_wconf 84' lang='lat' dir='ltr'><strong>apparuit</strong></span> <span class='ocrx_word' id='word_1_501' title='bbox 3259 1905 3526 1975; x_wconf 82' lang='lat' dir='ltr'><strong>Angelis,</strong></span> <span class='ocrx_word' id='word_1_502' title='bbox 3555 1905 3915 1974; x_wconf 60' lang='lat' dir='ltr'><strong>pradicatum</strong></span> 
     </span>
    </p>
   </div>
   <div class='ocr_carea' id='block_1_74' title="bbox 2299 1994 3915 2066">
    <p class='ocr_par' dir='ltr' id='par_1_74' title="bbox 2299 1994 3915 2066">
     <span class='ocr_line' id='line_1_74' title="bbox 2299 1994 3915 2066; baseline -0.002 -14"><span class='ocrx_word' id='word_1_503' title='bbox 2299 2000 2376 2052; x_wconf 88' lang='lat' dir='ltr'><strong>est</strong></span> <span class='ocrx_word' id='word_1_504' title='bbox 2402 1997 2464 2051; x_wconf 92' lang='lat' dir='ltr'><strong>in</strong></span> <span class='ocrx_word' id='word_1_505' title='bbox 2493 1997 2760 2066; x_wconf 86' lang='lat' dir='ltr'><strong>gentibus</strong></span> <span class='ocrx_word' id='word_1_506' title='bbox 2800 1996 3089 2052; x_wconf 80' lang='lat' dir='ltr'><strong>creditum</strong></span> <span class='ocrx_word' id='word_1_507' title='bbox 3111 1999 3190 2051; x_wconf 88' lang='lat' dir='ltr'><strong>est</strong></span> <span class='ocrx_word' id='word_1_508' title='bbox 3215 1994 3278 2050; x_wconf 92' lang='lat' dir='ltr'><strong>in</strong></span> <span class='ocrx_word' id='word_1_509' title='bbox 3304 1995 3553 2062; x_wconf 86' lang='lat' dir='ltr'><strong>mundo,</strong></span> <span class='ocrx_word' id='word_1_510' title='bbox 3584 2003 3915 2065; x_wconf 85' lang='lat' dir='ltr'><strong>assumptum</strong></span> 
     </span>
    </p>
   </div>
   <div class='ocr_carea' id='block_1_75' title="bbox 2299 2083 3918 2156">
    <p class='ocr_par' dir='ltr' id='par_1_75' title="bbox 2299 2083 3918 2156">
     <span class='ocr_line' id='line_1_75' title="bbox 2299 2083 3918 2156; baseline -0.001 -15"><span class='ocrx_word' id='word_1_511' title='bbox 2299 2092 2382 2141; x_wconf 87' lang='lat' dir='ltr'><strong>est</strong></span> <span class='ocrx_word' id='word_1_512' title='bbox 2410 2088 2470 2140; x_wconf 89' lang='lat' dir='ltr'><strong>in</strong></span> <span class='ocrx_word' id='word_1_513' title='bbox 2488 2085 2679 2155; x_wconf 85' lang='lat' dir='ltr'><strong>gloria</strong></span> <span class='ocrx_word' id='word_1_514' title='bbox 2711 2085 2755 2156; x_wconf 84' lang='grc' dir='ltr'><strong>(Ι</strong></span> <span class='ocrx_word' id='word_1_515' title='bbox 2804 2085 2950 2140; x_wconf 85' lang='lat' dir='ltr'><strong>Tim.</strong></span> <span class='ocrx_word' id='word_1_516' title='bbox 2985 2101 3063 2148; x_wconf 81' lang='lat' dir='ltr'><strong>in,</strong></span> <span class='ocrx_word' id='word_1_517' title='bbox 3100 2085 3186 2153; x_wconf 79' lang='grc'>15,</span> <span class='ocrx_word' id='word_1_518' title='bbox 3227 2085 3310 2156; x_wconf 83' lang='grc'><strong>16)</strong></span> <span class='ocrx_word' id='word_1_519' title='bbox 3343 2083 3371 2138; x_wconf 73' lang='lat' dir='ltr'><strong>‘t</strong></span> <span class='ocrx_word' id='word_1_520' title='bbox 3397 2086 3628 2156; x_wconf 87' lang='lat' dir='ltr'><strong>Nempe</strong></span> <span class='ocrx_word' id='word_1_521' title='bbox 3672 2085 3918 2140; x_wconf 88' lang='lat' dir='ltr'><strong>manifes-</strong></span> 
     </span>
    </p>
   </div>
   <div class='ocr_carea' id='block_1_76' title="bbox 2302 2173 3917 2246">
    <p class='ocr_par' dir='ltr' id='par_1_76' title="bbox 2302 2173 3917 2246">
     <span class='ocr_line' id='line_1_76' title="bbox 2302 2173 3917 2246; baseline -0.001 -16"><span class='ocrx_word' id='word_1_522' title='bbox 2302 2180 2427 2230; x_wconf 89' lang='lat' dir='ltr'><strong>tum</strong></span> <span class='ocrx_word' id='word_1_523' title='bbox 2453 2181 2541 2229; x_wconf 90' lang='lat' dir='ltr'><strong>est</strong></span> <span class='ocrx_word' id='word_1_524' title='bbox 2573 2174 2704 2238; x_wconf 91' lang='lat' dir='ltr'><strong>hoc,</strong></span> <span class='ocrx_word' id='word_1_525' title='bbox 2733 2174 2899 2246; x_wconf 88' lang='lat' dir='ltr'><strong>quod</strong></span> <span class='ocrx_word' id='word_1_526' title='bbox 2931 2174 2986 2228; x_wconf 92' lang='lat' dir='ltr'><strong>in</strong></span> <span class='ocrx_word' id='word_1_527' title='bbox 3019 2178 3284 2230; x_wconf 90' lang='lat' dir='ltr'><strong>extremo</strong></span> <span class='ocrx_word' id='word_1_528' title='bbox 3317 2174 3544 2245; x_wconf 91' lang='lat' dir='ltr'><strong>posuit,</strong></span> <span class='ocrx_word' id='word_1_529' title='bbox 3580 2173 3754 2229; x_wconf 89' lang='lat' dir='ltr'><strong>etiam</strong></span> <span class='ocrx_word' id='word_1_530' title='bbox 3787 2189 3917 2229; x_wconf 87' lang='lat' dir='ltr'><strong>nunc</strong></span> 
     </span>
    </p>
   </div>
   <div class='ocr_carea' id='block_1_77' title="bbox 2300 2262 3917 2334">
    <p class='ocr_par' dir='ltr' id='par_1_77' title="bbox 2300 2262 3917 2334">
     <span class='ocr_line' id='line_1_77' title="bbox 2300 2262 3917 2334; baseline -0.001 -15"><span class='ocrx_word' id='word_1_531' title='bbox 2300 2264 2569 2319; x_wconf 89' lang='lat' dir='ltr'><strong>nondum</strong></span> <span class='ocrx_word' id='word_1_532' title='bbox 2584 2279 2714 2318; x_wconf 89' lang='lat' dir='ltr'><strong>esse</strong></span> <span class='ocrx_word' id='word_1_533' title='bbox 2729 2262 3094 2334; x_wconf 89' lang='lat' dir='ltr'><strong>completum</strong></span> <span class='ocrx_word' id='word_1_534' title='bbox 3117 2285 3126 2326; x_wconf 88' lang='lat'><strong>;</strong></span> <span class='ocrx_word' id='word_1_535' title='bbox 3143 2267 3370 2334; x_wconf 88' lang='lat' dir='ltr'><strong>quanto</strong></span> <span class='ocrx_word' id='word_1_536' title='bbox 3385 2262 3584 2332; x_wconf 87' lang='lat' dir='ltr'><strong>magis</strong></span> <span class='ocrx_word' id='word_1_537' title='bbox 3610 2267 3743 2318; x_wconf 91' lang='lat' dir='ltr'><strong>tunc</strong></span> <span class='ocrx_word' id='word_1_538' title='bbox 3755 2277 3917 2334; x_wconf 87' lang='lat' dir='ltr'><strong>quan-</strong></span> 
     </span>
    </p>
   </div>
   <div class='ocr_carea' id='block_1_78' title="bbox 2299 2351 3916 2423">
    <p class='ocr_par' dir='ltr' id='par_1_78' title="bbox 2299 2351 3916 2423">
     <span class='ocr_line' id='line_1_78' title="bbox 2299 2351 3916 2423; baseline -0.002 -15"><span class='ocrx_word' id='word_1_539' title='bbox 2299 2354 2378 2408; x_wconf 92' lang='lat' dir='ltr'><strong>do</strong></span> <span class='ocrx_word' id='word_1_540' title='bbox 2406 2353 2517 2408; x_wconf 90' lang='lat' dir='ltr'><strong>ista</strong></span> <span class='ocrx_word' id='word_1_541' title='bbox 2563 2352 2852 2408; x_wconf 84' lang='lat' dir='ltr'><strong>dicebat?</strong></span> <span class='ocrx_word' id='word_1_542' title='bbox 2891 2351 3151 2408; x_wconf 84' lang='lat' dir='ltr'><strong>Ecclesia</strong></span> <span class='ocrx_word' id='word_1_543' title='bbox 3191 2351 3414 2423; x_wconf 89' lang='lat' dir='ltr'><strong>quippe</strong></span> <span class='ocrx_word' id='word_1_544' title='bbox 3445 2357 3590 2406; x_wconf 89' lang='lat' dir='ltr'><strong>tunc</strong></span> <span class='ocrx_word' id='word_1_545' title='bbox 3616 2355 3916 2407; x_wconf 78' lang='lat' dir='ltr'><strong>assumatur</strong></span> 
     </span>
    </p>
   </div>
   <div class='ocr_carea' id='block_1_79' title="bbox 2298 2439 3915 2513">
    <p class='ocr_par' dir='ltr' id='par_1_79' title="bbox 2298 2439 3915 2513">
     <span class='ocr_line' id='line_1_79' title="bbox 2298 2439 3915 2513; baseline -0.002 -17"><span class='ocrx_word' id='word_1_546' title='bbox 2298 2442 2356 2496; x_wconf 92' lang='lat' dir='ltr'><strong>in</strong></span> <span class='ocrx_word' id='word_1_547' title='bbox 2390 2441 2594 2510; x_wconf 88' lang='lat' dir='ltr'><strong>gloria,</strong></span> <span class='ocrx_word' id='word_1_548' title='bbox 2627 2440 2876 2513; x_wconf 89' lang='lat' dir='ltr'><strong>quando</strong></span> <span class='ocrx_word' id='word_1_549' title='bbox 2897 2441 3146 2506; x_wconf 89' lang='lat' dir='ltr'><strong>dicetur,</strong></span> <span class='ocrx_word' id='word_1_550' title='bbox 3178 2441 3400 2505; x_wconf 88' lang='lat' dir='ltr'><strong>Venite,</strong></span> <span class='ocrx_word' id='word_1_551' title='bbox 3432 2439 3725 2497; x_wconf 87' lang='lat' dir='ltr'><strong>benedicti</strong></span> <span class='ocrx_word' id='word_1_552' title='bbox 3751 2439 3915 2496; x_wconf 86' lang='lat' dir='ltr'><strong>Patris</strong></span> 
     </span>
    </p>
   </div>
   <div class='ocr_carea' id='block_1_80' title="bbox 2298 2529 3915 2600">
    <p class='ocr_par' dir='ltr' id='par_1_80' title="bbox 2298 2529 3915 2600">
     <span class='ocr_line' id='line_1_80' title="bbox 2298 2529 3915 2600; baseline -0.002 -14"><span class='ocrx_word' id='word_1_553' title='bbox 2298 2531 2430 2594; x_wconf 88' lang='lat' dir='ltr'><strong>mei,</strong></span> <span class='ocrx_word' id='word_1_554' title='bbox 2457 2530 2740 2599; x_wconf 86' lang='lat' dir='ltr'><strong>percipite</strong></span> <span class='ocrx_word' id='word_1_555' title='bbox 2770 2545 3021 2600; x_wconf 88' lang='lat' dir='ltr'><strong>regnum</strong></span> <span class='ocrx_word' id='word_1_556' title='bbox 3054 2529 3291 2595; x_wconf 83' lang='lat' dir='ltr'><strong>(Matth.</strong></span> <span class='ocrx_word' id='word_1_557' title='bbox 3318 2545 3459 2594; x_wconf 93' lang='lat' dir='ltr'><strong>xxv,</strong></span> <span class='ocrx_word' id='word_1_558' title='bbox 3491 2531 3585 2600; x_wconf 65' lang='lat' dir='ltr'><strong>3i)</strong></span> <span class='ocrx_word' id='word_1_559' title='bbox 3620 2546 3632 2584; x_wconf 94' lang='lat'>:</span> <span class='ocrx_word' id='word_1_560' title='bbox 3667 2535 3720 2584; x_wconf 90' lang='lat' dir='ltr'><strong>et</strong></span> <span class='ocrx_word' id='word_1_561' title='bbox 3747 2534 3915 2585; x_wconf 85' lang='lat' dir='ltr'><strong>tamen</strong></span> 
     </span>
    </p>
   </div>
   <div class='ocr_carea' id='block_1_81' title="bbox 2298 2617 3914 2691">
    <p class='ocr_par' dir='ltr' id='par_1_81' title="bbox 2298 2617 3914 2691">
     <span class='ocr_line' id='line_1_81' title="bbox 2298 2617 3914 2691; baseline -0.002 -16"><span class='ocrx_word' id='word_1_562' title='bbox 2298 2624 2586 2691; x_wconf 89' lang='lat' dir='ltr'><strong>tanquam</strong></span> <span class='ocrx_word' id='word_1_563' title='bbox 2620 2619 2843 2675; x_wconf 91' lang='lat' dir='ltr'><strong>factum</strong></span> <span class='ocrx_word' id='word_1_564' title='bbox 2874 2617 3083 2674; x_wconf 85' lang='lat' dir='ltr'><strong>fuisset</strong></span> <span class='ocrx_word' id='word_1_565' title='bbox 3133 2618 3358 2674; x_wconf 88' lang='lat' dir='ltr'><strong>dictum</strong></span> <span class='ocrx_word' id='word_1_566' title='bbox 3408 2623 3520 2682; x_wconf 88' lang='lat' dir='ltr'><strong>est,</strong></span> <span class='ocrx_word' id='word_1_567' title='bbox 3576 2617 3740 2690; x_wconf 87' lang='lat' dir='ltr'><strong>quod</strong></span> <span class='ocrx_word' id='word_1_568' title='bbox 3785 2621 3914 2672; x_wconf 87' lang='lat' dir='ltr'><strong>certo</strong></span> 
     </span>
    </p>
   </div>
   <div class='ocr_carea' id='block_1_82' title="bbox 2298 2708 2903 2764">
    <p class='ocr_par' dir='ltr' id='par_1_82' title="bbox 2298 2708 2903 2764">
     <span class='ocr_line' id='line_1_82' title="bbox 2298 2708 2903 2764; baseline -0.003 0"><span class='ocrx_word' id='word_1_569' title='bbox 2298 2709 2596 2764; x_wconf 87' lang='lat' dir='ltr'><strong>sciebatur</strong></span> <span class='ocrx_word' id='word_1_570' title='bbox 2615 2708 2903 2762; x_wconf 88' lang='lat' dir='ltr'><strong>futurum.</strong></span> 
     </span>
    </p>
   </div>
   <div class='ocr_carea' id='block_1_83' title="bbox 2370 2812 3914 2885">
    <p class='ocr_par' dir='ltr' id='par_1_83' title="bbox 2370 2812 3914 2885">
     <span class='ocr_line' id='line_1_83' title="bbox 2370 2812 3914 2885; baseline -0.003 -15"><span class='ocrx_word' id='word_1_571' title='bbox 2370 2821 2456 2870; x_wconf 83' lang='lat' dir='ltr'><strong>5t.</strong></span> <span class='ocrx_word' id='word_1_572' title='bbox 2491 2815 2666 2872; x_wconf 80' lang='lat' dir='ltr'><strong>Multo</strong></span> <span class='ocrx_word' id='word_1_573' title='bbox 2697 2815 2896 2869; x_wconf 91' lang='lat' dir='ltr'><strong>minus</strong></span> <span class='ocrx_word' id='word_1_574' title='bbox 2920 2812 3262 2869; x_wconf 89' lang='lat' dir='ltr'><strong>mirandum</strong></span> <span class='ocrx_word' id='word_1_575' title='bbox 3291 2818 3380 2867; x_wconf 89' lang='lat' dir='ltr'><strong>est</strong></span> <span class='ocrx_word' id='word_1_576' title='bbox 3407 2813 3579 2885; x_wconf 89' lang='lat' dir='ltr'><strong>quod</strong></span> <span class='ocrx_word' id='word_1_577' title='bbox 3606 2813 3775 2868; x_wconf 88' lang='lat' dir='ltr'><strong>etiam</strong></span> <span class='ocrx_word' id='word_1_578' title='bbox 3814 2827 3914 2866; x_wconf 89' lang='lat' dir='ltr'><strong>ver-</strong></span> 
     </span>
    </p>
   </div>
   <div class='ocr_carea' id='block_1_84' title="bbox 2297 2901 3910 2975">
    <p class='ocr_par' dir='ltr' id='par_1_84' title="bbox 2297 2901 3910 2975">
     <span class='ocr_line' id='line_1_84' title="bbox 2297 2901 3910 2975; baseline -0.002 -16"><span class='ocrx_word' id='word_1_579' title='bbox 2297 2905 2390 2960; x_wconf 91' lang='lat' dir='ltr'><strong>bis</strong></span> <span class='ocrx_word' id='word_1_580' title='bbox 2417 2905 2724 2975; x_wconf 70' lang='lat' dir='ltr'><strong>praasentis</strong></span> <span class='ocrx_word' id='word_1_581' title='bbox 2758 2903 3040 2975; x_wconf 87' lang='lat' dir='ltr'><strong>temporis</strong></span> <span class='ocrx_word' id='word_1_582' title='bbox 3076 2918 3221 2957; x_wconf 89' lang='lat' dir='ltr'><strong>usus</strong></span> <span class='ocrx_word' id='word_1_583' title='bbox 3256 2907 3345 2957; x_wconf 90' lang='lat' dir='ltr'><strong>est</strong></span> <span class='ocrx_word' id='word_1_584' title='bbox 3369 2902 3430 2956; x_wconf 92' lang='lat' dir='ltr'><strong>in</strong></span> <span class='ocrx_word' id='word_1_585' title='bbox 3471 2918 3545 2957; x_wconf 89' lang='lat' dir='ltr'><strong>eo</strong></span> <span class='ocrx_word' id='word_1_586' title='bbox 3585 2904 3746 2973; x_wconf 92' lang='lat' dir='ltr'><strong>quod</strong></span> <span class='ocrx_word' id='word_1_587' title='bbox 3774 2901 3910 2956; x_wconf 89' lang='lat' dir='ltr'><strong>illum</strong></span> 
     </span>
    </p>
   </div>
   <div class='ocr_carea' id='block_1_85' title="bbox 2296 2990 3911 3061">
    <p class='ocr_par' dir='ltr' id='par_1_85' title="bbox 2296 2990 3911 3061">
     <span class='ocr_line' id='line_1_85' title="bbox 2296 2990 3911 3061; baseline -0.003 -12"><span class='ocrx_word' id='word_1_588' title='bbox 2296 2993 2619 3049; x_wconf 88' lang='lat' dir='ltr'><strong>identidem</strong></span> <span class='ocrx_word' id='word_1_589' title='bbox 2651 2993 2869 3048; x_wconf 88' lang='lat' dir='ltr'><strong>dixisse</strong></span> <span class='ocrx_word' id='word_1_590' title='bbox 2904 2990 3270 3056; x_wconf 88' lang='lat' dir='ltr'><strong>memorasti,</strong></span> <span class='ocrx_word' id='word_1_591' title='bbox 3313 2991 3574 3058; x_wconf 84' lang='lat' dir='ltr'><strong>Propter</strong></span> <span class='ocrx_word' id='word_1_592' title='bbox 3603 3006 3776 3060; x_wconf 86' lang='lat' dir='ltr'><strong>spem,</strong></span> <span class='ocrx_word' id='word_1_593' title='bbox 3805 3004 3911 3061; x_wconf 65' lang='lat' dir='ltr'><strong>qua</strong></span> 
     </span>
    </p>
   </div>
   <div class='ocr_carea' id='block_1_86' title="bbox 2299 3079 3912 3152">
    <p class='ocr_par' dir='ltr' id='par_1_86' title="bbox 2299 3079 3912 3152">
     <span class='ocr_line' id='line_1_86' title="bbox 2299 3079 3912 3152; baseline -0.004 -13"><span class='ocrx_word' id='word_1_594' title='bbox 2299 3082 2556 3152; x_wconf 87' lang='lat' dir='ltr'><strong>reposita</strong></span> <span class='ocrx_word' id='word_1_595' title='bbox 2584 3085 2665 3137; x_wconf 88' lang='lat' dir='ltr'><strong>est</strong></span> <span class='ocrx_word' id='word_1_596' title='bbox 2698 3081 2874 3148; x_wconf 83' lang='lat' dir='ltr'><strong>nobis,</strong></span> <span class='ocrx_word' id='word_1_597' title='bbox 2895 3095 3066 3151; x_wconf 87' lang='lat' dir='ltr'><strong>quam</strong></span> <span class='ocrx_word' id='word_1_598' title='bbox 3104 3087 3242 3136; x_wconf 87' lang='lat' dir='ltr'><strong>ante</strong></span> <span class='ocrx_word' id='word_1_599' title='bbox 3266 3080 3520 3136; x_wconf 86' lang='lat' dir='ltr'><strong>audistis</strong></span> <span class='ocrx_word' id='word_1_600' title='bbox 3554 3082 3616 3135; x_wconf 87' lang='lat' dir='ltr'><strong>in</strong></span> <span class='ocrx_word' id='word_1_601' title='bbox 3648 3079 3808 3135; x_wconf 82' lang='lat' dir='ltr'><strong>verbo</strong></span> <span class='ocrx_word' id='word_1_602' title='bbox 3844 3093 3912 3133; x_wconf 84' lang='lat' dir='ltr'><strong>ve-</strong></span> 
     </span>
    </p>
   </div>
   <div class='ocr_carea' id='block_1_87' title="bbox 2299 3165 3909 3242">
    <p class='ocr_par' dir='ltr' id='par_1_87' title="bbox 2299 3165 3909 3242">
     <span class='ocr_line' id='line_1_87' title="bbox 2299 3165 3909 3242; baseline -0.004 -17"><span class='ocrx_word' id='word_1_603' title='bbox 2299 3171 2495 3227; x_wconf 86' lang='lat' dir='ltr'><strong>ritatis</strong></span> <span class='ocrx_word' id='word_1_604' title='bbox 2519 3169 2850 3240; x_wconf 86' lang='lat' dir='ltr'><strong>Evangelii,</strong></span> <span class='ocrx_word' id='word_1_605' title='bbox 2903 3169 3059 3242; x_wconf 87' lang='lat' dir='ltr'><strong>quod</strong></span> <span class='ocrx_word' id='word_1_606' title='bbox 3089 3169 3328 3225; x_wconf 86' lang='lat' dir='ltr'><strong>advenit</strong></span> <span class='ocrx_word' id='word_1_607' title='bbox 3357 3169 3421 3224; x_wconf 91' lang='lat' dir='ltr'><strong>in</strong></span> <span class='ocrx_word' id='word_1_608' title='bbox 3471 3185 3588 3233; x_wconf 87' lang='lat' dir='ltr'><strong>vos,</strong></span> <span class='ocrx_word' id='word_1_609' title='bbox 3621 3169 3766 3224; x_wconf 88' lang='lat' dir='ltr'><strong>sicut</strong></span> <span class='ocrx_word' id='word_1_610' title='bbox 3794 3173 3839 3222; x_wconf 87' lang='lat' dir='ltr'><strong>et</strong></span> <span class='ocrx_word' id='word_1_611' title='bbox 3862 3165 3909 3219; x_wconf 75' lang='lat' dir='ltr'><strong>in</strong></span> 
     </span>
    </p>
   </div>
   <div class='ocr_carea' id='block_1_88' title="bbox 2299 3257 3911 3328">
    <p class='ocr_par' dir='ltr' id='par_1_88' title="bbox 2299 3257 3911 3328">
     <span class='ocr_line' id='line_1_88' title="bbox 2299 3257 3911 3328; baseline -0.006 -12"><span class='ocrx_word' id='word_1_612' title='bbox 2299 3260 2460 3316; x_wconf 89' lang='lat' dir='ltr'><strong>omni</strong></span> <span class='ocrx_word' id='word_1_613' title='bbox 2479 3259 2694 3315; x_wconf 81' lang='lat' dir='ltr'><strong>mundo</strong></span> <span class='ocrx_word' id='word_1_614' title='bbox 2725 3266 2806 3314; x_wconf 87' lang='lat' dir='ltr'><strong>est</strong></span> <span class='ocrx_word' id='word_1_615' title='bbox 2836 3258 3217 3327; x_wconf 78' lang='lat' dir='ltr'><strong>fructiﬁcans</strong></span> <span class='ocrx_word' id='word_1_616' title='bbox 3264 3264 3317 3314; x_wconf 92' lang='lat' dir='ltr'><strong>et</strong></span> <span class='ocrx_word' id='word_1_617' title='bbox 3339 3273 3610 3314; x_wconf 83' lang='lat' dir='ltr'><strong>crescens</strong></span> <span class='ocrx_word' id='word_1_618' title='bbox 3634 3257 3854 3328; x_wconf 85' lang='lat' dir='ltr'><strong>(Coloss.</strong></span> <span class='ocrx_word' id='word_1_619' title='bbox 3884 3269 3911 3318; x_wconf 87' lang='grc' dir='ltr'>ι,</span> 
     </span>
    </p>
   </div>
   <div class='ocr_carea' id='block_1_89' title="bbox 2298 3346 3912 3420">
    <p class='ocr_par' dir='ltr' id='par_1_89' title="bbox 2298 3346 3912 3420">
     <span class='ocr_line' id='line_1_89' title="bbox 2298 3346 3912 3420; baseline -0.005 -16"><span class='ocrx_word' id='word_1_620' title='bbox 2298 3351 2351 3414; x_wconf 80' lang='grc'><strong>5,</strong></span> <span class='ocrx_word' id='word_1_621' title='bbox 2385 3350 2459 3420; x_wconf 88' lang='grc'><strong>6),</strong></span> <span class='ocrx_word' id='word_1_622' title='bbox 2488 3348 2767 3420; x_wconf 90' lang='lat' dir='ltr'><strong>quamvis</strong></span> <span class='ocrx_word' id='word_1_623' title='bbox 2807 3346 3195 3416; x_wconf 89' lang='lat' dir='ltr'><strong>Evangelium</strong></span> <span class='ocrx_word' id='word_1_624' title='bbox 3225 3347 3497 3402; x_wconf 88' lang='lat' dir='ltr'><strong>nondum</strong></span> <span class='ocrx_word' id='word_1_625' title='bbox 3541 3347 3824 3401; x_wconf 88' lang='lat' dir='ltr'><strong>mundum</strong></span> <span class='ocrx_word' id='word_1_626' title='bbox 3850 3349 3912 3396; x_wconf 80' lang='lat' dir='ltr'><strong>te-</strong></span> 
     </span>
    </p>
   </div>
   <div class='ocr_carea' id='block_1_90' title="bbox 2297 3434 3914 3494">
    <p class='ocr_par' dir='ltr' id='par_1_90' title="bbox 2297 3434 3914 3494">
     <span class='ocr_line' id='line_1_90' title="bbox 2297 3434 3914 3494; baseline -0.005 0"><span class='ocrx_word' id='word_1_627' title='bbox 2297 3439 2480 3494; x_wconf 89' lang='lat' dir='ltr'><strong>nebat</strong></span> <span class='ocrx_word' id='word_1_628' title='bbox 2507 3438 2855 3492; x_wconf 88' lang='lat' dir='ltr'><strong>universum</strong></span> <span class='ocrx_word' id='word_1_629' title='bbox 2891 3452 2902 3491; x_wconf 91' lang='lat'>:</span> <span class='ocrx_word' id='word_1_630' title='bbox 2938 3435 3044 3490; x_wconf 87' lang='lat' dir='ltr'><strong>sed</strong></span> <span class='ocrx_word' id='word_1_631' title='bbox 3072 3435 3427 3492; x_wconf 84' lang='lat' dir='ltr'><strong>fructiﬁcare</strong></span> <span class='ocrx_word' id='word_1_632' title='bbox 3449 3435 3602 3491; x_wconf 87' lang='lat' dir='ltr'><strong>illud</strong></span> <span class='ocrx_word' id='word_1_633' title='bbox 3626 3437 3684 3490; x_wconf 91' lang='lat' dir='ltr'><strong>in</strong></span> <span class='ocrx_word' id='word_1_634' title='bbox 3716 3434 3914 3489; x_wconf 86' lang='lat' dir='ltr'><strong>univer-</strong></span> 
     </span>
    </p>
   </div>
   <div class='ocr_carea' id='block_1_91' title="bbox 2300 3523 3914 3594">
    <p class='ocr_par' dir='ltr' id='par_1_91' title="bbox 2300 3523 3914 3594">
     <span class='ocr_line' id='line_1_91' title="bbox 2300 3523 3914 3594; baseline -0.006 -12"><span class='ocrx_word' id='word_1_635' title='bbox 2300 3543 2368 3582; x_wconf 90' lang='lat' dir='ltr'><strong>so</strong></span> <span class='ocrx_word' id='word_1_636' title='bbox 2384 3527 2610 3582; x_wconf 89' lang='lat' dir='ltr'><strong>mundo</strong></span> <span class='ocrx_word' id='word_1_637' title='bbox 2623 3525 3134 3588; x_wconf 88' lang='lat' dir='ltr'><strong>dixitetcrescere,</strong></span> <span class='ocrx_word' id='word_1_638' title='bbox 3152 3531 3212 3579; x_wconf 94' lang='lat' dir='ltr'><strong>ut</strong></span> <span class='ocrx_word' id='word_1_639' title='bbox 3225 3525 3306 3579; x_wconf 91' lang='lat' dir='ltr'><strong>ita</strong></span> <span class='ocrx_word' id='word_1_640' title='bbox 3329 3523 3698 3594; x_wconf 84' lang='lat' dir='ltr'><strong>signiﬁcaret</strong></span> <span class='ocrx_word' id='word_1_641' title='bbox 3725 3535 3914 3593; x_wconf 56' lang='lat' dir='ltr'><strong>quouso</strong></span> 
     </span>
    </p>
   </div>
   <div class='ocr_carea' id='block_1_92' title="bbox 2297 3607 3912 3688">
    <p class='ocr_par' dir='ltr' id='par_1_92' title="bbox 2297 3607 3912 3688">
     <span class='ocr_line' id='line_1_92' title="bbox 2297 3607 3912 3688; baseline -0.005 -17"><span class='ocrx_word' id='word_1_642' title='bbox 2297 3632 2411 3688; x_wconf 90' lang='lat' dir='ltr'><strong>que</strong></span> <span class='ocrx_word' id='word_1_643' title='bbox 2432 3616 2634 3670; x_wconf 81' lang='lat' dir='ltr'><strong>fuisset</strong></span> <span class='ocrx_word' id='word_1_644' title='bbox 2656 3613 3070 3669; x_wconf 82' lang='lat' dir='ltr'><strong>fructificando</strong></span> <span class='ocrx_word' id='word_1_645' title='bbox 3087 3618 3142 3668; x_wconf 91' lang='lat' dir='ltr'><strong>et</strong></span> <span class='ocrx_word' id='word_1_646' title='bbox 3169 3613 3496 3668; x_wconf 91' lang='lat' dir='ltr'><strong>crescendo</strong></span> <span class='ocrx_word' id='word_1_647' title='bbox 3518 3619 3851 3668; x_wconf 84' lang='lat' dir='ltr'><strong>venturum.</strong></span> <span class='ocrx_word' id='word_1_648' title='bbox 3866 3607 3912 3662; x_wconf 91' lang='lat' dir='ltr'><strong>Si</strong></span> 
     </span>
    </p>
   </div>
   <div class='ocr_carea' id='block_1_93' title="bbox 2295 3702 3914 3776">
    <p class='ocr_par' dir='ltr' id='par_1_93' title="bbox 2295 3702 3914 3776">
     <span class='ocr_line' id='line_1_93' title="bbox 2295 3702 3914 3776; baseline -0.007 -16"><span class='ocrx_word' id='word_1_649' title='bbox 2295 3722 2436 3775; x_wconf 87' lang='lat' dir='ltr'><strong>ergo</strong></span> <span class='ocrx_word' id='word_1_650' title='bbox 2465 3705 2862 3776; x_wconf 87' lang='lat' dir='ltr'><strong>latetquando</strong></span> <span class='ocrx_word' id='word_1_651' title='bbox 2893 3703 3150 3758; x_wconf 88' lang='lat' dir='ltr'><strong>Ecclesia</strong></span> <span class='ocrx_word' id='word_1_652' title='bbox 3171 3702 3567 3758; x_wconf 84' lang='lat' dir='ltr'><strong>fructiﬁcante</strong></span> <span class='ocrx_word' id='word_1_653' title='bbox 3597 3707 3771 3773; x_wconf 89' lang='lat' dir='ltr'><strong>atque</strong></span> <span class='ocrx_word' id='word_1_654' title='bbox 3786 3714 3914 3753; x_wconf 83' lang='lat' dir='ltr'><strong>cres-</strong></span> 
     </span>
    </p>
   </div>
   <div class='ocr_carea' id='block_1_94' title="bbox 2291 3789 3911 3863">
    <p class='ocr_par' dir='ltr' id='par_1_94' title="bbox 2291 3789 3911 3863">
     <span class='ocr_line' id='line_1_94' title="bbox 2291 3789 3911 3863; baseline -0.006 -14"><span class='ocrx_word' id='word_1_655' title='bbox 2291 3802 2460 3850; x_wconf 89' lang='lat' dir='ltr'><strong>cente</strong></span> <span class='ocrx_word' id='word_1_656' title='bbox 2493 3793 2798 3848; x_wconf 90' lang='lat' dir='ltr'><strong>universus</strong></span> <span class='ocrx_word' id='word_1_657' title='bbox 2845 3791 3093 3847; x_wconf 88' lang='lat' dir='ltr'><strong>omnino</strong></span> <span class='ocrx_word' id='word_1_658' title='bbox 3136 3808 3173 3848; x_wconf 88' lang='lat' dir='ltr'><strong>a</strong></span> <span class='ocrx_word' id='word_1_659' title='bbox 3219 3791 3371 3847; x_wconf 89' lang='lat' dir='ltr'><strong>mari</strong></span> <span class='ocrx_word' id='word_1_660' title='bbox 3424 3807 3618 3863; x_wconf 89' lang='lat' dir='ltr'><strong>usque</strong></span> <span class='ocrx_word' id='word_1_661' title='bbox 3659 3789 3737 3846; x_wconf 90' lang='lat' dir='ltr'><strong>ad</strong></span> <span class='ocrx_word' id='word_1_662' title='bbox 3778 3800 3911 3844; x_wconf 79' lang='lat' dir='ltr'><strong>mare</strong></span> 
     </span>
    </p>
   </div>
   <div class='ocr_carea' id='block_1_95' title="bbox 2292 3875 3910 3953">
    <p class='ocr_par' dir='ltr' id='par_1_95' title="bbox 2292 3875 3910 3953">
     <span class='ocr_line' id='line_1_95' title="bbox 2292 3875 3910 3953; baseline -0.008 -13"><span class='ocrx_word' id='word_1_663' title='bbox 2292 3883 2453 3940; x_wconf 89' lang='lat' dir='ltr'><strong>orbis</strong></span> <span class='ocrx_word' id='word_1_664' title='bbox 2491 3881 2856 3953; x_wconf 86' lang='lat' dir='ltr'><strong>implebitur,</strong></span> <span class='ocrx_word' id='word_1_665' title='bbox 2890 3880 3096 3952; x_wconf 89' lang='lat' dir='ltr'><strong>procul</strong></span> <span class='ocrx_word' id='word_1_666' title='bbox 3129 3879 3318 3937; x_wconf 87' lang='lat' dir='ltr'><strong>dubio</strong></span> <span class='ocrx_word' id='word_1_667' title='bbox 3345 3879 3487 3936; x_wconf 88' lang='lat' dir='ltr'><strong>latet</strong></span> <span class='ocrx_word' id='word_1_668' title='bbox 3513 3879 3762 3953; x_wconf 89' lang='lat' dir='ltr'><strong>quando</strong></span> <span class='ocrx_word' id='word_1_669' title='bbox 3797 3875 3910 3931; x_wconf 85' lang='lat' dir='ltr'><strong>ﬁnis</strong></span> 
     </span>
    </p>
   </div>
   <div class='ocr_carea' id='block_1_96' title="bbox 2291 3970 3156 4042">
    <p class='ocr_par' dir='ltr' id='par_1_96' title="bbox 2291 3970 3156 4042">
     <span class='ocr_line' id='line_1_96' title="bbox 2291 3970 3156 4042; baseline -0.005 -14"><span class='ocrx_word' id='word_1_670' title='bbox 2291 3972 2398 4028; x_wconf 88' lang='lat' dir='ltr'><strong>erit</strong></span> <span class='ocrx_word' id='word_1_671' title='bbox 2426 3989 2440 4036; x_wconf 89' lang='lat'><strong>;</strong></span> <span class='ocrx_word' id='word_1_672' title='bbox 2467 3978 2600 4027; x_wconf 88' lang='lat' dir='ltr'><strong>ante</strong></span> <span class='ocrx_word' id='word_1_673' title='bbox 2629 3971 2853 4042; x_wconf 90' lang='lat' dir='ltr'><strong>quippe</strong></span> <span class='ocrx_word' id='word_1_674' title='bbox 2878 3985 2997 4026; x_wconf 90' lang='lat' dir='ltr'><strong>non</strong></span> <span class='ocrx_word' id='word_1_675' title='bbox 3031 3970 3156 4025; x_wconf 88' lang='lat' dir='ltr'><strong>erit.</strong></span> 
     </span>
    </p>
   </div>
   <div class='ocr_carea' id='block_1_97' title="bbox 2362 4075 3909 4148">
    <p class='ocr_par' dir='ltr' id='par_1_97' title="bbox 2362 4075 3909 4148">
     <span class='ocr_line' id='line_1_97' title="bbox 2362 4075 3909 4148; baseline -0.008 -14"><span class='ocrx_word' id='word_1_676' title='bbox 2362 4080 2584 4134; x_wconf 83' lang='lat' dir='ltr'><strong>CAPUT</strong></span> <span class='ocrx_word' id='word_1_677' title='bbox 2610 4077 2749 4132; x_wconf 88' lang='lat' dir='ltr'><strong>Xlll.</strong></span> <span class='ocrx_word' id='word_1_678' title='bbox 2773 4108 2840 4116; x_wconf 93' lang='lat'><strong>—</strong></span> <span class='ocrx_word' id='word_1_679' title='bbox 2867 4080 2951 4132; x_wconf 86' lang='lat'><strong>52.</strong></span> <span class='ocrx_word' id='word_1_680' title='bbox 2975 4078 3043 4133; x_wconf 91' lang='lat' dir='ltr'><strong>Ut</strong></span> <span class='ocrx_word' id='word_1_681' title='bbox 3069 4082 3268 4131; x_wconf 90' lang='lat' dir='ltr'><strong>autem</strong></span> <span class='ocrx_word' id='word_1_682' title='bbox 3293 4075 3399 4132; x_wconf 92' lang='lat' dir='ltr'><strong>tibi</strong></span> <span class='ocrx_word' id='word_1_683' title='bbox 3422 4082 3712 4148; x_wconf 89' lang='lat' dir='ltr'><strong>tanquam</strong></span> <span class='ocrx_word' id='word_1_684' title='bbox 3737 4075 3909 4127; x_wconf 86' lang='lat' dir='ltr'><strong>sancto</strong></span> 
     </span>
    </p>
   </div>
   <div class='ocr_carea' id='block_1_98' title="bbox 2290 4160 3906 4234">
    <p class='ocr_par' dir='ltr' id='par_1_98' title="bbox 2290 4160 3906 4234">
     <span class='ocr_line' id='line_1_98' title="bbox 2290 4160 3906 4234; baseline -0.007 -12"><span class='ocrx_word' id='word_1_685' title='bbox 2290 4167 2520 4222; x_wconf 90' lang='lat' dir='ltr'><strong>homini</strong></span> <span class='ocrx_word' id='word_1_686' title='bbox 2555 4167 2650 4220; x_wconf 90' lang='lat' dir='ltr'><strong>Dei</strong></span> <span class='ocrx_word' id='word_1_687' title='bbox 2682 4171 2736 4221; x_wconf 92' lang='lat' dir='ltr'><strong>et</strong></span> <span class='ocrx_word' id='word_1_688' title='bbox 2767 4166 3176 4220; x_wconf 88' lang='lat' dir='ltr'><strong>sincerissimo</strong></span> <span class='ocrx_word' id='word_1_689' title='bbox 3209 4165 3373 4220; x_wconf 84' lang='lat' dir='ltr'><strong>fratri</strong></span> <span class='ocrx_word' id='word_1_690' title='bbox 3404 4166 3676 4234; x_wconf 85' lang='lat' dir='ltr'><strong>aperiam</strong></span> <span class='ocrx_word' id='word_1_691' title='bbox 3706 4163 3775 4217; x_wconf 89' lang='lat' dir='ltr'><strong>de</strong></span> <span class='ocrx_word' id='word_1_692' title='bbox 3817 4160 3906 4214; x_wconf 87' lang='lat' dir='ltr'><strong>hac</strong></span> 
     </span>
    </p>
   </div>
   <div class='ocr_carea' id='block_1_99' title="bbox 2290 4253 3909 4327">
    <p class='ocr_par' dir='ltr' id='par_1_99' title="bbox 2290 4253 3909 4327">
     <span class='ocr_line' id='line_1_99' title="bbox 2290 4253 3909 4327; baseline -0.007 -16"><span class='ocrx_word' id='word_1_693' title='bbox 2290 4257 2622 4327; x_wconf 65' lang='lat' dir='ltr'><strong>quaestione</strong></span> <span class='ocrx_word' id='word_1_694' title='bbox 2653 4255 2797 4326; x_wconf 89' lang='lat' dir='ltr'><strong>quid</strong></span> <span class='ocrx_word' id='word_1_695' title='bbox 2823 4255 3075 4310; x_wconf 87' lang='lat' dir='ltr'><strong>sentiam</strong></span> <span class='ocrx_word' id='word_1_696' title='bbox 3106 4273 3119 4313; x_wconf 91' lang='lat'><strong>:</strong></span> <span class='ocrx_word' id='word_1_697' title='bbox 3153 4269 3316 4310; x_wconf 89' lang='lat' dir='ltr'><strong>error</strong></span> <span class='ocrx_word' id='word_1_698' title='bbox 3334 4253 3579 4325; x_wconf 90' lang='lat' dir='ltr'><strong>quidem</strong></span> <span class='ocrx_word' id='word_1_699' title='bbox 3613 4253 3670 4308; x_wconf 93' lang='lat' dir='ltr'><strong>in</strong></span> <span class='ocrx_word' id='word_1_700' title='bbox 3692 4258 3909 4318; x_wconf 84' lang='lat' dir='ltr'><strong>utroque</strong></span> 
     </span>
    </p>
   </div>
   <div class='ocr_carea' id='block_1_100' title="bbox 2292 4337 3908 4415">
    <p class='ocr_par' dir='ltr' id='par_1_100' title="bbox 2292 4337 3908 4415">
     <span class='ocr_line' id='line_1_100' title="bbox 2292 4337 3908 4415; baseline -0.008 -15"><span class='ocrx_word' id='word_1_701' title='bbox 2292 4344 2568 4400; x_wconf 82' lang='lat' dir='ltr'><strong>vitandus</strong></span> <span class='ocrx_word' id='word_1_702' title='bbox 2581 4349 2684 4406; x_wconf 90' lang='lat' dir='ltr'><strong>est,</strong></span> <span class='ocrx_word' id='word_1_703' title='bbox 2701 4349 2998 4415; x_wconf 90' lang='lat' dir='ltr'><strong>quantum</strong></span> <span class='ocrx_word' id='word_1_704' title='bbox 3012 4343 3090 4398; x_wconf 91' lang='lat' dir='ltr'><strong>ab</strong></span> <span class='ocrx_word' id='word_1_705' title='bbox 3112 4343 3356 4398; x_wconf 88' lang='lat' dir='ltr'><strong>homine</strong></span> <span class='ocrx_word' id='word_1_706' title='bbox 3379 4343 3547 4397; x_wconf 90' lang='lat' dir='ltr'><strong>vitari</strong></span> <span class='ocrx_word' id='word_1_707' title='bbox 3576 4347 3780 4412; x_wconf 90' lang='lat' dir='ltr'><strong>potest,</strong></span> <span class='ocrx_word' id='word_1_708' title='bbox 3807 4337 3908 4391; x_wconf 81' lang='lat' dir='ltr'><strong>sive</strong></span> 
     </span>
    </p>
   </div>
   <div class='ocr_carea' id='block_1_101' title="bbox 2289 4430 3910 4503">
    <p class='ocr_par' dir='ltr' id='par_1_101' title="bbox 2289 4430 3910 4503">
     <span class='ocr_line' id='line_1_101' title="bbox 2289 4430 3910 4503; baseline -0.006 -15"><span class='ocrx_word' id='word_1_709' title='bbox 2289 4434 2461 4488; x_wconf 89' lang='lat' dir='ltr'><strong>citius</strong></span> <span class='ocrx_word' id='word_1_710' title='bbox 2494 4433 2615 4487; x_wconf 89' lang='lat' dir='ltr'><strong>sive</strong></span> <span class='ocrx_word' id='word_1_711' title='bbox 2639 4433 2864 4488; x_wconf 87' lang='lat' dir='ltr'><strong>tardius</strong></span> <span class='ocrx_word' id='word_1_712' title='bbox 2877 4447 3062 4503; x_wconf 90' lang='lat' dir='ltr'><strong>quam</strong></span> <span class='ocrx_word' id='word_1_713' title='bbox 3087 4432 3350 4487; x_wconf 90' lang='lat' dir='ltr'><strong>futurum</strong></span> <span class='ocrx_word' id='word_1_714' title='bbox 3372 4437 3479 4494; x_wconf 89' lang='lat' dir='ltr'><strong>est,</strong></span> <span class='ocrx_word' id='word_1_715' title='bbox 3499 4430 3778 4486; x_wconf 86' lang='lat' dir='ltr'><strong>Dominus</strong></span> <span class='ocrx_word' id='word_1_716' title='bbox 3796 4439 3910 4480; x_wconf 86' lang='lat' dir='ltr'><strong>ven-</strong></span> 
     </span>
    </p>
   </div>
   <div class='ocr_carea' id='block_1_102' title="bbox 2292 4514 3908 4592">
    <p class='ocr_par' dir='ltr' id='par_1_102' title="bbox 2292 4514 3908 4592">
     <span class='ocr_line' id='line_1_102' title="bbox 2292 4514 3908 4592; baseline -0.007 -15"><span class='ocrx_word' id='word_1_717' title='bbox 2292 4530 2456 4578; x_wconf 91' lang='lat' dir='ltr'><strong>turus</strong></span> <span class='ocrx_word' id='word_1_718' title='bbox 2495 4538 2624 4576; x_wconf 88' lang='lat' dir='ltr'><strong>esse</strong></span> <span class='ocrx_word' id='word_1_719' title='bbox 2656 4522 2933 4576; x_wconf 86' lang='lat' dir='ltr'><strong>credatur</strong></span> <span class='ocrx_word' id='word_1_720' title='bbox 2967 4537 2981 4586; x_wconf 90' lang='lat'><strong>;</strong></span> <span class='ocrx_word' id='word_1_721' title='bbox 3014 4521 3117 4575; x_wconf 91' lang='lat' dir='ltr'><strong>sed</strong></span> <span class='ocrx_word' id='word_1_722' title='bbox 3151 4520 3294 4576; x_wconf 88' lang='lat' dir='ltr'><strong>mihi</strong></span> <span class='ocrx_word' id='word_1_723' title='bbox 3333 4521 3658 4592; x_wconf 89' lang='lat' dir='ltr'><strong>quisquam</strong></span> <span class='ocrx_word' id='word_1_724' title='bbox 3707 4531 3816 4572; x_wconf 92' lang='lat' dir='ltr'><strong>non</strong></span> <span class='ocrx_word' id='word_1_725' title='bbox 3843 4514 3908 4566; x_wconf 89' lang='lat' dir='ltr'><strong>vi-</strong></span> 
     </span>
    </p>
   </div>
   <div class='ocr_carea' id='block_1_103' title="bbox 2289 4605 3904 4681">
    <p class='ocr_par' dir='ltr' id='par_1_103' title="bbox 2289 4605 3904 4681">
     <span class='ocr_line' id='line_1_103' title="bbox 2289 4605 3904 4681; baseline -0.006 -15"><span class='ocrx_word' id='word_1_726' title='bbox 2289 4612 2461 4666; x_wconf 89' lang='lat' dir='ltr'><strong>detur</strong></span> <span class='ocrx_word' id='word_1_727' title='bbox 2481 4627 2693 4674; x_wconf 88' lang='lat' dir='ltr'><strong>errare,</strong></span> <span class='ocrx_word' id='word_1_728' title='bbox 2729 4625 2867 4665; x_wconf 91' lang='lat' dir='ltr'><strong>cum</strong></span> <span class='ocrx_word' id='word_1_729' title='bbox 2890 4609 3114 4681; x_wconf 89' lang='lat' dir='ltr'><strong>aliquid</strong></span> <span class='ocrx_word' id='word_1_730' title='bbox 3143 4608 3374 4664; x_wconf 88' lang='lat' dir='ltr'><strong>nescire</strong></span> <span class='ocrx_word' id='word_1_731' title='bbox 3401 4625 3464 4664; x_wconf 89' lang='lat' dir='ltr'><strong>se</strong></span> <span class='ocrx_word' id='word_1_732' title='bbox 3503 4610 3631 4672; x_wconf 89' lang='lat' dir='ltr'><strong>scit,</strong></span> <span class='ocrx_word' id='word_1_733' title='bbox 3679 4605 3770 4661; x_wconf 92' lang='lat' dir='ltr'><strong>sed</strong></span> <span class='ocrx_word' id='word_1_734' title='bbox 3789 4617 3904 4658; x_wconf 86' lang='lat' dir='ltr'><strong>cum</strong></span> 
     </span>
    </p>
   </div>
   <div class='ocr_carea' id='block_1_104' title="bbox 2292 4690 3906 4772">
    <p class='ocr_par' dir='ltr' id='par_1_104' title="bbox 2292 4690 3906 4772">
     <span class='ocr_line' id='line_1_104' title="bbox 2292 4690 3906 4772; baseline -0.007 -17"><span class='ocrx_word' id='word_1_735' title='bbox 2292 4717 2355 4755; x_wconf 91' lang='lat' dir='ltr'><strong>se</strong></span> <span class='ocrx_word' id='word_1_736' title='bbox 2387 4707 2553 4772; x_wconf 90' lang='lat' dir='ltr'><strong>putat</strong></span> <span class='ocrx_word' id='word_1_737' title='bbox 2583 4702 2730 4754; x_wconf 88' lang='lat' dir='ltr'><strong>scire</strong></span> <span class='ocrx_word' id='word_1_738' title='bbox 2747 4700 2912 4771; x_wconf 90' lang='lat' dir='ltr'><strong>quod</strong></span> <span class='ocrx_word' id='word_1_739' title='bbox 2943 4699 3146 4753; x_wconf 88' lang='lat' dir='ltr'><strong>nescit.</strong></span> <span class='ocrx_word' id='word_1_740' title='bbox 3181 4700 3614 4754; x_wconf 79' lang='lat' dir='ltr'><strong>Removeamus</strong></span> <span class='ocrx_word' id='word_1_741' title='bbox 3634 4697 3820 4766; x_wconf 88' lang='lat' dir='ltr'><strong>itaque</strong></span> <span class='ocrx_word' id='word_1_742' title='bbox 3847 4690 3906 4744; x_wconf 82' lang='lat' dir='ltr'><strong>de</strong></span> 
     </span>
    </p>
   </div>
   <div class='ocr_carea' id='block_1_105' title="bbox 2291 4781 3905 4859">
    <p class='ocr_par' dir='ltr' id='par_1_105' title="bbox 2291 4781 3905 4859">
     <span class='ocr_line' id='line_1_105' title="bbox 2291 4781 3905 4859; baseline -0.008 -13"><span class='ocrx_word' id='word_1_743' title='bbox 2291 4789 2488 4846; x_wconf 90' lang='lat' dir='ltr'><strong>medio</strong></span> <span class='ocrx_word' id='word_1_744' title='bbox 2529 4804 2768 4843; x_wconf 87' lang='lat' dir='ltr'><strong>servum</strong></span> <span class='ocrx_word' id='word_1_745' title='bbox 2795 4788 2962 4842; x_wconf 91' lang='lat' dir='ltr'><strong>illum</strong></span> <span class='ocrx_word' id='word_1_746' title='bbox 3005 4787 3255 4851; x_wconf 90' lang='lat' dir='ltr'><strong>malum,</strong></span> <span class='ocrx_word' id='word_1_747' title='bbox 3296 4785 3398 4859; x_wconf 88' lang='lat' dir='ltr'><strong>qui</strong></span> <span class='ocrx_word' id='word_1_748' title='bbox 3430 4786 3634 4841; x_wconf 86' lang='lat' dir='ltr'><strong>dicens</strong></span> <span class='ocrx_word' id='word_1_749' title='bbox 3665 4784 3722 4839; x_wconf 94' lang='lat' dir='ltr'><strong>in</strong></span> <span class='ocrx_word' id='word_1_750' title='bbox 3753 4781 3905 4837; x_wconf 88' lang='lat' dir='ltr'><strong>corde</strong></span> 
     </span>
    </p>
   </div>
   <div class='ocr_carea' id='block_1_106' title="bbox 2290 4873 3908 4944">
    <p class='ocr_par' dir='ltr' id='par_1_106' title="bbox 2290 4873 3908 4944">
     <span class='ocr_line' id='line_1_106' title="bbox 2290 4873 3908 4944; baseline -0.008 -11"><span class='ocrx_word' id='word_1_751' title='bbox 2290 4878 2666 4944; x_wconf 89' lang='lat' dir='ltr'><strong>suo,Moram</strong></span> <span class='ocrx_word' id='word_1_752' title='bbox 2683 4879 2831 4944; x_wconf 78' lang='lat' dir='ltr'><strong>facit</strong></span> <span class='ocrx_word' id='word_1_753' title='bbox 2861 4876 3144 4932; x_wconf 88' lang='lat' dir='ltr'><strong>Dominus</strong></span> <span class='ocrx_word' id='word_1_754' title='bbox 3171 4891 3332 4932; x_wconf 88' lang='lat' dir='ltr'><strong>meus</strong></span> <span class='ocrx_word' id='word_1_755' title='bbox 3346 4875 3561 4938; x_wconf 84' lang='lat' dir='ltr'><strong>venire,</strong></span> <span class='ocrx_word' id='word_1_756' title='bbox 3588 4873 3908 4929; x_wconf 87' lang='lat' dir='ltr'><strong>dominatur</strong></span> 
     </span>
    </p>
   </div>
   <div class='ocr_carea' id='block_1_107' title="bbox 2289 4962 3904 5030">
    <p class='ocr_par' dir='ltr' id='par_1_107' title="bbox 2289 4962 3904 5030">
     <span class='ocr_line' id='line_1_107' title="bbox 2289 4962 3904 5030; baseline -0.009 -7"><span class='ocrx_word' id='word_1_757' title='bbox 2289 4968 2596 5023; x_wconf 89' lang='lat' dir='ltr'><strong>conservis</strong></span> <span class='ocrx_word' id='word_1_758' title='bbox 2635 4967 2776 5030; x_wconf 89' lang='lat' dir='ltr'><strong>suis,</strong></span> <span class='ocrx_word' id='word_1_759' title='bbox 2827 4971 2884 5020; x_wconf 87' lang='lat' dir='ltr'><strong>et</strong></span> <span class='ocrx_word' id='word_1_760' title='bbox 2927 4965 3177 5020; x_wconf 87' lang='lat' dir='ltr'><strong>ebriosis</strong></span> <span class='ocrx_word' id='word_1_761' title='bbox 3227 4965 3604 5020; x_wconf 85' lang='lat' dir='ltr'><strong>convivando</strong></span> <span class='ocrx_word' id='word_1_762' title='bbox 3657 4962 3904 5015; x_wconf 83' lang='lat' dir='ltr'><strong>miscetur</strong></span> 
     </span>
    </p>
   </div>
   <div class='ocr_carea' id='block_1_108' title="bbox 2291 5049 3901 5128">
    <p class='ocr_par' dir='ltr' id='par_1_108' title="bbox 2291 5049 3901 5128">
     <span class='ocr_line' id='line_1_108' title="bbox 2291 5049 3901 5128; baseline -0.007 -16"><span class='ocrx_word' id='word_1_763' title='bbox 2291 5057 2521 5128; x_wconf 82' lang='lat' dir='ltr'><strong>(Matth.</strong></span> <span class='ocrx_word' id='word_1_764' title='bbox 2552 5071 2702 5119; x_wconf 79' lang='lat' dir='ltr'><strong>xxiv,</strong></span> <span class='ocrx_word' id='word_1_765' title='bbox 2735 5058 2824 5118; x_wconf 76' lang='grc'><strong>48,</strong></span> <span class='ocrx_word' id='word_1_766' title='bbox 2851 5055 2940 5118; x_wconf 79' lang='grc'><strong>49,</strong></span> <span class='ocrx_word' id='word_1_767' title='bbox 2973 5061 3022 5109; x_wconf 91' lang='lat' dir='ltr'><strong>et</strong></span> <span class='ocrx_word' id='word_1_768' title='bbox 3075 5055 3214 5109; x_wconf 87' lang='lat' dir='ltr'><strong>Luc.</strong></span> <span class='ocrx_word' id='word_1_769' title='bbox 3246 5069 3348 5117; x_wconf 89' lang='lat' dir='ltr'><strong>xu,</strong></span> <span class='ocrx_word' id='word_1_770' title='bbox 3379 5053 3472 5119; x_wconf 75' lang='grc'><strong>45)</strong></span> <span class='ocrx_word' id='word_1_771' title='bbox 3508 5068 3520 5106; x_wconf 92' lang='lat'><strong>:</strong></span> <span class='ocrx_word' id='word_1_772' title='bbox 3564 5053 3672 5106; x_wconf 91' lang='lat' dir='ltr'><strong>iste</strong></span> <span class='ocrx_word' id='word_1_773' title='bbox 3708 5049 3901 5119; x_wconf 86' lang='lat' dir='ltr'><strong>quippe</strong></span> 
     </span>
    </p>
   </div>
   <div class='ocr_carea' id='block_1_109' title="bbox 2291 5141 3900 5218">
    <p class='ocr_par' dir='ltr' id='par_1_109' title="bbox 2291 5141 3900 5218">
     <span class='ocr_line' id='line_1_109' title="bbox 2291 5141 3900 5218; baseline -0.009 -18"><span class='ocrx_word' id='word_1_774' title='bbox 2291 5143 2705 5218; x_wconf 88' lang='lat' dir='ltr'><strong>proculdubio</strong></span> <span class='ocrx_word' id='word_1_775' title='bbox 2741 5143 2972 5199; x_wconf 91' lang='lat' dir='ltr'><strong>Domini</strong></span> <span class='ocrx_word' id='word_1_776' title='bbox 2996 5143 3085 5196; x_wconf 91' lang='lat' dir='ltr'><strong>sui</strong></span> <span class='ocrx_word' id='word_1_777' title='bbox 3116 5141 3244 5197; x_wconf 92' lang='lat' dir='ltr'><strong>odit</strong></span> <span class='ocrx_word' id='word_1_778' title='bbox 3269 5141 3613 5196; x_wconf 88' lang='lat' dir='ltr'><strong>adventum.</strong></span> <span class='ocrx_word' id='word_1_779' title='bbox 3648 5142 3767 5203; x_wconf 83' lang='lat' dir='ltr'><strong>Quo</strong></span> <span class='ocrx_word' id='word_1_780' title='bbox 3807 5147 3900 5187; x_wconf 87' lang='lat' dir='ltr'><strong>ser-</strong></span> 
     </span>
    </p>
   </div>
   <div class='ocr_carea' id='block_1_110' title="bbox 2290 5227 3899 5295">
    <p class='ocr_par' dir='ltr' id='par_1_110' title="bbox 2290 5227 3899 5295">
     <span class='ocr_line' id='line_1_110' title="bbox 2290 5227 3899 5295; baseline -0.011 -5"><span class='ocrx_word' id='word_1_781' title='bbox 2290 5251 2362 5290; x_wconf 93' lang='lat' dir='ltr'><strong>vo</strong></span> <span class='ocrx_word' id='word_1_782' title='bbox 2405 5232 2562 5288; x_wconf 90' lang='lat' dir='ltr'><strong>malo</strong></span> <span class='ocrx_word' id='word_1_783' title='bbox 2593 5238 2840 5295; x_wconf 87' lang='lat' dir='ltr'><strong>remoto,</strong></span> <span class='ocrx_word' id='word_1_784' title='bbox 2876 5232 3314 5287; x_wconf 88' lang='lat' dir='ltr'><strong>constituamus</strong></span> <span class='ocrx_word' id='word_1_785' title='bbox 3373 5236 3509 5285; x_wconf 88' lang='lat' dir='ltr'><strong>ante</strong></span> <span class='ocrx_word' id='word_1_786' title='bbox 3561 5227 3758 5283; x_wconf 86' lang='lat' dir='ltr'><strong>oculos</strong></span> <span class='ocrx_word' id='word_1_787' title='bbox 3807 5229 3899 5276; x_wconf 86' lang='lat' dir='ltr'><strong>tres</strong></span> 
     </span>
    </p>
   </div>
   <div class='ocr_carea' id='block_1_111' title="bbox 2291 5317 3898 5387">
    <p class='ocr_par' dir='ltr' id='par_1_111' title="bbox 2291 5317 3898 5387">
     <span class='ocr_line' id='line_1_111' title="bbox 2291 5317 3898 5387; baseline -0.011 -9"><span class='ocrx_word' id='word_1_788' title='bbox 2291 5338 2490 5378; x_wconf 87' lang='lat' dir='ltr'><strong>servos</strong></span> <span class='ocrx_word' id='word_1_789' title='bbox 2524 5322 2732 5386; x_wconf 90' lang='lat' dir='ltr'><strong>bonos,</strong></span> <span class='ocrx_word' id='word_1_790' title='bbox 2767 5319 3048 5376; x_wconf 82' lang='lat' dir='ltr'><strong>familiam</strong></span> <span class='ocrx_word' id='word_1_791' title='bbox 3084 5318 3450 5375; x_wconf 91' lang='lat' dir='ltr'><strong>dominicam</strong></span> <span class='ocrx_word' id='word_1_792' title='bbox 3493 5317 3789 5387; x_wconf 87' lang='lat' dir='ltr'><strong>diligenter</strong></span> <span class='ocrx_word' id='word_1_793' title='bbox 3818 5325 3898 5362; x_wconf 81' lang='lat' dir='ltr'><strong>so-</strong></span> 
     </span>
    </p>
   </div>
   <div class='ocr_carea' id='block_1_112' title="bbox 2290 5401 3896 5483">
    <p class='ocr_par' dir='ltr' id='par_1_112' title="bbox 2290 5401 3896 5483">
     <span class='ocr_line' id='line_1_112' title="bbox 2290 5401 3896 5483; baseline -0.012 -15"><span class='ocrx_word' id='word_1_794' title='bbox 2290 5411 2534 5483; x_wconf 90' lang='lat' dir='ltr'><strong>brieque</strong></span> <span class='ocrx_word' id='word_1_795' title='bbox 2563 5413 2904 5476; x_wconf 88' lang='lat' dir='ltr'><strong>tractantes,</strong></span> <span class='ocrx_word' id='word_1_796' title='bbox 2937 5408 3264 5464; x_wconf 89' lang='lat' dir='ltr'><strong>adventum</strong></span> <span class='ocrx_word' id='word_1_797' title='bbox 3290 5407 3524 5462; x_wconf 90' lang='lat' dir='ltr'><strong>Domini</strong></span> <span class='ocrx_word' id='word_1_798' title='bbox 3549 5407 3638 5460; x_wconf 90' lang='lat' dir='ltr'><strong>sui</strong></span> <span class='ocrx_word' id='word_1_799' title='bbox 3670 5401 3896 5457; x_wconf 85' lang='lat' dir='ltr'><strong>sitienter</strong></span> 
     </span>
    </p>
   </div>
   <div class='ocr_carea' id='block_1_113' title="bbox 2291 5493 3897 5567">
    <p class='ocr_par' dir='ltr' id='par_1_113' title="bbox 2291 5493 3897 5567">
     <span class='ocr_line' id='line_1_113' title="bbox 2291 5493 3897 5567; baseline -0.011 -12"><span class='ocrx_word' id='word_1_800' title='bbox 2291 5493 3897 5567; x_wconf 80' lang='lat' dir='ltr'><strong>desiderantes,vigilauterexspectarites,ﬁdeliteraman-</strong></span> 
     </span>
    </p>
   </div>
   <div class='ocr_carea' id='block_1_114' title="bbox 2293 5579 3889 5648">
    <p class='ocr_par' dir='ltr' id='par_1_114' title="bbox 2293 5579 3889 5648">
     <span class='ocr_line' id='line_1_114' title="bbox 2293 5579 3889 5648; baseline -0.012 -2"><span class='ocrx_word' id='word_1_801' title='bbox 2293 5595 2377 5646; x_wconf 91' lang='lat' dir='ltr'><strong>tes</strong></span> <span class='ocrx_word' id='word_1_802' title='bbox 2412 5606 2422 5643; x_wconf 92' lang='lat'>:</span> <span class='ocrx_word' id='word_1_803' title='bbox 2454 5588 2501 5642; x_wconf 91' lang='lat' dir='ltr'><strong>si</strong></span> <span class='ocrx_word' id='word_1_804' title='bbox 2532 5603 2685 5643; x_wconf 89' lang='lat' dir='ltr'><strong>unus</strong></span> <span class='ocrx_word' id='word_1_805' title='bbox 2709 5603 2914 5642; x_wconf 90' lang='lat' dir='ltr'><strong>eorum</strong></span> <span class='ocrx_word' id='word_1_806' title='bbox 2953 5586 3144 5648; x_wconf 89' lang='lat' dir='ltr'><strong>citius,</strong></span> <span class='ocrx_word' id='word_1_807' title='bbox 3187 5583 3332 5640; x_wconf 88' lang='lat' dir='ltr'><strong>alter</strong></span> <span class='ocrx_word' id='word_1_808' title='bbox 3357 5583 3582 5640; x_wconf 86' lang='lat' dir='ltr'><strong>tardius</strong></span> <span class='ocrx_word' id='word_1_809' title='bbox 3611 5579 3889 5636; x_wconf 88' lang='lat' dir='ltr'><strong>Dominum</strong></span> 
     </span>
    </p>
   </div>
   <div class='ocr_carea' id='block_1_115' title="bbox 2292 5666 3890 5752">
    <p class='ocr_par' dir='ltr' id='par_1_115' title="bbox 2292 5666 3890 5752">
     <span class='ocr_line' id='line_1_115' title="bbox 2292 5666 3890 5752; baseline -0.014 -16"><span class='ocrx_word' id='word_1_810' title='bbox 2292 5683 2464 5752; x_wconf 88' lang='lat' dir='ltr'><strong>putat</strong></span> <span class='ocrx_word' id='word_1_811' title='bbox 2489 5693 2618 5734; x_wconf 90' lang='lat' dir='ltr'><strong>esse</strong></span> <span class='ocrx_word' id='word_1_812' title='bbox 2655 5683 2992 5740; x_wconf 84' lang='lat' dir='ltr'><strong>venturum,</strong></span> <span class='ocrx_word' id='word_1_813' title='bbox 3025 5675 3231 5730; x_wconf 88' lang='lat' dir='ltr'><strong>tertius</strong></span> <span class='ocrx_word' id='word_1_814' title='bbox 3263 5688 3401 5730; x_wconf 82' lang='lat' dir='ltr'><strong>vero</strong></span> <span class='ocrx_word' id='word_1_815' title='bbox 3443 5687 3607 5728; x_wconf 87' lang='lat' dir='ltr'><strong>suam</strong></span> <span class='ocrx_word' id='word_1_816' title='bbox 3631 5669 3702 5724; x_wconf 88' lang='lat' dir='ltr'><strong>de</strong></span> <span class='ocrx_word' id='word_1_817' title='bbox 3725 5666 3822 5721; x_wconf 78' lang='lat' dir='ltr'><strong>hac</strong></span> <span class='ocrx_word' id='word_1_818' title='bbox 3843 5673 3890 5714; x_wconf 82' lang='lat' dir='ltr'><strong>re</strong></span> 
     </span>
    </p>
   </div>
   <div class='ocr_carea' id='block_1_116' title="bbox 534 4966 2183 5039">
    <p class='ocr_par' dir='ltr' id='par_1_116' title="bbox 534 4966 2183 5039">
     <span class='ocr_line' id='line_1_116' title="bbox 534 4966 2183 5039; baseline -0.002 -16"><span class='ocrx_word' id='word_1_819' title='bbox 534 4967 725 5023; x_wconf 66' lang='lat' dir='ltr'><strong>clesiaa</strong></span> <span class='ocrx_word' id='word_1_820' title='bbox 748 4967 1115 5039; x_wconf 89' lang='lat' dir='ltr'><strong>promisisse,</strong></span> <span class='ocrx_word' id='word_1_821' title='bbox 1136 4983 1270 5038; x_wconf 70' lang='lat' dir='ltr'><strong>quae</strong></span> <span class='ocrx_word' id='word_1_822' title='bbox 1309 4966 1439 5022; x_wconf 87' lang='lat' dir='ltr'><strong>aliis</strong></span> <span class='ocrx_word' id='word_1_823' title='bbox 1467 4967 1857 5022; x_wconf 90' lang='lat' dir='ltr'><strong>morientibus</strong></span> <span class='ocrx_word' id='word_1_824' title='bbox 1879 4967 2013 5023; x_wconf 88' lang='lat' dir='ltr'><strong>aliis</strong></span> <span class='ocrx_word' id='word_1_825' title='bbox 2046 4983 2183 5022; x_wconf 89' lang='lat' dir='ltr'><strong>nas-</strong></span> 
     </span>
    </p>
   </div>
   <div class='ocr_carea' id='block_1_117' title="bbox 534 5057 2182 5128">
    <p class='ocr_par' dir='ltr' id='par_1_117' title="bbox 534 5057 2182 5128">
     <span class='ocr_line' id='line_1_117' title="bbox 534 5057 2182 5128; baseline -0.002 -14"><span class='ocrx_word' id='word_1_826' title='bbox 534 5058 809 5114; x_wconf 90' lang='lat' dir='ltr'><strong>centibus</strong></span> <span class='ocrx_word' id='word_1_827' title='bbox 859 5057 952 5112; x_wconf 91' lang='lat' dir='ltr'><strong>hic</strong></span> <span class='ocrx_word' id='word_1_828' title='bbox 1015 5072 1202 5128; x_wconf 90' lang='lat' dir='ltr'><strong>usque</strong></span> <span class='ocrx_word' id='word_1_829' title='bbox 1258 5058 1316 5110; x_wconf 92' lang='lat' dir='ltr'><strong>in</strong></span> <span class='ocrx_word' id='word_1_830' title='bbox 1366 5057 1558 5111; x_wconf 79' lang='lat' dir='ltr'><strong>saeculi</strong></span> <span class='ocrx_word' id='word_1_831' title='bbox 1599 5057 2182 5112; x_wconf 89' lang='lat' dir='ltr'><strong>consummationem</strong></span> 
     </span>
    </p>
   </div>
   <div class='ocr_carea' id='block_1_118' title="bbox 535 5145 2184 5218">
    <p class='ocr_par' dir='ltr' id='par_1_118' title="bbox 535 5145 2184 5218">
     <span class='ocr_line' id='line_1_118' title="bbox 535 5145 2184 5218; baseline -0.002 -16"><span class='ocrx_word' id='word_1_832' title='bbox 535 5147 735 5205; x_wconf 89' lang='lat' dir='ltr'><strong>futura</strong></span> <span class='ocrx_word' id='word_1_833' title='bbox 775 5152 881 5212; x_wconf 91' lang='lat' dir='ltr'><strong>est,</strong></span> <span class='ocrx_word' id='word_1_834' title='bbox 913 5147 1050 5218; x_wconf 88' lang='lat' dir='ltr'><strong>quis</strong></span> <span class='ocrx_word' id='word_1_835' title='bbox 1082 5162 1204 5202; x_wconf 91' lang='lat' dir='ltr'><strong>non</strong></span> <span class='ocrx_word' id='word_1_836' title='bbox 1246 5146 1532 5215; x_wconf 89' lang='lat' dir='ltr'><strong>intelligat</strong></span> <span class='ocrx_word' id='word_1_837' title='bbox 1565 5147 1591 5200; x_wconf 83' lang='lat'><strong><em>?</em></strong></span> <span class='ocrx_word' id='word_1_838' title='bbox 1640 5147 1792 5201; x_wconf 92' lang='lat' dir='ltr'><strong>sicut</strong></span> <span class='ocrx_word' id='word_1_839' title='bbox 1822 5146 1904 5201; x_wconf 89' lang='lat' dir='ltr'><strong>eis</strong></span> <span class='ocrx_word' id='word_1_840' title='bbox 1935 5152 1990 5201; x_wconf 95' lang='lat' dir='ltr'><strong>et</strong></span> <span class='ocrx_word' id='word_1_841' title='bbox 2038 5145 2184 5200; x_wconf 93' lang='lat' dir='ltr'><strong>illud</strong></span> 
     </span>
    </p>
   </div>
   <div class='ocr_carea' id='block_1_119' title="bbox 535 5234 2184 5308">
    <p class='ocr_par' dir='ltr' id='par_1_119' title="bbox 535 5234 2184 5308">
     <span class='ocr_line' id='line_1_119' title="bbox 535 5234 2184 5308; baseline -0.002 -16"><span class='ocrx_word' id='word_1_842' title='bbox 535 5238 633 5302; x_wconf 89' lang='lat' dir='ltr'><strong>ait,</strong></span> <span class='ocrx_word' id='word_1_843' title='bbox 664 5237 828 5308; x_wconf 90' lang='lat' dir='ltr'><strong>quod</strong></span> <span class='ocrx_word' id='word_1_844' title='bbox 855 5236 930 5291; x_wconf 88' lang='lat' dir='ltr'><strong>ad</strong></span> <span class='ocrx_word' id='word_1_845' title='bbox 973 5252 1073 5292; x_wconf 90' lang='lat' dir='ltr'><strong>eos</strong></span> <span class='ocrx_word' id='word_1_846' title='bbox 1097 5235 1347 5291; x_wconf 90' lang='lat' dir='ltr'><strong>omnino</strong></span> <span class='ocrx_word' id='word_1_847' title='bbox 1367 5251 1485 5290; x_wconf 91' lang='lat' dir='ltr'><strong>non</strong></span> <span class='ocrx_word' id='word_1_848' title='bbox 1510 5236 1781 5306; x_wconf 86' lang='lat' dir='ltr'><strong>pertinet,</strong></span> <span class='ocrx_word' id='word_1_849' title='bbox 1801 5243 1856 5288; x_wconf 91' lang='lat' dir='ltr'><strong>et</strong></span> <span class='ocrx_word' id='word_1_850' title='bbox 1880 5239 2078 5289; x_wconf 90' lang='lat' dir='ltr'><strong>tamen</strong></span> <span class='ocrx_word' id='word_1_851' title='bbox 2101 5234 2184 5288; x_wconf 89' lang='lat' dir='ltr'><strong>sic</strong></span> 
     </span>
    </p>
   </div>
   <div class='ocr_carea' id='block_1_120' title="bbox 534 5321 2182 5396">
    <p class='ocr_par' dir='ltr' id='par_1_120' title="bbox 534 5321 2182 5396">
     <span class='ocr_line' id='line_1_120' title="bbox 534 5321 2182 5396; baseline -0.001 -16"><span class='ocrx_word' id='word_1_852' title='bbox 534 5325 760 5381; x_wconf 90' lang='lat' dir='ltr'><strong>dictum</strong></span> <span class='ocrx_word' id='word_1_853' title='bbox 784 5330 871 5380; x_wconf 91' lang='lat' dir='ltr'><strong>est</strong></span> <span class='ocrx_word' id='word_1_854' title='bbox 896 5330 1185 5396; x_wconf 88' lang='lat' dir='ltr'><strong>tanquam</strong></span> <span class='ocrx_word' id='word_1_855' title='bbox 1217 5325 1293 5381; x_wconf 89' lang='lat' dir='ltr'><strong>ad</strong></span> <span class='ocrx_word' id='word_1_856' title='bbox 1323 5324 1481 5379; x_wconf 89' lang='lat' dir='ltr'><strong>solos</strong></span> <span class='ocrx_word' id='word_1_857' title='bbox 1501 5324 1679 5378; x_wconf 89' lang='lat' dir='ltr'><strong>etiam</strong></span> <span class='ocrx_word' id='word_1_858' title='bbox 1695 5321 2182 5394; x_wconf 87' lang='lat' dir='ltr'><strong>pertineret,Cum</strong></span> 
     </span>
    </p>
   </div>
   <div class='ocr_carea' id='block_1_121' title="bbox 537 5413 2184 5484">
    <p class='ocr_par' dir='ltr' id='par_1_121' title="bbox 537 5413 2184 5484">
     <span class='ocr_line' id='line_1_121' title="bbox 537 5413 2184 5484; baseline -0.001 -16"><span class='ocrx_word' id='word_1_859' title='bbox 537 5414 800 5470; x_wconf 85' lang='lat' dir='ltr'><strong>videritis</strong></span> <span class='ocrx_word' id='word_1_860' title='bbox 825 5415 946 5470; x_wconf 75' lang='lat' dir='ltr'><strong>haec</strong></span> <span class='ocrx_word' id='word_1_861' title='bbox 961 5414 1391 5478; x_wconf 88' lang='lat' dir='ltr'><strong>omnia,scitote</strong></span> <span class='ocrx_word' id='word_1_862' title='bbox 1419 5413 1560 5484; x_wconf 89' lang='lat' dir='ltr'><strong>quia</strong></span> <span class='ocrx_word' id='word_1_863' title='bbox 1573 5428 1760 5481; x_wconf 88' lang='lat' dir='ltr'><strong>prope</strong></span> <span class='ocrx_word' id='word_1_864' title='bbox 1787 5419 1867 5468; x_wconf 90' lang='lat' dir='ltr'><strong>est</strong></span> <span class='ocrx_word' id='word_1_865' title='bbox 1894 5417 1951 5468; x_wconf 85' lang='lat' dir='ltr'><strong>in</strong></span> <span class='ocrx_word' id='word_1_866' title='bbox 1974 5414 2184 5481; x_wconf 88' lang='lat' dir='ltr'><strong>januis</strong></span> 
     </span>
    </p>
   </div>
   <div class='ocr_carea' id='block_1_122' title="bbox 536 5499 2183 5574">
    <p class='ocr_par' dir='ltr' id='par_1_122' title="bbox 536 5499 2183 5574">
     <span class='ocr_line' id='line_1_122' title="bbox 536 5499 2183 5574; baseline 0.002 -21"><span class='ocrx_word' id='word_1_867' title='bbox 536 5499 654 5567; x_wconf 88' lang='lat' dir='ltr'><strong>(Id.</strong></span> <span class='ocrx_word' id='word_1_868' title='bbox 679 5518 834 5566; x_wconf 86' lang='lat' dir='ltr'><strong>xx1v,</strong></span> <span class='ocrx_word' id='word_1_869' title='bbox 869 5504 958 5574; x_wconf 88' lang='lat'><strong>33)</strong></span> <span class='ocrx_word' id='word_1_870' title='bbox 995 5520 1008 5558; x_wconf 91' lang='lat'><strong>:</strong></span> <span class='ocrx_word' id='word_1_871' title='bbox 1041 5503 1117 5558; x_wconf 91' lang='lat' dir='ltr'><strong>ad</strong></span> <span class='ocrx_word' id='word_1_872' title='bbox 1150 5519 1303 5574; x_wconf 91' lang='lat' dir='ltr'><strong>quos</strong></span> <span class='ocrx_word' id='word_1_873' title='bbox 1334 5503 1491 5558; x_wconf 87' lang='lat' dir='ltr'><strong>enim</strong></span> <span class='ocrx_word' id='word_1_874' title='bbox 1525 5502 1637 5557; x_wconf 90' lang='lat' dir='ltr'><strong>hoc</strong></span> <span class='ocrx_word' id='word_1_875' title='bbox 1660 5504 1928 5574; x_wconf 89' lang='lat' dir='ltr'><strong>pertinet,</strong></span> <span class='ocrx_word' id='word_1_876' title='bbox 1961 5501 2074 5556; x_wconf 90' lang='lat' dir='ltr'><strong>nisi</strong></span> <span class='ocrx_word' id='word_1_877' title='bbox 2107 5502 2183 5556; x_wconf 92' lang='lat' dir='ltr'><strong>ad</strong></span> 
     </span>
    </p>
   </div>
   <div class='ocr_carea' id='block_1_123' title="bbox 535 5590 2185 5661">
    <p class='ocr_par' dir='ltr' id='par_1_123' title="bbox 535 5590 2185 5661">
     <span class='ocr_line' id='line_1_123' title="bbox 535 5590 2185 5661; baseline 0.001 -18"><span class='ocrx_word' id='word_1_878' title='bbox 535 5602 636 5643; x_wconf 84' lang='lat' dir='ltr'><strong>eos</strong></span> <span class='ocrx_word' id='word_1_879' title='bbox 669 5590 769 5659; x_wconf 88' lang='lat' dir='ltr'><strong>qui</strong></span> <span class='ocrx_word' id='word_1_880' title='bbox 827 5591 886 5644; x_wconf 88' lang='lat' dir='ltr'><strong>in</strong></span> <span class='ocrx_word' id='word_1_881' title='bbox 918 5607 1097 5647; x_wconf 89' lang='lat' dir='ltr'><strong>carne</strong></span> <span class='ocrx_word' id='word_1_882' title='bbox 1128 5597 1267 5647; x_wconf 90' lang='lat' dir='ltr'><strong>tunc</strong></span> <span class='ocrx_word' id='word_1_883' title='bbox 1299 5596 1491 5660; x_wconf 91' lang='lat' dir='ltr'><strong>erunt,</strong></span> <span class='ocrx_word' id='word_1_884' title='bbox 1515 5606 1650 5647; x_wconf 91' lang='lat' dir='ltr'><strong>cum</strong></span> <span class='ocrx_word' id='word_1_885' title='bbox 1692 5591 1897 5646; x_wconf 90' lang='lat' dir='ltr'><strong>omnia</strong></span> <span class='ocrx_word' id='word_1_886' title='bbox 1927 5590 2185 5661; x_wconf 82' lang='lat' dir='ltr'><strong>comple-</strong></span> 
     </span>
    </p>
   </div>
   <div class='ocr_carea' id='block_1_124' title="bbox 535 5676 2184 5754">
    <p class='ocr_par' dir='ltr' id='par_1_124' title="bbox 535 5676 2184 5754">
     <span class='ocr_line' id='line_1_124' title="bbox 535 5676 2184 5754; baseline 0 -18"><span class='ocrx_word' id='word_1_887' title='bbox 535 5676 761 5736; x_wconf 88' lang='lat' dir='ltr'><strong>buntur</strong></span> <span class='ocrx_word' id='word_1_888' title='bbox 785 5676 812 5731; x_wconf 79' lang='lat' dir='ltr'><strong>‘t</strong></span> <span class='ocrx_word' id='word_1_889' title='bbox 831 5684 1058 5750; x_wconf 88' lang='lat' dir='ltr'><strong>quanto</strong></span> <span class='ocrx_word' id='word_1_890' title='bbox 1082 5681 1274 5751; x_wconf 86' lang='lat' dir='ltr'><strong>magis</strong></span> <span class='ocrx_word' id='word_1_891' title='bbox 1305 5681 1452 5735; x_wconf 89' lang='lat' dir='ltr'><strong>illud</strong></span> <span class='ocrx_word' id='word_1_892' title='bbox 1482 5681 1646 5753; x_wconf 91' lang='lat' dir='ltr'><strong>quod</strong></span> <span class='ocrx_word' id='word_1_893' title='bbox 1665 5695 1735 5737; x_wconf 85' lang='lat' dir='ltr'><strong>ex</strong></span> <span class='ocrx_word' id='word_1_894' title='bbox 1766 5693 1990 5752; x_wconf 83' lang='lat' dir='ltr'><strong>magna</strong></span> <span class='ocrx_word' id='word_1_895' title='bbox 2017 5683 2184 5754; x_wconf 88' lang='lat' dir='ltr'><strong>parte</strong></span> 
     </span>
    </p>
   </div>
  </div>
