4118 6164
220 338 631 410 ignorantiam
658 337 970 394 conﬁtetur
994 355 1011 409 ;
1043 352 1398 411 quanquam
1428 353 1637 396 omnes
1667 351 1874 394 conso-

224 433 371 484 nent
417 427 756 498 Evangelio,
800 427 945 499 quia
987 442 1198 482 omnes
1236 427 1491 498 diligunt
1523 427 1876 483 manifesta-

219 517 446 572 tionem
487 516 740 581 Domini,
777 521 832 572 et
862 532 995 572 eam
1018 515 1433 572 desideranter
1480 523 1534 571 et
1564 516 1877 586 vigilanter

218 611 596 677 exspectant,
638 605 953 661 videamus
993 609 1194 661 tamen
1242 605 1377 677 quis
1429 605 1689 678 amplius
1739 619 1878 660 con-

222 699 413 751 sonet

291 805 379 858 53.
416 803 576 857 Unus
600 799 762 866 dicit,
798 799 1118 869 Vigilemus
1157 805 1214 857 et
1238 817 1500 866 oremus,
1533 801 1677 872 quia
1705 799 1878 856 citius

221 895 510 946 venturus
542 893 630 944 est
671 889 958 944 Dominus
1001 905 1012 942 :
1069 890 1215 945 alter
1253 889 1413 954 dicit,
1463 889 1783 958 Vigilemus
1824 895 1880 945 et

217 993 485 1045 oremus,
507 976 652 1050 quia
681 977 878 1034 brevis
912 984 968 1034 et
993 978 1216 1034 incerta
1241 984 1328 1034 est
1359 978 1471 1034 ista
1502 981 1646 1048 vita,
1668 993 1876 1050 quam-

223 1068 317 1124 vis
348 1067 578 1123 tardius
622 1072 904 1122 venturus
954 1068 1024 1122 sit
1076 1067 1363 1122 Dominus
1413 1084 1429 1122 :
1483 1069 1685 1124 tertius
1715 1067 1878 1138 dicit,

219 1156 550 1227 Vigilemus
577 1162 631 1211 et
658 1171 920 1224 oremus,
953 1157 1096 1228 quia
1127 1161 1182 1212 et
1213 1156 1414 1212 brevis
1447 1166 1504 1212 et
1533 1157 1758 1212 incerta
1790 1161 1881 1212 est

218 1246 336 1302 ista
389 1246 527 1311 vita,
580 1249 637 1300 et
676 1245 977 1300 nescimus
1010 1250 1246 1315 tempus
1294 1247 1546 1317 quando
1602 1252 1880 1301 venturus

215 1340 307 1390 est
349 1333 662 1390 Dominus.
698 1333 1082 1402 Evangelium
1115 1333 1258 1388 dicit
1296 1353 1308 1393 :
1359 1334 1574 1400 Videte,
1612 1334 1876 1404 vigilate,

219 1430 270 1481 et
301 1434 468 1479 orate
497 1440 520 1489 ,'
554 1422 782 1479 nescitis
812 1424 962 1478 enim
1001 1423 1237 1494 quando
1267 1430 1496 1491 tempus
1528 1424 1600 1478 sit
1651 1424 1871 1491 (Marc.

221 1529 340 1578 xm,
391 1513 506 1583 33).
548 1512 810 1568 Obsecro
848 1515 921 1576 te,
973 1511 1113 1582 quid
1168 1511 1329 1566 aliud
1359 1511 1551 1567 dicere
1592 1512 1871 1567 audimus

224 1603 386 1659 hunc
426 1602 683 1668 tertium,
717 1616 902 1673 quam
950 1599 1117 1672 quod
1147 1601 1340 1655 dicere
1367 1602 1647 1656 audimus
1684 1603 1876 1655 Evan-

221 1691 444 1762 gelium
471 1689 738 1746 ?Omnes
773 1688 1044 1762 quidem,
1077 1705 1198 1761 prae
1225 1689 1521 1745 desiderio
1549 1691 1715 1759 regni
1756 1689 1882 1759 Dei,

217 1779 338 1837 hoc
372 1781 581 1836 volunt
600 1795 729 1835 esse
760 1795 964 1834 verum
985 1781 1150 1850 quod
1173 1779 1314 1834 dicit
1343 1779 1574 1850 primus
1601 1797 1614 1845 ;
1642 1779 1745 1834 sed
1767 1778 1882 1833 hoc

223 1869 532 1925 secundus
573 1874 791 1938 negat;
830 1868 1028 1923 tertius
1077 1883 1217 1923 vero
1267 1883 1386 1923 non
1431 1875 1609 1938 negat
1655 1866 1880 1938 aliquid

220 1958 466 2023 horum,
503 1957 608 2013 sed
650 1957 925 2028 ignorare
957 1972 1018 2010 se
1047 1955 1261 2012 fatetur
1305 1956 1441 2028 quis
1483 1973 1687 2011 verum
1723 1956 1882 2012 dicat

221 2047 490 2105 illorum.
517 2046 765 2103 Proinde
794 2047 842 2101 si
875 2045 983 2101 hoc
1007 2045 1231 2102 factum
1267 2045 1616 2117 fueritquod
1670 2044 1884 2116 praedi-

220 2141 395 2192 xerat
417 2136 664 2208 primus,
689 2134 1039 2204 gaudebunt
1067 2150 1205 2189 cum
1233 2134 1333 2190 illo
1357 2134 1656 2189 secundus
1686 2139 1741 2190 et
1773 2140 1883 2188 ter-

222 2226 346 2282 tius
381 2241 396 2292 ;
439 2240 650 2280 omnes
696 2223 856 2279 enim
901 2222 1444 2279 manifestationem
1489 2223 1724 2279 Domini
1755 2222 1883 2277 dili-

222 2313 1010 2386 gunt.Exsultabuntitaque
1023 2312 1195 2367 citius
1208 2311 1442 2368 venisse
1457 2311 1617 2385 quod
1630 2311 1884 2380 diligunt

222 2404 286 2459 Si
327 2409 526 2458 autem
571 2401 789 2458 factum
839 2417 963 2456 non
997 2401 1188 2466 fuerit,
1219 2406 1274 2456 et
1305 2417 1597 2473 apparere
1639 2401 1883 2472 cmperit

222 2492 343 2548 hoc
389 2492 586 2563 potius
632 2506 761 2545 esse
810 2506 1018 2546 verum
1066 2489 1228 2561 quod
1278 2490 1518 2546 dicebat
1557 2490 1879 2555 secundus,

226 2580 622 2637 metuendum
649 2584 735 2635 est
763 2595 837 2634 ne
865 2580 1015 2634 inter
1040 2579 1203 2650 ipsas
1238 2595 1438 2634 moras
1464 2577 1883 2650 perturbentur

223 2670 334 2741 qui
365 2668 736 2724 crediderant
766 2667 931 2739 quod
967 2667 1198 2723 dixerat
1230 2669 1480 2739 primus,
1511 2671 1569 2722 et
1601 2666 1884 2738 incipiant

225 2758 467 2814 Domini
486 2757 813 2812 adventum
833 2771 952 2811 non
979 2755 1211 2811 tardum
1234 2761 1463 2828 putare,
1489 2755 1591 2810 sed
1607 2755 1838 2810 nullum
1866 2770 1878 2809 :

223 2847 333 2919 qui
372 2846 534 2901 vides
564 2851 828 2917 quantus
874 2846 946 2900 sit
992 2845 1262 2900 interitus
1315 2846 1676 2900 animarum.
1713 2843 1882 2909 Quod

230 2936 281 2990 si
322 2939 496 2990 tanta;
550 2934 687 2990 ﬁdei
722 2934 950 3001 fuerint,
997 2939 1054 2990 ut
1101 2951 1163 2989 se
1196 2935 1270 2990 ad
1315 2933 1560 2988 secundi
1601 2933 1884 3005 praedicta

227 3030 603 3092 convertant,
636 3030 689 3078 et
717 3025 1038 3079 Dominum
1069 3024 1247 3079 etiam
1280 3022 1612 3079 tardantem
1640 3021 1886 3077 fideliter

228 3119 290 3171 et
321 3113 611 3186 patienter
636 3118 978 3184 exspectent
1017 3129 1030 3177 ;
1083 3111 1486 3167 abundabunt
1527 3117 1727 3166 tamen
1781 3127 1883 3181 op-

228 3203 481 3276 probria
511 3209 564 3258 et
593 3202 1008 3258 insultationes
1048 3207 1227 3273 atque
1276 3202 1577 3257 irrisiones
1620 3201 1886 3256 inimico-

227 3309 366 3349 rum
395 3292 619 3348 multos
638 3292 908 3347 inﬁrmos
927 3307 962 3347 a
979 3292 1301 3346 christiana
1323 3291 1436 3346 ﬁde
1465 3291 1880 3359 avertentium,

229 3380 491 3437 dicendo
524 3385 646 3436 tam
671 3379 936 3436 falaciter
965 3379 1049 3434 eis
1069 3395 1319 3448 regnum
1346 3395 1472 3434 esse
1495 3379 1886 3451 promissum,

228 3485 418 3543 quam
443 3469 728 3524 fallaciter
757 3467 1069 3523 dicebatur
1099 3467 1212 3523 cito
1243 3483 1372 3523 esse
1405 3473 1742 3522 venturum.
1776 3464 1887 3532 Qui

228 3565 433 3614 autem
464 3559 712 3614 credunt
748 3557 912 3629 quod
954 3557 1252 3612 secundus
1306 3555 1470 3621 dicit,
1513 3556 1739 3612 tardius
1782 3559 1884 3611 Do-

229 3646 466 3703 minum
499 3662 625 3701 esse
650 3652 988 3711 venturum,
1021 3645 1066 3700 si
1089 3644 1312 3700 falsum
1339 3644 1512 3701 fuerit
1553 3644 1883 3710 inventum,

230 3737 405 3793 citius
447 3736 698 3790 Domino
731 3736 999 3790 veniente
1031 3756 1053 3804 ,-
1084 3733 1248 3789 nullo
1279 3735 1460 3789 modo
1492 3734 1594 3806 qui
1618 3734 1670 3788 ei
1698 3733 1886 3789 credi-

229 3825 444 3881 derant
477 3824 878 3880 turbabuntur
919 3823 977 3877 in
1004 3823 1142 3887 ﬁde,
1178 3823 1283 3877 sed
1323 3824 1636 3894 in0pinato
1668 3823 1886 3892 gaudio

230 3913 634 3987 perfruentur.

303 4022 396 4076 54.
412 4020 787 4092 Quapropter
810 4018 914 4092 qui
936 4018 1076 4074 dicit
1091 4018 1407 4074 Dominum
1426 4017 1594 4073 citius
1607 4033 1735 4074 esse
1746 4033 1890 4074 ven-

233 4109 788 4180 turum,optabilius
819 4108 1100 4179 loquitur,
1130 4107 1233 4162 sed
1250 4106 1886 4178 periculosiusfallitur.

233 4201 472 4257 Utinam
499 4213 640 4268 ergo
675 4199 971 4254 sitverum
998 4214 1010 4263 ;
1038 4196 1181 4269 quia
1213 4197 1318 4251 erit
1343 4195 1746 4264 molestum,si
1771 4211 1890 4252 non

231 4289 344 4346 erit
369 4304 576 4344 verum
601 4288 613 4340 l
649 4287 757 4352 Qui
787 4291 988 4342 autem
1010 4286 1151 4341 dicit
1168 4284 1487 4340 Dominum
1513 4285 1739 4340 tardius
1763 4300 1890 4340 esse

232 4382 577 4440 venturum,
593 4381 649 4430 et
670 4381 869 4431 tamen
884 4375 1088 4438 credit,
1113 4380 1329 4445 sperat,
1351 4375 1578 4445 amatej
1591 4391 1658 4427 us
1672 4373 1895 4428 adven-

232 4472 363 4522 tum
381 4483 395 4530 ;
411 4464 670 4537 profecto
684 4463 757 4519 de
773 4464 1048 4520 tarditate
1062 4464 1190 4534 ejus
1208 4463 1444 4518 etiamsi
1459 4462 1890 4527 fallitur,felici-

233 4562 323 4612 ter
361 4554 581 4609 fallitur
610 4571 622 4602 :
654 4553 895 4608 habebit
929 4554 1084 4608 enim
1114 4553 1405 4623 majorem
1436 4552 1806 4622 patientiam,
1842 4550 1890 4604 si

231 4644 348 4700 hoc
377 4643 458 4698 ita
477 4642 582 4698 erit
615 4659 629 4708 ;
667 4644 960 4712 majorem
988 4640 1273 4705 laetitiam,
1308 4640 1356 4695 si
1381 4655 1500 4695 non
1529 4642 1657 4694 erit.
1681 4643 1760 4693 Ac
1789 4654 1893 4709 per

230 4735 350 4789 hoc
384 4733 458 4787 ab
491 4734 575 4787 eis
609 4719 998 4801 qui'diligunt
1029 4730 1577 4785 manifestationem
1636 4728 1888 4790 Domini,

233 4821 335 4878 ille
366 4821 605 4876 auditur
628 4821 897 4888 suavius,
929 4819 1027 4874 isti
1055 4818 1311 4873 creditur
1330 4818 1510 4872 tutius
1538 4816 1890 4889 :quiautem

235 4909 388 4982 quid
409 4909 627 4965 horum
660 4909 731 4964 sit
759 4924 962 4964 verum
993 4908 1268 4975 ignorare
1296 4922 1359 4960 se
1383 4905 1718 4969 conﬁtetur,
1747 4903 1892 4959 illud

233 5004 428 5068 optat,
457 4999 570 5053 hoc
593 4997 822 5066 tolerat,
857 4997 915 5050 in
949 4994 1112 5050 nullo
1140 5010 1346 5049 eorum
1380 5000 1554 5060 errat,
1584 4994 1728 5067 quia
1747 4992 1891 5048 nihil

235 5103 447 5144 eorum
476 5093 578 5142 aut
607 5085 867 5142 afﬁrmat
895 5088 1211 5153 autnegat.
1239 5085 1496 5140 Obsecro
1530 5089 1582 5140 te
1603 5089 1665 5139 ut
1687 5099 1783 5138 me
1805 5087 1890 5138 ta-

232 5176 356 5232 lem
387 5191 507 5231 non
531 5191 781 5246 spernas
810 5174 986 5245 ;quia
1009 5182 1064 5228 et
1087 5187 1198 5241 ego
1227 5179 1279 5228 te
1301 5173 1486 5242 diligo
1515 5173 1573 5227 id
1589 5173 1894 5228 afﬁrman-

237 5271 360 5322 tem
379 5264 542 5336 quod
571 5281 776 5320 verum
807 5278 935 5318 esse
957 5261 1255 5328 desidero,
1281 5269 1335 5318 et
1361 5268 1525 5318 tanto
1545 5263 1734 5334 magis
1753 5261 1891 5317 nolo

232 5354 715 5424 fallaris,quanto
730 5352 921 5421 magis
939 5367 1080 5407 amo
1095 5351 1259 5423 quod
1273 5351 1892 5423 polliceris,etquanto

236 5443 434 5513 magis
471 5442 644 5498 video
691 5441 1089 5513 periculosum
1124 5440 1169 5494 si
1227 5439 1468 5494 falleris.
1520 5440 1602 5495 Da
1632 5441 1890 5504 veniam,

239 5533 290 5587 si
313 5531 702 5588 onerosusfui
737 5529 960 5585 sanctis
990 5528 1264 5584 sensibus
1299 5528 1411 5582 tuis
1442 5536 1702 5599 :quanto
1733 5529 1890 5583 enim

238 5621 433 5678 rarius
465 5620 753 5693 provenit,
781 5623 947 5675 tanto
979 5623 1280 5673 metecum
1309 5617 1518 5673 saltem
1547 5616 1891 5690 perlitteras

238 5709 409 5783 loqui
438 5709 661 5766 diutius
701 5706 1036 5765 delectavit.

1449 205 1953 270 EPISTOLARUM
1992 206 2281 266 CLASSIS
2319 207 2420 267 III.

3525 207 3636 266 926

2500 335 2835 392 EPISTOLA
2873 336 2980 392 ορ·
3011 337 3116 408 (a).

1988 424 2340 497 Augustinus
2389 425 2603 481 Valerio
2628 428 2827 486 comiti,
2869 427 3244 481 transmittens
3270 431 3630 497 nuncupatum

2064 497 2172 566 ipsi
2203 495 2401 550 librum
2418 498 2658 568 primum
2687 497 2749 552 de
2773 497 2998 569 Nuptiis
3024 505 3070 553 et
3100 495 3558 568 Concupiscen'tia.

1991 585 2266 668 Dohr‘nino.
2286 585 2569 668 illustriet
2604 588 2816 668 me_rito_
2830 588 3336 668 praestantissimo,
3364 593 3545 668 atque
3573 586 3630 640 in

2059 657 2268 712 Christi
2313 656 2625 712 dilectione
2656 656 3009 714 charissimo
3059 659 3174 714 filio
3207 656 3485 719 VALBth,
3519 659 3633 712 Au-

2058 743 2336 794 cusrmus,
2372 727 2431 782 in
2467 729 2718 784 Domino
2743 729 3016 784 salutem.

2064 823 2110 872 t.
2153 820 2299 874 Cum
2351 817 2456 872 diu
2508 818 2755 874 moleste
2783 818 3069 874 haberem
3101 819 3265 886 quod
3315 819 3632 890 aliquoties

1987 907 2351 978 scripserim,
2376 913 2431 962 et
2461 906 2623 962 nulla
2646 913 2758 962 tuae
2793 907 3181 962 Sublimitatis
3207 909 3491 978 rescripta
3509 923 3633 962 me-

1986 996 2228 1063 ruerim,
2290 1000 2531 1068 repente
2591 997 2867 1068 epistolas
2917 1002 3032 1052 tres
3085 1002 3200 1052 tuae
3251 996 3635 1064 Benignitatis

1988 1085 2191 1157 accepi
2218 1102 2229 1140 :
2266 1101 2448 1141 unam
2480 1101 2602 1141 non
2631 1085 2708 1140 ad
2735 1102 2830 1142 me
2853 1086 3048 1141 solum
3061 1086 3264 1141 datam
3281 1101 3386 1156 per
3407 1084 3636 1156 coepis-

1986 1190 2206 1242 copum
2242 1190 2440 1229 meum
2468 1174 2914 1238 Vindemialem,
2944 1180 2998 1229 et
3029 1190 3146 1230 non
3181 1174 3355 1242 longe
3375 1179 3505 1244 post
3531 1187 3638 1245 per

1987 1262 2543 1334 compresbyterum
2579 1263 2842 1318 Firmum
2884 1265 3034 1318 duas
3069 1282 3082 1332 ;
3117 1264 3219 1334 qui
3251 1264 3338 1317 vir
3369 1268 3632 1327 sanctus,

1989 1351 2308 1421 nobisque,
2345 1356 2405 1405 ut
2435 1352 2511 1406 ab
2545 1351 2642 1407 illo
2684 1353 2829 1407 scire
2859 1353 3120 1423 potuisti,
3163 1351 3636 1407 familiarissima

1990 1440 2274 1495 charitate
2296 1441 2670 1511 conjunctus,
2693 1441 2878 1495 multa
2900 1441 3214 1496 nobiscum
3239 1441 3312 1495 de
3333 1441 3638 1496 tuaexcel-

1988 1529 2167 1584 lentia
2193 1529 2607 1600 colloquendo,
2629 1531 2985 1584 etveraciter
3007 1530 3366 1584 insinuando
3394 1530 3635 1601 qualem

1989 1622 2044 1673 et
2067 1618 2124 1671 in
2158 1617 2367 1673 Christi
2399 1618 2723 1673 visceribUS
2738 1619 2984 1683 noverit,
3015 1634 3135 1672 non
3151 1618 3342 1672 solum
3359 1635 3460 1672 eas
3481 1635 3635 1690 quas

1990 1711 2360 1762 memoratus
2392 1707 2730 1778 episcopus,
2767 1707 2858 1761 vel
2907 1723 3060 1777 quas
3116 1707 3239 1776 ipse
3289 1707 3498 1769 attulit,
3534 1707 3638 1761 sed

1991 1795 2170 1850 etiam
2190 1795 2487 1868 illasquas
2503 1812 2620 1851 non
2637 1797 2939 1866 accepisse
2959 1795 3284 1867 querebam
3299 1812 3385 1860 ur,
3415 1795 3640 1851 litteras

1991 1884 2148 1940 vicit.
2187 1887 2250 1940 Et
2269 1885 2403 1940 ideo
2433 1885 2506 1940 de
2536 1893 2587 1939 te
2603 1885 2862 1940 narratio
2885 1885 3014 1955 ejus
3039 1885 3279 1939 suavior
3301 1885 3472 1939 nobis
3495 1888 3637 1949 erat,

1989 1974 2132 2046 quia
2147 1990 2216 2030 ea
2241 1973 2477 2029 dicebat
2503 1974 2779 2046 quaeipse
2806 1989 2925 2028 non
2944 1989 3262 2045 posses,ne
3284 1973 3528 2044 quidem
3546 1989 3639 2028 me

1989 2063 2346 2134 inquirente,
2373 2063 2716 2128 rescribere,
2776 2079 2847 2118 ne
2876 2069 3111 2118 tuarum
3170 2063 3442 2128 laudum,
3472 2063 3637 2134 quod

1991 2156 2203 2207 sancta
2244 2152 2544 2223 Scriptura
2595 2153 2871 2223 prohibet
2931 2153 3112 2222 (Prov.
3146 2168 3327 2217 xxvu,
3356 2153 3432 2222 2),
3467 2151 3638 2206 ﬁeres

1992 2241 2366 2313 praedicator.
2403 2246 2758 2313 Quanquam
2815 2247 2870 2297 et
2908 2257 3019 2312 ego
3070 2257 3276 2297 verear
3321 2241 3444 2296 haec
3478 2241 3552 2296 ad
3587 2245 3638 2295 te

1991 2331 2269 2395 scribere,
2327 2345 2402 2384 ne
2460 2331 2864 2401 suspicionem
2946 2331 3246 2386 adulantis
3313 2331 3636 2394 incurram,

1989 2418 2235 2474 domine
2293 2418 2535 2474 illustris
2568 2423 2624 2474 et
2657 2419 2866 2474 merito
2924 2419 3431 2490 praestantissime,
3461 2423 3640 2490 atque

1989 2508 2050 2562 in
2081 2507 2290 2562 Christi
2316 2507 2630 2563 dilectione
2670 2507 3020 2563 charissime
3061 2507 3162 2562 ﬁli.

2061 2600 2114 2650 2.
2144 2596 2375 2650 Laudes
2398 2597 2598 2667 itaque
2631 2600 2762 2650 tuas
2791 2596 3255 2661 inChristo,sive
3287 2596 3480 2664 magis
3510 2595 3638 2651 inte

1991 2684 2200 2740 laudes
2233 2684 2463 2750 Christi,
2499 2685 2629 2739 vide
2660 2685 2804 2757 quid
2833 2685 2974 2740 mihi
3002 2685 3409 2740 delectationis
3431 2690 3486 2740 et
3509 2684 3642 2740 laeti-

1991 2774 2078 2828 tia?
2109 2773 2214 2828 fuit
2263 2773 2468 2827 audire
2502 2774 2578 2828 ab
2626 2774 2723 2828 illo
2773 2774 2874 2844 qui
2924 2790 3032 2828 nec
3064 2774 3262 2828 fallere
3313 2790 3407 2829 me
3438 2777 3645 2845 posset

1993 2868 2232 2934 propter
2262 2862 2444 2916 ﬁdem
2486 2878 2681 2930 suam,
2721 2868 2777 2916 et
2829 2877 2929 2917 eas
2969 2863 3243 2934 ignorare
3289 2879 3406 2917 non
3437 2865 3642 2933 posset

1994 2956 2238 3021 propter
2263 2950 2586 3005 amicitiam
2605 2956 2791 3004 tuam.
2811 2951 2919 3006 Sed
2939 2952 3124 3004 aliaet
3141 2952 3216 3006 ab
3232 2951 3380 3014 aliis,
3399 2952 3502 3004 etsi
3519 2967 3638 3006 non

1993 3044 2114 3095 tam
2156 3039 2339 3094 multa
2354 3039 2440 3093 vel
2470 3045 2647 3104 certa,
2683 3045 3089 3094 verumtamen
3115 3040 3642 3104 audivimus,fides

1995 3133 2293 3200 tua'quam
2307 3130 2378 3183 sit
2405 3143 2551 3183 sana
2564 3133 2619 3182 et
2636 3128 2947 3193 catholica,
2969 3145 3153 3199 quam
3169 3130 3267 3198 pia
3281 3130 3642 3198 exspectatio

1993 3218 2352 3282 futurorum,
2377 3233 2512 3289 quae
2538 3216 2636 3270 Dei
2660 3218 3029 3289 fratrumque
3045 3217 3300 3286 dilectio,
3322 3233 3503 3288 Quam
3522 3231 3641 3272 non

1995 3307 2251 3378 superbe
2282 3307 2484 3377 sapias
2508 3306 2565 3359 in
2582 3305 2827 3360 excelsis
2847 3305 3194 3372 honoribus,
3230 3321 3338 3361 nec
3360 3323 3561 3376 speres
3582 3307 3638 3359 in

1994 3399 2218 3451 incerto
2248 3396 2611 3460 divitiarum,
2647 3395 2749 3450 sed
2781 3395 2837 3449 in
2857 3397 2974 3450 Deo
2998 3395 3155 3459 vivo,
3185 3399 3242 3449 et
3281 3396 3448 3449 dives
3477 3396 3555 3449 sis
3580 3395 3639 3449 in

1995 3487 2278 3556 operibus
2305 3485 2508 3549 bonis;
2543 3501 2729 3554 quam
2757 3485 2828 3539 sit
2853 3485 3072 3540 domus
3100 3491 3201 3539 tua
3229 3485 3462 3556 requies
3486 3484 3640 3539 sola-

1993 3576 2263 3646 tiumque
2285 3579 2650 3638 sanctorum,
2700 3580 2756 3629 et
2791 3579 2976 3628 terror
3014 3574 3338 3645 impiorum
3367 3593 3381 3644 ;
3417 3578 3644 3646 quanta

1997 3665 2101 3720 tibi
2126 3679 2271 3720 cura
2315 3664 2387 3717 sit
2431 3677 2505 3716 ne
2535 3663 2670 3733 quis
2731 3662 3042 3717 insidietur
3074 3663 3361 3718 membris
3415 3664 3640 3731 Christi,

1996 3759 2312 3826 coopertus
2326 3753 2620 3808 velamine
2635 3753 2896 3808 nominis
2910 3751 3120 3807 Christi
3137 3754 3256 3807 sive
3272 3754 3329 3807 in
3346 3754 3642 3808 veteribus

1997 3845 2145 3913 ejus,
2177 3843 2301 3897 sive
2332 3842 2391 3896 in
2419 3841 2846 3896 recentioribus
2903 3840 3195 3905 inimicis;
3229 3857 3536 3912 quamque
3563 3843 3642 3896 sis

1998 3931 2343 3988 eorumdem
2400 3931 2778 3985 inimicorum
2833 3930 3119 4000 providus
3172 3930 3364 3994 saluti,
3399 3929 3645 3985 infestus

1998 4022 2198 4076 errori.
2231 4023 2358 4076 Haec
2388 4025 2566 4090 atque
2618 4019 2991 4090 hujusmodi,
3026 4023 3089 4073 ut
3118 4019 3259 4080 dixi,
3296 4023 3352 4074 et
3383 4019 3460 4074 ab
3509 4018 3643 4074 aliis

2000 4111 2263 4166 solemus
2295 4109 2501 4165 audire
2537 4126 2549 4176 ;
2579 4108 2683 4162 sed
2731 4124 2893 4163 nunc
2926 4125 2997 4164 ea
3028 4124 3132 4180 per
3177 4124 3362 4179 supra
3419 4107 3644 4164 dictum

2000 4199 2239 4254 fratrem
2269 4199 2441 4270 plura
2466 4198 2838 4254 ettestatiora
2859 4198 3278 4267 cognovimus.

2070 4294 2122 4346 3.
2140 4291 2315 4344 Porro
2328 4295 2525 4343 autem
2546 4287 2618 4342 de
2635 4287 2920 4358 pudicitia
2934 4288 3065 4356 conj
3078 4287 3254 4356 ugali,
3276 4292 3479 4341 uteam
3497 4303 3642 4358 quo-

1999 4395 2116 4450 que
2137 4379 2197 4434 in
2220 4384 2273 4433 te
2296 4378 2543 4433 laudare
2567 4383 2623 4431 et
2641 4392 2847 4431 amare
2872 4377 3192 4446 possimus,
3223 4375 3521 4445 numquid
3545 4391 3648 4428 au-

1999 4469 2284 4534 diremus,
2319 4467 2428 4520 nisi
2456 4467 2532 4519 ab
2561 4465 2755 4535 aliquo
2782 4465 3054 4519 interiore
3088 4463 3362 4518 familiari
3392 4469 3512 4524 tuo,
3541 4463 3644 4534 qui

2001 4557 2381 4619 vitamtuam,
2413 4554 2610 4608 nonin
2643 4552 2978 4623 superficie,
3011 4551 3112 4606 sed
3141 4553 3376 4622 penitus
3400 4551 3647 4606 nosset?

2004 4647 2080 4698 De
2113 4645 2226 4699 hoc
2256 4645 2453 4714 itaque
2480 4650 2578 4696 tuo
2599 4642 2784 4703 bono,
2821 4641 2917 4694 Dei
2949 4641 3132 4705 dono,
3165 4656 3257 4694 me
3288 4656 3531 4712 quoque
3550 4640 3649 4695 de-

2000 4733 2175 4788 lectat
2199 4731 2549 4788 familiarius
2576 4730 2956 4802 etaliquanto
2984 4729 3205 4784 diutius
3235 4729 3398 4802 loqui
3427 4736 3642 4785 tecum.

1999 4821 2129 4877 Scio
2161 4839 2255 4877 me
2287 4837 2405 4876 non
2435 4832 2562 4875 esse
2593 4820 2757 4875 oneri
2802 4819 2922 4884 tibi,
2976 4819 3021 4873 si
3073 4818 3299 4890 aliquid
3348 4818 3646 4889 prolixum

2002 4912 2190 4973 mitto,
2213 4911 2376 4982 quod
2402 4908 2678 4979 legendo,
2707 4909 2928 4962 diutius
2953 4908 3030 4962 sis
3052 4908 3389 4963 nobiscum.
3420 4911 3564 4962 Nam
3594 4912 3649 4962 et

2001 5003 2115 5057 hoc
2154 5001 2440 5072 comperi,
2473 4999 2639 5070 quod
2670 4998 2821 5053 inter
2851 5004 2984 5053 tuas
3021 4998 3238 5051 multas
3269 5011 3647 5066 magnasque

2001 5106 2195 5154 curas,
2223 5090 2394 5145 facile
2439 5105 2508 5144 ac
2539 5089 2788 5143 libenter
2816 5087 3000 5158 legas,
3034 5087 3369 5156 nostrisque
3389 5099 3646 5155 opuscu-

2001 5180 2090 5245 lis,
2124 5180 2298 5235 etiam
2339 5193 2470 5249 quae
2519 5177 2596 5231 ad
2627 5176 2773 5231 alios
2821 5175 3308 5245 conscripsimus,
3348 5173 3394 5226 si
3435 5187 3558 5242 qua
3587 5170 3647 5226 in

2003 5285 2219 5324 manus
2245 5274 2378 5323 tuas
2410 5267 2610 5321 venire
2649 5269 2987 5336 potuerunt,
3030 5262 3360 5317 admodum
3401 5260 3648 5316 delecte-

2001 5360 2080 5413 ris
2118 5374 2131 5425 ;
2164 5361 2390 5427 quanto
2417 5355 2611 5424 magis
2637 5352 2801 5426 quod
2857 5351 2933 5407 ad
2965 5355 3018 5406 te
3049 5349 3342 5413 scribitur,
3392 5349 3494 5404 ubi
3527 5355 3652 5404 tan-

2064 5464 2084 5483 ⁸
2117 5462 2227 5533 ῌμς
2259 5461 2425 5511 ascita
2455 5474 2516 5508 ex
2554 5462 2697 5507 tomo
2723 5458 2771 5514 7,
2803 5457 2854 5504 in
2882 5469 2988 5519 quo
3039 5454 3332 5518 praefigitur
3359 5453 3496 5503 libro
3528 5455 3549 5501 1
3585 5454 3650 5504 de

2000 5526 2229 5588 Nuptiis.
2769 5579 2798 5628 Γ
3074 5579 3115 5628 Ν
3223 5579 3250 5588 __

2000 5587 2246 5698 εοέἲὲι-ῗέἰ
2268 5588 2422 5697 ίιῗὲῗιῗι
2449 5581 2859 5698 ⁷ίς¹ἐῗδθξέιῗῖρὶὲ
2895 5581 3105 5694 ὲίὲἓιιη
3122 5579 3653 5698 υὲἑέῗιὶιὲυὲηΡῗῖἓῗ

2001 5659 2090 5698 Ζυυ
2118 5659 2246 5704 erat,
2280 5661 2422 5697 nunc
2475 5659 2581 5694 190.
2640 5659 2845 5710 scripta
2895 5659 3105 5694 νιαθιιιι*
3159 5659 3385 5693 exeunte
3419 5659 3506 5693 an.
3539 5659 3648 5700 uo,

2001 5715 2113 5764 aut.
2138 5712 2358 5764 ineunte
2391 5710 2503 5760 419.
