4122 6170
524 176 636 235 927

525 314 715 373 quam
746 295 1026 371 praesenti
1083 294 1317 364 loquar,
1356 292 1411 346 et
1467 287 1775 346 advertere
1834 283 2182 358 dignaberis

529 389 830 452 attentius,
860 390 914 441 et
932 384 1200 453 accipere
1224 377 1488 450 gratius?
1511 378 1600 434 Ab
1623 378 1736 433 hac
1760 391 1903 447 ergo
1929 373 2183 448 epistola

530 494 709 553 perge
732 475 807 531 ad
837 474 1057 529 librum
1089 486 1273 542 quem
1304 468 1483 524 simul
1515 467 1670 532 misi,
1728 467 1831 540 qui
1866 472 1977 521 tum
2009 469 2182 521 Reve-

530 567 730 622 rentia;
762 569 818 618 et
844 577 950 617 cur
971 560 1346 631 conscriptus
1375 558 1469 623 sit,
1511 563 1566 613 et
1597 572 1704 612 cur
1740 556 1813 611 ad
1868 560 1921 611 te
1948 554 2182 626 potissi-

529 669 695 709 mum
729 651 970 717 missus,
998 649 1125 722 ipse
1155 664 1262 705 suo
1306 647 1599 721 principio
1628 643 2009 703 commodius
2052 642 2180 699 inti-

527 741 737 800 mabit.

1027 826 1367 885 EPISTOLA
1395 827 1500 882 CCI
1538 824 1683 897 '(a).

528 920 891 989 Imperatores
952 935 1087 973 nova
1135 918 1195 971 in
1233 916 1915 989 Pelagianoseorumque
1942 912 2183 989 fautores

601 984 873 1046 sanctione
901 990 1067 1053 edita,
1096 988 1356 1043 mandant
1373 984 1426 1041 VA
1439 986 1634 1048 urelio,
1670 984 2185 1055 necnonAugustino

600 1080 699 1134 per
726 1062 962 1134 ejusdem
994 1062 1197 1134 tenoris
1232 1059 1442 1134 litteras
1470 1073 1704 1134 seorsum
1734 1057 1840 1134 ipsi
1866 1057 2182 1134 inscriptas,

606 1127 667 1189 ut
695 1127 950 1188 adversus
975 1132 1284 1187 damnatam
1312 1130 1560 1185 hxresim
1602 1129 2048 1198 subscriptionem
2072 1127 2184 1183 exi-

601 1213 732 1277 gant
756 1223 790 1260 a
817 1212 1024 1261 ueteris
1051 1202 1327 1274 episcopis.

530 1295 927 1365 Imperatores
1013 1293 1299 1365 Houomus
1364 1295 1420 1345 et
1494 1292 1848 1365 Tusooosms
1915 1288 2182 1358 Augusti,

916 1365 1161 1419 Auneuo
1194 1361 1496 1433 episcopo,
1526 1361 1800 1416 salutem.

608 1460 655 1509 l.
688 1454 903 1510 Dudum
930 1453 1140 1525 quidem
1163 1452 1349 1523 fuerat
1364 1451 1713 1506 constitutum
1744 1457 1802 1505 ut
1824 1449 2075 1521 Pelagius
2104 1455 2185 1504 at-

530 1562 627 1618 que
655 1543 911 1601 Celestius
938 1541 1441 1613 infandidogmatis
1478 1546 1776 1610 repertores
1822 1540 1886 1594 ab
1917 1539 2046 1595 urbe
2085 1540 2187 1597 Ro-

531 1651 640 1702 ma,
664 1633 805 1689 velut
820 1632 1064 1705 quadam
1104 1630 1386 1686 catholica:
1422 1630 1676 1684 veritatis
1713 1631 1983 1700 contagia,
2026 1631 2184 1701 pelle-

532 1728 751 1791 rentur,
817 1738 881 1777 ne
942 1719 1319 1792 ignorantium
1391 1725 1585 1772 mentes
1640 1733 1785 1773 saeva
1838 1721 2187 1788 persuasione

532 1817 927 1882 perverterent.
979 1809 1047 1865 In
1076 1825 1176 1881 quo
1204 1814 1383 1863 secuta
1413 1813 1490 1862 est
1520 1806 1800 1862 clementia
1829 1815 2019 1863 nostra
2027 1808 2185 1879 judi-

533 1902 678 1957 cium
709 1899 1040 1956 Sanctitatis
1064 1904 1189 1963 tux,
1224 1902 1637 1968 quoconstateos
1668 1896 1732 1949 ab
1745 1897 2015 1952 universis
2034 1900 2189 1969 justo

533 1992 815 2045 sententiae
863 1988 1262 2043 examinatione
1300 1986 1598 2041 damnatos.
1631 1985 1734 2041 Sed
1762 1987 1891 2057 quia
1928 1987 2191 2043 obstinati

534 2078 786 2136 criminis
815 2078 1074 2149 pertinax
1104 2077 1325 2140 malum,
1358 2082 1417 2131 ut
1456 2076 1767 2131 constitutio
1789 2076 2187 2147 geminaretur,

535 2170 709 2239 exegit
740 2190 759 2237 ,~
786 2170 992 2223 recenti
1018 2182 1217 2239 quoque
1254 2165 1526 2221 sanctione
1557 2164 1885 2219 decrevimus
1924 2174 1981 2221 ut
2001 2167 2052 2220 si
2069 2167 2190 2238 quis

534 2274 618 2313 eos
634 2258 691 2312 in
719 2274 1044 2329 quacumque
1069 2255 1481 2327 provinciarum
1506 2260 1667 2325 parte
1702 2254 1927 2309 latitare
1948 2272 2053 2310 non
2076 2273 2191 2311 nes-

536 2348 697 2415 ciens,
728 2353 825 2401 aut
840 2345 1139 2418 propellere
1156 2352 1251 2400 aut
1259 2344 1489 2415 prodere
1510 2343 1828 2409 distulisset,
1851 2346 2191 2417 prxseriptx

537 2453 729 2509 paenae,
762 2435 905 2490 velut
936 2436 1219 2506 particeps,
1244 2434 1558 2503 subjaceret.

611 2529 663 2580 2.
700 2524 981 2596 Praecipue
1008 2532 1185 2578 tamen
1213 2522 1283 2576 ad
1301 2522 1655 2594 quorumdam
1678 2522 2042 2594 episcoporum
2067 2542 2192 2597 per-

543 2614 805 2668 tinaciam
826 2612 1219 2682 corrigendam,
1254 2612 1348 2682 qui
1367 2628 1567 2682 pravas
1594 2627 1771 2666 eorum
1803 2611 2193 2684 disputationes

540 2702 623 2756 vel
654 2702 817 2755 tacito
841 2717 1097 2756 consensu
1126 2706 1401 2765 astruunt,
1438 2699 1517 2754 vel
1560 2699 1777 2771 publica
1801 2703 2193 2773 oppugnatione

541 2807 648 2846 non
667 2790 973 2859 destruunt,
988 2797 1145 2861 pater
1165 2790 1476 2844 charissima
1492 2796 1647 2861 atque
1663 2792 2046 2859 amantissime,
2061 2792 2192 2847 San-

543 2879 755 2935 ctitatis
780 2887 893 2935 tux
913 2878 1287 2934 auctoritatem
1312 2879 1591 2933 imminere
1614 2880 1881 2935 conveniet
1902 2888 2195 2952 ;quatenus

543 2970 603 3023 in
628 2968 975 3024 abolitionem
984 2975 1328 3041 praepostera?
1343 2968 1569 3024 haeresis
1585 2969 1821 3023 omnium
1833 2969 2036 3025 devotio
2050 2971 2171 3025 chri
2181 3001 2193 3008 -

544 3058 728 3113 stiana
756 3059 1071 3114 consentiat.
1090 3058 1303 3130 Religio
1330 3059 1612 3129 itaquetua
1626 3059 2039 3129 competentibus
2052 3062 2194 3115 scri-

542 3149 654 3220 ptis
684 3148 958 3204 universos
1014 3148 1190 3219 faciat
1246 3146 1551 3211 admoneri,
1609 3149 1841 3203 scituros
1886 3148 2195 3219 deﬁnitione

544 3239 622 3294 Sa
630 3238 909 3293 nctimonii
922 3238 1005 3293 tui
1023 3238 1157 3292 hanc
1170 3237 1529 3306 definitionem
1546 3236 1657 3291 sibi
1680 3254 1783 3291 esse
1791 3239 2168 3309 praescriptam
2178 3280 2191 3306 ,

544 3327 927 3399 utquicumque
943 3326 1286 3381 damnationi
1296 3332 1731 3391 memoratarum,
1746 3343 1846 3396 quo
1856 3331 2035 3397 pateat
2053 3345 2197 3384 mens

539 3433 708 3488 pura,
739 3415 1072 3470 subscribere
1102 3414 1275 3485 impia
1303 3412 1658 3468 obstinatione
1689 3415 2052 3486 neglexerint,
2086 3419 2197 3489 epi-

542 3510 787 3576 scopatus
830 3504 1115 3558 amissione
1145 3503 1390 3571 multati,
1442 3502 1759 3570 interdicta,
1792 3504 1851 3558 in
1877 3514 2199 3577 perpetuum

547 3593 759 3663 expulsi
780 3592 1110 3658 civitatibus,
1142 3592 1509 3647 communione
1535 3595 1852 3663 priventur.
1902 3594 2049 3651 Nam
2078 3613 2197 3652 cum

546 3682 656 3754 ipsi
670 3682 837 3753 juxta
864 3682 1119 3753 synodum
1158 3682 1441 3737 Nicaenam
1479 3682 1805 3749 confessione
1839 3683 2053 3739 sincera
2078 3702 2197 3741 con-

545 3771 775 3827 ditorem
804 3788 988 3826 rerum
1008 3772 1244 3827 omnium
1269 3772 1459 3837 Deum,
1502 3771 1822 3843 imperiique
1848 3774 2027 3829 nostri
2050 3792 2197 3830 vene—

545 3878 733 3916 remur
759 3868 1029 3916 auctorem
1056 3878 1075 3928 ;
1104 3877 1207 3916 non
1241 3861 1489 3933 patietur
1510 3868 1606 3916 tua
1635 3862 1907 3918 Sanctitas
1935 3871 2088 3919 sectae
2112 3865 2198 3919 de-

546 3950 812 4007 testabilis
841 3951 1079 4006 homines
1107 3951 1162 4005 in
1187 3951 1455 4021 injuriam
1484 3950 1768 4022 religionis
1795 3969 1936 4008 nova
1952 3960 2001 4008 et
2028 3953 2199 4010 inusi-

550 4046 667 4092 tata
679 4039 1013 4106 meditantes,
1045 4040 1261 4094 secretis
1286 4039 1548 4095 tractibus
1562 4040 1831 4095 occultare
1842 4044 2198 4113 sacrilegium

548 4126 705 4181 semel
726 4126 941 4196 publica
962 4127 1285 4181 auctoritate
1301 4128 1640 4183 damnatum.
1671 4129 1789 4183 Una
1827 4131 1967 4185 enim
1985 4131 2197 4186 eadem-

547 4231 643 4288 que
672 4215 829 4287 culpa
854 4223 925 4270 est
946 4232 1129 4270 eorum
1142 4215 1234 4287 qui
1259 4222 1353 4269 aut
1368 4215 1765 4271 dissimulando
1777 4219 2198 4285 conniventiam,

543 4311 639 4360 aut
652 4321 757 4359 non
786 4304 1109 4373 damnando,
1134 4304 1375 4376 favorem
1397 4306 1617 4360 noxium
1628 4307 2015 4377 praestiterint,
2040 4315 2201 4379 pater

544 4395 854 4450 charissime
875 4402 1031 4466 atque
1048 4393 1419 4449 amantissime
1449 4395 1537 4465 (Et
1562 4394 1679 4450 alia
1704 4399 1917 4465 manu)
1943 4412 1963 4448 :
1982 4397 2200 4452 Divini~

545 4492 627 4542 tas
654 4492 702 4539 te
730 4501 827 4553 per
846 4484 1039 4540 multos
1067 4500 1234 4539 annos
1260 4491 1423 4539 servet
1440 4484 1770 4539 incolumem.
1791 4485 1935 4541 Data
1966 4487 2199 4544 Vicinum

538 4573 852 4647 juniarum,
908 4576 1191 4641 Ravennae,
1232 4573 1486 4628 Monaxio
1538 4580 1585 4629 et
1650 4574 1843 4630 Plinta
1872 4576 2196 4633 consulibus.

546 4663 745 4717 Eodem
770 4668 947 4719 tenore
965 4663 1126 4717 etiam
1154 4662 1475 4719 adsanctum
1499 4662 1536 4718 A
1553 4664 1864 4735 ugustinum
1896 4668 2200 4737 episcopum

547 4750 677 4805 data
708 4750 806 4822 (b).

611 4878 629 4895 ⁸
666 4874 882 4925 Accedit
900 4874 1022 4924 huic
1052 4878 1199 4926 tomo
1225 4877 1511 4926 emendata
1527 4877 1593 4927 ad
1622 4879 1798 4929 varios
1828 4878 1961 4928 Edd.
1996 4883 2049 4929 et
2072 4879 2198 4929 Mss.

611 4940 681 5000 (a)
714 4938 840 5010 Qua:
866 4952 1031 5011 porro
1082 4939 1169 4988 201
1226 4942 1357 4999 erat,
1412 4954 1556 4989 nunc
1617 4942 1693 4989 90.
1728 4940 1937 5005 Scripta
1970 4955 2057 4992 an.
2090 4944 2199 4991 416.

549 5015 733 5051 mense
758 5014 932 5063 Junio.

610 5064 682 5125 (b)
711 5062 1092 5129 Isthaacverba
1114 5064 1173 5129 in
1205 5062 1458 5129 omnibus
1483 5065 1717 5129 antiquis
1738 5066 2013 5115 codicibus
2040 5066 2203 5129 subji-

548 5128 798 5191 ciuntur:
830 5127 918 5191 ubi
939 5126 1087 5175 vides
1112 5126 1160 5173 id
1180 5126 1327 5191 quod
1341 5126 2205 5191 AurelioCarthaginensipropter

546 5188 696 5262 Sedis
733 5190 1051 5263 dignitatem
1078 5188 1492 5263 concedebatur,
1540 5188 1841 5263 A‘u-gusti‘ho
1873 5188 2201 5263 {lippon‘ensi

550 5252 800 5315 episcopo
818 5252 885 5301 ob
903 5265 1145 5314 personae
1159 5253 1409 5301 meritum
1428 5264 1487 5300 ac
1506 5252 1865 5301 celebritatem
1882 5252 2044 5302 fuisse
2064 5254 2203 5303 dela-

552 5316 666 5361 tum
689 5315 754 5361 ab
788 5314 1224 5364 lmneratoribus.
1282 5314 1409 5362 Hinc
1445 5328 1659 5363 rursum
1691 5314 2025 5364 Theodosius
2059 5329 2203 5364 anno

1213 5352 1224 5362 .
1282 5329 1409 5362 mnc
1445 5329 1659 5363 rursum
1692 5329 1720 5363 ⁷1
1735 5329 2025 5364 neoaosms
2059 5329 2125 5364 an

552 5329 666 5361 tum
689 5329 754 5361 an
788 5329 1224 5377 imperatoribus.
1282 5329 1409 5362 mnc
1445 5329 1659 5363 rursum
1692 5329 1720 5363 '1
1735 5329 2025 5364 neoaosms
2059 5329 2203 5366 anno

551 5376 819 5448 idoneum
837 5394 868 5448 ξ
906 5375 1121 5448 Sacram
1141 5376 1435 5448 “scriberet,
1456 5394 1477 5419 ιι
1516 5377 1688 5439 inquit
1704 5376 1981 5448 Liberatus
2012 5379 2064 5426 in
2092 5379 2203 5427 Bre-

552 5439 737 5502 viario,
770 5454 814 5488 c.
836 5440 881 5493 5,
916 5456 939 5483 α
976 5439 1040 5502 ad
1063 5440 1636 5502 universosepiscopos
1661 5443 1717 5487 ut
1737 5439 2000 5500 Ephesum
2016 5454 2205 5489 conve-

554 5514 579 5544 ι
616 5500 818 5570 nirent,
845 5501 1213 5570 etcont’e_rren_t
1227 5502 1291 5551 do
1310 5500 1767 5570 Nestoriilibriset
1792 5502 2201 5570 Cyrillijglicio,

552 5576 578 5606 ι
615 5562 825 5632 scripsit
852 5562 1145 5633 Imperator
1177 5564 1393 5633 Sacram
1424 5569 1474 5633 et
1512 5564 1666 5633 beato
1686 5562 1994 5633 Augustino
2011 5566 2203 5633 Hippo:

555 5638 581 5669 α
616 5626 1193 5701 ξιρξιξξηεῖρξῳρρρηρρῐ·
1237 5626 1985 5701 hlbagniumuMagistr-i‘anum,
2010 5626 2203 5701 ut’ipsi

558 5701 584 5735 α
615 5683 1152 5752 concilio'prwstaret
1198 5689 1279 5737 sui
1316 5683 1732 5753 piaesentiam').
1773 5690 1933 5741 Porro
1956 5683 2203 5741 Aurelius

1744 216 1747 219 ,
1807 162 1869 219 s.
1916 154 2310 219 AUGUSTlNI
2345 151 2673 219 EPISCOPI
3799 154 3889 215 α

2760 274 3099 335 EPISTULA
3143 275 3274 334 ccu
3310 274 3331 299 ο
3358 274 3454 349 (a).

2288 368 2649 440 Hieronymus
2676 366 2874 439 Alypio
2924 371 2975 421 et
3012 366 3322 438 Augustino
3345 364 3683 437 gratulatur,
3711 382 3906 438 quorum

2360 474 2524 529 opera
2542 457 2851 513 Celestiana
2864 455 3082 511 haeresis
3098 455 3367 510 exstincta
3384 456 3457 510 sit
3472 477 3494 523 ,-
3521 460 3574 509 et
3599 461 3805 511 excusat
3824 473 3909 513 cur

2361 548 2596 603 nondum
2621 545 2893 618 refellerit
2924 544 3093 599 libros
3130 544 3387 600 Anniani
3409 544 3725 615 Pelagiani.

2292 636 2558 693 Dominis
2586 652 2720 692 vere
2742 635 2962 691 sanctis
2988 639 3167 707 atqiie
3196 632 3691 689 omniaﬁ‘ectione
3716 648 3782 689 ac
3801 632 3912 706 iure

2361 725 2739 791 venerandis,
2771 727 2978 780 Αιγιηο
3009 724 3060 778 ei
3091 727 3406 779 AUGUSTINO
3421 723 3727 795 episcopis
3742 724 3911 797 [lino-

2362 831 2563 881 Nruus,
2596 816 2654 870 in
2683 813 2912 870 Christo
2951 811 3225 868 salutem.

2361 904 2588 961 CAPUT
2626 903 2911 959 PRIMUM.
2943 932 3008 942 —-
3040 908 3082 956 1.
3111 899 3337 956 Sanctus
3353 899 3705 956 Innocentius
3732 900 3913 974 presby-

2291 1000 2393 1065 ter,
2425 993 2523 1065 qui
2564 992 2725 1063 hujus
2760 990 3020 1047 sermonis
3048 997 3123 1045 est
3163 990 3422 1062 portitor,
3463 1006 3615 1044 anno
3642 989 3913 1061 prxterito,

2289 1062 2445 1157 quasi
2468 1098 2797 1154 nequaquam
2820 1081 2879 1137 in
2896 1080 3153 1152 Africam
3175 1095 3652 1144 reversurus,mea
3665 1079 3734 1133 ad
3746 1078 3916 1151 Digna-

2291 1174 2489 1229 tionem
2514 1176 2739 1226 vestram
2769 1170 2980 1241 scripta
3001 1186 3103 1224 non
3115 1168 3366 1240 sumpsit.
3392 1168 3602 1224 Tamen
3619 1170 3729 1223 Deo
3742 1170 3915 1239 gratias

2290 1263 2498 1333 agimus
2520 1259 2657 1332 quod
2700 1260 2778 1314 ita
2808 1259 3004 1324 evenit,
3049 1264 3115 1313 ut
3150 1264 3396 1313 nostrum
3443 1256 3731 1313 silentium
3761 1260 3918 1313 vestris

2291 1349 2561 1431 epistoslis
2594 1348 2899 1404 vinceretis.
2923 1346 3065 1404 Mihi
3084 1348 3224 1403 enim
3237 1346 3632 1402 omnisoecasio
3643 1346 3919 1417 gratissima

2291 1446 2387 1505 est,
2420 1454 2520 1509 per
2539 1455 2697 1511 quam
2727 1437 2900 1493 scribo
2912 1442 3107 1493 vestrm
3120 1436 3457 1493 Reverentia:
3470 1451 3498 1503 ;
3510 1441 3694 1491 testem
3708 1435 3919 1491 invocans

2300 1528 2464 1584 Deum
2493 1527 2630 1599 quod
2675 1527 2727 1582 si
2763 1533 2929 1598 posset
2966 1526 3113 1597 ﬁeri,
3171 1526 3463 1596 assumptis
3529 1525 3643 1578 alis
3678 1523 3917 1589 columba,

2292 1618 2485 1673 vestris
2497 1616 2831 1689 amplexibus
2843 1616 2917 1670 im
2920 1614 3185 1687 plicarer,
3203 1630 3408 1685 semper
3417 1612 3642 1686 quidem
3648 1630 3751 1686 pro
3762 1615 3917 1669 merito

2293 1707 2563 1761 virtutum
2590 1712 2915 1770 vestrarum,
2931 1703 3024 1758 sed
3048 1719 3191 1758 nunc
3212 1703 3469 1766 maxime,
3491 1703 3631 1775 quia
3656 1709 3917 1774 cooperato-

2294 1796 2447 1851 ribus
2470 1803 2518 1851 et
2557 1794 2866 1851 auctoribus
2896 1793 3039 1848 vobis
3068 1794 3111 1860 ¹,
3144 1792 3366 1848 haeresis
3378 1790 3917 1863 Celestianajugulata

2294 1892 2368 1940 est
2398 1899 2421 1940 .'
2443 1901 2560 1956 qux
2594 1884 2673 1937 ita
2706 1882 2895 1955 infecit
2907 1880 3072 1937 corda
3098 1880 3416 1945 multorum,
3447 1887 3515 1935 ut
3544 1897 3667 1936 cum
3686 1887 3917 1952 superatos

2294 1973 2673 2044 damnatosque
2710 1988 2813 2027 esse
2858 1988 2910 2026 se
2947 1969 3205 2037 sentiant,
3248 1975 3423 2025 tamen
3464 1986 3672 2023 venena
3701 1971 3915 2023 mentium

2295 2080 2401 2118 non
2424 2062 2679 2118 omittant
2700 2082 2722 2131 ,-
2746 2066 2816 2127 et,
2844 2059 2981 2133 quod
3007 2058 3178 2114 solum
3197 2066 3438 2131 possunt,
3466 2075 3567 2113 nos
3594 2058 3815 2123 oderint,
3835 2075 3914 2129 per

2294 2169 2421 2225 quos
2441 2157 2643 2223 putant
2670 2167 2723 2205 se
2744 2149 3042 2205 libertatem
3073 2147 3319 2203 docendae
3345 2147 3612 2203 haereseos
3636 2146 3913 2219 perdidisse.

2370 2240 2594 2298 CAPUT
2625 2240 2692 2297 II.
2721 2271 2787 2280 —
2812 2242 2867 2294 2.
2900 2238 3054 2305 Quod
3069 2236 3519 2309 autemquaeritis
3549 2244 3735 2292 utrum
3761 2236 3915 2291 rescri-

2293 2330 2497 2404 pserim
2534 2337 2724 2385 contra
2753 2327 2918 2383 libros
2943 2326 3198 2382 Anniani
3235 2327 3332 2397 (b),
3367 2326 3783 2397 pseudodiaconi
3810 2323 3918 2380 Cels-

2296 2419 2495 2496 densis,
2527 2418 2623 2490 qui
2650 2416 3009 2490 copiosissime
3025 2416 3297 2487 pascitur,
3311 2421 3370 2469 ut
3390 2414 3601 2470 alienae
3623 2413 3913 2486 blasphemis

2296 2504 2455 2563 verba
2480 2507 2690 2578 frivola
2717 2505 3091 2561 subministret
3124 2521 3141 2559 :
3174 2504 3363 2559 sciatis
3400 2520 3485 2557 me
3517 2504 3663 2572 ipsos
3700 2502 3845 2558 libros
3872 2502 3913 2555 in

2295 2596 2565 2653 schedulis
2590 2596 2773 2651 missos
2797 2612 2830 2651 a
2849 2599 3036 2650 sancto
3056 2593 3236 2666 fratre
3261 2592 3497 2649 Eusebio
3502 2592 3803 2665 presbytero
3824 2608 3913 2646 sus-

2296 2688 2512 2761 cepisse,
2538 2703 2642 2740 non
2680 2692 2805 2740 ante
2855 2684 3083 2739 multum
3112 2683 3409 2754 temporis;
3444 2689 3501 2738 et
3532 2682 3727 2738 exinde
3754 2682 3821 2736 vel
3855 2681 3915 2736 is-

2296 2773 2613 2846 gruentibus
2629 2773 2845 2839 morbis,
2872 2772 2952 2827 vel
2981 2771 3304 2827 dormitione
3326 2776 3533 2826 sanctae
3560 2778 3611 2826 et
3640 2769 3915 2826 venerabilis

2297 2863 2430 2936 ﬁlix
2446 2870 2635 2918 vestrm
2656 2862 2959 2926 Eustachii,
2974 2862 3061 2916 ita
3079 2859 3333 2926 doluisse,
3358 2867 3417 2915 ut
3436 2860 3809 2932 propemodum
3824 2876 3915 2914 eos»

2299 2952 2599 3009 temnendos
2625 2960 2902 3024 putarem.
2936 2952 2993 3006 In
3026 2949 3203 3005 eodem
3216 2949 3357 3005 enim
3378 2949 3494 3005 luto
3525 2950 3756 3014 hxsitat,
3783 2955 3828 3004 et
3848 2964 3914 3002 es-

2300 3042 2465 3113 ceptis
2494 3041 2668 3097 verbis
2696 3039 2927 3095 tinnulis
2964 3038 3505 3112 atqueemendicatis,
3536 3038 3683 3093 nihil
3708 3036 3843 3093 aliud
3863 3038 3913 3090 to

2297 3132 2508 3203 guitur.
2543 3132 2741 3187 Tamen
2768 3130 2995 3185 multum
3028 3128 3232 3199 egimus
3260 3148 3282 3197 ,-
3310 3134 3369 3183 ut
3408 3127 3543 3182 dum
3562 3127 3791 3201 epistola:
3817 3140 3911 3179 mea

2300 3221 2616 3292 respondere
2628 3224 2877 3284 conatur,
2898 3217 3146 3290 apertius
3156 3233 3209 3271 se
3232 3215 3511 3288 proderet,
3537 3224 3588 3272 et
3603 3214 3907 3287 blasphemia:

2300 3327 2425 3380 suas
2452 3309 2697 3366 omnibus
2721 3308 3071 3380 patefaceret.
3108 3304 3383 3378 Quidquid
3406 3305 3557 3361 enim
3588 3306 3647 3361 in
3685 3305 3775 3360 illa
3794 3303 3908 3358 mist-

2300 3374 2473 3455 rabili
2517 3374 3124 3471 synodo-Diospolitana
3172 3374 3370 3449 sua.
3391 3410 3443 3449 se
3479 3394 3728 3466 denegat,
3756 3394 3809 3449 in
3840 3392 3906 3445 hoc

2302 3506 2456 3561 opere
2482 3488 2808 3560 proﬁtetur;
2837 3503 2928 3540 nec
2956 3484 3160 3557 grande
3180 3492 3255 3540 est
3268 3484 3630 3554 ineptissisnis
3651 3483 3831 3539 neniis
3849 3499 3909 3536 re-

2300 3577 2574 3650 spondere.
2608 3575 2671 3632 Si
2697 3579 2874 3631 autem
2903 3574 3161 3630 Dominus
3174 3573 3337 3627 vitam
3366 3571 3631 3628 tribuerit
3645 3580 3691 3629 et
3716 3572 3907 3627 notario-

2302 3684 2426 3727 rum
2476 3666 2821 3721 habuerimus
2846 3665 3076 3736 c0piam,
3127 3663 3313 3735 paucis
3345 3660 3824 3717 lucubratiunculis
3846 3676 3906 3713 re-

2300 3755 2671 3829 spondebimus
2700 3771 2717 3819 ;
2744 3770 2849 3809 non
2884 3759 2943 3808 ut
2961 3752 3332 3808 convincamus
3358 3749 3608 3807 heresim
3638 3758 3905 3813 emortuost,

2301 3845 2391 3901 sed
2423 3852 2479 3900 ut
2500 3843 2835 3915 imperitiam
2864 3849 3020 3913 atque
3049 3839 3425 3912 blasphemiam
3454 3839 3594 3911 ejus,
3620 3841 3806 3896 nostris
3826 3854 3908 3893 scr-

2302 3934 2548 3991 monibus
2576 3934 2912 4006 confutemus
2948 3949 2970 3987 .·
3007 3930 3297 4001 meliusque
3326 3928 3417 3983 hoc
3443 3928 3649 4001 faceret
3687 3928 3908 3984 Sanctitas

2303 4030 2481 4080 vestra
2503 4041 2521 4090 ;
2556 4040 2618 4078 ne
2644 4020 3025 4093 compellamur
3052 4026 3243 4075 contra
3273 4017 3593 4074 haereticum
3624 4025 3797 4073 nostra
3810 4017 3907 4070 las-

2304 4131 2692 4203 !meemtowm
2718 4126 2989 4203 merente,
3006 4124 3659 4203 ίρθξιΡῢΛΕιξεαξιιξι-ῐαειξωι
3679 4124 3749 4195 ιιιέ
3781 4121 3905 4203 θςίείιξ

2304 4185 2428 4242 facit
2444 4205 2569 4259 quae
2591 4193 2835 4259 superest
2856 4185 3026 4259 ipsius
3045 4185 3317 4259 encyclica
3335 4185 3580 4259 _Episto_la
3595 4186 3908 4259 adepiscopos

2305 4248 2594 4319 provinciae
2611 4248 2893 4319 Bizacenei
2905 4248 3303 4319 etArzugitante
3317 4248 3444 4298 data
3459 4249 3697 4319 calendis
3706 4248 3906 4319 augusti;

2300 4308 2479 4390 Quaen
2488 4331 2536 4363 in
2568 4308 3047 4390 transmittendum
3055 4308 3260 4383 curavit
3270 4310 3576 4390 pxemplum
3592 4308 3905 4390 imperitatum

2304 4370 2619 4441 ﬁtterarum,
2656 4390 2947 4441 (quarum,
2979 4375 3069 4441 ait,
3126 4373 3286 4423 simul
3335 4370 3725 4441 exemplaribus
3772 4370 3905 4441 lectis.

2306 4460 2333 4552 ἒ
2359 4439 2757 4563 ἓὲἓὶῗὶῖιᾛὲἓ
2766 4431 3907 4563 ῗθὲῗτῖἓὲὲίῗέἓοὲἲξῗῖῗὲὲἓθεῶξῗέἷὲἓ

2306 4545 2422 4616 δεῖ
2429 4545 2746 4629 Sibi—galia
2767 4545 3399 4629 arfﬁTug—d'elfts—rvgiensib‘us,
3425 4545 3459 4608 ᾗ
3469 4545 3477 4546 ί
3488 4545 3713 4629 barba—io
3724 4545 3781 4629 :et
3799 4557 3903 4629 aliis:

2367 4632 2381 4662 ¹
2411 4620 3104 4687 Lov.,'adjutoribus'vobis.
3129 4620 3211 4673 'At
3240 4622 3500 4687 editionCs
3542 4623 3848 4687 antiquiores
3869 4620 3907 4664 et

2307 4691 2475 4741 Vatic.
2510 4681 2601 4740 sex
2624 4681 2746 4739 Mss.
2779 4689 2994 4743 habent,
3030 4686 3367 4747 auctoribus;
3390 4697 3455 4734 ex
3484 4681 3687 4736 iisdem'
3700 4684 3806 4733 Mss.
3823 4681 3905 4729 duo

2306 4755 2655 4819 prgemittunt,
2689 4752 2811 4815 quia
2827 4750 3202 4819 operatoribus.

2367 4816 2387 4834 ⁹
2421 4816 2619 4865 Collata
2649 4810 2772 4865 cum
2791 4810 2887 4861 mr.
2920 4816 2987 4866 tt.
3022 4826 3111 4861 sex
3151 4827 3203 4865 ν,
3243 4811 3357 4860 Am.
3397 4811 3521 4865 Bad.
3561 4810 3639 4859 Er.
3668 4810 3787 4859 Lov.

2370 4885 2440 4935 (a)
2471 4880 2613 4928 Alias
2658 4879 2718 4925 24
2758 4892 2769 4925 :

2308 4945 2533 4991 exeunte
2561 4954 2647 4991 an.
2685 4941 2800 4989 419.
3733 4994 3744 4996 Α
3871 4987 3880 4996 ,

2368 5004 2438 5064 (b)
2471 5004 2563 5052 Hic
2607 5002 2869 5052 latinitate
2927 4998 3150 5049 donavit
3202 4998 3450 5064 homilias
3501 5000 3697 5064 aliquot
3722 4994 3903 5064 locum?

2307 5048 2899 5129 Chrys—ostomi
2929 5048 3148 5129 operam
3180 5048 3604 5129 animo—prorsus.
3624 5048 3901 5129 haereticos!)

2306 5116 2435 5189 ipso"
2453 5116 2946 5190 susceptam'fuisse
2965 5116 3231 5190 intelliges
3262 5139 3326 5175 ex
3354 5116 3669 5190 praefatione
3685 5118 3755 5189 ad.
3774 5116 3901 5190 Orati-

2308 5182 2462 5259 tium,
2497 5182 2980 5259 episcopum_il_l_um
3010 5182 3472 5259 Pelaéianum'qpi
3502 5188 3556 5237 in
3574 5182 3900 5259 .Qphttgiigfji:

2308 5240 2461 5302 nodo.
2481 5240 2898 5315 damnalusifuit
2926 5265 2937 5305 ;
2996 5240 3205 5315 necnon
3237 5265 3297 5299 ex
3330 5240 3505 5315 ipsius
3528 5248 3591 5315 ad
3611 5240 3897 5315 Evangelith

2309 5300 2558 5378 Epistolis,
2596 5300 2743 5378 apud,
2770 5300 2966 5378 Bedam
2996 5316 3125 5378 tom.
3153 5313 3182 5358 6
3211 5300 3451 5378 {quarm
3473 5300 3895 5378 Epistoie,_T"r_§lff'

2307 5365 2445 5427 ciant
2471 5365 2689 5427 nomine
2715 5376 2998 5440 designare
3022 5365 3382 5440 Augustinum
3406 5365 3628 5440 videtur.
3656 5372 3738 5419 aut
3761 5365 3896 5440 Hier?

2308 5422 2693 5503 inﬁmi—1%}:
2724 5422 3201 5500 levigconjectifra
3220 5422 3671 5499 est'hunc—ipsu'm
3689 5442 3787 5480 esse
3817 5422 3893 5471 ble-

2310 5506 2569 5557 teronem,
2605 5501 2760 5564 cujus
2786 5502 2971 5564 lingua
2995 5503 3045 5549 et
3074 5498 3284 5549 calamo
3311 5501 3563 5564 Pelagius
3590 5492 3889 5564 abutebstilzrf

2310 5548 2772 5629 assesasses
2790 5548 3160 5629 ueram-aus
3214 5548 3390 5629 seras
3416 5548 3561 5629 “sua,
3591 5577 3615 5607 ς
3649 5556 3728 5629 qui
3750 5548 3891 5629 ερρξετ

2310 5606 3189 5689 ζ’ἒςῖξείιὶίὲ”ῥὶἑέἷιῶ’,⁷ἰῐῑῖιὶὧῐιὲε
3215 5606 3561 5689 ἑ»ῑὲρὶθῶἰῶ
3588 5606 3734 5671 veibs
3748 5606 3891 5664 frivola

2313 5706 2339 5738 α
2371 5689 2741 5740 subministrat
2764 5706 2810 5737 ».
3174 5699 3182 5709 ·

2313 5706 2339 5738 α
2371 5689 2741 5741 subministret
2764 5706 2810 5737 ».
3174 5699 3182 5709 ·

2821 4890 2940 4940 quae
2966 4878 3147 4925 autem
3190 4874 3283 4923 202
3312 4882 3443 4935 erat,
3472 4887 3615 4924 nunc
3639 4874 3711 4922 91.
3739 4867 3905 4929 Scripta
