4122 6170
220 143 330 220 989

218 269 372 325 dare.
399 268 589 325 Sancti
613 268 728 340 ﬁlii
746 284 1061 333 communes,
1091 266 1315 332 Albina,
1338 267 1611 323 Pinianus
1630 275 1676 323 et
1707 267 1875 325 Mela-

218 358 337 424 nia,
366 358 667 429 plurimum
707 374 799 415 vos
844 358 1104 414 salutant.
1133 358 1244 412 Has
1284 357 1557 412 litterulas
1594 357 1656 411 de
1689 364 1877 412 sancta

218 446 523 504 Bethlehem
554 453 736 502 sancto
763 447 1067 518 presbytero
1108 446 1420 501 Innocentio
1447 445 1572 500 dedi
1594 450 1874 517 perferen-

216 536 335 591 das.
360 535 552 607 Neptis
581 543 761 591 vestra
788 535 965 591 Paula
1007 533 1398 592 miserabiliter
1408 542 1678 605 precatur
1696 542 1875 590 utmo-

219 641 393 687 mores
413 626 529 695 ejus
552 624 703 692 sitis,
733 632 781 681 et
815 626 1045 680 multum
1078 641 1165 679 vos
1192 625 1420 679 salutat.
1442 624 1734 679 Incolumes
1762 640 1871 693 vos,

218 722 269 771 et
298 731 552 769 memores
578 714 703 772 mei.
740 713 970 769 Domini
1002 713 1184 768 nostri
1210 713 1341 768 Jesu
1373 711 1585 767 Christi
1626 719 1873 768 tuetatur

215 804 523 869 clementia,
561 802 774 858 domini
804 819 931 857 vere
953 809 1151 871 sancts,
1186 809 1347 874 atque
1384 802 1534 857 omni
1586 802 1872 871 affectione

219 893 566 952 venerabiles
591 900 805 963 patres.

648 980 981 1039 EPISTOLA
1009 980 1142 1038 CCII
1174 978 1307 1035 BIS'
1340 980 1438 1052 (a).

218 1072 417 1151 thato
437 1071 830 1143 significatsuae
842 1070 903 1124 de
926 1070 1128 1125 animae
1148 1070 1362 1140 origine
1390 1069 1771 1125 consultationi
1782 1069 1874 1125 abs

292 1152 622 1222 Hieronymo
652 1167 757 1205 non
781 1151 956 1220 fuisse
985 1166 1317 1220 responsum,
1345 1166 1508 1220 neque
1546 1166 1596 1204 se
1621 1150 1872 1206 hactenus

289 1232 578 1304 quidquam
609 1231 671 1285 de
699 1231 798 1285 hac
810 1231 1105 1302 quastione
1124 1246 1360 1284 asserere
1380 1247 1569 1285 ausum
1592 1230 1778 1300 fuisse.
1800 1231 1871 1287 Ut

288 1329 340 1368 se
366 1312 621 1367 imitetur
648 1327 755 1366 non
783 1327 877 1365 suo
893 1316 1101 1365 tantum
1126 1310 1382 1380 exemplo,
1414 1310 1677 1365 sedetiam
1700 1311 1872 1381 ipsius

223 1392 237 1403 ’
290 1392 478 1464 Optati
500 1392 819 1447 litterarum
839 1390 1091 1445 instituto
1112 1406 1173 1443 ac
1189 1391 1404 1443 ratione
1416 1390 1689 1445 hortatur.
1720 1391 1872 1446 Petit

290 1472 465 1527 denuo
490 1477 550 1526 ut
566 1470 837 1526 Libellum
867 1470 1036 1524 Fidei
1061 1470 1409 1534 adsemittat,
1433 1486 1573 1524 aene
1586 1471 1868 1526 doctorum

288 1553 653 1622 episcoporum
685 1549 1228 1616 traditiones,doctor
1252 1549 1552 1604 novelluset
1566 1550 1723 1605 rudis
1749 1567 1871 1606 cor-

288 1647 545 1703 rumpere
575 1630 951 1702 aggrediatur.
989 1630 1223 1686 Tandem
1254 1629 1385 1701 quid
1421 1630 1484 1685 de
1517 1631 1703 1686 anima
1739 1631 1868 1702 ﬁdes

282 1710 491 1776 doceat,
525 1710 760 1767 breviter
787 1711 1472 1781 exponit,occurrentesque
1495 1709 1701 1781 aliquot
1723 1727 1865 1782 qum-

284 1792 484 1847 stiones
515 1790 689 1847 obiter
707 1791 892 1846 solvit.

214 1879 472 1937 Domino
508 1879 877 1945 beatissimo,
917 1877 1343 1951 sinceriterque
1386 1877 1764 1947 charissima,
1810 1883 1868 1936 et

284 1967 849 2025 desiderantissimo
865 1966 1031 2024 fratri
1049 1968 1473 2040 etcoepiscopo
1490 1968 1738 2035 Ornro,
1761 1970 1868 2025 Au-

286 2074 569 2128 GUSTINUS,
610 2057 668 2114 in
704 2058 955 2114 Domino
984 2056 1259 2112 salutem.

285 2148 436 2203 CAP.
470 2146 758 2204 PRiMUM.
795 2146 1057 2202 —1.Per
1077 2145 1417 2215 religiosum
1448 2145 1867 2219 presbyterum

210 2235 601 2293 Saturninum
632 2242 745 2293 tuae
776 2235 1188 2292 Venerationis
1214 2234 1437 2291 litteras
1470 2236 1723 2306 sumpsi,
1752 2235 1867 2291 hoc

210 2340 249 2382 a
270 2340 368 2381 me
380 2340 604 2396 magno
626 2325 846 2393 studio,
873 2325 1041 2398 qu‘od
1066 2323 1336 2380 nondum
1360 2324 1576 2391 habeo,
1596 2323 1867 2395 ﬂagitan-

209 2413 308 2470 tis.
350 2414 464 2470 Sed
514 2430 619 2471 cur
641 2414 752 2471 hoc
795 2412 1006 2470 feceris
1056 2428 1306 2469 causam
1362 2412 1505 2468 mihi
1553 2413 1861 2485 aperuisti,

208 2501 377 2574 quod
392 2501 615 2558 scilicet
639 2501 849 2559 credas
878 2502 953 2556 de
968 2500 1083 2557 hac
1110 2515 1170 2556 re
1212 2499 1356 2555 mihi
1381 2500 1709 2556 consulenti
1736 2501 1865 2572 jam

208 2589 396 2647 fuisse
424 2607 810 2663 responsum.
864 2589 1103 2647 Utinam
1146 2588 1227 2645 ita
1257 2593 1415 2644 esset
1450 2589 1463 2645 ι
1493 2589 1650 2645 absit
1681 2595 1742 2645 ut
1787 2595 1861 2657 te,

210 2680 385 2752 cujus
413 2681 920 2754 exspectationem
943 2678 1357 2736 avidissimum
1384 2677 1863 2750 noverim,bujus

211 2771 480 2826 muneris
516 2768 1061 2825 communicatione
1083 2766 1449 2824 fraudarem.
1482 2767 1595 2824 Sed
1626 2767 1674 2823 si
1715 2769 1864 2842 quid

210 2857 429 2923 credis,
463 2858 644 2916 frater
674 2857 1043 2923 charissima,
1066 2856 1334 2929 quinque
1356 2855 1540 2912 ferme
1562 2857 1703 2912 anni
1727 2873 1863 2914 ecce

210 2946 430 3003 evoluti
470 2950 630 3007 sunt.
663 2962 733 3003 ex
764 2962 883 3018 quo
921 2945 982 3002 in
1012 2945 1309 3003 Orientem
1367 2944 1501 3000 misi
1524 2943 1746 3000 librum
1780 2946 1860 3017 (b)

208 3050 337 3093 nou
388 3034 869 3108 praesumptionis
913 3034 1018 3091 sed
1057 3032 1507 3090 consultationis
1561 3049 1759 3101 mete;
1808 3040 1864 3093 et

211 3123 413 3182 adhuc
460 3124 749 3196 rescripta
792 3138 913 3179 non
952 3122 1162 3193 merui,
1209 3121 1431 3194 quibus
1468 3122 1608 3178 mihi
1643 3123 1863 3182 enoda-

213 3217 376 3270 retur
395 3212 525 3269 haec
564 3212 811 3285 quaestio
840 3211 901 3267 in
932 3227 1055 3285 qua
1081 3227 1175 3267 me
1222 3210 1392 3283 cupis
1427 3210 1504 3266 ad
1545 3216 1599 3267 te
1639 3217 1864 3270 certam

212 3303 365 3360 ferre
411 3302 795 3359 sententiam.
870 3300 1198 3373 Utrumque
1246 3314 1390 3370 ergo
1442 3300 1761 3369 misissem,
1815 3301 1863 3359 si

213 3396 534 3464 utrumque
558 3390 863 3447 haberem.

218 3525 229 3531 -
282 3484 341 3538 2.
372 3480 493 3536 Hoc
522 3485 723 3536 autem
751 3478 916 3552 quod
939 3477 1158 3543 habeo,
1177 3476 1305 3533 sine
1322 3476 1505 3534 altero
1525 3477 1693 3551 quod
1714 3494 1862 3537 non-

209 3568 360 3626 dum
386 3568 604 3637 habeo,
627 3567 914 3640 cuiquam
943 3567 1161 3624 debere
1192 3582 1288 3622 me
1338 3567 1465 3638 jam
1495 3567 1725 3623 mittere
1768 3568 1862 3626 vel

210 3658 385 3715 edere
408 3672 528 3714 non
558 3657 790 3713 videtur
808 3656 879 3729 (c)
904 3671 1015 3722 ;ne
1042 3655 1138 3712 ille
1166 3655 1252 3727 (d)
1282 3654 1388 3728 qui
1416 3655 1558 3711 mihi
1589 3654 1861 3729 fortasse,

270 3792 439 3843 *Haec
464 3791 708 3856 epistola,
732 3804 853 3856 quas
878 3790 1030 3856 deest
1055 3804 1109 3838 in
1147 3789 1232 3856 B.._
1255 3802 1334 3856 es
1376 3803 1483 3856 uno
1519 3790 1862 3856 Gottwicensi

209 3855 306 3905 Hs.
328 3852 577 3919 prompta
609 3857 708 3919 est,
739 3852 1120 3919 ut_in_prtefat._,
1138 3852 1263 3919 ‘col,
1278 3853 1450 3919 49-59,
1477 3854 1859 3919 annotatur._M.

273 3914 346 3981 to}
378 3914 508 3967 Vide
534 3915 705 3981 priet,
737 3916 838 3965 col.
868 3914 1032 3981 tit-50.
1056 3914 1152 3981 ubi
1178 3914 1359 3981 agitur
1387 3916 1453 3963 de
1478 3915 1698 3981 ‘duabus
1725 3917 1862 3981 epis:

210 3976 340 4031 tolis’
359 3976 645 4043 Augustini
673 3991 858 4043 recens
883 3977 1145 4043 inventis._
1171 3977 1377 4043 Scripta
1410 3976 1510 4043 sub
1538 3980 1699 4027 tinem
1733 3976 1861 4028 anni

208 4044 301 4092 419
333 4044 413 4105 vel
444 4039 623 4105 potius
651 4041 751 4090 sub
780 4041 994 4105 initium
1020 4040 1288 4105 annitgo.
1323 4102 1331 4105 _
1430 4039 1517 4105 ΔΜ.

271 4104 342 4165 (ὸ)
367 4101 722 4167 Marcellinus,
775 4104 867 4167 qui
897 4101 1167 4167 collatigoni
1196 4101 1599 4167 Carthaginensi
1651 4102 1865 4167 praefuit

209 4164 355 4217 anno
379 4167 488 4224 412,
524 4165 591 4216 ab
613 4164 913 4229 Augustino
931 4165 1230 4214 sciscitatus
1261 4168 1357 4229 est,
1391 4164 1520 4227 quid
1550 4164 1616 4213 de
1650 4164 1861 4215 anima-

207 4244 327 4279 rum
347 4230 551 4290 origine
579 4226 872 4278 tenendum
893 4232 1049 4277 esset.
1066 4226 1417 4290 Respondeas
1433 4230 1651 4276 sanctus
1675 4230 1865 4278 Doctor

208 4294 404 4364 quator
430 4289 669 4363 diversas
719 4291 819 4341 hac
866 4290 931 4362 de
959 4289 1256 4353 quaestiOne
1302 4289 1548 4361 vulgatae
1581 4290 1862 4401 opiniones

208 4354 391 4405 retulit
425 4370 438 4412 ;
472 4357 548 4403 ita
580 4356 760 4402 tamen
792 4355 865 4409 ut,
896 4356 1051 4415 Juxta
1083 4351 1446 4415 Fulgentium,
1479 4369 1504 4398 α
1534 4353 1623 4400 nul
1649 4365 1736 4401 am
1773 4367 1862 4403 vo-

209 4387 438 4465 Tifié'in’
450 4387 1275 4479 nygide‘finigmfpro‘i‘egre
1293 4387 1861 4479 ‘sententiamtuéu'dld

208 4493 352 4543 egre
380 4477 554 4529 ferens
578 4478 942 4543 Marcellinus,
969 4477 1054 4543 ad’
1070 4478 1458 4543 Hieronymum
1505 4478 1860 4543 eodem__anno

208 4540 442 4605 scripsit,
470 4544 529 4591 ut
561 4541 952 4605 dubitationem
969 4540 1434 4605 ignorantiamque
1452 4553 1606 4605 suam
1630 4540 1858 4590 tolleret.

205 4603 432 4653 Ineunte
458 4607 637 4652 autem
667 4616 755 4653 an.
777 4604 886 4657 L13,
912 4606 988 4651 uti
1027 4604 1185 4665 paulo
1221 4603 1465 4665 superius
1517 4604 1861 4652 observatum

207 4669 308 4723 est,
342 4666 609 4731 rescripsit
638 4664 1176 4731 Hiemnygnus,_’stare
1198 4678 1253 4731 se
1287 4664 1443 4731 abiis
1473 4666 1564 4727 qui
1581 4670 1862 4715 censerent

210 4745 237 4792 ᾳ
271 4729 477 4778 animas
511 4727 749 4792 quotidie
783 4741 816 4778 a
841 4727 966 4777 ’Deo
998 4728 1109 4776 ﬁeri
1159 4729 1212 4777 et
1243 4727 1379 4775 mitti
1432 4727 1761 4792 inbcorpora
1791 4742 1805 4776 :
1832 4745 1857 4775 ι

209 4791 431 4840 hortans
466 4788 607 4847 eu'm,
642 4795 701 4839 ut
731 4808 755 4837 α
793 4792 962 4839 virum
993 4793 1238 4838 sanctum
1275 4792 1328 4837 et
1357 4788 1858 4851 eruditum’Augus-

208 4870 234 4900 ι
263 4854 434 4918 tinum
471 4854 779 4918 episcopum
809 4852 1129 4908 consuleret,
1161 4853 1252 4918 qui
1274 4852 1412 4918 viva,
1437 4854 1507 4918 _ut
1537 4852 1704 4918 aiunt,
1730 4865 1859 4918 voce

211 4934 232 4963 ι
270 4916 460 4966 docere
502 4913 631 4965 eum
653 4913 874 4978 posset,
908 4919 962 4965 et
1004 4913 1317 4972 suam,‘imo
1351 4913 1518 4977 ipsius
1549 4914 1859 4978 Hieronymi

208 4995 243 5043 c_
266 4979 531 5043 explicare
560 4976 903 5043 sententiam.
937 4994 966 5043 gi
990 4978 1124 5043 llaec
1157 4976 1429 5040 postrema
1462 4976 1624 5043 verba
1654 4976 1861 5040 Augus-

208 5038 382 5090 tinum
423 5041 753 5104 impulerunt
784 5044 845 5089 ut
869 5038 1374 5104 ,adﬂieronymuni
1412 5038 1711 5102 epistolam,
1746 5038 1857 5104 '_seu

205 5105 389 5167 potius
412 5101 661 5167 libellum
695 5102 1105 5167 consultationis
1139 5101 1205 5167 de
1233 5101 1508 5167 Originem
1532 5103 1735 5167 animus
1757 5101 1857 5152 ho-

208 5164 367 5230 minis
392 5166 643 5230 dirigeret
672 5179 825 5230 ;quo_
858 5164 923 5230 de
944 5164 1123 5230 libello
1159 5164 1618 5230 hichtissimum
1654 5166 1853 5228 agitur.

210 5227 342 5279 Vide
371 5227 755 5292 Augustinum,
792 5228 978 5292 Epistt.
1016 5228 1104 5292 165
1135 5232 1187 5277 et
1216 5228 1328 5281 166.

267 5292 331 5353 (c)
368 5289 512 5340 Idem
564 5291 692 5340 dicit
720 5289 900 5353 rapiet.
960 5291 1066 5345 190,
1104 5304 1158 5339 ιι.
1194 5292 1273 5338 21.
1311 5306 1337 5335 α
1372 5290 1469 5349 Qui
1519 5289 1653 5339 liber
1683 5302 1855 5353 meus,

205 5369 234 5401 ι
254 5352 447 5417 inquit,
478 5357 540 5417 ut
568 5367 676 5403 non
700 5352 951 5417 doctoris,
980 5352 1070 5417 sed
1092 5352 1501 5417 inquisitoris,et_
1530 5354 1707 5417 potius
1742 5352 1858 5400 dis-

208 5433 233 5462 α
264 5415 383 5480 cere
414 5416 693 5480 cupientis,
745 5416 887 5480 apud
924 5429 1006 5480 me
1042 5415 1145 5479 legi
1172 5415 1393 5480 potest_:
1434 5415 1733 5480 mittivero
1773 5428 1857 5463 us-

207 5496 233 5525 (
263 5477 544 5543 ρίειωνιιόη
562 5478 735 5543 debet,
768 5477 849 5528 vel
884 5477 1133 5543 cuiquam
1172 5477 1314 5543 foras
1344 5477 1483 5543 dari.
1520 5493 1543 5521 »
1564 5478 1859 5543 ΔΑει-ολῃζεξει

204 5539 566 5653 guggslinum
601 5542 753 5591 aliter
780 5539 1009 5591 sensisse
1034 5542 1190 5591 docet
1218 5539 1458 5604 ejusdem
1494 5539 1719 5603 epistola
1744 5540 1858 5601 100,

270 5667 341 5734 td)
372 5666 758 5734 Hieronymus.

1470 134 1973 199 EPISTOLARUM
2014 140 2311 221 CLASSIS
2345 141 2440 198 III.

3529 141 3635 204 930.

1984 271 2045 324 ut
2111 267 2409 335 desidero,
2471 282 2874 340 responsurus
2950 272 3057 332 est,
3105 268 3630 340 interrogationem

1983 372 2180 412 meam
2204 356 2629 427 disceptatione
2644 357 3070 428 operosissima
3093 356 3482 424 elaboratam,
3507 358 3632 412 sine

1982 461 2090 501 sua
2120 447 2537 517 responsione,
2571 461 2705 517 quae
2736 445 2933 501 adhuc
2961 446 3339 515 desperanda
3374 463 3492 503 non
3522 453 3626 511 est,

1982 550 2083 606 per
2097 550 2310 590 manus
2340 534 2653 590 hominum
2681 535 3073 607 notitiamque
3089 534 3483 603 diffundijure
3502 552 3631 591 suc-

1977 630 2238 693 censeat,
2266 624 2447 697 idque
2483 625 2805 694 jactantius
2828 640 3012 696 quam
3049 626 3249 680 utilius
3286 625 3498 681 fecisse
3533 642 3629 682 me

1974 713 2220 785 judicet,
2251 714 2424 786 quasi
2476 728 2586 785 ego
2638 714 2931 784 potuerim
2975 729 3263 784 quaerere,
3313 714 3480 786 quod
3537 715 3632 770 ille

1980 818 2099 858 non
2155 802 2413 873 potuerit
2433 802 2716 867 enodare,
2749 818 2887 856 cum
2933 801 3183 857 forsitan
3207 804 3416 873 possit,
3449 803 3631 875 idque

1978 891 2125 947 dum
2151 890 2342 957 faciat,
2378 890 2846 963 exspectandum
2875 890 2947 945 sit
2968 890 3067 961 (a).
3092 893 3271 960 Magis
3302 892 3460 946 enim
3484 893 3630 957 scio,

1977 982 2143 1054 quod
2170 980 2303 1036 aliic
2328 985 2676 1051 occupatur,
2691 994 2826 1052 qum
2844 979 3092 1035 minime
3113 978 3445 1036 differenda
3474 985 3635 1053 sunt,

1979 1070 2294 1142 plurisque
2334 1069 2677 1140 pendenda.

2049 1159 2101 1213 3.
2136 1158 2306 1223 Quod
2333 1163 2394 1212 ut
2424 1163 2777 1229 tuaquoque
2800 1157 3094 1212 Sanctitas
3123 1158 3375 1223 noverit,
3395 1159 3633 1215 attende

1978 1247 2285 1320 paulisper
2313 1246 2458 1319 quid
2485 1246 2627 1301 mihi
2655 1246 2772 1302 alio
2803 1262 2965 1301 anno
2998 1262 3103 1317 per
3143 1246 3389 1302 latorem
3421 1247 3632 1320 (b),per

1976 1352 2157 1409 quem
2185 1334 2569 1407 scripseram,
2602 1341 2967 1390 remeantem
3000 1335 3315 1406 scripserit,
3344 1352 3485 1391 nam
3514 1336 3631 1393 hoc

1977 1440 2044 1482 ex
2074 1425 2202 1497 ejus
2234 1423 2485 1495 epistola
2513 1425 2570 1478 in
2591 1425 2759 1478 istam
2783 1423 3137 1495 transtuli(c)
3165 1424 3416 1489 :Incidit,
3440 1424 3633 1496 inquit

1975 1519 2178 1583 tempus
2201 1510 2606 1583 difﬁcillimum,
2647 1511 2857 1581 quando
2880 1511 3018 1565 mihi
3043 1518 3218 1565 tacere
3268 1513 3469 1567 melius
3494 1516 3625 1582 fuit,

1973 1618 2131 1673 quam
2164 1601 2341 1672 loqui:
2372 1600 2448 1654 ita
2463 1608 2520 1655 ut
2544 1606 2729 1653 nostra
2751 1599 2935 1654 studia
2956 1608 3241 1668 cessarent,
3269 1618 3333 1654 ne
3358 1600 3631 1671 (d),j-uxta

1972 1690 2229 1763 Appium,
2258 1689 2456 1743 canina
2486 1695 2830 1744 exerceretur
2874 1688 3155 1759 facundia.
3198 1688 3385 1759 Itaque
3429 1690 3632 1746 duobus

1975 1779 2170 1834 libellis
2200 1780 2333 1844 tuis,
2374 1794 2501 1849 quos
2530 1778 2740 1832 nomini
2770 1793 2877 1831 meo
2914 1777 3195 1844 dedicasti,
3237 1778 3631 1835 eruditissimis

1972 1874 2023 1923 et
2059 1868 2208 1923 omni
2236 1867 2549 1938 eloquentiae
2596 1865 2874 1937 splendore
2923 1865 3275 1936 fulgentibus,
3307 1867 3377 1921 ad
3422 1878 3632 1938 tempus

1971 1956 2287 2028 respondere
2309 1972 2414 2011 non
2441 1955 2613 2026 potui,
2646 1970 2753 2008 non
2786 1954 2928 2024 quod
2974 1954 3263 2025 quidquam
3302 1957 3361 2009 in
3389 1956 3504 2010 illis
3545 1973 3631 2011 re-

1971 2044 2405 2118 prehendendum
2441 2051 2621 2115 putem
2644 2059 2669 2108 ,'
2703 2042 2793 2097 sed
2822 2043 2948 2114 quia
2971 2044 3143 2114 juxta
3172 2043 3379 2099 beatum
3404 2046 3629 2108 Aposto-

1974 2134 2104 2199 lum,
2140 2155 2165 2186 α
2205 2133 2569 2204 Unusquisque
2594 2134 2654 2186 in
2683 2148 2777 2187 suo
2801 2148 2959 2186 sensu
2979 2131 3216 2186 abundat
3249 2134 3266 2167 ¹
3305 2133 3479 2199 ;alius
3504 2135 3621 2203 qui-

1972 2223 2088 2278 dem
2116 2224 2214 2289 sic,
2242 2223 2386 2278 alius
2414 2229 2592 2277 autem
2617 2221 2694 2276 sic
2712 2242 2734 2269 ι
2752 2222 2932 2291 (Rom.
2949 2236 3068 2286 x1v,
3086 2221 3162 2291 ες).
3180 2221 3338 2276 Certe
3354 2221 3628 2293 quidquid

1971 2313 2086 2368 dici
2111 2311 2313 2383 potuit,
2348 2318 2395 2365 et
2422 2310 2644 2366 sublimi
2674 2310 2887 2381 ingenio
2918 2309 2979 2364 de
3006 2310 3436 2381 Scripturarum
3466 2327 3626 2366 sanc-

1973 2408 2157 2457 tarum
2187 2400 2413 2455 hauriri
2438 2399 2695 2471 fontibus,
2725 2415 2758 2453 a
2790 2406 2836 2454 te
2857 2400 3096 2469 positum
3127 2406 3285 2470 atque
3332 2398 3627 2455 dissertum

1970 2498 2066 2546 est.
2088 2489 2186 2546 Sed
2212 2505 2387 2561 quaeso
2417 2488 2787 2544 Reverentiam
2819 2494 2992 2552 tuam,
3043 2505 3239 2558 parum
3279 2490 3624 2560 perpatiaris

1971 2597 2050 2635 me
2078 2587 2235 2635 tuum
2269 2579 2498 2634 laudare
2521 2578 2819 2649 ingenium.
2851 2578 2953 2632 Nos
2976 2577 3119 2632 enim
3146 2578 3291 2632 inter
3316 2593 3411 2633 nos
3441 2579 3624 2633 erudi-

1972 2668 2137 2725 tionis
2174 2683 2335 2723 causa
2379 2667 2715 2722 disserimus.
2748 2665 3019 2727 Caeterum
3047 2664 3257 2729 aemuli,
3312 2672 3362 2721 et
3392 2667 3624 2721 maxime

1971 2758 2235 2820 heretici,
2267 2757 2320 2811 si
2356 2756 2593 2810 diversas
2623 2755 2769 2809 inter
2798 2771 2892 2809 nos
2936 2754 3231 2809 sententias
3279 2755 3538 2821 viderint,
3564 2755 3626 2810 de

1967 2848 2165 2921 animi,
2192 2844 2673 2902 calumniabuntur
2698 2860 2924 2897 rancore
2944 2843 3421 2899 descendere.Mihi
3447 2851 3623 2900 autem

1968 2936 2237 2991 decretum
2265 2940 2344 2989 est
2375 2940 2422 2988 te
2442 2950 2646 3001 amare,
2670 2934 2939 3002 suscipere
2965 2938 3005 3001 ²,
3030 2933 3224 2995 colere,
3254 2933 3478 3002 mirari,
3505 2941 3622 2988 tua-

1967 3042 2065 3097 que
2093 3026 2241 3079 dicta
2265 3023 2422 3095 quasi
2436 3038 2551 3077 mea
2574 3020 2871 3091 defendere.
2902 3020 2997 3075 Cer
3010 3027 3057 3075 te
3085 3028 3132 3075 et
3159 3020 3217 3074 in
3244 3020 3453 3091 dialogo
3473 3039 3627 3091 quem

1967 3130 2142 3185 nuper
2161 3112 2311 3168 edidi
2341 3113 2433 3181 (e),
2483 3109 2855 3166 Beatitudinis
2885 3116 3012 3173 tux,
3074 3115 3135 3164 ut
3160 3108 3383 3179 dignum
3409 3109 3623 3180 fuerat,

1967 3203 2288 3261 recordatus
2326 3218 2442 3258 sum
2480 3216 2499 3256 :
2529 3200 2798 3270 magisque
2826 3197 3008 3252 demus
3060 3214 3296 3269 operam,
3347 3205 3406 3253 ut
3434 3200 3628 3269 perni-

1966 3292 2265 3350 ciosissima
2291 3290 2510 3347 haeresis
2536 3289 2596 3343 de
2628 3287 2883 3344 Ecclesiis
2922 3287 3237 3356 auferatur,
3270 3304 3388 3358 quae
3416 3304 3623 3359 semper

1965 3381 2191 3438 simulat
2217 3379 2590 3453 penitentiam
2618 3384 2677 3433 ut
2702 3376 2924 3432 docendi
2955 3377 3013 3430 in
3044 3376 3302 3431 Ecclesiis
3332 3375 3627 3437 habeatfa-

1966 3472 2262 3541 cultatem;
2287 3486 2371 3534 ne,
2397 3469 2450 3525 si
2470 3478 2663 3540 apertu
2680 3482 2739 3523 se
2751 3467 2863 3523 luce
2884 3464 3212 3537 prodiderit,
3220 3465 3373 3536 foras
3396 3465 3624 3537 expulsa

1968 3564 2266 3617 moriatur.

2039 3650 2261 3706 CAPUT
2292 3648 2361 3705 II.
2389 3678 2459 3688 —
2484 3647 2533 3701 4.
2560 3645 2760 3702 Cernis
2789 3659 3025 3715 nempe,
3054 3643 3390 3702 venerande
3423 3642 3627 3712 frater,

1968 3740 2098 3797 haec
2139 3740 2253 3794 mei
2284 3735 2623 3794 cbarissimi
2645 3734 2826 3790 verba
2855 3734 3224 3804 inquisitioni
3258 3750 3404 3789 mea:
3431 3733 3627 3789 reddi-

1968 3836 2043 3897 ta,
2080 3843 2193 3882 non
2221 3842 2356 3883 eam
2386 3839 2640 3895 negasse
2666 3824 3143 3893 responsionem,
3175 3822 3280 3876 sed
3296 3837 3622 3878 excusasse

1967 3920 2039 3974 de
2072 3925 2355 3988 tempore,
2388 3914 2555 3987 quod
2598 3913 2658 3967 in
2686 3911 2802 3968 alia
2847 3909 3047 3979 magis
3091 3910 3364 3982 urgentia
3411 3925 3621 3966 curam

2030 4093 2220 4156 ‘Apud
2245 4093 2380 4156 Aug.
2401 4093 2451 4156 et
2481 4090 2695 4156 Hieron.
2733 4089 2864 4156 locis
2898 4088 3091 4145 citatis,
3115 4089 3311 4153 legitur
3351 4088 3574 4138 abundet
3603 4096 3626 4151 ;

1969 4169 2076 4207 non
2099 4152 2174 4206 ita
2197 4152 2493 4210 commode.
2526 4153 2651 4202 licet
2671 4154 2725 4201 in
2746 4152 2925 4201 Graeco
2961 4156 3151 4201 exstet.

2030 4220 2048 4248 ³
2076 4219 2203 4268 Edd.
2222 4230 2432 4267 necnon
2449 4215 2591 4279 apud
2613 4216 2747 4279 Aug.
2782 4219 2831 4264 et
2850 4215 3355 4279 Hieron.,suspie_ere
3377 4227 3396 4274 ;
3419 4217 3472 4279 at
3489 4213 3619 4279 God.

1968 4281 2159 4338 Gottw.
2191 4281 2346 4331 lectio
2369 4277 2785 4342 Hier‘onymia‘na
2807 4278 2977 4340 magis
3009 4277 3620 4342 videtur.Suscipiendus

1968 4345 2110 4394 enim
2145 4344 2212 4393 ab
2240 4344 2459 4395 Hieron.
2484 4340 2723 4404 ,Alypius
2749 4341 2943 4388 dicitur
2978 4342 3031 4404 in
3071 4341 3224 4403 epist.
3252 4341 3308 4387 81
3346 4340 3484 4386 inter
3516 4341 3617 4404 Au-

1967 4407 2354 4470 gustinianas;
2399 4402 2617 4470 eodem:
2642 4416 2815 4470 sensu
2854 4402 3098 4451 eamdem
3161 4414 3347 4450 vocem
3393 4402 3619 4463 usurpat

1970 4467 2409 4533 lugustsepistt.
2446 4468 2523 4522 36,
2559 4467 2636 4533 35,
2668 4467 2746 4521 41,
2772 4468 2871 4533 etc.

2031 4525 2106 4600 (El
2124 4525 2330 4600 Quippe
2357 4530 2657 4600 Augustino
2694 4527 2945 4600 manebat
2976 4525 3087 4600 alta
3116 4528 3295 4600 mente
3322 4527 3615 4600 repostum,

1967 4585 2109 4657 quod
2142 4585 2189 4642 ei
2225 4585 2353 4641 olim
2395 4585 2491 4639 aiis
2527 4590 2852 4650 Hieronymo
2900 4587 3074 4636 fuerat
3113 4585 3499 4649 exprobratum
3532 4585 3615 4635 his

1968 4656 2142 4706 verbis
2166 4669 2236 4721 :_«
2269 4651 2519 4721 Nonnulli
2553 4650 2842 4721 familiares
2876 4650 2981 4721 mei
3011 4654 3064 4721 et
3088 4662 3216 4698 vasa
3240 4649 3449 4705 Christi,
3487 4662 3618 4721 quo-

1969 4736 1993 4764 «
2029 4731 2147 4767 rum
2180 4715 2529 4783 Jerosolymis
2560 4718 2611 4761 et
2650 4716 2716 4783 in.
2739 4714 2937 4783 sanctis
2967 4712 3097 4783 locis
3137 4725 3434 4783 permagna
3462 4712 3618 4783 copia

1966 4797 1992 4828 «ι
2030 4786 2126 4836 est,
2164 4773 2525 4842 suggerebant
2540 4789 2646 4825 non
2678 4775 2904 4842 simplici
2927 4773 3241 4842 a_te_animo
3272 4773 3492 4842 factum,
3523 4773 3617 4842 sed

1967 4860 1993 4892 α
2026 4838 2457 4903 ιᾶυάθιιιῖ”ο.ι(ιιιβ
2476 4838 2835 4895 ramusculoa,
2858 4841 2909 4886 et
2930 4838 3210 4903 gloriolam
3236 4838 3418 4901 populi
3446 4838 3618 4903 requi-

1968 4860 1993 4892 s
2026 4853 2262 4896 tandem.
2294 4853 2453 4903 atque
2476 4853 2835 4895 ramuscuios,
2858 4853 2909 4886 et
2930 4853 3210 4948 gnomonum
3236 4853 3418 4901 populi
3446 4853 3616 4899 requ1-

1968 4923 1994 4954 κ
2028 4909 2175 4955 rente
2197 4908 2255 4953 ut
2282 4903 2347 4952 de
2376 4902 2529 4951 nobis
2553 4914 2815 4949 cresceres
2844 4915 2854 4948 :
2892 4915 2926 4949 u
2976 4901 3129 4950 multi
3155 4903 3539 4959 cognoscerent
3564 4901 3616 4946 te

1967 4986 1991 5015 α
2028 4979 2336 5032 provocare,
2369 4965 2699 5032 instituere;
2728 4964 3129 5032 te_scribere_ut
3163 4962 3400 5032 doctum,
3430 4964 3617 5032 menta?

1966 5050 1991 5079 ι
2025 5022 2143 5081 core
2156 5034 2217 5079 ut
2237 5022 2543 5091 imperitum
2565 5042 2577 5085 ;
2601 5026 2880 5076 ettandem
2901 5027 3180 5091 reperisse,
3208 5026 3297 5091 qui
3315 5022 3614 5091 garrulitati

1966 5112 1993 5149 ς
2029 5107 2159 5143 mea:
2182 5085 2405 5141 modum
2434 5091 2750 5154 imponeret.
2784 5106 2809 5136 »
2857 5085 3012 5152 Apud
3050 5085 3431 5149 Augustinum,
3462 5085 3613 5148 epist.

1963 5157 2040 5215 72,
2064 5170 2217 5205 num.
2248 5156 2297 5202 2.

2026 5211 2094 5281 (ὁ)
2130 5219 2395 5268 Orosium.
2419 5214 2561 5281 _Vide
2596 5215 2777 5281 epistt.
2816 5212 2922 5267 166,
2956 5213 3045 5281 169
3068 5212 3126 5281 et
3162 5211 3270 5262 172.

1982 5321 1993 5327 -
2118 5282 2238 5330 Haec
2265 5284 2319 5347 et
2349 5270 2734 5347 subsequentia
2760 5289 2929 5347 usque
2960 5274 3025 5347 ad
3061 5272 3224 5322 ﬁnem
3256 5285 3405 5321 num.
3440 5272 3485 5347 3.,
3524 5270 3614 5347 lia-

1963 5334 2157 5394 behtur
2179 5342 2323 5406 apud
2347 5334 2740 5406 Hieronymum
2775 5334 2928 5406 epist.
2964 5338 3055 5394 79;
3092 5349 3301 5406 necnon
3333 5334 3479 5406 apud
3511 5337 3614 5406 Au-

1963 5397 2239 5469 gustinum
2276 5397 2744 5469 epist.‘1'_12,_num.
2778 5397 2849 5449 1':
2882 5412 3069 5449 verum
3092 5398 3233 5461 apud
3274 5398 3509 5461 priorem
3534 5397 3615 5445 in-

1964 5465 2103 5530 cipit,
2144 5482 2252 5517 non
2283 5465 2462 5515 incidit
2488 5465 2707 5530 legitur.

2024 5521 2099 5593 (dt
2132 5530 2260 5579 Ibid.
2286 5533 2366 5589 et;
2396 5521 2577 5593 male}
2605 5527 2679 5575 sic
2709 5522 2857 5593 enim
2877 5522 3185 5593 Hieronymi
3219 5535 3386 5582 mens,
3420 5521 3612 5573 oratio-

1964 5586 2333 5658 nisq'ueseries
2347 5586 2735 5658 linvertiturac
2751 5586 3025 5658 turbatur.

2024 5647 2092 5722 (ο)
2117 5656 2271 5706 Lib.3
2298 5653 2556 5706 adversus
2586 5650 2919 5714 Pelagianos,
2952 5647 3052 5700 sub
3082 5649 3269 5722 linem.
