4118 6164
463 87 563 153 931

466 225 777 293 cogeretur
790 216 1336 291 impendere.Vides
1352 213 1531 270 etiam
1546 230 1730 287 quam
1753 213 2113 270 benevolum

467 313 740 369 animum
773 324 915 377 erga
954 323 1047 362 me
1094 308 1277 375 gerat,
1327 303 1547 374 quidve
1593 309 2010 368 commoneat;
2041 318 2113 357 ne

467 401 686 456 scilicet
714 399 874 470 quod
907 398 1057 451 inter
1084 410 1213 458 nos,
1258 394 1424 449 salva
1457 393 1656 464 utique
1706 392 1996 447 charitate
2045 407 2114 447 ac

469 489 802 546 sinceritate
849 485 1142 549 amicitias,
1208 482 1558 539 eruditionis
1612 497 1798 536 causa
1836 480 2110 547 facimus,

466 577 905 634 calumnientur
931 574 1154 640 aemuli,
1185 579 1240 628 et
1263 573 1521 627 maxime
1545 570 1804 626 haaretici
1824 571 1892 624 de
1925 569 2114 625 animi

467 683 712 724 rancore
735 665 1116 720 descendere.
1140 662 1386 716 Proinde
1405 661 1449 714 si
1468 667 1786 731 utrumque
1801 675 1954 730 opus
1981 674 2114 713 nos-

469 762 645 821 trum,
673 762 725 810 et
769 754 866 809 ubi
897 767 1008 822 ego
1039 752 1338 823 inquisivi,
1363 755 1415 804 et
1441 750 1686 821 ubiipse
1719 748 1793 803 ad
1827 747 2113 820 inquisita

465 843 950 917 responderit(a),
969 840 1500 908 homineslegerint
1521 854 1533 902 ;
1554 839 1694 909 quia
1724 838 1902 893 etiam
1937 851 2112 908 opor-

465 941 542 993 tet
568 942 644 999 ut,
677 934 725 987 si
756 934 965 988 eadem
980 927 1571 1001 quaestiosecundum
1603 928 1728 997 ejus
1755 926 2111 981 sententiam

468 1024 829 1079 sufﬁcienter
870 1020 1038 1074 fuerit
1069 1018 1380 1088 explicata,
1418 1033 1511 1071 me
1567 1017 1921 1070 instructum
1981 1029 2113 1069 esse

467 1113 689 1183 gratias
716 1125 928 1180 agam;
962 1122 1082 1162 non
1118 1122 1340 1177 parvus
1381 1105 1487 1159 erit
1519 1103 1766 1168 fructus,
1817 1119 1952 1158 cum
1998 1102 2113 1157 hoc

469 1202 664 1258 exierit
698 1202 757 1254 in
779 1198 1047 1253 notitiam
1082 1196 1467 1267 plurimorum
1503 1211 1514 1248 :
1545 1198 1607 1248 ut
1640 1194 1898 1248 minores
1927 1193 2113 1248 nostri

467 1307 586 1347 non
613 1289 804 1345 solum
821 1287 1008 1341 sciant
1024 1284 1255 1356 quidde
1268 1284 1380 1338 hac
1396 1282 1675 1337 resentire
1693 1282 2112 1351 debeant,quaa

467 1380 619 1434 inter
649 1393 758 1432 nos
787 1374 1055 1444 diligenti
1087 1372 1525 1443 disceptatione
1560 1372 1831 1425 discussa
1861 1374 1951 1425 est
1978 1387 1992 1436 ;
2018 1386 2112 1426 ve-

466 1484 598 1523 rum
631 1468 806 1522 etiam
841 1466 1074 1519 discant
1098 1461 1373 1532 exemplo
1401 1466 1622 1525 nostro,
1647 1462 1764 1514 Deo
1795 1461 2110 1514 miserante

468 1562 646 1628 atque
686 1554 963 1627 propitio,
991 1550 1510 1623 quemadmodum
1547 1551 1696 1604 inter
1730 1549 2113 1604 charissimos

468 1646 698 1711 fratres,
745 1644 824 1698 ita
861 1658 975 1698 non
1007 1641 1158 1696 desit
1187 1639 1416 1694 alterna
1468 1637 1866 1709 inquisitionis
1920 1637 2110 1706 gratia

468 1733 810 1807 disputatio,
847 1739 910 1786 ut
943 1736 1142 1785 tamen
1163 1733 1402 1783 maneat
1434 1726 1717 1782 inviolata
1743 1725 2001 1781 dilectio.

537 1826 592 1878 5.
617 1824 672 1879 Si
695 1827 892 1878 autem
925 1819 1209 1889 scriptum
1246 1831 1470 1878 meum,
1505 1815 1606 1870 ubi
1642 1831 1733 1869 res
1764 1813 2111 1870 obscurissi-

468 1929 569 1969 ma
604 1909 1022 1968 tantummodo
1055 1907 1265 1976 legitur
1298 1905 1605 1976 inquisita,
1643 1904 1768 1958 sine
1803 1903 1956 1958 illius
1991 1918 2108 1957 res-

468 2003 677 2073 cripto,
709 1999 807 2054 ubi
830 1998 1074 2053 forsitan
1105 1995 1418 2066 apparebit
1451 1993 2108 2058 inventum,emanarit,

468 2092 643 2146 latius
663 2093 890 2162 pergat,
915 2085 1217 2158 perveniat
1243 2085 1418 2138 etiam
1451 2082 1528 2138 ad
1560 2081 1730 2148 illlos,
1764 2082 1866 2153 qui
1897 2097 2112 2151 compa-

466 2189 669 2245 rantes,
703 2184 760 2234 ut
791 2177 872 2233 ait
931 2176 1273 2247 Apostolus,
1314 2175 1614 2243 semetipsos
1662 2170 2112 2241 sibimetipsis(ll

471 2272 599 2326 Cor.
629 2287 680 2333 x,
702 2271 803 2336 l2),
825 2281 942 2321 non
974 2263 1444 2335 iutelliguntquo
1471 2262 1674 2317 animo
1705 2277 1740 2316 a
1771 2260 1944 2315 nobis
1987 2259 2108 2327 ﬁat,

466 2361 630 2435 quod
660 2357 771 2429 ipsi
791 2373 859 2411 eo
891 2355 1092 2410 animo
1114 2353 1306 2407 facere
1330 2351 1598 2405 nesciunt
1627 2366 1642 2417 ;
1675 2349 2111 2405 etvoluntatem

467 2465 666 2507 meam
698 2463 838 2518 erga
867 2441 1287 2499 honorandum
1317 2455 1423 2511 pro
1451 2441 1572 2492 suis
1607 2438 1954 2507 ingentibus
1988 2452 2111 2493 me-

467 2539 592 2595 ritis
619 2535 1071 2590 dilectissimum
1103 2529 1387 2590 amicum,
1414 2543 1532 2582 non
1557 2528 1708 2582 sicut
1748 2543 1882 2581 eam
1911 2526 2114 2581 vident

468 2625 714 2700 quando
744 2638 852 2677 nec
882 2621 1100 2683 vident,
1128 2618 1232 2672 sed
1271 2617 1426 2672 sicut
1456 2617 1539 2671 eis
1568 2616 1800 2671 libitum
1828 2622 1934 2681 est,
1963 2621 2019 2671 et
2039 2616 2112 2668 si-

469 2722 559 2771 cut
577 2714 717 2770 odio
738 2727 847 2766 suo
868 2710 1126 2764 dictante
1143 2707 1538 2777 suspicantur,
1575 2710 1874 2777 exponent
1902 2722 1913 2760 :
1945 2705 2109 2777 quod

468 2801 752 2876 profecto,
804 2805 1096 2872 quantum
1129 2797 1185 2852 in
1210 2795 1382 2851 nobis
1412 2800 1518 2859 est,
1543 2811 1750 2851 cavere
1791 2795 2109 2849 debemus.

538 2895 590 2946 6.
632 2891 701 2946 At
722 2890 767 2944 si
796 2887 1116 2959 fortequod
1151 2900 1254 2957 per
1282 2884 1777 2939 nosinnostecere
1806 2883 2108 2947 nolumus,

467 2982 641 3039 etiam
659 2979 855 3034 invitis
870 2975 1066 3039 nobis,
1089 2973 1428 3047 eis,quibus
1453 2973 1735 3028 nolumus
1757 2971 2105 3037 innotuerit;

468 3071 610 3143 quid
635 3068 897 3132 restabit,
923 3066 1038 3121 nisi
1076 3080 1251 3136 aequo
1282 3063 1486 3119 animo
1510 3063 1729 3118 habere
1758 3062 1988 3116 Domini
2011 3077 2111 3118 vo-

465 3160 755 3215 luntatem
779 3157 806 3211 ?
829 3159 1027 3228 Neque
1053 3155 1212 3210 enim
1234 3153 1347 3208 hoc
1373 3152 1628 3207 scribere
1651 3151 1725 3206 ad
1739 3167 2108 3223 quemquam

466 3248 768 3311 deberem,
801 3245 966 3318 quod
1008 3257 1246 3312 semper
1283 3241 1464 3296 latere
1492 3239 1833 3295 voluissem.
1862 3241 2010 3294 Nam
2039 3239 2107 3303 si,

466 3339 630 3412 quod
671 3337 842 3400 absit,
885 3335 1083 3404 aliquo
1115 3331 1207 3386 vel
1237 3347 1404 3395 casu,
1447 3329 1536 3384 vel
1564 3331 1910 3384 necessitate
1955 3345 2110 3384 nun-

465 3444 651 3500 quam
691 3424 784 3480 ille
819 3420 1181 3494 rescripserit
1222 3436 1235 3486 ;
1267 3419 1474 3491 procul
1516 3418 1702 3474 dubio
1737 3424 1948 3473 nostra
1972 3433 2111 3474 con-

467 3516 723 3583 sultatio,
756 3529 940 3585 quam
974 3511 1051 3567 ad
1091 3527 1226 3565 eum
1264 3509 1554 3573 misimus,
1584 3508 1952 3580 quandoque
1984 3525 2111 3564 ma-

472 3603 871 3659 nifestabitur.
901 3601 1015 3656 Nec
1043 3599 1261 3654 inutilis
1293 3596 1625 3667 legentibus
1655 3598 1763 3652 erit
1785 3613 1797 3652 :
1822 3597 1965 3669 quia
2001 3599 2110 3654 etsi

471 3709 588 3749 non
641 3692 740 3747 illa
770 3691 1070 3746 invenient
1098 3687 1600 3760 quas’requirunt,
1629 3685 1932 3742 invenient
1958 3692 2109 3742 certe

467 3779 986 3856 quemadmodum
1020 3778 1132 3832 sint
1161 3776 1521 3848 inquirendo
1560 3791 1668 3830 nec
1701 3781 1918 3830 temere
1945 3776 2108 3832 afﬁr-

469 3872 693 3928 manda
714 3886 847 3942 quae
874 3867 1143 3923 nesciunt
1174 3883 1191 3931 ;
1218 3871 1274 3921 et
1314 3864 1643 3920 secundum
1667 3880 1736 3920 ea
1767 3881 1900 3937 quas
1927 3866 2006 3920 ibi
2036 3865 2110 3921 le-

467 3964 675 4034 gerint,
705 3959 1013 4016 consulere
1046 3955 1516 4026 etiamipsiquos
1545 3955 2111 4026 poterint,studiosa

466 4051 772 4112 charitate,
808 4063 928 4103 non
961 4043 1334 4100 discordiosa
1373 4044 1748 4098 contentione
1782 4043 2107 4111 curabunt;

468 4141 659 4196 donec
687 4143 788 4192 aut
827 4136 884 4190 id
917 4134 1081 4205 quod
1122 4132 1330 4187 volunt
1367 4133 1682 4202 reperiant,
1724 4137 1825 4188 aut
1860 4133 1994 4203 ipsa
2025 4134 2108 4188 in-

469 4228 788 4303 quisitione
827 4225 1016 4281 aciem
1051 4221 1264 4276 mentis
1298 4225 1628 4284 exerceant,
1661 4225 1722 4275 ut
1755 4221 1998 4276 ulterius
2027 4223 2111 4277 in-

467 4317 828 4392 quirendum
887 4329 1006 4369 non
1068 4326 1199 4366 esse
1253 4314 1638 4379 cognoscant.
1701 4311 1869 4365 Nunc
1910 4318 2109 4368 tamen

468 4406 759 4482 quamdiu
781 4406 902 4475 jam
926 4399 1368 4457 consultiamici
1397 4399 1664 4454 nondum
1679 4404 1762 4455 est
1790 4399 2115 4472 desperan-

467 4499 548 4554 da
578 4494 912 4568 responsio,
944 4491 1242 4548 edendam
1288 4505 1408 4544 non
1440 4505 1571 4544 esse
1611 4489 2108 4550 consultationem

469 4593 758 4650 nostram,
793 4588 1089 4655 quantum
1114 4580 1356 4653 quidem
1380 4583 1436 4634 in
1456 4579 1628 4634 nobis
1653 4585 1758 4644 est,
1780 4588 1923 4652 puto
1947 4585 2110 4654 quod

468 4676 861 4750 persuaserim
886 4671 1184 4727 dilectioni
1219 4677 1330 4724 tuas
1355 4685 1370 4723 :
1393 4685 1577 4740 quam
1608 4675 1663 4724 et
1685 4670 1810 4741 ipse
1834 4686 1952 4726 non
1975 4688 2110 4727 eam

472 4766 664 4822 solam
698 4761 1061 4834 p0posceris,
1091 4759 1193 4814 sed
1213 4759 1308 4828 adj
1321 4764 1561 4813 unctam
1579 4760 1755 4814 etiam
1775 4760 1903 4830 ejus
1929 4776 2111 4832 quem

469 4853 761 4916 consului.
797 4850 1249 4922 responsionem
1295 4847 1396 4902 tibi
1429 4846 1862 4904 desideraveris
1911 4851 2060 4906 mitti
2096 4868 2109 4918 ;

470 4946 633 5020 quod
696 4945 894 5014 utique
941 4940 1215 5002 facerem,
1269 4936 1316 4990 si
1359 4936 1664 4992 haberem.
1711 4940 2006 5008 Siautem,
2051 4947 2114 4997 ut

469 5036 661 5094 verbis
689 5039 804 5090 tua:
841 5027 1175 5088 Sanctitatis
1206 5032 1355 5091 utar,
1383 5027 1705 5096 quasintua
1729 5028 1984 5097 epistola
2011 5046 2116 5102 po-

471 5128 656 5194 suisti,
688 5123 970 5195 sapientia:
993 5135 1125 5174 mem
1159 5115 1390 5172 lucidam
1417 5115 2113 5188 demonstrationem,quam

470 5218 605 5272 mihi
624 5233 728 5288 pro
759 5213 979 5279 merito,
1011 5215 1071 5265 ut
1095 5207 1322 5275 scribis,
1353 5207 1616 5260 viteemew
1646 5213 1844 5262 auctor
1869 5208 2012 5262 lucis
2028 5218 2114 5266 at-

471 5308 686 5370 tribuit,
720 5320 840 5359 non
873 5303 1065 5372 ipsam
1088 5298 1235 5353 dicis
1261 5295 1758 5352 consultationem
1786 5302 1839 5352 et
1865 5298 2119 5371 inquisi-

473 5396 695 5449 tionem
736 5408 956 5457 meam,
997 5389 1100 5444 sed
1133 5387 1275 5442 mihi
1298 5387 1424 5458 jam
1456 5385 1581 5457 ejus
1607 5384 1686 5439 rei
1731 5403 1916 5458 quam
1948 5405 2119 5460 quae.

474 5483 601 5548 sivi,
630 5481 969 5552 provenisse
993 5478 1396 5536 inventionem
1420 5482 1615 5548 putas,
1632 5476 1901 5548 etipsam
1921 5480 2112 5551 potius

537 5587 609 5654 ta)
647 5584 773 5634 Vide
793 5585 946 5648 epist.
983 5589 1090 5645 190,
1122 5600 1272 5636 num.
1303 5585 1384 5634 21.

1742 87 1806 145 s.
1845 75 2230 146 AUGUSTINI
2269 85 2589 148 EPISCOPI

3775 83 3880 151 982

2221 217 2439 288 poscis,
2479 221 2539 271 ut
2571 216 2842 282 mittam;
2884 215 3166 282 facerem,
3198 215 3246 271 si
3287 215 3367 273 ita
3397 221 3551 272 esset
3583 220 3647 271 ut
3675 220 3886 288 putas.

2223 308 2343 376 Ego
2378 306 2541 361 enim
2574 306 2792 372 adhuc,
2830 305 3037 374 fateor,
3080 321 3202 361 non
3234 306 3457 371 inveni,
3492 305 3893 378 quemadmo-

2219 395 2365 451 dum
2397 396 2599 450 anima
2627 401 2681 450 et
2701 401 3012 467 peccatum
3040 411 3109 450 ex
3132 395 3320 451 Adam
3338 395 3534 451 trahat
3557 395 3747 467 (unde
3777 395 3892 450 du-

2221 483 2408 539 bitare
2431 483 2518 539 fas
2547 500 2661 539 non
2695 486 2820 556 est),
2856 491 2910 540 et
2941 484 3068 556 ipsa
3103 500 3173 539 ex
3206 483 3397 539 Adam
3426 500 3545 540 non
3580 485 3884 553 trahatur;

2219 573 2381 645 quod
2417 573 2561 628 mihi
2594 572 2934 642 diligentius
2967 572 3414 644 inquirendum,
3450 590 3635 646 quam
3667 573 3886 629 incon-

2220 663 2433 717 sultius
2474 663 2864 717 asserendum
2893 667 2999 718 est.

2291 751 2527 806 CAPUT
2560 753 2650 806 Ill.
2681 783 2747 791 —
2777 758 2830 806 7.
2867 752 3094 806 Habent
3135 751 3338 806 litteras
3370 756 3508 815 tute,
3545 752 3723 806 nescio
3752 757 3881 822 quo!

2216 856 2380 905 senes,
2412 848 2461 895 et
2491 857 2524 894 a
2555 841 2725 894 doctis
2755 839 3123 895 sacerdotibus
3149 840 3428 896 institutos
3467 841 3634 902 viros,
3662 856 3793 911 quos
3817 839 3890 894 ad

2219 938 2327 985 tum
2345 931 2673 986 modicitatis
2702 931 3141 1002 intelligentiam,
3165 932 3621 1001 assertionemque
3650 931 3885 985 veritate

2212 1021 2578 1092 plenissimam
2596 1039 2844 1076 revocare
2856 1038 2959 1076 non
2972 1028 3218 1092 poteras;
3231 1038 3337 1076 nec
3353 1027 3549 1077 tamen
3567 1020 3884 1093 exprimis,

2217 1126 2502 1182 quasnam
2530 1113 2603 1166 sit
2621 1112 2844 1165 assertio
2871 1119 2963 1167 tua
2990 1111 3220 1165 veritate
3233 1111 3574 1181 plenissima,
3607 1110 3684 1167 ad
3723 1127 3883 1182 quam

2216 1215 2379 1263 senes,
2415 1206 2461 1254 et
2483 1217 2514 1253 a
2544 1198 2713 1255 doctis
2736 1198 3101 1254 sacerdotibus
3133 1199 3411 1253 institutos
3443 1199 3587 1254 viros
3630 1215 3886 1253 revocare

2217 1305 2322 1343 non
2343 1296 2574 1359 poteras.
2610 1289 2667 1345 Si
2699 1290 2858 1344 enim
2881 1289 2993 1345 hoc
3015 1288 3322 1354 tenebant,
3350 1287 3442 1343 vel
3475 1295 3678 1344 tenent
3703 1288 3764 1343 hi
3795 1305 3887 1343 se-

2218 1392 2341 1441 nes,
2377 1378 2541 1449 quod
2572 1395 2607 1434 a
2635 1378 2824 1434 doctis
2855 1377 3268 1434 sacerdotibus
3301 1382 3685 1448 acceperunt,
3727 1393 3885 1449 quo-

2221 1466 2403 1522 modo
2431 1467 2532 1521 tibi
2587 1467 2826 1532 rustica,
2860 1473 2915 1522 et
2960 1469 3160 1522 minus
3193 1467 3481 1522 instructa
3512 1466 3882 1521 clericorum

2218 1555 2394 1610 turba
2423 1557 2719 1611 molestias
2750 1554 3316 1625 generaveratinhis
3335 1555 3536 1621 rebus,
3563 1556 3624 1609 in
3651 1555 3883 1627 quibus

2219 1660 2249 1698 a
2275 1643 2442 1699 doctis
2463 1645 2825 1700 sacerdotibus
2843 1645 3030 1716 fuerat
3063 1644 3362 1699 instituta?
3401 1644 3457 1700 Si
3481 1649 3684 1698 autem
3713 1659 3888 1699 senes

2217 1732 2330 1796 isti,
2350 1733 2434 1788 vel
2451 1734 2624 1788 turba
2645 1733 2995 1788 clericorum
3018 1732 3094 1788 ab
3116 1748 3208 1797 eo,
3224 1732 3388 1804 quod
3408 1748 3441 1787 a
3464 1732 3654 1787 doctis
3681 1748 3876 1787 sacer-

2218 1820 2461 1876 dotibus
2493 1827 2820 1894 acceperat,
2856 1838 2966 1877 sua
2994 1822 3282 1892 pravitate
3309 1819 3881 1885 deviabat,illorum

2219 1910 2418 1981 potius
2450 1913 2795 1966 auctoritate
2828 1910 3015 1965 fuerat
3042 1909 3417 1978 corrigenda,
3448 1915 3502 1964 et
3533 1924 3569 1964 a
3608 1909 3878 1964 tumultu

2218 1999 2761 2054 contentiosissimo
2817 1998 3296 2070 comprimenda.
3332 1998 3442 2054 Sed
3489 2015 3698 2053 rursus
3745 2014 3884 2052 cum

2218 2086 2386 2153 dicis,
2430 2089 2496 2142 Te
2520 2089 2788 2142 novellum
2810 2087 3102 2158 rudemque
3121 2087 3385 2140 doctorem
3409 2093 3692 2141 tantorum
3708 2104 3776 2140 ac
3800 2092 3882 2139 ta-

2221 2176 2362 2231 lium
2395 2178 2760 2247 episcoporum
2787 2176 3108 2231 traditiones
3137 2176 3380 2230 timuisse
3418 2192 3800 2246 corrumpere,
3835 2183 3886 2230 et

2217 2272 2518 2319 convertere
2546 2265 2782 2319 homines
2800 2267 2853 2319 in
2869 2266 3142 2320 meliorem
3157 2271 3363 2335 partem
3376 2305 3388 2328 ,
3415 2265 3476 2319 ob
3495 2265 3884 2335 defunctorum

2219 2353 2486 2423 injuriam
2505 2353 2856 2424 formidasse;
2879 2355 3020 2426 quid
3037 2354 3148 2408 das
3166 2353 3431 2423 intelligi,
3459 2353 3758 2425 nisiquod
3778 2353 3880 2417 illi,

2218 2458 2372 2514 quos
2403 2443 2694 2512 corrigere
2717 2443 3027 2514 cupiebas,
3061 2441 3376 2497 doctorum
3402 2446 3582 2514 atque
3617 2456 3881 2511 magno-

2218 2531 2487 2602 rumjam
2513 2531 2927 2587 defunctorum
2958 2532 3379 2603 episcoporum
3400 2531 3756 2586 traditiones
3775 2546 3882 2586 no-

2218 2620 2397 2676 lendo
2427 2620 2721 2683 deserere,
2764 2620 2967 2675 novello
2995 2619 3223 2690 rudique
3255 2619 3467 2674 doctori
3497 2621 3882 2691 acquiescere

2219 2708 2616 2764 recusabant?
2638 2711 2766 2774 Qua
2794 2710 2852 2764 in
2879 2724 2941 2763 re
2961 2709 3036 2766 de
3065 2708 3177 2763 illis
3209 2708 3440 2763 interim
3477 2713 3678 2774 taceo;
3713 2713 3881 2764 tuam

2219 2814 2356 2853 vero
2387 2798 2759 2866 assertionem,
2794 2813 2981 2869 quam
3013 2797 3162 2853 dicis
3192 2813 3324 2853 esse
3363 2798 3600 2853 veritate
3626 2797 3885 2868 plenissi-

2220 2904 2358 2942 mam
2381 2888 2760 2942 vehementer
2786 2889 2934 2942 scire
2979 2886 3254 2942 desidero
3289 2905 3304 2956 ;
3355 2902 3479 2944 non
3513 2886 3714 2959 ipsam
3749 2885 3886 2942 dico

2219 2976 2594 3039 sententiam,
2629 2975 2736 3031 sed
2767 2976 2895 3045 ejus
2922 2974 3337 3032 assertionem.

2289 3066 2514 3122 CAPUT
2547 3065 2631 3120 IV.
2663 3096 2731 3104 —
2762 3067 2812 3119 8.
2849 3065 3174 3136 lmprobari
3207 3067 3366 3120 enim
3397 3065 3506 3121 abs
3533 3068 3589 3120 te
3643 3079 3754 3120 eos
3776 3067 3890 3137 qui

2218 3153 2522 3211 afﬁrmant
2546 3170 2756 3209 omnes
2779 3155 3011 3210 animas
3038 3155 3350 3209 hominum
3376 3168 3448 3209 ex
3471 3153 3573 3209 illa
3603 3168 3730 3208 una
3751 3168 3886 3224 qua:

2219 3243 2589 3315 protoplasto
2615 3243 2756 3299 data
2786 3249 2890 3309 est,
2925 3258 3028 3314 per
3059 3244 3517 3313 generationum
3550 3243 3886 3298 successio—

2218 3347 2358 3387 nem
2389 3333 2710 3404 propagari
2742 3338 2923 3404 atque
2955 3332 3208 3398 traduci,
3239 3331 3604 3386 sufﬁcienter
3627 3332 3883 3403 quidem

2219 3421 2278 3476 in
2305 3426 2567 3476 nostram
2594 3420 2865 3476 notitiam
2889 3420 3177 3493 protulisti
3200 3421 3334 3486 ;sed
3357 3437 3478 3492 qua
3501 3422 3736 3476 ratione
3749 3421 3885 3492 qui-

2217 3510 2403 3566 husve
2429 3511 2764 3565 divinarum
2799 3510 3239 3581 Scripturarum
3269 3509 3626 3565 testimoniis
3671 3509 3732 3564 id
3766 3509 3881 3564 fal-

2218 3615 2350 3654 sum
2381 3615 2515 3654 esse
2546 3599 2987 3664 monstraveris,
3020 3599 3158 3672 quia
3197 3605 3308 3654 tute
3341 3599 3548 3654 litteras
3580 3615 3706 3654 non
3738 3613 3880 3653 con-

2218 3689 2423 3755 tinent,
2453 3689 2597 3760 quid
2630 3689 3003 3757 ignoramus.
3037 3688 3256 3744 Deinde
3283 3688 3431 3760 quid
3457 3688 3587 3759 ipse
3621 3703 3732 3760 pro
3765 3688 3878 3742 isto

2219 3777 2383 3849 quod
2441 3777 2770 3849 improbas,
2821 3782 3046 3843 teneas,
3109 3777 3324 3847 legenti
3375 3775 3519 3832 mihi
3554 3777 3880 3849 epistolam

2219 3874 2403 3930 tuam,
2438 3873 2493 3922 et
2521 3882 2705 3939 quam
2753 3866 3037 3922 fratribus
3085 3871 3260 3922 antea
3293 3865 3787 3932 Cesareensibus,
3823 3871 3878 3921 et

2219 3973 2405 4030 quam
2433 3957 2574 4011 mihi
2607 3957 2947 4026 nuperrime
2977 3955 3262 4020 direxisti,
3296 3971 3418 4011 non
3441 3954 3754 4010 evidenter
3773 3969 3884 4026 ap-

2219 4051 2425 4118 paret;
2460 4045 2569 4100 nisi
2602 4045 2766 4116 quod
2817 4044 2989 4100 video
3023 4051 3077 4100 te
3138 4045 3398 4110 credere,
3461 4044 3614 4098 sicut
3645 4043 3878 4108 scribis,

2220 4137 2395 4191 Deum
2424 4135 2608 4206 fecisse
2658 4135 2912 4198 homines,
2946 4142 2996 4189 et
3054 4133 3258 4204 facere,
3292 4142 3342 4189 et
3373 4133 3669 4204 facturum
3722 4150 3831 4188 esse
3861 4149 3884 4198 ,'

2217 4241 2384 4296 neque
2403 4225 2615 4296 aliquid
2643 4240 2746 4278 esse
2773 4225 2832 4278 in
2853 4224 2997 4279 cretis
3021 4231 3116 4279 aut
3148 4226 3206 4278 in
3240 4227 3409 4288 terra,
3441 4223 3587 4295 quod
3617 4239 3723 4277 non
3763 4224 3882 4293 ipso

2217 4315 2517 4371 constiterit
2543 4322 2591 4369 et
2619 4321 2815 4369 constet
2836 4321 3077 4369 auctore.
3106 4316 3222 4370 Hoc
3250 4329 3393 4369 sane
3427 4313 3508 4369 ita
3535 4328 3744 4368 verum
3766 4317 3879 4376 est,

2221 4410 2285 4460 ut
2314 4405 2590 4459 dubitare
2609 4404 2745 4459 hinc
2766 4402 2964 4458 nullus
2989 4403 3222 4458 debeat.
3255 4402 3368 4458 Sed
3393 4401 3594 4456 adhuc
3623 4406 3676 4456 te
3703 4416 3884 4472 opor-

2221 4499 2298 4551 tet
2325 4494 2677 4566 exprimere,
2697 4493 2852 4548 unde
2868 4493 3292 4549 faciatanimas
3311 4491 3488 4558 Deus,
3515 4505 3672 4563 quas
3688 4505 3882 4560 negas

2221 4598 2291 4639 ex
2342 4583 2671 4654 propagine
2703 4583 2862 4639 fieri:
2921 4587 3114 4636 utrum
3144 4580 3420 4650 aliunde;
3473 4579 3601 4636 etsi
3658 4579 3737 4634 ita
3770 4586 3880 4644 est,

2220 4671 2515 4745 quidnam
2543 4671 2685 4725 illud
2719 4672 2830 4726 sit:
2859 4686 2934 4726 an
2961 4671 3208 4725 omnino
3229 4670 3298 4723 de
3320 4669 3524 4724 nihilo.
3557 4671 3706 4724 Nam
3732 4667 3882 4722 illud

2224 4759 2488 4830 Origeuis
2513 4766 2567 4814 et
2622 4758 2992 4827 Priscilliani,
3025 4759 3116 4814 vel
3150 4759 3196 4812 si
3221 4758 3326 4830 qui
3357 4757 3453 4812 alii
3497 4755 3612 4813 tale
3643 4756 3876 4828 aliquid

2222 4849 2502 4912 sentiunt,
2535 4848 2696 4920 quod
2726 4864 2831 4919 pro
2861 4848 3082 4903 meritis
3118 4849 3251 4902 vitae
3288 4845 3498 4918 prioris
3526 4850 3766 4901 terrena
3799 4851 3886 4900 at-

2223 4955 2340 5012 que
2389 4938 2664 4994 mortalia
2701 4937 3130 4994 contradantur
3155 4953 3229 4992 an
3259 4937 3275 4972 ¹
3315 4951 3591 5007 corpora,
3627 4935 3785 4990 absit
3823 4938 3887 4990 ut

2224 5028 2479 5084 sentias:
2515 5027 2650 5083 huic
2701 5028 2926 5099 quippe
2956 5025 3223 5098 opinioni
3258 5040 3503 5096 prorsus
3543 5024 3882 5096 apostolica

2223 5116 2570 5172 contradicit
2599 5116 2940 5183 auctoritas,
2973 5115 3195 5180 dicens,
3231 5114 3383 5169 Esau
3408 5117 3463 5168 et
3485 5115 3694 5179 Jacob,
3721 5119 3885 5168 ante-

2223 5219 2410 5278 quam
2441 5204 2563 5260 nati
2595 5204 2862 5268 fuissent,
2918 5203 3062 5259 nihil
3103 5207 3383 5275 operatos
3411 5201 3552 5258 boni
3609 5201 3701 5256 vel
3736 5199 3880 5255 mali

2226 5295 2500 5365 (Rom.1x,
2529 5294 2637 5364 ll).
2663 5293 2846 5364 Igitur
2876 5308 2994 5348 non
3020 5309 3088 5349 ex
3115 5291 3377 5358 toto,sed
3406 5307 3476 5346 ex
3503 5296 3672 5363 parte
3698 5289 3882 5345 nobis

2227 5390 2313 5441 est
2339 5391 2438 5440 tua
2453 5383 2528 5440 de
2556 5384 2668 5439 hac
2689 5400 2750 5439 re
2773 5389 2914 5440 nota
2926 5382 3250 5446 sententia;
3278 5379 3532 5438 assertio
3568 5396 3709 5436 vero
3722 5381 3880 5451 ejus,

2290 5587 2306 5622 ι
2338 5586 2492 5644 Edd.,
2512 5587 2569 5637 in
2590 5599 2606 5640 .‘
2629 5586 2848 5652 optime.
