4118 6164
165 183 276 243 933

168 312 234 367 id
265 313 374 372 est,
401 307 561 364 unde
579 307 869 363 doceatur
892 321 1101 362 verum
1118 319 1270 370 esse,
1299 305 1464 376 quod
1484 302 1686 370 sentis,
1711 317 1823 357 nos

165 399 413 472 penitus
451 398 614 454 latet.

242 489 294 543 9.
321 488 632 559 Propterea
649 485 979 556 petiveram
1003 483 1301 557 prioribus
1323 483 1526 539 litteris
1551 482 1698 537 meis
1719 481 1824 554 (α),

169 583 238 633 ut
259 575 542 632 Libellum
568 574 748 640 Fidei,
768 589 949 645 quem
971 579 1020 629 te
1039 573 1347 644 scripsisse
1365 587 1823 640 commemoras,

166 667 345 740 eique
367 664 569 720 nescio
590 679 772 736 quem
791 664 1199 733 presbyterum
1217 661 1526 730 fallaciter
1545 662 1828 732 subscrip-

165 757 310 813 sisse
347 752 749 825 conquereris,
795 752 937 807 mihi
989 752 1219 807 mittere
1249 751 1582 820 dignareris
1617 771 1628 815 ;
1662 751 1828 822 quod

163 846 348 900 etiam
371 858 528 898 nunc
557 846 714 914 peto,
743 845 798 896 et
818 841 959 912 quid
987 839 1466 896 testimoniorum
1487 839 1827 895 divinorum

163 934 309 990 huic
339 930 656 1006 qumstioni
689 929 1028 986 reserandae
1059 928 1341 984 adhibere
1371 928 1636 999 potuisti.
1672 929 1827 984 Dicis

165 1024 333 1080 enim
365 1023 424 1077 in
466 1020 719 1093 epistola
754 1018 832 1074 ad
873 1020 1278 1074 Ctesareenses
1313 1019 1612 1086 placuisse
1646 1020 1827 1083 vobis,

167 1119 239 1169 ut
282 1126 508 1168 omnem
541 1110 802 1166 veritatis
834 1107 908 1164 ad
935 1107 1362 1177 probationem,
1409 1107 1583 1163 etiam
1606 1108 1830 1179 judices

169 1202 586 1272 cognoscerent
615 1198 947 1261 szculares,
971 1196 1179 1267 quibus
1203 1211 1278 1251 ex
1303 1199 1602 1252 communi
1626 1198 1836 1266 depre-

170 1291 406 1348 catione
417 1286 825 1350 residentibus,
841 1291 892 1341 et
910 1285 987 1338 ad
995 1285 1164 1354 ﬁdem
1182 1284 1456 1341 universa
1480 1285 1833 1342 rimantibus

172 1380 240 1437 id
263 1377 578 1440 Divinitas,
610 1382 672 1430 ut
697 1375 930 1440 scribis,
957 1374 1374 1430 misericordia
1394 1389 1514 1430 sum
1534 1375 1836 1445 infusione

177 1469 401 1539 largita
426 1472 542 1530 est;
563 1470 628 1520 ut
652 1466 936 1534 maiorem
961 1462 1424 1532 afﬁrmationem
1445 1478 1556 1531 pro
1577 1465 1698 1520 suis
1710 1479 1838 1521 sen-

177 1557 336 1614 sibus
352 1555 854 1624 assertionemque
869 1553 1234 1621 proferrent,
1258 1567 1435 1622 quam
1463 1560 1658 1609 vestra
1677 1555 1836 1612 circa

177 1661 271 1703 eos
301 1643 673 1701 mediocritas
694 1657 827 1698 cum
850 1642 1178 1711 ingentium
1208 1639 1674 1699 testimoniorum
1706 1659 1840 1700 auc-

176 1734 518 1792 toritatibus
550 1731 898 1788 retentabat.
934 1733 1047 1786 Has
1078 1746 1220 1800 ergo
1251 1731 1721 1790 testimoniorum
1749 1735 1842 1791 in.

173 1825 442 1896 gentium
475 1822 849 1879 auctoritates
881 1819 1101 1889 ingenti
1136 1819 1334 1875 studio
1363 1821 1509 1875 scire
1537 1821 1837 1880 desidero.

255 1917 340 1968 10.
372 1911 571 1969 Solam
594 1911 818 1982 quippe
843 1923 1026 1964 unam
1049 1922 1294 1964 causam
1329 1908 1547 1964 videris
1579 1918 1839 1977 secutus,

178 2017 306 2076 qua
321 1998 792 2057 contradictores
817 2003 950 2053 tuos
965 1995 1291 2061 refelleres;
1313 1997 1475 2068 quod
1498 1999 1719 2056 scilicet
1738 2016 1839 2056 ne-

181 2095 393 2162 garent
418 2104 548 2144 esse
575 2103 729 2160 opus
758 2087 855 2142 Dei
878 2085 1112 2142 animas
1136 2091 1395 2142 nostras.
1425 2088 1595 2152 Quod
1628 2089 1676 2143 si
1707 2105 1842 2145 sen-

180 2181 356 2246 tiunt,
403 2177 612 2234 merito
645 2191 854 2232 eorum
882 2174 1170 2230 sententia
1189 2173 1496 2246 judicatur
1526 2193 1649 2232 esse
1675 2178 1844 2234 dam-

181 2268 410 2326 nanda.
455 2270 604 2324 Nam
645 2265 760 2321 hoc
798 2265 845 2318 si
886 2263 960 2318 de
991 2263 1135 2335 ipsis
1174 2264 1527 2335 corporibus
1558 2265 1841 2333 dicerent,

184 2356 396 2431 procul
434 2355 621 2411 dubio
657 2353 893 2408 fuerant
936 2351 1319 2421 emendandi,
1359 2353 1451 2408 vel
1486 2354 1838 2411 detestandi.

187 2445 329 2512 Quis
351 2445 510 2500 enim
531 2443 894 2498 Christianus
915 2445 1108 2512 neget,
1127 2455 1308 2512 opera
1335 2441 1430 2496 Dei
1449 2459 1574 2497 esse
1589 2460 1843 2516 corpora

186 2533 560 2604 singulorum
580 2546 962 2604 quorumque
981 2530 1358 2585 nascentium
1377 2530 1405 2584 ?
1423 2547 1530 2587 nec
1554 2537 1752 2590 tamen
1773 2551 1844 2591 ea

184 2627 505 2697 propterea
543 2635 838 2690 negamus
867 2635 902 2674 a
928 2617 1274 2690 parentibus
1306 2619 1489 2691 gigni,
1523 2622 1665 2692 quia
1695 2622 1843 2679 fate-

184 2727 324 2769 mur
351 2710 638 2766 divinitus
668 2708 837 2777 ﬁngi.
867 2706 1121 2773 Quando
1152 2723 1291 2778 ergo
1317 2708 1532 2764 dicitur
1558 2711 1640 2765 sic
1667 2713 1843 2768 etiam

185 2802 529 2860 animarum
555 2803 891 2855 nostrarum
923 2797 1275 2869 incorporea
1317 2799 1599 2870 quaedam
1631 2802 1720 2857 sui
1751 2818 1847 2873 ge-

186 2891 342 2946 neris
359 2890 612 2957 semina,
640 2891 696 2943 et
716 2903 752 2942 a
777 2885 1124 2959 parentibus
1152 2886 1323 2952 trahi,
1353 2893 1410 2942 et
1433 2892 1635 2944 tamen
1659 2906 1730 2945 ex
1761 2890 1847 2947 eis

185 2979 424 3036 animas
464 2977 564 3033 Dei
603 2991 781 3048 opere
815 2974 942 3030 ﬁeri
978 2990 991 3040 ;
1033 2973 1108 3029 ad
1155 2975 1268 3030 hoc
1306 2975 1686 3034 refutandum
1727 2994 1847 3034 non

184 3067 457 3123 humana
503 3066 869 3137 conjectura,
922 3063 1027 3120 sed
1069 3063 1274 3120 divina
1330 3065 1632 3137 Scriptura
1685 3069 1848 3124 testis

183 3156 533 3213 adhibenda
553 3161 659 3211 est.
679 3157 824 3210 Nam
847 3153 921 3209 de
945 3153 1166 3208 sanctis
1187 3154 1369 3209 Libris
1386 3156 1688 3212 cauonicm
1713 3173 1849 3213 auc-

187 3245 440 3302 toritatis
467 3244 658 3316 potuit
688 3241 864 3298 nobis
899 3242 1379 3298 testimoniorum
1412 3249 1724 3316 suppetere
1756 3261 1852 3301 co-

186 3334 311 3408 pia,
334 3349 456 3406 qua
475 3331 763 3404 probatur
781 3331 936 3386 Deus
961 3331 1196 3386 animas
1219 3331 1442 3398 facere;
1467 3333 1570 3388 sed
1595 3334 1853 3391 testimo-

187 3423 305 3479 niis
333 3421 551 3477 talibus
573 3422 608 3476 ii
640 3420 1104 3489 redarguuntur,
1126 3420 1228 3492 qui
1256 3435 1442 3492 opera
1465 3421 1562 3477 Dei
1587 3437 1714 3478 esse
1738 3423 1853 3478 sin-

189 3511 365 3582 gulas
408 3525 681 3583 quasque
713 3509 948 3566 animas
987 3508 1047 3564 in
1087 3508 1437 3566 hominibus
1467 3513 1853 3568 nascentibus

189 3605 418 3672 negant
447 3615 462 3666 ;
494 3615 615 3655 non
647 3598 687 3653 ii
711 3598 815 3671 qui
843 3600 956 3653 hoc
978 3596 1252 3664 fatentur,
1281 3604 1336 3654 et
1357 3605 1558 3656 tamen
1577 3616 1679 3657 eas
1703 3603 1851 3657 sicut

191 3705 446 3761 corpora
479 3690 596 3745 Deo
625 3689 872 3760 quidem
903 3693 1188 3758 operante
1219 3687 1484 3754 formari,
1519 3690 1621 3745 sed
1655 3707 1723 3746 ex
1753 3707 1853 3762 pa-

191 3785 432 3838 rentum
453 3777 905 3851 prapagatione,
929 3777 1313 3831 contendunt.
1342 3778 1427 3832 Ad
1454 3779 1567 3833 hos
1592 3779 1854 3835 refellen-

193 3870 308 3926 dos
351 3867 455 3923 tibi
489 3867 691 3922 divina
734 3865 1068 3920 testimonia
1105 3871 1266 3921 certa
1300 3867 1627 3938 qumrenda
1668 3874 1805 3924 sunt
1839 3891 1850 3936 ;

196 3963 302 4016 aut
327 3959 375 4012 si
400 3958 528 4028 jam
551 3954 843 4019 invenisti,
868 3954 1042 4010 nobis
1072 3955 1175 4026 qui
1199 3956 1468 4011 nondum
1494 3957 1852 4026 invenimus,

195 4065 337 4106 cum
378 4047 839 4119 impensissime,
867 4049 1162 4116 quantum
1195 4059 1544 4115 possumus,
1595 4047 1858 4121 inquira-

197 4153 357 4201 mus,
391 4141 601 4191 mutua
631 4134 946 4190 dilectione
977 4133 1285 4188 mittenda.

273 4224 498 4280 CAPUT
539 4225 604 4279 V.
640 4253 703 4264 —
743 4224 826 4277 tt.
859 4223 981 4277 Tua
1009 4222 1236 4294 quippe
1271 4223 1625 4280 consultatio
1666 4225 1859 4281 brevis

201 4319 383 4386 atque
412 4319 715 4385 postrema
744 4311 802 4366 in
836 4310 1037 4366 litteris
1067 4326 1220 4382 quas
1251 4311 1322 4366 ad
1353 4311 1560 4368 fratres
1607 4315 1858 4370 Caesare-

195 4419 376 4460 enses
405 4401 485 4473 (b)
520 4400 749 4466 misisti,
770 4401 851 4455 ita
876 4415 938 4454 se
961 4399 1140 4455 habet
1167 4414 1179 4451 :
1204 4400 1430 4481 Exora,
1447 4402 1662 4476 inquit,
1687 4411 1748 4458 ut
1772 4419 1862 4460 me

199 4494 394 4562 ﬁlium
415 4498 665 4547 vestrum
703 4497 883 4561 atque
927 4488 1306 4557 discipulum,
1341 4498 1393 4546 et
1430 4492 1511 4546 ad
1541 4493 1667 4548 haec
1711 4509 1864 4563 mys-

202 4581 358 4640 teria
397 4595 591 4649 nuper
633 4580 1015 4649 proximeque
1057 4580 1174 4633 Deo
1204 4582 1456 4647 juvante
1512 4583 1863 4645 venientem,

203 4686 328 4744 qua
349 4670 561 4726 debetis
586 4675 638 4724 et
661 4667 908 4738 dignum
937 4675 1036 4732 est,
1066 4675 1120 4722 et
1152 4684 1265 4738 qua
1284 4670 1606 4736 prudentes
1627 4687 1860 4740 respon-

204 4761 348 4817 dere
397 4760 670 4814 convenit
707 4757 1056 4822 sacerdotes,
1095 4757 1524 4825 informatione
1560 4760 1815 4816 doceatis
1847 4777 1866 4816 :

205 4855 410 4904 utrum
427 4846 615 4917 magis
632 4846 745 4902 illa
760 4846 834 4900 sit
863 4847 1111 4902 tenenda
1130 4847 1416 4902 sententia
1434 4863 1564 4919 quae
1603 4850 1864 4905 animam

205 4937 353 4994 dicit
403 4951 524 4993 esse
566 4936 638 4992 de
687 4935 953 5000 traduce,
987 4939 1040 4991 et
1083 4951 1191 5003 per
1219 4936 1508 4992 occultam
1543 4940 1865 5009 quamdam

203 5027 498 5096 originem
528 5025 904 5096 ordinemque
930 5028 1214 5080 secretum
1249 5025 1308 5079 in
1351 5042 1521 5082 omne
1562 5028 1867 5084 hominum

203 5132 389 5190 genus
416 5119 659 5171 caeteras
689 5113 922 5170 animas
943 5128 1017 5170 ex
1044 5114 1191 5170 Adae
1218 5117 1572 5185 protoplasti
1601 5121 1870 5188 trans/u-

274 5261 346 5320 (ι)
379 5257 544 5322 Epist.
577 5258 685 5322 190,
719 5270 778 5322 n.
798 5257 877 5305 20.

272 5319 346 5384 (b)
364 5319 603 5384 Ciésarea
621 5320 947 5384 Mauritaniae
966 5319 1312 5384 Cmsareensis
1328 5322 1455 5371 urbs
1485 5324 1870 5374 nobilior.Plin.

208 5385 346 5434 Hist.
378 5387 489 5433 nat.
519 5383 558 5431 Ι.
595 5385 639 5438 5,
664 5395 709 5430 c.
742 5384 800 5430 2:
831 5383 938 5445 «Op

211 5467 238 5495 ι
274 5459 367 5496 rea
395 5451 553 5496 antea
589 5445 873 5494 vocitatum
915 5445 1016 5502 Jol,
1045 5445 1200 5494 Jubm
1233 5449 1397 5502 regia,
1434 5461 1466 5496 a
1497 5449 1618 5499 divo
1653 5451 1874 5501 Claudio

212 5528 238 5558 ι
275 5509 624 5570 coloniaejure
637 5507 852 5563 donata,
867 5507 1269 5570 ejusdemjussu
1283 5507 1525 5558 deductis
1540 5515 1821 5561 veteranis.
1849 5530 1874 5560 ›

213 5573 392 5638 Etiam
421 5585 564 5638 num_
577 5575 821 5633 superest
845 5571 944 5638 sub
963 5572 1426 5638 _Algerii_nomine,
1452 5575 1527 5622 uti
1550 5576 1873 5638 quibusdam

213 5636 390 5700 placet
408 5638 517 5685 :ast
533 5635 762 5700 season.
783 5633 1005 5684 celebris
1026 5633 1204 5684 seculi
1217 5637 1460 5698 proxime
1477 5633 1730 5700 praiteriti
1749 5641 1878 5690 Geo-

213 5695 476 5769 graphus,
501 5695 817 5760 refragatur.

1388 165 1897 234 EPISTOLARUM
1926 171 2217 236 CLASSIS
2243 174 2345 232 Ill.

943 5383 1128 5445 pidum
1164 5384 1234 5432 ibi
1272 5386 1677 5435 celeberrimum
1708 5389 1876 5437 Cassa-

3475 179 3582 242 934

1936 301 2096 357 sione
2125 303 2378 369 deﬂuere
2404 316 2428 366 ,'
2451 315 2529 356 an
2551 301 2750 370 potius
2780 316 2868 370 ea,
2902 319 3078 374 quam
3136 323 3326 364 omnes
3361 311 3586 380 fratres

1939 391 2135 458 vestri,
2159 398 2210 446 et
2235 390 2563 446 sacerdotes
2579 389 2672 445 hic
2692 391 2866 460 positi
2893 393 3140 450 retinent
3163 404 3209 449 et
3232 400 3540 467 afﬁrmant
3567 419 3578 456 :

1937 480 2207 548 eligenda
2264 479 2541 546 deﬁnitio,
2596 481 3026 553 credulitasque
3074 487 3398 551 retinenda,
3454 506 3585 560 quae

1938 569 2122 624 Deum
2165 575 2452 624 auctorem
2503 570 2898 626 universarum
2937 588 3150 639 rerum,
3185 575 3587 649 hominumque

1939 660 2282 711 cunctorum
2297 662 2346 711 et
2360 657 2430 726 fu
2440 656 2623 721 isse,et
2637 665 2834 725 esse,et
2841 660 2939 727 fut
2948 677 3120 717 urum
3137 679 3252 718 esse
3267 670 3521 722 testatur
3537 673 3588 724 et

1939 746 2146 802 credit.
2168 747 2382 800 Horum
2409 745 2585 814 igitur
2601 746 2859 800 duorum
2879 765 3009 818 quae
3031 752 3350 808 consulens
3376 771 3591 827 propo-

1939 835 2132 899 suisti,
2166 834 2256 889 vis
2287 839 2348 889 ut
2373 835 2646 905 eligatur,
2666 835 2888 907 tibique
2908 841 3340 910 respondeatur
3372 844 3592 900 alteru-

1941 927 2098 979 trum
2134 943 2145 993 ;
2178 924 2342 995 quod
2377 924 2498 978 ﬁeri
2543 923 2783 979 deberet
2822 925 2900 981 ab
2932 926 3277 997 scientibus,
3316 931 3360 985 si
3395 940 3592 991 essent

1938 1017 2091 1072 inter
2121 1029 2182 1068 se
2213 1013 2332 1068 duo
2360 1013 2469 1068 ista
2495 1013 2792 1069 contraria
2827 1021 2903 1078 ut,
2934 1015 3116 1072 altero
3148 1018 3352 1084 electo,
3387 1037 3595 1078 conse«

1940 1108 2189 1177 quenter
2221 1107 2374 1157 esset
2412 1101 2662 1157 alterum
2701 1106 3128 1174 respuendum.

2023 1198 2100 1249 l2.
2119 1195 2282 1249 Nunc
2296 1196 2518 1259 autem,
2534 1191 2893 1263 siquispiam
2909 1211 3027 1250 non
3042 1196 3291 1252 alterum
3307 1215 3336 1253 e
3357 1199 3593 1256 duobus

1942 1285 2035 1342 his
2066 1283 2266 1354 eligat,
2303 1282 2406 1336 sed
2449 1288 2768 1354 utrumque
2803 1299 3009 1339 verum
3044 1301 3177 1341 esse
3208 1291 3593 1360 respondeat,

1946 1373 2006 1429 id
2025 1377 2129 1439 est,
2165 1378 2220 1427 et
2246 1373 2303 1426 in
2330 1387 2508 1427 omne
2533 1371 2849 1427 hominum
2876 1387 3066 1441 genus
3093 1383 3333 1432 caeteras
3364 1379 3596 1435 animas

1947 1476 2019 1519 ex
2040 1462 2179 1517 Ade:
2203 1459 2548 1532 protOplasti
2577 1461 2974 1517 transfusione
3004 1463 3282 1530 deﬂuere,
3311 1473 3365 1522 et
3392 1467 3598 1524 nihilo-

1947 1552 2148 1608 minus
2182 1552 2364 1604 Deum
2393 1556 2696 1604 auctorem
2720 1549 3132 1607 universarum
3160 1570 3378 1618 rerum,
3409 1557 3598 1611 homi-

1948 1656 2215 1712 numque
2247 1642 2597 1693 cunctorum
2631 1643 2686 1693 et
2715 1638 2914 1703 fuisse,
2950 1646 3004 1695 et
3043 1658 3192 1706 esse,
3237 1647 3292 1697 et
3331 1644 3597 1699 futurum

1949 1746 2083 1785 esse
2124 1729 2327 1784 credat
2371 1733 2428 1782 et
2457 1726 2616 1784 dicat
2647 1747 2659 1795 ;
2694 1728 2840 1799 quid
2883 1728 3024 1784 huic
3065 1732 3599 1788 contradicendum

1949 1834 2077 1875 esse
2110 1819 2368 1874 censes?
2398 1817 2844 1890 Numquidnam
2886 1819 3095 1874 dicturi
3135 1838 3343 1876 sumus
3379 1838 3388 1875 :
3427 1824 3480 1878 Si
3532 1839 3602 1879 ex

1951 1907 2295 1981 parentibus
2317 1907 2531 1961 animae
2548 1911 2975 1977 propagantur,
2997 1925 3116 1964 non
3137 1916 3219 1964 est
3234 1913 3384 1965 Deus
3400 1920 3604 1967 auctor

1949 1999 2218 2054 omnium
2260 2011 2478 2058 rerum,
2513 1995 2650 2066 quia
2684 2011 2804 2050 non
2848 1995 2984 2052 facit
3029 1995 3262 2053 animas
3291 1999 3320 2051 ?
3346 2002 3604 2071 Respon-

1949 2087 2184 2144 debitur
2224 2084 2381 2140 enim
2411 2084 2455 2137 si
2489 2083 2603 2139 hoc
2633 2084 2958 2140 dixerimus
2995 2103 3007 2138 :
3045 2086 3194 2156 Ergo
3225 2089 3367 2159 quia
3396 2105 3605 2160 corpo-

1951 2193 2018 2232 ra
2047 2191 2114 2231 ex
2147 2173 2493 2245 parentibus
2523 2178 2952 2243 propagantur,
2987 2190 3109 2230 non
3152 2180 3238 2232 est
3279 2177 3432 2233 Deus
3466 2193 3604 2232 auc-

1952 2264 2041 2321 tor
2065 2264 2336 2320 omnium
2357 2277 2573 2325 rerum,
2602 2262 2650 2315 si
2673 2268 2912 2332 propter
2926 2265 3038 2318 hoc
3061 2264 3351 2320 dicendus
3367 2271 3456 2320 est
3481 2282 3603 2322 non

1951 2354 2143 2409 facere
2170 2366 2441 2422 corpora.
2472 2349 2614 2414 Quis
2637 2354 2839 2405 autem
2865 2359 3038 2420 neget
3064 2359 3367 2409 auctorem
3397 2354 3608 2409 huma-

1951 2457 2166 2500 norum
2197 2439 2470 2496 omnium
2502 2454 2822 2510 corporum
2856 2442 3063 2505 Deum,
3110 2441 3214 2496 sed
3253 2442 3409 2498 illius
3448 2442 3607 2497 dicat

1953 2531 2155 2595 solius,
2175 2529 2336 2601 quod
2362 2527 2436 2582 de
2459 2533 2611 2582 terra
2637 2528 2908 2598 primitus
2932 2528 3116 2594 finxit,
3144 2537 3410 2586 autcerte
3429 2532 3606 2587 etiam

1954 2619 2226 2691 conjugis
2253 2617 2436 2688 ipsius
2472 2636 2483 2683 ;
2512 2617 2656 2688 quia
2686 2620 2743 2670 et
2771 2616 2964 2688 ipsam
2999 2619 3071 2674 de
3109 2619 3288 2675 latere
3320 2620 3449 2691 ejus
3484 2621 3609 2690 ipse

1954 2707 2233 2766 formavit
2257 2724 2269 2772 ;
2292 2722 2410 2762 non
2425 2713 2623 2762 autem
2648 2707 2826 2762 etiam
2850 2712 3185 2764 exterorum
3210 2726 3222 2774 ;
3244 2709 3384 2780 quia
3405 2725 3474 2764 ex
3497 2709 3610 2763 illis

1955 2805 2167 2854 caetera
2182 2796 2493 2851 hominum
2509 2811 2760 2866 corpora
2771 2795 3091 2853 deﬂuxisse
3107 2813 3323 2868 negare
3339 2814 3457 2854 non
3474 2814 3612 2869 pos-

1957 2903 2168 2943 sumus
2191 2887 2220 2942 ?

2027 2977 2251 3033 CAPUT
2283 2977 2372 3030 Vl.
2415 3003 2475 3015 —
2503 2974 2588 3028 l3.
2619 2975 2697 3028 Ac
2727 2990 2830 3045 per
2857 2977 2989 3040 hoc,
3027 2975 3096 3040 si,
3129 2975 3422 3031 adversus
3454 2991 3609 3047 quos

1955 3067 2058 3123 tibi
2084 3070 2171 3121 est
2197 3064 2256 3119 in
2289 3063 2400 3119 hac
2427 3063 2758 3136 quaestione
2790 3062 3121 3128 conﬂictus,
3157 3065 3240 3119 sic
3266 3067 3614 3120 asseverant

1957 3158 2296 3212 animarum
2325 3169 2394 3207 ex
2427 3152 2580 3207 illius
2606 3153 2780 3207 unius
2807 3153 3171 3208 derivatione
3193 3154 3610 3225 propaginem,

1960 3253 2021 3300 ut
2054 3261 2154 3299 eas
2181 3244 2308 3315 jam
2339 3242 2524 3297 Deum
2573 3246 2790 3314 negent
2821 3241 3034 3309 facere,
3077 3247 3256 3314 atque
3305 3241 3564 3298 formare
3599 3256 3612 3306 ;

1956 3334 2244 3390 instaneis
2283 3331 2736 3401 redarguendis,
2770 3331 3216 3398 convincendis,
3249 3330 3616 3402 corrigendis

1957 3430 2275 3496 quantum,
2311 3421 2562 3477 Domino
2591 3421 2939 3491 adjuvante,
2984 3422 3266 3493 potueris.
3307 3421 3363 3476 Si
3411 3425 3611 3476 autem

1959 3514 2124 3569 initia
2149 3512 2432 3585 quaedam
2455 3526 2524 3565 ex
2547 3510 2645 3565 illo
2670 3526 2789 3566 uno
2817 3515 2871 3566 et
2901 3511 3183 3583 deinceps
3209 3527 3244 3566 a
3264 3510 3618 3584 parentibus

1961 3601 2196 3667 attrahi,
2240 3606 2297 3656 et
2329 3605 2525 3655 tamen
2571 3599 2837 3670 singulas
2877 3600 2936 3654 in
2977 3599 3326 3655 hominibus
3368 3598 3616 3669 singulis

1960 3692 2263 3748 afﬁrmant
2290 3691 2365 3744 ab
2391 3695 2630 3745 auctore
2658 3689 2930 3743 omnium
2953 3705 3154 3745 rerum
3187 3693 3305 3744 Deo
3327 3689 3513 3745 creari
3541 3693 3622 3744 at-

1959 3797 2071 3854 que
2086 3779 2396 3850 formari;q
2407 3777 2503 3832 uid
2522 3778 2606 3832 eis
2619 3777 3416 3850 respondeatur,iuquire,de
3431 3778 3620 3848 Scrip-

1961 3871 2104 3927 turis
2126 3868 2388 3923 maxime
2420 3867 2661 3931 sanctis,
2686 3866 2850 3938 quod
2887 3883 3006 3922 non
3042 3868 3114 3922 sit
3145 3867 3498 3936 ambiguum
3533 3860 3621 3937 (α)

1960 3975 2070 4014 nec
2119 3957 2284 4013 aliter
2322 3955 2513 4028 possit
2559 3955 2822 4025 intelligi.
2870 3961 2981 4011 Aut
3007 3956 3206 4026 sijam
3233 3956 3533 4020 invenisti,
3563 3959 3623 4009 ut

1962 4048 2238 4119 superius
2259 4045 2573 4117 postulavi,
2589 4045 2777 4114 dirige
2791 4051 2846 4101 et
2861 4045 3050 4100 nobis.
3070 4045 3240 4112 Quod
3255 4046 3301 4100 si
3329 4051 3380 4100 te
3397 4044 3619 4109 adhuc,

1965 4137 2116 4193 sicut
2148 4153 2260 4202 me,
2295 4136 2434 4190 latet
2460 4154 2475 4205 ;
2500 4135 2654 4190 insta
2669 4135 2916 4206 quidem
2945 4136 3231 4190 omnibus
3262 4135 3488 4190 viribus
3517 4150 3620 4190 eos

1963 4225 2293 4290 confutare,
2321 4226 2424 4297 qui
2454 4225 2660 4280 dicunt
2688 4228 2920 4281 animas
2953 4242 3071 4281 non
3102 4241 3177 4282 e1:
3207 4240 3376 4294 opere
3397 4225 3620 4289 divino,

1964 4317 2130 4388 quod
2160 4331 2262 4370 eos
2292 4314 2490 4370 dixisti
2521 4316 2579 4368 in
2611 4314 2864 4386 epistola
2897 4321 2994 4370 tua
3030 4315 3223 4386 prima
3255 4315 3411 4369 inter
3439 4328 3624 4368 secre~

1969 4405 2140 4460 tiores
2176 4403 2415 4472 fabulas
2459 4418 2883 4467 murmurasse,
2923 4403 3141 4457 deinde
3175 4409 3422 4471 propter
3460 4404 3617 4457 hanc

1968 4495 2319 4550 sententiam
2359 4494 2602 4547 stultam
2648 4498 2825 4562 atque
2855 4491 3097 4560 impiam
3129 4507 3164 4546 a
3197 4497 3297 4545 tuo
3330 4491 3622 4545 consortio

1971 4587 2023 4638 et
2047 4583 2326 4637 Ecclesia
2354 4583 2591 4636 servitio
2621 4580 2916 4635 recessisse
2943 4601 2964 4650 ,-
2989 4588 3168 4652 atque
3200 4581 3487 4634 adversus
3521 4593 3622 4632 eos

1972 4671 2254 4726 omnibus
2287 4669 2482 4724 modis
2521 4669 2772 4723 defende
2822 4675 2877 4723 et
2909 4675 3088 4732 tuere,
3122 4669 3287 4740 quod
3318 4669 3377 4724 in
3409 4667 3622 4724 eadem

1972 4760 2222 4831 epistola
2253 4758 2525 4830 posuisti,
2569 4760 2747 4814 Deum
2783 4758 2990 4826 fecisse
3018 4758 3271 4822 animas,
3307 4763 3360 4814 et
3395 4759 3621 4827 facere,

1974 4855 2026 4905 et
2046 4849 2354 4917 facturum
2377 4863 2527 4912 esse;
2558 4864 2743 4918 neque
2769 4848 3005 4919 aliquid
3026 4863 3145 4904 esse
3173 4848 3235 4902 in
3257 4849 3413 4903 caelis
3441 4852 3544 4902 aut
3565 4845 3624 4899 in

1975 4946 2156 5004 terra,
2173 4939 2324 5009 quod
2346 4954 2462 4993 non
2489 4939 2611 5006 ipso
2639 4938 2964 4994 constiterit
2993 4945 3096 4994 aut
3121 4942 3340 4993 constet
3363 4941 3627 4991 auctore.

1977 5031 2095 5084 Hoc
2108 5028 2270 5082 enim
2292 5026 2366 5083 de
2388 5028 2554 5083 omni
2574 5030 2778 5084 omnio
2798 5043 3012 5100 genere
3025 5033 3308 5083 creaturae
3325 5023 3634 5078 verissime

1977 5123 2154 5189 atque
2177 5116 2502 5172 rectissime
2524 5120 2799 5184 creditur,
2829 5116 3060 5181 dicitur,
3085 5113 3440 5178 defenditur,
3470 5127 3631 5166 com-

1976 5207 2284 5279 probatur.
2325 5206 2477 5261 Deus
2525 5208 2685 5262 enim
2716 5213 2924 5263 auctor
2973 5205 3390 5260 universarum
3431 5215 3630 5255 rerum

1978 5297 2414 5367 hominumque
2461 5301 2812 5351 cunctorum
2844 5300 2900 5349 et
2928 5293 3055 5358 fuit,
3090 5298 3144 5348 et
3173 5298 3280 5357 est,
3314 5296 3370 5346 et
3402 5289 3634 5346 futurus

1981 5392 2087 5450 est,
2119 5387 2282 5458 quod
2325 5385 2383 5439 in
2415 5391 2678 5441 extrema
2721 5390 2822 5440 tua
2866 5384 2942 5440 ad
2973 5383 3363 5455 coepiscOpos
3397 5385 3632 5435 nostros

1979 5475 2301 5548 provincim
2313 5475 2704 5531 Cmsareensis
2717 5474 3150 5530 consultatione
3164 5471 3434 5546 posuisti,
3451 5475 3632 5542 atque

1985 5713 2021 5749 Π
2044 5636 2125 5748 (ἕό
2154 5635 2366 5700 Legesis
2394 5637 2484 5686 lib.
2517 5639 2546 5685 2
2577 5636 2641 5687 de
2665 5637 2852 5685 Anima
2883 5639 2936 5686 et
2969 5636 3084 5699 ejus
3127 5633 3357 5698 Origine,
3394 5645 3511 5702 cap.
3546 5631 3626 5696 ll,
3657 5689 3662 5693 η
