4118 6164
136 224 246 291 937

137 359 273 427 (Job
304 363 812 428 xxv,5,secundum
833 365 919 420 LX
928 365 1096 437 X).Ac
1117 383 1222 439 per
1245 367 1360 425 hoc
1374 370 1498 425 scio
1517 383 1590 424 ex
1604 366 1794 423 Adam

136 464 249 521 per
299 451 513 507 seriem
567 455 973 521 generationis
1007 455 1134 511 sine
1186 463 1433 528 peccato
1489 458 1793 513 neminem

137 540 337 611 nasci;
356 540 514 596 unde
528 548 584 597 et
611 543 872 614 parvulis
889 546 1286 602 necessarium
1305 554 1394 603 est
1426 563 1529 619 per
1541 546 1794 619 gratiam

134 630 608 700 regenerationis
638 632 698 687 in
731 632 958 689 Christo
985 635 1238 691 renasci.
1267 637 1402 692 Haec
1428 642 1550 692 tam
1583 634 1794 700 multa,

134 733 250 773 nec
283 734 490 789 parva,
524 720 598 774 de
624 721 788 776 initio
809 723 898 777 vel
925 723 1154 792 origine
1186 725 1530 781 animarum
1557 729 1794 780 nostra-

135 822 295 872 rum,
329 808 389 864 in
413 809 639 880 quibus
663 810 834 881 plura
858 817 998 866 sunt
1027 814 1102 868 ad
1148 829 1281 870 eam
1317 814 1626 870 scientiam
1660 828 1797 885 per-

133 898 408 962 tinentia,
425 913 560 970 quae
582 899 698 954 ﬁde
711 907 1073 966 constant,et
1095 902 1378 959 didicisse
1399 919 1494 959 me
1508 902 1792 972 gratulor,

138 990 196 1041 et
226 1001 407 1042 nosse
428 987 739 1043 conﬁrmo.
771 987 1165 1062 Quapropter,
1189 993 1235 1047 si
1258 991 1465 1048 nescio
1482 993 1542 1047 in
1567 990 1794 1062 origine

139 1076 504 1140 animarum,
541 1082 740 1132 utrum
767 1077 896 1134 illas
919 1077 1070 1134 Deus
1096 1079 1442 1137 hominibus
1475 1097 1547 1137 ex
1579 1096 1794 1153 propa-

141 1165 298 1234 gine,
332 1180 410 1220 an
429 1165 556 1220 sine
587 1167 917 1238 propagine
947 1167 1145 1237 faciat,
1163 1185 1316 1241 quas
1339 1176 1539 1226 tamen
1561 1170 1635 1226 ab
1657 1171 1792 1242 ipso

139 1252 263 1308 ﬁeri
296 1268 416 1308 non
441 1254 708 1324 ambigo,
743 1256 891 1312 scire
907 1257 1154 1328 quidem
1178 1263 1234 1314 et
1262 1259 1377 1315 hoc
1395 1259 1586 1329 magis
1611 1259 1790 1328 eligo,

141 1357 327 1413 quam
357 1343 621 1398 nescire:
652 1345 755 1400 sed
789 1346 1084 1416 quamdiu
1115 1362 1236 1403 non
1257 1363 1530 1420 possum,
1578 1349 1791 1403 melius

143 1431 280 1486 hinc
295 1431 527 1497 dubito,
547 1448 734 1505 quam
756 1434 912 1490 velut
933 1439 1161 1490 certum
1180 1436 1538 1492 conﬁrmare
1565 1436 1793 1508 aliquid

147 1519 358 1584 audeo,
401 1522 562 1592 quod
615 1520 694 1577 illi
725 1523 806 1578 rei
836 1524 912 1579 sit
939 1524 1089 1580 forte
1145 1525 1534 1594 contrarium,
1566 1525 1643 1582 de
1671 1541 1793 1598 qua

145 1607 413 1664 dubitare
435 1625 558 1664 non
584 1609 795 1667 debeo.

215 1699 298 1752 18.
331 1701 412 1754 Tu
445 1699 666 1771 itaque,
702 1700 783 1755 mi
815 1699 1182 1768 fraterbone,
1209 1702 1498 1773 quoniam
1526 1703 1792 1759 consulis

138 1802 256 1852 me,
290 1793 346 1842 et
374 1789 461 1842 vis
502 1803 686 1843 unum
717 1789 937 1845 horum
979 1789 1263 1846 deﬁniam
1298 1807 1312 1856 ;
1347 1797 1542 1848 utrum
1575 1793 1792 1848 animai

140 1882 369 1931 cetera:
398 1893 465 1932 ex
494 1877 594 1932 illo
622 1891 744 1932 uno
769 1877 1036 1946 homine,
1065 1878 1217 1934 sicut
1242 1895 1497 1951 corpora
1526 1896 1632 1952 per
1661 1896 1794 1952 pro-

138 1965 446 2036 paginem,
475 1981 553 2022 an
580 1966 710 2022 sine
748 1967 1102 2039 propagine,
1131 1968 1286 2024 sicut
1319 1969 1475 2024 illius
1532 1971 1708 2025 unius
1757 1985 1794 2026 a

137 2052 434 2119 Creatore,
465 2055 714 2124 singulis
745 2056 994 2124 singulas
1021 2056 1169 2112 ﬁant
1190 2057 1295 2126 (ab
1317 2057 1449 2129 ipso
1479 2058 1638 2114 enim
1666 2059 1791 2114 ﬁeri

139 2143 260 2198 sive
300 2143 408 2208 sic,
440 2158 546 2198 seu
569 2143 654 2198 sic
684 2158 806 2199 non
834 2146 1153 2216 negamus)
1197 2162 1209 2210 ;
1244 2151 1469 2218 patere,
1520 2153 1583 2202 ut
1615 2147 1793 2204 etiam

136 2231 261 2302 ipse
288 2231 624 2300 consulam,
652 2233 1334 2304 quomodoindeanima
1357 2236 1796 2306 peccatumori-

136 2319 413 2392 ginaliter
432 2321 648 2387 trahat,
679 2323 834 2377 unde
853 2322 1218 2392 originaliter
1236 2324 1367 2394 ipsa
1392 2339 1510 2379 non
1525 2322 1791 2378 trahitur.

137 2409 359 2464 Omnes
398 2410 557 2466 enim
590 2411 821 2466 animas
853 2427 923 2466 ex
974 2411 1168 2467 Adam
1221 2412 1456 2468 trahere
1504 2411 1795 2482 originale

138 2503 452 2570 peccatum
469 2498 741 2555 similiter
754 2515 874 2555 non
889 2515 1204 2570 negamus,
1229 2517 1302 2556 ne
1325 2501 1385 2556 in
1416 2499 1795 2572 Pelagianam

135 2587 417 2643 haeresim
447 2588 864 2644 detestabilem
890 2589 1218 2645 irruamus.
1257 2590 1315 2644 Si
1345 2590 1460 2644 hoc
1489 2589 1655 2660 quod
1686 2603 1797 2658 ego

136 2677 462 2747 interrogo,
498 2693 608 2732 nec
635 2685 696 2732 tu
727 2677 842 2732 scis
879 2695 893 2744 ;
935 2679 1062 2734 sine
1108 2694 1202 2734 me
1241 2680 1536 2750 patienter
1575 2683 1798 2733 utrum-

138 2781 261 2837 que
287 2766 538 2832 nescire,
567 2767 807 2840 etquod
840 2772 900 2823 tu
960 2768 1311 2839 interrogas,
1343 2773 1399 2822 et
1427 2767 1592 2839 quod
1637 2783 1749 2838 ego
1781 2785 1794 2823 :

139 2853 190 2908 si
221 2858 425 2910 autem
447 2854 574 2925 jam
607 2855 720 2911 scis
743 2855 908 2928 quod
940 2856 1260 2926 interrogo,
1301 2871 1441 2910 cum
1473 2856 1585 2910 hoc
1615 2857 1797 2910 etiam

143 2957 242 2997 me
269 2941 562 3009 docueris,
587 2950 727 2999 tunc
759 2949 815 3000 et
836 2945 981 3000 illud
1003 2945 1169 3017 quod
1188 2946 1272 3000 vis
1289 2951 1348 3000 ut
1373 2943 1794 3016 respondeam,

143 3031 292 3086 nihil
316 3031 398 3087 ibi
425 3032 808 3102 jamintuens
839 3035 923 3104 (a)
948 3035 1351 3105 respondebo.
1387 3037 1521 3089 Peto
1550 3048 1692 3103 ergo
1724 3049 1797 3089 ne

143 3135 526 3185 succenseas,
555 3122 699 3188 quia
726 3136 847 3177 non
871 3123 1034 3194 potui
1065 3121 1423 3177 conﬁrmare
1443 3122 1608 3194 quod
1638 3137 1799 3194 quaa-

144 3209 248 3274 ris,
273 3209 378 3264 sed
406 3209 1178 3284 potuidemonstrare,quid
1206 3226 1462 3283 quaeras;
1481 3210 1795 3281 quodcum

137 3297 462 3366 inveneris,
483 3297 842 3354 conﬁrmare
864 3314 985 3355 non
1012 3299 1249 3354 dubites
1269 3299 1432 3370 quod
1455 3299 1791 3370 quaerebas.

220 3387 304 3442 19.
339 3387 529 3442 Ethoc
541 3387 790 3460 quidem
807 3387 1118 3444 Sanctitati
1137 3394 1252 3443 ture
1269 3387 1658 3443 scribendum
1671 3388 1796 3443 exi-

140 3475 519 3546 stimavi,qui
534 3478 926 3547 propaginem
952 3477 1294 3532 animarum
1320 3478 1448 3548 jam
1475 3477 1647 3547 quasi
1675 3492 1794 3532 cer-

140 3570 238 3620 tus
262 3563 730 3636 improbandam
759 3571 957 3636 putas.
983 3568 1268 3622 Craterum
1290 3566 1338 3620 si
1371 3566 1484 3621 illis
1513 3566 1607 3636 qui
1634 3565 1791 3623 hanc

138 3658 438 3718 asserunt,
469 3653 918 3709 rescribendum
952 3654 1174 3720 fuisset,
1208 3654 1480 3710 fortassis
1519 3654 1790 3710 ostende-

139 3757 288 3805 rem.
313 3741 923 3815 quemadmodumid,
965 3743 1130 3816 quod
1171 3759 1234 3798 se
1281 3759 1463 3798 nosse
1503 3744 1793 3799 arbitran-

141 3837 256 3897 tur,
287 3832 563 3900 ignorent
594 3848 608 3896 ;
641 3837 699 3887 et
729 3846 803 3886 ne
830 3831 940 3887 hoc
973 3847 1236 3888 asserere
1265 3832 1574 3897 auderent,
1605 3847 1794 3903 quan-

142 3925 269 3978 tum
309 3919 633 3975 formidare
663 3919 970 3976 deberent.

211 4013 299 4064 20.
333 4009 488 4064 Sane
501 4008 558 4064 in
574 4008 858 4080 rescripto
885 4009 1082 4074 amici,
1097 4008 1257 4080 quod
1271 4009 1409 4064 huic
1422 4007 1688 4080 epistolae
1708 4008 1795 4064 in-

140 4098 319 4166 serui,
336 4103 478 4152 nete
506 4096 653 4153 forte
675 4098 1089 4170 moveatquod
1111 4099 1264 4154 duos
1283 4098 1467 4154 libros
1489 4113 1524 4153 a
1551 4113 1645 4153 me
1661 4097 1796 4152 mis-

141 4202 245 4244 sos
294 4187 812 4251 commemoravit,
853 4188 1077 4258 quibus
1119 4185 1486 4259 respondere
1534 4202 1792 4242 vacuum

140 4275 253 4331 sibi
287 4280 522 4347 tempus
541 4291 661 4330 non
683 4275 863 4331 fuisse
883 4276 1223 4347 respondit:
1255 4292 1410 4331 unus
1456 4280 1546 4331 est
1573 4275 1646 4330 de
1681 4275 1796 4330 hac

139 4363 491 4436 quastione,
523 4379 645 4420 non
669 4365 854 4420 ambo
893 4382 910 4435 ;
945 4364 1003 4419 in
1037 4364 1154 4421 alio
1191 4369 1395 4420 autem
1426 4364 1573 4420 illud
1601 4365 1680 4435 (ὁ)
1718 4363 1796 4420 ab

141 4452 245 4509 illo
266 4453 644 4509 consulendo
675 4453 1163 4524 etpertractando
1187 4454 1456 4526 quaesivi.
1475 4454 1646 4519 Quod
1661 4468 1797 4509 vero

136 4541 432 4599 admonet
474 4547 532 4597 et
568 4541 858 4605 hortatur,
903 4544 970 4597 ut
1016 4543 1209 4611 magis
1257 4543 1472 4598 demus
1524 4557 1795 4613 operam,

139 4635 207 4686 ut
232 4628 738 4702 perniciosissima
760 4629 1004 4686 haeresis
1039 4631 1113 4686 de
1157 4631 1428 4686 Ecclesiis
1454 4631 1795 4695 auferatur;

137 4719 308 4776 illam
320 4719 514 4791 ipsam
531 4719 910 4788 Pelagianam
924 4719 1199 4776 hasresim
1213 4719 1569 4791 dicit,qnam
1583 4717 1799 4773 cautis-

207 4864 280 4924 (a)
311 4859 477 4911 Locus
497 4860 776 4924 obscurus,
799 4875 959 4924 quem
987 4876 1049 4910 ex
1067 4861 1372 4924 conjectura
1400 4860 1473 4908 sic
1509 4859 1799 4922 legendum

207 4876 260 4917 ta
311 4876 477 4911 LOCUS
497 4876 776 4918 onscurus,
837 4876 959 4910 nem
987 4876 1049 4910 ex
1067 4876 1372 4924 conjecwra
1400 4876 1473 4908 suc
1509 4876 1675 4922 legent

140 4876 365 4993 quidam
396 4929 617 4993 censent
647 4938 666 4993 _:
689 4876 940 4993 Nihii__i'bi_
961 4923 1675 4993 janrnetuensfespondebo:

206 4987 282 5048 (ὁ)
305 4988 439 5036 Sane
469 4987 776 5048 legendum.
797 4987 941 5034 aliud
965 4984 1028 5034 ab
1056 4986 1170 5034 illo.
1204 4985 1341 5043 Quid
1375 4984 1636 5048 sitautem
1661 4984 1802 5033 istud

139 5047 310 5103 aliud,
340 5049 406 5097 ab
443 5047 558 5111 ipso
590 5050 889 5110 Augustino
937 5049 1117 5111 accipe
1151 5049 1375 5111 Retract.
1427 5047 1523 5100 lib.
1561 5048 1608 5102 2.
1642 5061 1688 5095 c.
1725 5049 1802 5095 45.

142 5129 168 5157 α
203 5111 398 5174 Scripsi
433 5110 613 5169 etiam,
642 5112 831 5174 inquit,
858 5111 991 5158 duos
1022 5110 1184 5158 libros
1206 5110 1270 5158 ad
1303 5111 1688 5174 Hieronymum
1731 5123 1807 5158 se-

141 5192 167 5220 ι
189 5172 405 5222 dentem
427 5174 482 5222 in
503 5172 805 5223 Bethlehem
821 5189 832 5228 ;
851 5187 1021 5222 unum
1035 5174 1099 5221 de
1111 5174 1324 5235 Origine
1342 5172 1555 5228 animae,
1579 5172 1807 5222 alterum

143 5255 170 5282 α
190 5235 256 5284 de
277 5237 552 5285 Sententia
569 5236 753 5285 Jacobi
774 5236 862 5284 ubi
884 5237 975 5294 ait,
1006 5235 1313 5298 Quicumque
1341 5240 1498 5285 totam
1530 5237 1687 5298 legem
1710 5249 1810 5283 scr-

143 5317 172 5347 ι
209 5313 353 5362 paver
372 5301 425 5356 it,
458 5299 676 5362 offendat
698 5303 879 5362 autem
899 5299 950 5346 in
970 5301 1272 5362 uno,jactus_
1295 5305 1362 5347 est
1393 5299 1622 5346 omnium
1659 5313 1773 5362 reus
1797 5312 1811 5354 ;

142 5379 172 5409 ι
198 5361 263 5410 de
280 5360 509 5424 utroque
523 5361 807 5411 consulens
828 5375 969 5410 eum.
1003 5360 1102 5409 Sed
1133 5361 1196 5424 in,
1222 5360 1311 5424 illo
1332 5362 1506 5423 priore
1528 5361 1816 5423 quaestion-

145 5443 173 5470 σι
198 5437 321 5473 nem
349 5423 512 5486 quam
544 5425 814 5486 proposui.
849 5425 962 5486 ipse
981 5436 1087 5486 non
1123 5423 1256 5486 solvi
1281 5424 1380 5486 ;_in
1417 5425 1708 5486 posteriore
1726 5436 1817 5471 au-

145 5505 173 5532 «
207 5489 325 5550 tem,
350 5483 478 5550 quid
511 5483 660 5534 mihf
688 5486 753 5550 de
798 5483 888 5535 illa
941 5485 1199 5550 solvenda
1235 5483 1522 5550 videretur,
1572 5485 1684 5546 ipse
1711 5498 1816 5550 non

143 5566 172 5596 ι
206 5547 471 5597 ωοιίεἐθ(1
498 5551 678 5597 utrum
723 5549 823 5597 hoc
847 5549 1171 5611 approbaret
1208 5547 1369 5611 etiam
1406 5547 1512 5602 ille,
1544 5547 1818 5611 Aeonsului.

143 5566 172 5596 ε
206 5564 471 5597 ωοιιεεθα
498 5564 678 5597 utrum
724 5564 823 5597 noc
847 5564 878 5598 a
922 5564 1171 5611 pronaret
1208 5564 1369 5595 euam
1406 5564 1512 5602 me,
1553 5564 1818 5595 consului.

143 5611 488 5673 «Rescripsit
537 5616 737 5666 autem,
788 5564 1014 5660 laugans
1079 5609 1324 5673 eamdem
1367 5609 1822 5658 consultationem

145 5692 173 5720 α
211 5671 542 5784 ωεξιωζᾱξίὺὶ
572 5677 752 5724 tamen
785 5673 853 5723 ad
888 5671 1332 5737 respondendum
1365 5673 1536 5722 otium
1575 5685 1683 5721 non
1710 5684 1825 5721 esse

147 5755 175 5784 ι
217 5751 410 5784 resnon
454 5752 466 5783 Ι
499 5773 509 5783 .
532 5755 556 5781 κ)

147 5755 175 5784 ι
217 5739 509 5800 respondit.
532 5755 556 5781 ιο

367 5843 607 5900 Parnm“
649 5842 903 5901 XXXIII.

1394 235 1893 299 EPISTOLARUM
1935 237 2226 301 CLASSIS
2268 243 2362 301 Ill.

3451 264 3556 320 938

1905 366 2052 422 sime
2076 372 2138 424 ut
2156 368 2714 444 devites,quantum
2735 385 3004 447 posSum,
3020 379 3215 452 frater,
3233 384 3557 455 admoneo,

1905 470 2043 548 cum
2081 457 2157 513 de
2186 458 2528 517 animarum
2559 463 2786 533 origine
2818 466 2940 523 sive
2983 471 3230 540 cogitas,
3286 474 3403 530 sive
3429 477 3559 548 jam

1903 543 2178 639 disputas
2214 563 2227 612 ;
2261 563 2334 603 ne
2370 549 2473 604 tibi
2526 552 2821 624 subripiat
2852 557 2933 627 (α)
2985 573 3112 614 esse
3165 543 3555 639 credendum,

1903 631 2086 688 ullam
2111 649 2358 704 prorsus
2389 639 2653 695 animam
2685 642 2802 697 nisi
2830 645 3004 700 unius
3037 648 3398 715 Mediatoris,
3436 631 3558 710 non

1904 736 1977 778 ex
2006 722 2198 778 Adam
2231 726 2460 782 trahere
2489 727 2778 798 originale
2809 740 3145 804 peccatum,
3170 743 3557 808 generatione

1903 808 2267 878 devinctum,
2297 817 2746 884 regeneratione
2769 820 3142 880 solvendum.

2371 942 2708 1001 EPISTOLA
2742 948 2892 1004 CCIII
2927 951 2946 971 '
2978 951 3086 1022 (ὁ).

1901 1065 2270 1136 Augustinus
2284 1071 2498 1140 Largo,
2516 1079 2576 1126 ut
2594 1073 2746 1130 bona
2758 1078 2966 1132 saculi
2977 1078 3156 1149 hujus
3171 1095 3327 1138 vana
3350 1098 3561 1152 exper-

1974 1160 2069 1211 tus
2110 1165 2467 1225 contemnat,
2522 1167 2700 1233 utque
2738 1179 2814 1220 ex
2858 1169 3228 1236 perpessione
3267 1174 3560 1229 malorum

1972 1245 2184 1302 melior
2211 1249 2452 1304 evadat.

1901 1360 2154 1417 Domino
2193 1362 2414 1433 insigni
2444 1369 2499 1419 et
2561 1370 3082 1437 prmstantissimo,
3123 1379 3180 1430 et
3218 1375 3561 1434 desideran-

1973 1450 2204 1507 tissimo
2226 1450 2344 1508 ﬁlio
2374 1453 2565 1510 Lmoo
2582 1456 2680 1526 (c),
2705 1462 3074 1527 Aususrmus,
3096 1463 3156 1518 in
3186 1466 3437 1523 Domino
3462 1483 3562 1524 sa-

1971 1539 2183 1596 lutem.

1973 1663 2186 1735 Accepi
2213 1663 2434 1722 litteras
2466 1667 2825 1727 Eximietatis
2848 1677 2982 1739 tuae,
3016 1676 3238 1747 quibus
3280 1695 3374 1736 me
3405 1681 3482 1736 ad
3511 1686 3563 1737 te

1901 1753 2098 1824 petisti
2133 1754 2553 1814 utscriberem.
2570 1759 2740 1824 Quod
2762 1762 3007 1832 quidem
3031 1782 3152 1822 non
3166 1767 3562 1836 desiderares,

1903 1840 2014 1895 nisi
2041 1843 2224 1898 ethoc
2237 1845 2400 1915 quod
2435 1863 2529 1903 me
2553 1864 2726 1917 posse
2751 1851 3007 1908 scribere
3031 1856 3407 1927 existimasti,
3432 1876 3565 1930 gra-

1904 1933 2029 1985 tum
2043 1930 2294 1987 haberes
2308 1936 2864 2005 atquejucundum.
2881 1940 2942 1995 ld
2965 1948 3164 2000 autem
3185 1953 3291 2012 est,
3325 1954 3385 2001 ut
3402 1965 3561 2004 vana

1905 2019 2102 2074 saeculi
2135 2020 2335 2090 hujus,
2371 2023 2417 2076 si
2441 2022 2749 2095 inexperta
2773 2032 3124 2101 concupisti,
3149 2041 3392 2106 experta
3419 2052 3564 2092 con-

1897 2111 2156 2186 temnas.
2191 2109 2391 2166 Fallax
2422 2117 2508 2167 est
2534 2112 2693 2168 enim
2727 2115 2785 2170 in
2815 2117 2900 2171 eis
2948 2122 3238 2188 suavitas,
3264 2130 3320 2179 et
3347 2124 3565 2181 infruc-

1905 2196 2318 2264 tuosuslabor,
2343 2205 2733 2272 etperpetuus
2755 2205 3011 2272 timor,et
3034 2209 3366 2280 periculosa
3385 2214 3566 2270 subli-

1905 2285 2104 2340 mitas.
2126 2287 2362 2343 Initium
2393 2288 2521 2344 sine
2548 2291 2950 2362 providentia,
2977 2297 3187 2353 etﬁnis
3212 2316 3348 2356 cum
3376 2304 3564 2374 poeni-

1906 2374 2110 2429 tentia.
2147 2375 2230 2430 Ita
2261 2392 2323 2431 se
2355 2376 2581 2433 habent
2601 2380 2806 2436 omnia
2836 2398 2972 2453 quae
3005 2385 3064 2440 in
3096 2387 3211 2443 ista
3236 2391 3563 2448 mortalita-

1906 2462 1976 2518 tis
1990 2479 2261 2520 aarumna
2283 2466 2560 2537 cupidius
2589 2484 2774 2540 quam
2800 2472 3154 2542 prudentius
3178 2485 3565 2549 appetuntur.

1905 2551 2036 2608 Alia
2073 2561 2160 2607 est
2200 2561 2398 2609 autem
2431 2571 2568 2626 spes
2596 2556 2854 2628 piorum,
2889 2560 3039 2618 alius
3062 2565 3285 2621 laboris
3316 2565 3565 2636 fructus,

1907 2640 2024 2697 alia
2055 2641 2459 2712 periculorum
2492 2660 2735 2700 merces.
2772 2649 2919 2704 Nam
2951 2652 3008 2705 in
3038 2653 3152 2708 hoc
3186 2657 3413 2711 mundo
3447 2674 3569 2714 non

1907 2731 2133 2794 timere.
2151 2746 2272 2785 non
2287 2731 2508 2796 dolere.
2528 2749 2646 2788 non
2673 2735 2964 2805 laborare,
2991 2756 3108 2796 non
3126 2743 3442 2813 periclitari
3461 2745 3572 2802 im-

1906 2817 2194 2890 possibile
2226 2825 2356 2876 est:
2394 2821 2493 2875 sed
2535 2822 2862 2892 plurimum
2904 2828 3146 2886 interest
3189 2848 3311 2903 qua
3360 2850 3567 2903 causa,

1905 2923 2028 2980 qua
2061 2910 2521 2979 exspectatione,
2547 2927 2668 2982 quo
2687 2916 2940 2971 termino
2970 2917 3082 2974 ista
3102 2920 3358 2992 quisque
3383 2925 3568 2993 patia-

1908 2999 2020 3052 tur.
2038 2995 2159 3066 Ego
2173 2997 2418 3069 quidem
2433 3014 2570 3054 cum
2585 3007 2882 3056 amatores
2898 3005 3100 3061 saeculi
3117 3008 3297 3077 hujus
3313 3010 3567 3080 intueor,

1906 3085 2108 3140 nescio
2139 3085 2387 3156 quando
2416 3087 2601 3158 possit
2620 3105 2749 3145 esse
2763 3093 2840 3147 ad
2859 3107 3066 3150 eorum
3091 3097 3325 3153 animos
3350 3115 3566 3156 sanan-

1906 3174 2016 3230 dos
2048 3181 2390 3246 opportuna
2428 3179 2720 3247 sapientia
2748 3196 2760 3232 :
2794 3184 3042 3252 quando
3088 3185 3246 3240 enim
3280 3203 3372 3242 res
3403 3186 3564 3244 velut

1889 3278 2226 3338 prosperas
2240 3264 2486 3337 habent,
2509 3267 2660 3323 fastu
2683 3277 2965 3340 respuunt
2987 3272 3255 3330 salubres
3279 3278 3559 3343 monitus,

1903 3358 1959 3408 et
1988 3353 2160 3424 quasi
2192 3352 2408 3410 anilem
2443 3363 2717 3427 reputant
2747 3360 3105 3418 cantilenam
3142 3382 3154 3432 ;
3184 3365 3430 3436 quando
3463 3383 3564 3423 au-

1902 3445 2022 3496 tem
2044 3441 2100 3496 in
2126 3441 2392 3497 adversis
2412 3451 2616 3513 agunt,
2639 3449 2829 3518 magis
2850 3451 3115 3520 cogitant
3131 3454 3379 3510 evadere
3405 3457 3562 3512 unde

1897 3529 1976 3586 ad
1995 3546 2256 3602 praisens
2284 3539 2607 3601 anguntur,
2632 3552 2816 3607 quam
2843 3554 3055 3610 capere
3075 3543 3232 3597 unde
3262 3552 3560 3611 curentur,

1898 3621 2126 3674 etunde
2141 3621 2482 3690 perveniant
2503 3623 2600 3678 ubi
2617 3623 3019 3694 angiomnino
3037 3645 3153 3685 non
3177 3633 3425 3702 possint.
3449 3634 3565 3689 Ali-

1897 3706 2145 3778 quando
2161 3714 2358 3763 tamen
2374 3710 2624 3782 quidam
2640 3714 2833 3768 cordis
2851 3730 3025 3772 aures
3041 3718 3114 3774 ad
3127 3727 3565 3796 moventatque

1898 3795 2191 3850 adhibent
2233 3798 2482 3869 veritati,
2517 3801 2707 3856 rarius
2754 3803 2905 3858 inter
2961 3822 3268 3878 prospera,
3299 3795 3561 3866 crebrius

1900 3882 2051 3938 inter
2071 3883 2323 3939 adversa
2354 3903 2366 3951 ;
2402 3888 2504 3942 sed
2538 3895 2735 3944 tamen
2756 3893 3108 3962 paucisunt,
3131 3896 3210 3951 ita
3232 3899 3389 3953 enim
3414 3915 3562 3970 prte-

1898 3971 2041 4028 dicti
2073 3979 2211 4029 sunt
2243 3993 2255 4030 :
2290 3975 2440 4031 inter
2466 3994 2618 4049 quos
2642 3986 2692 4034 te
2719 3997 2847 4037 esse
2874 3984 3074 4055 cupio,
3103 3987 3248 4058 quia
3280 3987 3563 4045 veraciter

1899 4061 2617 4135 diligo,domineinsignis
2642 4075 2695 4123 et
2714 4074 3310 4142 praestantissime,ac
3330 4076 3564 4134 deside-

1902 4151 2242 4207 rantissime
2269 4154 2370 4208 ﬁli.
2405 4156 2532 4211 Haec
2573 4157 2904 4217 admonitio
2941 4163 3041 4218 tibi
3077 4163 3149 4220 sit
3179 4182 3312 4222 mea
3343 4168 3564 4223 resalu-

1901 4239 2064 4308 tatio,
2100 4242 2242 4314 quia
2274 4244 2380 4298 etsi
2413 4250 2465 4300 te
2496 4245 2780 4319 deinceps
2811 4250 2949 4306 talia
2964 4254 3403 4326 perpetiqualia
3435 4273 3564 4328 per-

1903 4329 2105 4399 tulisti,
2138 4331 2276 4387 nolo
2312 4348 2324 4398 ;
2361 4333 2706 4404 plustamen
2726 4338 2900 4394 doleo
2923 4339 3051 4396 haec
3082 4343 3212 4413 ipsa
3238 4350 3287 4398 te
3321 4344 3444 4399 sine
3465 4345 3564 4399 ali-

1901 4433 2025 4490 qua
2057 4419 2116 4473 in
2148 4420 2362 4475 melius
2389 4424 2518 4477 vitae
2548 4428 2873 4482 mutatione
2907 4427 3086 4484 fuisse
3119 4447 3489 4502 perpessum.

1966 4611 2517 4682 *_Reco_gn_ita_ad_bl.
2551 4617 2634 4666 cb.
2665 4617 2716 4667 α.
2741 4633 2827 4682 gg.
2861 4633 2902 4668 r.
2940 4621 3018 4670 sb.
3054 4636 3132 4672 vc.
3163 4623 3298 4673 duos
3332 4628 3367 4674 t.
3420 4626 3557 4677 duos

1907 4689 1954 4723 v.
1991 4677 2108 4723 Am.
2147 4675 2269 4723 Bad.
2300 4677 2387 4726 Er.
2424 4677 2549 4726 Lov.

1967 4738 2038 4812 (α)
2067 4736 2219 4812 Forte
2249 4737 2536 4812 legendum
2566 4742 2845 4812 subrepat;
2877 4747 2951 4812 sic
2999 4748 3186 4797 eodem
3218 4749 3375 4812 plane
3402 4765 3565 4802 sensu

1907 4802 2069 4878 tract:
2177 4799 2448 4878 indeed”
2468 4807 2625 4878 In._iO
2647 4820 2657 4853 :
2686 4799 2978 4878 «'Sed___vi_de
2999 4824 3064 4878 ne
3084 4812 3176 4859 tibi
3201 4799 3568 4878 siubrepatrut

1909 4878 1932 4932 ις
1970 4862 2202 4932 teipsum
2219 4862 2361 4932 _velis
2405 4865 2726 4932 interimere.
2763 4886 2786 4914 »
2821 4870 2881 4919 Et
2910 4872 2999 4921 lib.
3038 4875 3084 4926 2.
3117 4888 3161 4921 c.
3222 4876 3267 4930 6,
3307 4862 3474 4932 η.’1οξ
3505 4862 3569 4926 de

1908 4925 2134 4995 Anima:
2165 4925 2438 4995 {Temere
2463 4929 2737 4995 credidisti
2793 4934 2936 4995 quod
2998 4925 3224 4986 libenter
3260 4925 3484 4992 audisti,
3521 4925 3574 4987 et

2356 4989 2720 5072 falsiloquiuLm
2735 4987 2827 5072 per
2849 4997 3270 5072 s'uaviloquiuixi.
3297 5018 3328 5072 ιιΔ
3348 5001 3426 5072 Ita
3439 4987 3571 5072 quo-

1909 5062 2012 5112 que
2043 5049 2326 5111 Gregorius
2356 5049 2596 5114 Magnus,
2621 5056 2708 5104 lib.
2738 5049 2763 5103 ’1
2787 5058 2838 5104 in
2869 5049 3099 5122 Evangf,
3132 5049 3276 5108 hom.
3314 5065 3390 5118 t2,
3419 5049 3468 5110 ni
3503 5065 3522 5110 1
3557 5078 3567 5110 :

1913 5130 1938 5186 ει
1970 5111 2041 5186 Ife
2071 5115 2543 5186 appetituslaudis
2567 5118 2852 5180 subrepat:
2888 5122 2976 5169 ubi
3006 5129 3181 5171 tamen
3206 5124 3423 5186 quidam
3450 5125 3571 5173 Mss.

1914 5173 2131 5228 habent,
2148 5173 2438 5236 subripiat,
2484 5195 2508 5223 ›

1977 5237 2048 5313 (φ)
2079 5236 2222 5307 Alias
2252 5239 2310 5285 82
2343 5253 2352 5286 :
2387 5253 2506 5313 quare
2544 5247 2724 5291 autem
2755 5244 2845 5291 203
2881 5249 3010 5301 erat,
3055 5261 3197 5296 nunc
3257 5249 3335 5296 23.
3377 5250 3581 5313 Scripta

1917 5299 2054 5348 forte
2089 5299 2216 5352 circ.
2255 5313 2346 5348 an.
2386 5299 2493 5349 [20.

1983 5363 2047 5470 ὃς)
2069 5361 2344 5410 Nescimus
2374 5377 2440 5412 an
2475 5364 2557 5413 hic
2584 5365 2723 5414 idem
2752 5369 2817 5415 sit
2859 5383 2980 5416 cum
3023 5371 3189 5434 Largo
3225 5375 3316 5435 qui
3358 5388 3583 5433 procon-

1983 5427 2157 5470 atuin
2192 5425 2245 5470 in
2277 5425 2451 5470 Africa
2481 5431 2700 5470 gerebat
2746 5443 2832 5470 an.
2871 5433 2960 5470 us
2994 5437 3040 5470 Μ
3073 5435 3161 5470 Lm
3213 5449 3273 5470 ητ
3319 5437 3561 5470 φιιρηιιηα

1923 5425 2160 5494 sulatum
2192 5425 2250 5494 in_
2269 5425 2721 5494 ‘AfricagerebatA
2746 5443 2833 5494 an.
2871 5433 2960 5479 415
2994 5437 3045 5480 et
3073 5425 3179 5488 Ηῖἰ,
3213 5425 3274 5482 ρΞι
3319 5425 3581 5487 Theodos.

1924 5483 2070 5538 Cod..
2110 5485 2308 5558 lib._lO.
2349 5483 2670 5558 ίίιη-ίῡηξος.
2702 5492 2760 5558 2]
2792 5495 2842 5558 et
2860 5495 2916 5540 38
2948 5509 2967 5558 7;
3001 5495 3090 5558 qui
3118 5483 3277 5545 etiam
3316 5483 3583 5548 more

1967 5549 2250 5626 recensu],
2271 5549 2754 5626 acceptishllonorii
2777 5554 2986 5626 _l_itteris
3019 5549 3188 5626 :super
3209 5561 3584 5626 Apseudfopapze

1975 5609 2118 5657 ulalii
2143 5609 2427 5660 schismate
2458 5613 2676 5662 feliciter
2706 5617 2936 5674 sublato,
2965 5620 3030 5668 ad
3065 5609 3336 5671 Alurel'ium
3370 5609 3584 5674 Cartha"-

1933 5676 2209 5783 gnensem
2239 5676 2504 5738 rescripsit
2533 5690 2543 5722 :
2578 5690 2804 5740 quarum
2835 5677 3132 5731 litterarum
3164 5686 3410 5748 exempla
3426 5689 3588 5737 refert

1981 5748 2197 5783 aronius
2231 5736 2298 5783 ad
2330 5737 2577 5783 eumdem
2608 5753 2694 5783 an-
2731 5741 2821 5783 HQ

1981 5736 2197 5783 aronius
2231 5736 2298 5784 ad
2330 5736 2694 5791 eumdem'an.
2731 5741 2848 5798 419,

2925 5800 2942 5819 ν
2989 5854 3278 5930 (Τνεηιε.)
