4118 6164
543 159 650 216 939

1032 279 1363 336 EPISTOLA
1393 279 1576 336 οων*
1607 279 1711 352 (a).

547 373 831 445 Augustin
841 387 906 426 us
917 369 1179 425 Dulcitio
1197 369 1431 425 tribuno
1442 377 1495 426 et
1510 368 1761 434 notario,
1778 367 2200 438 imperialium-

619 461 1061 533 quejussionum
1073 460 1356 515 adversus
1376 461 1720 514 Donatistas
1741 459 2024 514 datarum
2045 473 2200 514 exsc-

617 550 832 614 cutori,
865 563 939 604 ex
967 548 1070 604 lib.
1097 552 1130 601 2
1160 550 1444 616 Retract.,
1477 563 1527 604 c.
1567 551 1653 612 59,
1688 547 2032 617 signiﬁcans
2069 562 2107 602 a
2142 563 2199 603 se

605 642 734 711 jam
767 639 1002 694 abunde
1021 637 1395 706 satisfactum
1417 637 1605 706 fuisse
1641 636 1896 707 querelis
1924 636 2199 692 Donatis-

618 735 816 785 tarum
843 749 861 797 ;
888 733 943 783 et
986 727 1296 782 ostendens
1343 741 1544 782 eorum
1592 726 1916 794 vesaniam,
1948 726 2052 796 qui
2092 724 2198 780 sibi

615 833 803 874 necem
818 817 975 870 ultro
1006 815 1457 871 consciscebant.

547 908 798 964 Domino
831 905 1068 968 eximio,
1094 910 1146 959 et
1172 902 1510 959 honorabili
1537 901 1657 958 ﬁlio
1689 902 1965 964 DULcn-io,
1989 903 2197 960 Ancus-

928 1009 1134 1063 srmus,
1170 992 1422 1047 salutem
1452 993 1509 1047 in
1541 992 1810 1047 Domino.

619 1087 668 1139 1.
687 1087 810 1141 Non
824 1083 1004 1138 debui
1021 1086 1398 1137 contemnere
1412 1080 1754 1152 petitionem
1773 1081 2196 1153 tuam,quade-

546 1175 818 1231 siderasti
842 1189 875 1228 a
903 1188 998 1227 me
1025 1171 1248 1226 institui
1279 1170 1796 1241 quemadmodum
1838 1175 1890 1225 te
1923 1177 2196 1241 oporteat

542 1263 834 1321 haereticis
861 1261 1244 1332 respondere,
1279 1276 1536 1332 quorum
1554 1261 1716 1315 salus
1743 1259 1803 1313 in
1831 1259 2062 1314 Domini
2091 1260 2196 1314 mi-

541 1352 880 1415 sericordia,
909 1350 1191 1405 instantia
1211 1365 1450 1421 quoque
1478 1353 1596 1404 tuae
1622 1349 1983 1404 strenuitatis
2003 1348 2194 1419 inqui-

539 1444 704 1498 ritur.
739 1440 1026 1505 Quamvis
1054 1439 1214 1493 enim
1246 1441 1514 1507 ingentes
1544 1453 1750 1492 eorum
1783 1436 2192 1492 multitudines

538 1532 721 1602 (unde
762 1530 1089 1601 plurimum
1125 1526 1541 1597 gratulamur),
1566 1526 1712 1598 quid
1773 1525 1883 1580 sibi
1914 1525 2191 1580 beneﬁcii

539 1619 875 1675 conferatur
902 1617 1234 1685 intelligant
1265 1631 1278 1682 ;
1324 1615 1570 1686 quidam
1602 1621 1800 1670 tamen
1832 1629 2037 1669 eorum
2072 1617 2189 1670 Deo

537 1715 594 1765 et
624 1707 971 1763 hominibus
998 1705 1323 1760 miserabili
1355 1705 1634 1758 instinctu
1679 1703 1893 1758 furoris
1947 1703 2184 1773 ingrati,

536 1798 638 1853 ubi
680 1797 807 1851 suis
853 1795 1117 1851 caedibus
1168 1809 1279 1849 nos
1328 1798 1565 1848 vastare
1595 1807 1716 1847 non
1749 1797 2018 1862 possunt,
2075 1809 2185 1850 suo

533 1903 642 1942 nos
673 1885 853 1940 exitio
898 1889 1110 1939 terrere
1164 1899 1225 1937 se
1275 1881 1545 1948 credunt,
1583 1896 1658 1936 au
1699 1880 1962 1936 ltelitiam
2012 1898 2184 1937 suam

531 1979 866 2047 quaerentes
905 1972 979 2027 de
1006 1971 1299 2027 mortibus
1329 1970 1568 2038 nostris,
1598 1973 1702 2025 aut
1729 1969 2024 2025 tristitiam
2051 1985 2186 2025 nos-

531 2069 683 2120 tram
714 2063 782 2117 de
809 2061 1105 2116 mortibus
1129 2061 1272 2115 suis.
1310 2060 1422 2115 Sed
1470 2074 1594 2114 non
1639 2058 1817 2113 debet
1865 2064 1948 2114 tot
1989 2064 2188 2115 tanto-

530 2168 785 2224 rumque
818 2150 1181 2224 populorum
1212 2149 1464 2204 salutem
1498 2148 1758 2203 furiosus
1804 2163 1968 2204 error
1995 2149 2184 2205 homi-

529 2259 676 2298 num
712 2239 1003 2312 impedire
1044 2252 1398 2310 paucorum.
1442 2236 1593 2301 Quid
1633 2237 1717 2291 eis
1771 2236 2019 2292 velimus
2059 2253 2182 2294 non

527 2330 726 2386 solum
778 2332 930 2384 Deus
981 2333 1036 2383 et
1081 2329 1404 2398 prudentes
1449 2325 1746 2394 homines,
1776 2342 1979 2381 verum
2002 2329 2181 2384 etiam

529 2420 666 2490 ipsi,
699 2434 839 2472 cum
871 2416 990 2471 sint
1029 2416 1206 2471 nobis
1247 2414 1669 2478 inimicissimi,
1704 2415 1985 2471 sentiunt.
2035 2417 2180 2472 Cum

534 2506 692 2562 enim
712 2523 820 2560 sua
846 2504 1107 2576 pernicie
1135 2518 1244 2558 nos
1265 2503 1574 2558 terrendos
1597 2509 1827 2573 putant,
1858 2519 1978 2558 non
2005 2504 2184 2559 dubi-

542 2599 670 2651 tant
697 2610 808 2649 nos
841 2595 1044 2648 timere
1076 2608 1149 2647 ne
1181 2597 1448 2662 pereant.

607 2689 659 2738 2.
696 2685 805 2738 Sed
821 2682 968 2754 quid
995 2681 1207 2737 faciam
1220 2697 1306 2747 us,
1330 2681 1593 2736 videntes
1623 2681 1781 2753 quod
1807 2680 1999 2750 multi,
2017 2682 2184 2754 adju-

540 2777 719 2829 vante
745 2772 1019 2837 Domino,
1035 2786 1140 2842 per
1156 2770 1536 2826 occasionem
1552 2775 1805 2826 vestram
1825 2771 1983 2826 viam
2015 2772 2180 2843 pacis

536 2862 840 2918 inveniant
868 2860 895 2914 ?
926 2859 1224 2931 numquid
1262 2859 1578 2931 prohibere
1611 2875 1716 2914 vos
1741 2875 2061 2930 possumus
2091 2859 2185 2916 vel

533 2951 827 3007 debemus
859 2949 936 3005 ab
972 2949 1083 3004 hac
1109 2949 1350 3004 unitatis
1372 2949 1668 3015 instantia,
1693 2951 1836 3004 dum
1859 2950 2182 3004 metuimus

535 3056 609 3096 ne
643 3039 890 3112 quidam
922 3038 1246 3102 durissimi,
1282 3045 1335 3093 et
1379 3038 1439 3093 in
1488 3040 1719 3110 seipsos
1761 3039 2180 3105 crudelissimi,

534 3145 654 3185 non
679 3136 902 3197 nostra,
945 3128 1052 3182 sed
1076 3127 1317 3199 propria
1347 3126 1646 3182 voluntate
1665 3143 1725 3182 se
1743 3127 1998 3198 perdant
2023 3128 2050 3184 τ
2073 3129 2183 3199 Ορ-

535 3222 799 3274 taremus
828 3216 1073 3288 quidem
1090 3221 1151 3269 ut
1173 3230 1381 3269 omnes
1396 3215 1498 3287 qui
1525 3215 2034 3271 contraChristum
2052 3231 2186 3288 por-

536 3312 660 3364 tant
686 3308 920 3377 signum
960 3304 1190 3368 Christi,
1219 3308 1274 3357 et
1302 3310 1508 3358 contra
1535 3304 1915 3373 Evangelium
1948 3304 2021 3359 de
2052 3305 2183 3376 ipso

535 3395 875 3466 Evangelia,
908 3391 1073 3465 quod
1104 3407 1221 3445 non
1256 3389 1606 3462 intelligunt,
1640 3391 1987 3462 gloriantur,
2009 3409 2044 3449 a
2075 3409 2184 3449 sua

538 3483 920 3556 perversitate
941 3482 1330 3545 discederent,
1347 3480 1727 3535 etnobiscum
1744 3481 1801 3535 in
1817 3482 1865 3550 ej
1879 3498 1946 3536 us
1964 3483 2185 3538 unitate

538 3573 884 3643 gauderent.
913 3570 1023 3626 Sed
1046 3569 1335 3642 quoniam
1358 3571 1508 3624 Deus
1522 3569 1755 3625 occulta
1779 3570 1917 3625 satis
1933 3570 2185 3642 disposi-

537 3665 715 3725 tione,
745 3661 848 3716 sed
889 3665 1088 3715 tamen
1123 3660 1305 3728 justa,
1360 3658 1682 3714 nonnullos
1734 3674 1944 3714 eorum
1994 3661 2185 3731 poenis

533 3751 975 3825 praadestinavit
999 3749 1279 3804 extremis
1322 3765 1336 3814 ;
1372 3748 1577 3820 procul
1617 3747 1803 3804 dubio
1837 3749 2071 3815 melius,
2095 3748 2188 3804 in-

533 3839 924 3913 comparabili
944 3839 1371 3893 numerositate
1395 3837 1663 3908 plurimis
1681 3838 1757 3893 ab
1785 3837 1881 3893 illa
1909 3838 2186 3910 pestifera

533 3931 822 3986 divisione
852 3935 906 3983 et
934 3927 1304 3998 dispersione
1325 3926 1738 3996 redintegratis
1769 3931 1946 3998 atque
1982 3927 2187 3983 collec-

533 4020 629 4088 tis,
655 4017 903 4090 quidam
929 4017 1051 4070 suis
1072 4015 1310 4086 ignibus
1327 4023 1595 4086 pereunt,
1613 4031 1798 4087 quam
1817 4018 2034 4087 pariter
2057 4019 2186 4071 uni-

531 4107 686 4162 versi
715 4104 1089 4176 sempiternis
1126 4103 1364 4172 ignibus
1395 4104 1806 4173 gehennarum
1849 4105 2056 4161 merito
2097 4123 2187 4162 sa-

531 4196 766 4266 crilegis
791 4192 1177 4248 dissensionis
1209 4192 1526 4250 ardebunt.
1560 4193 1650 4248 Sic
1681 4195 1837 4248 enim
1869 4200 2182 4265 pereuntes

529 4287 669 4342 istos
699 4283 1146 4347 doletEcclesia,
1167 4281 1686 4355 quemadmodum
1701 4283 1977 4339 rebellem
1993 4283 2182 4340 ﬁlium

534 4381 779 4430 sanctus
819 4371 1027 4438 David,
1057 4373 1130 4426 de
1162 4371 1335 4442 cujus
1387 4370 1573 4426 salute
1607 4372 1896 4427 servanda
1934 4371 2182 4429 sollicita

525 4464 841 4520 dilectione
869 4461 1274 4516 mandaverat.
1315 4459 1458 4514 Nam
1501 4476 1638 4514 eum
1667 4460 1879 4516 merito
1906 4461 2179 4517 nefandas

523 4552 844 4624 impietatis
871 4551 1246 4615 exstinctum,
1271 4551 1449 4604 etiam
1472 4565 1609 4604 cum
1636 4550 1969 4606 testimonio
1990 4550 2180 4623 lacry-

524 4657 709 4699 mosee
749 4638 1212 4709 vocisingemuit
1245 4654 1256 4692 :
1285 4645 1673 4694 verumtatem
1700 4640 2030 4710 superboet
2053 4656 2179 4696 ma-

521 4730 685 4800 ligno
713 4728 1054 4784 discedente
1082 4729 1142 4782 in
1168 4727 1366 4782 locum
1391 4743 1590 4792 suum,
1621 4728 1880 4799 populus
1907 4727 2029 4797 Dei,
2071 4729 2176 4800 qui

522 4819 715 4876 fuerat
736 4818 890 4874 illius
905 4815 1222 4889 tyrannide
1237 4817 1481 4881 divisus,
1499 4816 1949 4888 agnovitregem
1964 4833 2173 4881 suum;

523 4916 580 4966 et
609 4909 684 4964 de
714 4908 943 4964 amisso
971 4905 1091 4960 ﬁlio
1125 4921 1442 4961 maerorem
1475 4905 1680 4976 patris,
1722 4906 2004 4978 perfectio
2035 4923 2174 4964 con-

524 4998 718 5056 solata
759 5002 846 5054 est
878 4995 1118 5051 unitatis
1148 4995 1217 5066 (ll
1262 4996 1401 5064 Reg.
1431 5010 1592 5060 xvui,
1639 4994 1778 5065 xix).

587 5095 638 5145 3.
681 5091 803 5143 Non
829 5088 1028 5158 itaque
1053 5083 1570 5156 reprehendimus,
1604 5085 1849 5140 domine
1875 5084 2090 5141 eximie
2116 5090 2172 5142 et

514 5177 884 5234 honorabilis
917 5175 1021 5246 iiii,
1064 5173 1228 5246 quod
1262 5172 1404 5228 tales
1423 5173 1697 5229 homines
1717 5173 1881 5244 apud
1911 5175 2169 5231 'l‘hamu-

510 5269 728 5338 gadem
771 5268 929 5337 prius
970 5265 1163 5320 edicto
1185 5262 1606 5318 admonendos
1631 5264 1978 5318 existimasti
2015 5281 2028 5318 :
2062 5264 2168 5321 sed

509 5357 674 5427 quod
706 5355 786 5410 ibi
813 5354 1034 5420 dixisti,
1063 5353 1358 5410 Noveritis
1400 5367 1497 5408 vos
1521 5352 1726 5408 debitas
1754 5352 1884 5408 neci
1912 5353 2160 5420 dandos,

512 5450 872 5513 putaverunt
903 5444 1056 5498 sicut
1084 5459 1288 5498 eorum
1319 5440 1608 5512 rescripta
1647 5442 1930 5507 iudicant,
1970 5441 2084 5498 hoc
2113 5449 2164 5499 te

568 5549 595 5579 ¹¹¹
626 5549 1038 5611 Corrcctajuxta
1071 5549 1127 5600 ff.
1151 5563 1228 5600 vc.
1269 5563 1316 5598 v.
1354 5551 1468 5597 Am.
1504 5549 1626 5599 Bad.
1667 5549 1748 5598 Er.
1778 5549 1907 5600 Lov.

567 5611 641 5679 (a)
671 5611 808 5679 Alias
841 5613 899 5658 6t
929 5627 938 5658 :
971 5625 1088 5674 quae
1123 5617 1304 5662 autem
1336 5613 1425 5661 204
1458 5617 1587 5670 erat,
1612 5626 1755 5662 nunc
1791 5614 1904 5669 173.
1944 5613 2156 5679 Scripta.

501 5673 710 5726 circiter
745 5673 846 5723 hoc
880 5673 1126 5739 tempus.

1822 149 1883 210 Β.
1925 149 2301 210 AUGUSTINI
2340 147 2670 209 EPISCOPI

3830 150 3931 212 Μιῦ

2308 277 2492 334 fuisse
2523 277 2958 334 comminatum
2981 276 3146 349 quod
3177 280 3241 332 tu
3262 275 3825 350 illosapprehensos
3842 279 3955 336 fue-

2308 383 2406 424 ras
2437 368 2768 433 occisurus,
2796 381 2917 421 non
2930 365 3323 436 intelligentes
3353 367 3428 423 de
3453 367 3555 423 illa
3585 383 3758 434 nece,
3780 384 3957 441 quam

2306 457 2423 528 ipsi
2455 455 2662 513 volunt
2691 456 2980 526 ingerere,
3024 461 3078 511 te
3121 454 3407 512 locutum.
3451 458 3581 512 Non
3614 458 3779 514 enim
3815 465 3876 513 tu
3904 460 3956 515 in

2307 561 2411 602 eos
2434 546 2532 616 jus
2571 544 2756 617 gladii
2797 544 2931 600 ullis
2967 543 3203 616 legibus
3233 545 3533 617 accepisti,
3561 553 3668 602 aut
3689 547 3955 620 imperia-

2306 634 2466 690 libus
2495 634 2844 699 constitutis,
2870 649 3132 706 quorum
3172 634 3272 690 tibi
3303 634 3572 705 injuncta
3601 641 3692 692 est
3716 651 3958 693 exsecu-

2306 724 2408 792 tio,
2440 724 2553 780 hoc
2583 727 2948 795 praeceptum
2974 729 3062 780 est
3087 728 3149 779 ut
3178 731 3483 780 necentur.
3511 725 3790 781 Secundo
3823 743 3958 784 sane

2305 812 2499 869 edicto
2531 811 2870 868 Dilectionis
2910 817 3024 867 tum
3052 811 3291 884 planius
3320 813 3466 884 quid
3512 813 3778 870 volueris
3812 831 3953 886 ape-

2305 902 2493 958 ruisti.
2527 900 2697 966 Quod
2734 906 2934 956 autem
2965 900 3146 957 etiam
3175 900 3379 972 ipsum
3406 903 3764 975 episcopum
3789 904 3871 973 (a)
3899 907 3957 961 il-

2303 989 2500 1047 lorum
2530 991 2749 1062 putasti
2779 988 2982 1045 litteris
3009 989 3439 1062 alloquendum
3469 990 3912 1049 humanissime
3941 1011 3954 1059 ;

2303 1079 2614 1137 ostendisti
2644 1083 2869 1150 quanta
2909 1079 3370 1135 mansuetudine
3413 1080 3731 1152 temperati
3763 1081 3880 1139 sint
3901 1085 3952 1139 in

2303 1168 2597 1230 catholica
2633 1167 2895 1224 Ecclesia
2945 1167 3128 1223 etiam
3157 1169 3260 1239 qui
3317 1174 3607 1240 potestate
3649 1170 3951 1228 christiani

2304 1258 2710 1329 Imperatoris,
2727 1256 2849 1311 sive
2874 1257 3169 1323 terrendo,
3184 1258 3306 1313 sive
3328 1257 3640 1329 plectendo
3659 1260 3954 1330 corrigen-

2301 1347 2391 1402 dis
2430 1347 2835 1419 praaticiuntur
2859 1346 3162 1403 erroribus
3191 1347 3335 1412 ;nisi
3368 1348 3528 1419 quod
3559 1348 3956 1406 honoriﬁcen-

2301 1435 2552 1492 tioribus
2590 1451 2731 1492 eum
2775 1435 2974 1492 verbis
3023 1438 3288 1493 tractasti
3323 1452 3512 1508 quam
3552 1437 3816 1495 decebat
3847 1439 3954 1496 bae-

2297 1525 2565 1581 relicum.

2369 1618 2421 1670 4.
2459 1613 2577 1670 Sed
2603 1613 2767 1684 quod
2797 1613 2926 1684 ejus
2947 1613 3322 1685 responsioni
3339 1630 3434 1670 me
3460 1616 3834 1688 respondere
3862 1635 3952 1675 vo-

2295 1701 2474 1768 luisti,
2499 1704 2677 1758 credo
2705 1709 2759 1758 te
2786 1703 3138 1758 arbitratum
3164 1704 3344 1759 etiam
3361 1703 3478 1760 hoc
3491 1704 3955 1775 Thamugaden-

2296 1791 2462 1848 sibus
2493 1792 2712 1848 debere
2744 1791 3030 1862 praestari,
3075 1795 3140 1846 ut.
3177 1791 3358 1848 fallax
3391 1793 3669 1850 doctrina
3698 1795 3893 1866 ipsius
3916 1814 3950 1853 a

2294 1896 2418 1952 quo
2431 1880 2892 1946 seducebantur,
2906 1880 3217 1952 aliquanto
3237 1880 3579 1952 diligentius
3609 1883 3911 1941 refellatur
3938 1906 3950 1945 :

2294 1984 2502 2025 verum
2535 1985 2645 2026 nos
2675 1975 2732 2025 et
2768 1969 3211 2040 occupatissimi
3240 1986 3475 2037 sumus,
3503 1978 3561 2027 et
3578 1973 3713 2042 jam
3737 1973 3799 2028 in
3829 1975 3954 2030 aliis

2294 2057 2564 2130 plurimis
2595 2058 2904 2130 opusculis
2943 2058 3159 2114 nostris
3196 2059 3547 2128 hujusmodi
3604 2061 3953 2136 vaniloquia

2291 2146 2703 2205 refutavimus.
2735 2149 2870 2204 Jam
2895 2149 3056 2204 enim
3087 2149 3289 2204 nescio
3326 2149 3560 2220 quoties
3580 2149 3950 2222 disputando

2293 2241 2350 2292 et
2376 2237 2688 2294 scribendo
2720 2238 3182 2293 monstravimus
3221 2252 3343 2293 non
3387 2253 3490 2294 eos
3517 2254 3698 2310 posse
3728 2240 3949 2300 habere

2295 2331 2626 2398 martyrum
2645 2327 3537 2398 mortem,quiachristianorum
3569 2343 3695 2385 non
3725 2330 3952 2387 habent

2293 2414 2482 2471 vitam
2510 2431 2682 2481 ;cum
2712 2421 3168 2487 martyremhon
3187 2415 3364 2472 faciat
3379 2431 3584 2487 pains,
3616 2418 3728 2474 sed
3741 2435 3948 2477 causa.

2293 2503 2614 2560 Docuimus
2669 2504 2849 2560 etiam
2901 2504 3158 2560 liberum
3215 2505 3526 2561 arbitrium
3576 2506 3661 2562 sic
3711 2509 3948 2565 homini

2291 2593 2522 2657 datum,
2558 2598 2622 2648 ut
2639 2598 2839 2650 tamen
2869 2593 3153 2649 etdivinis
3181 2593 3413 2663 legibus
3432 2599 3489 2650 et
3511 2595 3806 2652 humanis
3835 2613 3952 2654 rec-

2294 2682 2518 2738 tissime
2549 2683 2824 2752 gravium
2855 2681 3150 2753 supplicia
3178 2683 3504 2740 constituta
3531 2683 3651 2740 sint
3677 2693 3953 2757 peccato-

2292 2786 2428 2826 rum
2471 2787 2484 2836 ;
2513 2777 2571 2826 et
2600 2771 2891 2842 pertinere
2922 2769 3001 2826 ad
3039 2770 3349 2841 religiosos
3385 2787 3557 2841 reges
3588 2779 3786 2844 terrae,
3832 2792 3952 2832 non

2294 2858 2485 2914 solum
2520 2859 2814 2916 adulteria
2842 2859 2937 2914 vel
2965 2859 3290 2917 homicidia
3319 2860 3409 2916 vel
3440 2861 3800 2932 hujusmodi
3835 2865 3954 2922 alia

2292 2947 2522 3018 ﬂagitia
2559 2964 2664 3005 seu
2696 2949 2980 3013 facinora,
3013 2965 3217 3005 verum
3248 2951 3421 3005 etiam
3445 2951 3764 3022 sacrilegia
3795 2969 3954 3010 seve-

2293 3039 2463 3094 ritate
2499 3053 2769 3108 congrua
2788 3038 3067 3094 cohibere
3095 3037 3174 3110 (b)
3205 3055 3218 3093 :
3253 3039 3631 3112 multumque
3659 3041 3805 3098 illos
3838 3044 3953 3100 falli

2293 3128 2397 3198 qui
2429 3132 2639 3197 putant
2681 3143 2719 3184 a
2757 3127 2930 3183 nobis
2952 3127 3100 3183 tales
3129 3128 3274 3184 istos
3298 3129 3545 3201 suscipi,
3571 3130 3796 3202 quales
3820 3140 3956 3189 sunt

2293 3217 2435 3286 quia
2465 3233 2585 3272 non
2615 3233 2718 3273 eos
2758 3216 3218 3288 rebaptizamus.
3261 3219 3580 3283 Quomodo
3608 3222 3780 3277 enim
3813 3223 3957 3280 tales

2293 3305 2697 3377 suscipiuntur
2709 3305 2916 3376 quales
2929 3312 3091 3372 sunt,
3113 3322 3243 3362 cum
3269 3307 3837 3375 sinthaaretici,etad
3850 3328 3958 3368 nos

2297 3395 2665 3451 transeundo
2694 3395 2844 3452 ﬁant.
2862 3395 3137 3453 catholici
3167 3396 3193 3452 ?
3224 3399 3421 3470 Neque
3437 3399 3599 3455 enim
3632 3408 3958 3473 propterea

2292 3483 2478 3540 corda
2513 3483 2840 3556 depravata
2867 3500 2989 3540 non
3011 3485 3143 3541 licet
3156 3486 3389 3557 corrigi,
3403 3487 3548 3560 quia
3561 3490 3958 3548 Sacramenta

2292 3573 2476 3628 semel
2505 3572 2648 3629 data
2673 3588 2789 3629 non
2820 3573 2956 3630 licet
2985 3574 3205 3632 iterari.

2366 3667 2415 3718 5.
2453 3665 2530 3718 De
2560 3663 2850 3718 mortibus
2877 3668 3081 3720 autem
3098 3663 3507 3722 furiosissimis
3521 3681 3680 3738 quas
3693 3669 3954 3740 quidam

2293 3766 2500 3808 eorum
2531 3752 2644 3823 ipsi
2673 3751 2783 3808 sibi
2815 3752 3091 3818 inferunt.
3123 3753 3197 3809 de
3226 3754 3447 3826 quibus
3475 3755 3671 3813 solent
3688 3758 3955 3816 detesta-

2292 3840 2442 3896 biles
2479 3847 2533 3897 et
2561 3841 2999 3898 abominabiles
3024 3858 3152 3899 esse
3175 3843 3376 3900 multis
3407 3844 3588 3901 etiam
3617 3848 3772 3912 suis,
3808 3864 3960 3921 quo-

2292 3945 2424 3986 rum
2459 3937 2685 3986 mentes
2711 3931 3009 3988 dementia
3047 3947 3170 3988 non
3209 3937 3377 3990 tanta
3407 3935 3695 4005 possedit,
3736 3939 3829 3993 eis
3867 3955 3955 3994 se-

2292 4019 2561 4075 cundum
2589 4020 2922 4088 Scripturas
2946 4020 3326 4094 rationesque
3343 4023 3825 4083 Christianorum
3839 4043 3960 4084 sa.h

2293 4124 2367 4182 pe
2395 4109 2815 4180 respondimus
2851 4110 3144 4181 quoniam
3193 4112 3481 4183 scriptum
3510 4118 3598 4168 est
3639 4130 3655 4169 :
3699 4114 3824 4181 Qui
3848 4117 3958 4172 sibi

2289 4212 2563 4268 nequam,
2596 4199 2693 4252 cui
2739 4197 2924 4253 bonus
2960 4198 3174 4268 (Eccli.
3214 4215 3337 4264 xiv,
3379 4200 3435 4270 5)
3461 4199 3487 4254 ?
3512 4202 3626 4258 Aut
3673 4209 3842 4260 certe
3889 4206 3956 4262 in

2289 4287 2513 4341 eisdem
2546 4287 2808 4359 positum
2832 4287 3258 4345 tentationibus
3275 4290 3426 4346 mori
3457 4290 3762 4348 volentem
3793 4297 3958 4351 occi-

2287 4375 2392 4431 dat
2429 4381 2484 4430 et
2505 4376 2869 4448 proximum,
2899 4377 3005 4448 qui
3036 4377 3148 4433 sibi
3178 4378 3458 4450 expedire
3484 4386 3541 4436 et
3566 4379 3745 4437 licere
3777 4391 3960 4454 putat

2285 4464 2558 4521 occidere
2584 4466 2868 4537 seipsum,
2894 4467 3182 4538 quoniam
3198 4468 3499 4539 Scriptura
3518 4470 3662 4526 dicit
3691 4483 3704 4523 :
3730 4471 3958 4545 Diliges

2283 4555 2618 4624 proximum
2650 4557 2814 4610 tuum
2856 4561 3141 4626 tanquam
3174 4560 3421 4626 teipsum
3449 4559 3666 4628 (Levit.
3700 4577 3829 4632 xix,
3860 4567 3954 4631 t5,

2283 4649 2338 4699 et
2367 4643 2559 4699 Marc.
2591 4659 2688 4708 xu,
2721 4643 2836 4713 at).
2861 4643 3042 4699 Nullis
3073 4650 3273 4702 autem
3302 4646 3657 4718 jubentibus
3699 4650 3954 4722 legibus

2284 4732 2372 4788 vel
2401 4732 2676 4803 legitimis
2711 4733 3122 4804 potestatibus,
3156 4750 3276 4790 non
3307 4735 3481 4791 licere
3505 4736 3758 4795 alterum
3790 4744 3959 4798 occi-

2280 4821 2440 4890 dere,
2460 4823 2637 4879 etiam
2655 4822 2948 4879 volentem
2961 4828 3018 4879 et
3039 4829 3356 4894 petentem,
3379 4830 3435 4881 et
3459 4826 3654 4882 vivere
3662 4827 3801 4899 jam
3821 4847 3958 4889 non

2280 4911 2598 4981 valentem,
2630 4913 2774 4968 satis
2822 4913 3046 4968 indicat
3085 4915 3386 4986 Scriptura
3433 4917 3808 4987 Regnorum,
3840 4923 3956 4978 ubi

2277 5016 2372 5057 rex
2407 5000 2593 5057 David
2632 5002 2788 5072 regis
2828 4999 3021 5058 Saulis
3053 5002 3486 5060 interfectorem
3509 5005 3688 5076 jussit
3716 5011 3952 5077 occidi,

2277 5105 2412 5144 cum
2428 5089 2521 5144 ille
2533 5088 2781 5144 dixisset
2793 5090 2871 5145 ab
2883 5105 2955 5145 eo
2975 5091 3102 5160 jam
3116 5092 3321 5148 saucio
3333 5099 3512 5165 atque
3525 5097 3828 5156 semivivo
3844 5116 3956 5172 pe-

2276 5178 2447 5234 titum
2477 5194 2538 5233 se
2564 5177 2744 5233 fuisse
2776 5183 2840 5234 ut
2869 5179 2980 5234 hoc
3011 5178 3244 5246 faceret,
3278 5187 3334 5238 et
3363 5183 3631 5240 animam
3661 5189 3951 5259 corporis

2275 5267 2526 5322 nexibus
2556 5265 2963 5324 obluctantem
2990 5267 3257 5341 solvique
3279 5272 3620 5344 cupientem
3657 5291 3784 5332 uno
3820 5277 3949 5335 ictu

2272 5354 2536 5411 vulneris
2587 5356 2664 5411 ab
2702 5355 2814 5411 illis
2863 5357 3222 5414 cruciatibus
3279 5360 3556 5417 liberaret
3588 5363 3658 5434 (Il
3704 5366 3857 5438 Reg.
3902 5384 3945 5438 1,

2275 5445 2441 5516 1-16),
2477 5445 2726 5501 Proinde
2755 5445 2900 5518 quia
2945 5446 3142 5503 omnis
3172 5449 3275 5520 qui
3312 5448 3439 5506 sine
3487 5450 3608 5508 ulla
3641 5452 3943 5526 legitimae

2331 5615 2404 5681 (ᾳ)
2429 5613 2796 5681 ﬂagitantium
2820 5614 3341 5681 Thamugadensem.

2329 5677 2402 5743 (ο)
2429 5677 2490 5728 in
2523 5677 2692 5744 Epist.
2723 5678 2836 5729 ωε.
