4118 6164
111 209 214 273 941

114 340 426 411 potestatis
439 343 788 401 auctoritate
799 345 1041 402 homine
1060 345 1292 411 occidit,
1319 345 1626 403 homicida
1644 350 1762 415 est;

107 432 392 504 quisquis
416 432 685 506 seipsum
715 437 930 493 occidit
961 453 1081 494 non
1108 437 1182 494 sit
1219 436 1541 504 homicida,
1563 436 1613 493 si
1645 452 1768 494 non

106 519 300 576 homo
329 525 436 577 est.
471 522 817 582 Hascomnia
848 524 1218 582 multimodis
1248 526 1308 581 in
1332 526 1464 582 aliis
1491 524 1767 597 plurimis

107 607 333 666 nostris
371 612 753 668 sermonibus
776 619 832 669 et
855 613 1062 670 litteris
1090 613 1370 671 diximus.

175 704 231 754 6.
254 700 881 775 Verumtamen,quod
896 703 1206 760 fatendum
1218 709 1328 768 est,
1357 703 1432 758 de
1459 703 1574 759 isto
1590 701 1764 758 Razio

101 787 360 855 seniore,
377 802 560 862 quem
574 806 706 846 sum
716 807 814 848 ma
825 791 1241 864 exemplorum
1258 791 1463 862 inopia
1474 791 1761 848 coarctati

103 893 169 933 se
201 878 258 934 in
292 878 765 936 Machabaeorum
792 880 981 947 libris,
1011 881 1187 953 quasi
1236 880 1312 936 ad
1343 880 1760 937 auctoritatem

103 967 346 1023 sceleris
374 983 497 1040 quo
511 969 741 1041 seipsos
771 970 1048 1042 perdunt,
1068 970 1452 1040 perscrutatis
1472 968 1760 1026 omnibus

101 1056 520 1113 ecclesiasticis
544 1058 1018 1125 auctoritatibus,
1047 1059 1148 1115 vix
1173 1059 1503 1132 aliquando
1523 1074 1586 1116 se
1602 1058 1761 1115 inve-

101 1146 263 1201 nisse
293 1147 641 1215 gloriantur,
673 1147 874 1204 adhuc
899 1149 983 1204 eis
1027 1163 1342 1220 nunquam
1374 1147 1757 1221 respondisse

103 1250 205 1290 me
224 1234 440 1290 recolo.
475 1236 610 1300 Sed,
640 1236 808 1307 quod
831 1243 946 1293 tua:
967 1236 1249 1294 Charitati
1281 1241 1341 1293 et
1363 1236 1758 1309 prudentibus

102 1322 446 1395 quibusque
497 1324 756 1381 suﬂiciat
793 1325 872 1382 ad
903 1329 1048 1382 istos
1079 1326 1552 1398 redarguendos,
1587 1326 1638 1382 si
1678 1325 1758 1383 ad

102 1411 288 1468 vitam
309 1413 782 1471 Christianorum
803 1415 879 1471 de
894 1415 1098 1471 Judma
1122 1421 1296 1486 gente
1317 1421 1496 1488 atque
1521 1415 1632 1471 illis
1644 1415 1758 1470 Lit-

106 1501 244 1556 teris
263 1503 455 1573 parati
475 1505 901 1560 suntomnium
917 1504 1208 1560 factorum
1228 1505 1244 1541 ¹
1277 1503 1758 1576 exemplatrans.

105 1589 274 1657 ferre,
306 1594 449 1647 tunc
473 1597 528 1647 et
557 1593 672 1648 hoc
701 1593 1080 1649 transferant.
1112 1594 1169 1650 Si
1220 1598 1419 1650 autem
1453 1593 1571 1650 illic
1618 1595 1760 1648 sunt

99 1679 364 1750 plurima
391 1695 601 1737 eorum
630 1697 876 1755 quoque
905 1683 1243 1748 hominum,
1263 1683 1369 1756 qui
1397 1683 1755 1739 Litterarum

101 1768 340 1824 illarum
363 1769 603 1827 veritate
627 1770 856 1827 laudati
888 1776 1047 1838 sunt,
1075 1771 1167 1826 vel
1191 1771 1329 1827 huic
1352 1771 1482 1842 jam
1503 1771 1757 1843 tempori

101 1871 220 1912 noa
249 1858 665 1917 convenientia
689 1859 781 1915 vel
811 1860 992 1916 etiam
1021 1859 1121 1916 illo
1145 1865 1414 1931 tempore
1441 1874 1562 1916 non
1599 1865 1758 1916 recte

100 1945 300 2019 facta;
333 1947 447 2003 tale
475 1948 653 2005 etiam
686 1950 799 2005 hoc
828 1952 938 2012 est,
973 1949 1223 2021 quodin
1250 1949 1518 2021 seipsum
1545 1948 1760 2005 Razius

98 2036 208 2092 iste
235 2036 570 2094 commisit:
604 2037 711 2108 qui
736 2052 875 2094 cum
901 2040 1060 2092 esset
1085 2037 1249 2109 apud
1270 2053 1412 2092 suos
1434 2036 1682 2101 nobilis,
1703 2040 1762 2093 et

103 2125 363 2183 multum
383 2125 442 2182 in
469 2126 782 2182 ludaismo
812 2125 1166 2198 profecisset
1187 2132 1348 2199 (qum
1364 2126 1480 2182 sibi
1502 2126 1562 2182 in
1593 2142 1758 2182 com-

100 2216 416 2286 paratione
457 2215 697 2287 iustitiae
747 2215 1085 2272 christiana:
1131 2216 1358 2272 damna
1404 2220 1462 2272 et
1500 2219 1764 2272 stercora

99 2303 283 2359 fuisse
312 2303 456 2360 dicit
479 2303 800 2378 Apostolus
831 2303 1112 2378 [Philipp.
1147 2320 1230 2371 ιιι,
1277 2303 1380 2376 8]›,
1413 2308 1472 2360 et
1520 2309 1764 2377 propter

96 2392 210 2448 hoc
225 2392 386 2448 idem
402 2394 930 2450 Raiusludmorum
947 2399 1116 2465 pater
1160 2393 1566 2465 appellaretur
1584 2393 1762 2466 ;qnid

103 2483 324 2537 mirum
355 2489 463 2548 est,
488 2481 536 2537 si
565 2488 857 2554 tanquam
896 2483 1124 2539 homini
1159 2482 1338 2539 elatio
1379 2482 1642 2555 superba
1669 2499 1765 2538 su-

98 2571 346 2644 brepsit,
364 2577 426 2628 ut
450 2571 855 2628 malletmanu
878 2573 1122 2645 propria
1148 2572 1383 2645 perimi,
1416 2588 1603 2644 quam
1630 2576 1766 2644 post

102 2660 269 2716 illam
295 2660 356 2715 in
386 2675 636 2718 suorum
649 2660 997 2733 aspectibus
1010 2661 1448 2726 celsitudinem,
1465 2663 1764 2718 sustinere

103 2748 418 2819 indignam
448 2750 509 2805 in
540 2750 811 2808 hostium
839 2750 1123 2806 manibus
1155 2749 1500 2807 servitutem
1520 2751 1548 2805 ?

175 2843 230 2893 7.
253 2837 456 2895 Solent
485 2839 544 2894 in
575 2839 780 2895 litteris
806 2838 1125 2894 Gentilium
1151 2840 1263 2896 ista
1290 2839 1546 2896 laudari.
1576 2839 1640 2895 In
1672 2839 1765 2895 his

105 2933 308 2984 autem
329 2928 984 2985 Machabasorumlibris
1008 2930 1287 3001 quamvis
1300 2927 1484 2985 homo
1498 2928 1624 3001 ipse
1641 2927 1767 2984 fue-

105 3018 183 3073 rit
213 3015 513 3083 laudatus,
542 3017 762 3074 factum
795 3023 997 3073 tamen
1025 3017 1154 3088 ejus
1173 3022 1482 3074 narratum
1507 3023 1618 3086 est,
1642 3033 1760 3074 non

104 3105 445 3173 laudatum,
476 3112 533 3163 et
551 3106 947 3177 judicandum
965 3106 1165 3177 potius
1182 3121 1369 3178 quam
1401 3105 1762 3164 imitandum

105 3195 287 3267 quasi
309 3201 447 3251 ante
465 3196 672 3252 oculos
691 3196 1083 3252 constitutum
1105 3211 1120 3261 ;
1140 3210 1261 3250 non
1291 3210 1435 3250 sane
1453 3201 1660 3252 nostro
1670 3195 1765 3266 ju-

111 3283 274 3340 dicio
296 3283 719 3354 judicaudum,
749 3283 916 3357 quod
962 3299 1075 3340 nos
1101 3299 1346 3356 quoque
1379 3288 1441 3339 ut
1491 3284 1766 3341 homines

110 3373 336 3430 habere
361 3374 850 3446 possemus,sedj
861 3373 1058 3430 udicio
1082 3371 1370 3429 doctrina:
1386 3373 1764 3446 sobriasque

111 3462 174 3518 in
205 3462 351 3534 ipsis
380 3478 618 3536 quoque
679 3463 864 3519 Libris
888 3462 1190 3519 veteribus
1242 3461 1401 3520 clara
1426 3467 1534 3518 est.
1567 3465 1764 3536 Longe

111 3551 338 3623 quippe
365 3550 477 3608 fuit
499 3551 610 3608 iste
637 3551 849 3607 Rarius
877 3567 913 3607 a
958 3551 1157 3607 verbis
1193 3550 1323 3617 illis,
1385 3551 1489 3607 ubi
1515 3551 1757 3621 legitur:

114 3639 281 3695 Omne
309 3640 446 3711 quod
469 3640 574 3695 tibi
593 3640 917 3712 applicitum
933 3639 1136 3711 fuerit
1177 3640 1380 3711 accipe,
1413 3647 1462 3696 et
1493 3641 1552 3695 in
1581 3641 1760 3696 dolore

107 3731 338 3796 sustine,
365 3737 415 3785 et
437 3731 500 3784 in
520 3730 830 3786 humilitate
853 3737 950 3786 tua
973 3729 1302 3801 patientiam
1333 3729 1462 3784 habe
1480 3729 1675 3801 (Eccti.
1699 3746 1758 3795 ιι,

110 3820 189 3889 4).
223 3821 349 3875 Non
379 3834 524 3889 ergo
553 3818 660 3875 fuit
690 3819 800 3875 iste
825 3819 915 3874 vir
948 3819 1234 3889 eligendae
1255 3819 1466 3874 mortis
1492 3820 1758 3891 sapiens,

112 3913 221 3964 sed
249 3908 506 3965 ferendae
537 3908 888 3965 humilitatis
918 3907 1263 3981 impatiens.

183 4001 237 4054 8.
268 3998 563 4071 Scriptum
587 4003 676 4054 est
698 3997 866 4070 quod
890 3997 1141 4054 voluerit
1167 3996 1422 4052 nobiliter
1439 4004 1489 4052 et
1511 3996 1764 4053 viriliter

114 4086 284 4157 mori,-
315 4086 421 4142 sed
452 4086 748 4159 numquid
773 4087 910 4143 ideo
927 4085 1265 4158 sapienter?
1294 4084 1570 4141 Nobiliter
1601 4085 1763 4141 scili-

110 4180 223 4245 cet,
254 4191 328 4231 ue
358 4176 688 4232 libertatem
722 4176 811 4232 sui
843 4178 1076 4248 generis
1123 4176 1392 4247 captivus
1428 4176 1760 4231 amitteret:

111 4263 361 4320 viriliter
383 4270 605 4331 autem,
645 4266 811 4338 quod
839 4270 1036 4321 tantas
1085 4265 1240 4321 vires
1266 4263 1452 4320 animi
1490 4263 1760 4331 haberet,

113 4353 338 4425 quibus
351 4354 606 4410 idoneus
618 4360 770 4411 esset
783 4360 846 4410 ut
867 4369 929 4410 se
940 4356 1068 4427 ipse
1088 4353 1405 4426 perimeret
1427 4370 1441 4420 ;
1461 4353 1624 4427 quod
1639 4354 1763 4427 gla-

111 4442 216 4498 dio
244 4458 386 4499 cum
413 4442 657 4516 implere
686 4459 808 4499 non
840 4447 1062 4516 posset,
1091 4443 1166 4498 de
1195 4458 1369 4499 muro
1407 4458 1468 4499 se
1490 4445 1762 4516 praecipi-

115 4535 235 4588 tem
258 4530 444 4596 dedit,
471 4539 528 4588 et
554 4533 638 4588 sic
667 4531 866 4588 adhuc
881 4533 1051 4588 vivus
1065 4532 1390 4605 abruptam
1411 4533 1763 4590 cucurritad

115 4625 370 4692 petram,
393 4625 574 4693 atque
598 4622 676 4676 ibi
699 4621 826 4691 jam
848 4621 1172 4690 exsanguis
1200 4621 1485 4677 intestina
1499 4638 1612 4678 sua
1636 4636 1763 4694 pro-

115 4707 306 4777 duxit,
334 4723 471 4781 quis
503 4713 755 4782 utraque
784 4725 969 4766 manu
999 4708 1295 4781 dissipata
1339 4710 1661 4782 spargebat
1701 4710 1763 4765 in

115 4797 435 4870 populum,
475 4813 547 4855 ac
577 4797 794 4855 deinde
822 4803 1036 4870 postea
1083 4797 1357 4854 defessus
1387 4798 1667 4853 occubuit
1693 4797 1761 4868 (ll

115 4886 365 4954 Nachab,
396 4903 508 4953 xw,
539 4887 745 4960 37-46).
804 4889 1019 4957 Magna
1069 4887 1199 4944 hac
1222 4891 1383 4951 sunt,
1423 4901 1534 4942 nec
1566 4890 1766 4942 tamen

115 4975 312 5033 bona:
339 4992 462 5034 non
491 4977 653 5034 enim
683 4976 908 5033 bonum
934 4983 1022 5034 est
1068 4991 1249 5032 omne
1269 4974 1438 5047 quod
1473 4988 1766 5044 maguum

120 5071 240 5138 est;
259 5066 550 5138 quoniam
565 5073 706 5123 sunt
730 5080 956 5136 magna
983 5065 1165 5121 etiam
1200 5064 1379 5121 mala.
1404 5066 1556 5119 Deus
1571 5063 1722 5119 dixit
1750 5076 1762 5116 :

120 5153 465 5215 Innocentem
476 5158 738 5227 stjustam
752 5155 1036 5211 neoccidas
1055 5153 1254 5226 (Exod.
1269 5169 1434 5219 χχιιι,
1453 5154 1530 5226 7).
1549 5154 1604 5210 Si
1625 5169 1768 5224 ergo

117 5253 228 5309 iste
255 5251 545 5306 innocens
590 5245 872 5316 etjustus
913 5259 1036 5300 non
1087 5243 1215 5310 fuit,
1267 5259 1375 5300 cur
1413 5243 1770 5315 proponitur

115 5333 488 5400 imitandus?
514 5335 571 5392 Si
598 5339 798 5391 autem
830 5333 1117 5389 innocens
1138 5340 1193 5388 et
1211 5332 1547 5403 justusfuit,
1581 5347 1767 5404 quare

110 5428 453 5488 interfector
480 5423 818 5481 innocentis
847 5428 904 5478 et
944 5422 1108 5493 justi.
1141 5422 1202 5477 id
1234 5427 1320 5478 est
1358 5421 1547 5494 ipsius
1579 5421 1767 5485 Razii,

116 5521 368 5590 insuper
389 5518 632 5588 putatur
658 5528 798 5568 esse
827 5509 1177 5568 laudandus
1199 5511 1227 5568 ‘i

189 5609 252 5664 9.
290 5602 692 5670 Hmcinterim,
719 5617 795 5658 ne
816 5601 1070 5657 nimium
1095 5599 1326 5672 prolixa
1347 5599 1471 5666 ﬁat,
1492 5600 1630 5656 huic
1652 5600 1773 5673 epi-

238 5741 391 5806 ΕΜ..
420 5745 715 5793 suum
735 5737 984 5803 exempla.
1014 5739 1082 5788 At.
1109 5735 1257 5792 Mss.
1281 5737 1557 5803 (auorum.

1383 213 1885 278 EPISTULABUM
1926 219 2214 280 CLASSIS
2251 221 2327 280 Ill
2341 268 2355 281 .

3428 229 3534 288 942

1879 347 2044 404 stolas
2084 347 2407 420 implendas
2427 347 2569 405 satis
2592 349 2727 405 sint.
2751 346 2948 406 Debeo
2970 355 3169 409 autem
3191 354 3528 428 Thamuga-

1871 437 2161 493 densibus
2173 437 2470 509 ejusmodi
2493 437 2891 496 ministerium
2904 441 3524 516 charitatis,quouiam

1873 525 2020 581 mihi
2044 529 2100 582 et
2130 531 2267 583 voto
2299 533 2401 584 tuo
2421 527 2572 584 etab
2597 527 2934 585 honorabili
2952 535 3006 586 et
3024 530 3375 590 charissima
3401 535 3524 593 ﬁlio

1873 629 2010 671 meo
2031 615 2324 682 Eleusino,
2352 617 2456 688 qui
2484 615 2849 673 tribunatum
2881 619 3045 690 apud
3068 634 3171 677 eos
3199 622 3338 691 egit,
3373 623 3526 680 bene

1870 702 2154 760 insinuati
2197 709 2354 770 sunt,
2407 709 2470 761 ut
2527 704 2831 762 ambabus
2886 708 3153 779 epistolis
3205 710 3522 769 Gaudentii

1869 792 2310 849 Donatistarum
2323 794 2615 867 episcopi,
2632 799 2688 851 et
2712 795 2970 852 maxime
2989 798 3322 868 posteriori.
3339 817 3524 872 quam

1870 882 2206 938 secundum
2236 882 2570 955 Scripturas
2600 889 2842 940 sanctas
2864 901 2925 940 se
2957 884 3165 941 fecisse
3183 888 3521 960 arbitratur,

1867 969 1947 1028 ita
1975 970 2395 1044 respondeam,
2413 987 2486 1028 ne
2517 971 2750 1045 aliquid
2770 974 3243 1045 praetermissum
3258 981 3521 1049 putetur.

2365 1081 2701 1138 EPISTOLA
2732 1083 2889 1139 CCV'
2920 1083 3022 1154 (α).

1867 1187 2208 1259 Augustinus
2221 1190 2529 1255 Consentio,
2553 1192 2966 1261 respondensad
2986 1193 3140 1249 illius
3162 1199 3522 1265 percontatio-

1936 1293 2026 1332 nes
2046 1277 2114 1333 de
2136 1294 2355 1349 corpore
2370 1279 2745 1351 Christiquale
2757 1298 2904 1337 nunc
2915 1283 2988 1338 sit
3006 1300 3205 1338 necnon
3229 1284 3295 1341 de
3319 1287 3523 1341 nostris

1934 1367 2250 1438 corporibus
2269 1369 2664 1439 qualiafutura
2693 1371 2802 1426 sint
2825 1371 2885 1425 in
2911 1375 3342 1430 resurrectione.

2007 1471 2396 1530 Dilectissimo
2435 1473 2598 1530 fratri
2638 1478 2968 1543 Cossermo,
3010 1483 3376 1536 AUGUSTINUS.

1935 1578 2459 1638 CAPUTPRIMUM.
2483 1611 2549 1623 —
2571 1587 2617 1636 l.
2653 1580 2953 1648 Quantum
2975 1584 3052 1638 ad
3073 1585 3281 1641 oculos
3304 1587 3512 1644 attinet

1865 1669 2227 1738 corporales,
2262 1668 2568 1740 quosdam
2604 1670 3025 1736 videmus,nec
3054 1674 3524 1748 novimus;quo-

1865 1769 1999 1811 rum
2031 1771 2068 1812 a
2093 1755 2267 1812 nobis
2307 1757 2505 1814 studia
2525 1757 2764 1830 vitaque
2796 1761 3146 1817 nesciuntur
3178 1777 3190 1818 :
3223 1765 3524 1835 quosdam

1866 1844 2167 1912 novimus,
2195 1861 2304 1901 nec
2333 1845 2641 1914 videmus;
2674 1863 2935 1919 quorum
2968 1850 3140 1906 nobis
3171 1852 3433 1910 charitas
3466 1861 3521 1910 et

1867 1932 2114 1989 affectus
2139 1934 2414 2002 innotuit,
2439 1935 2499 1990 in
2525 1937 2746 2007 quibus
2777 1942 2832 1993 et
2869 1942 2920 1993 te
2944 1948 3522 2013 annumeramus;et

1863 2022 2000 2078 ideo
2031 2027 2083 2078 te
2116 2023 2307 2092 magis
2338 2023 2538 2079 videre
2556 2024 2996 2093 desideramus,
3029 2028 3248 2084 utiuiis
3263 2031 3345 2087 sis
3368 2047 3526 2104 quos

1867 2116 1923 2167 et
1947 2111 2220 2168 videmus
2246 2117 2302 2168 et
2327 2113 2622 2168 novimus.
2655 2117 2803 2170 Nam
2834 2115 2914 2170 illi
2945 2117 3048 2187 qui
3079 2117 3264 2188 ignoti
3300 2121 3522 2176 nostris

1867 2199 2053 2256 oculis
2065 2201 2559 2270 iugeruntur,non
2579 2203 2775 2259 solum
2789 2203 3214 2262 desiderabiles
3228 2223 3343 2264 non
3360 2214 3523 2277 sunt,

1868 2289 1974 2345 sed
1989 2289 2081 2344 vix
2097 2290 2432 2346 tolerabiles
2446 2295 2606 2357 sunt,
2623 2292 2733 2347 nisi
2748 2292 3048 2365 aliquibus
3064 2294 3254 2366 signis
3268 2298 3529 2368 pulchri-

1869 2377 2015 2435 tudo
2057 2378 2117 2433 iu
2147 2379 2240 2433 his
2269 2379 2532 2435 hominis
2585 2380 2848 2436 interiori
2897 2389 3208 2455 appareat.
3261 2387 3528 2451 Quorum

1869 2472 2093 2536 autem,
2120 2468 2271 2523 sicut
2304 2472 2460 2534 tuus,
2481 2469 2659 2525 nobis
2684 2472 2853 2542 prius
2872 2473 3527 2546 animusintelligendo,

1871 2571 2052 2628 quam
2070 2555 2325 2611 videndo
2340 2572 2549 2629 corpus
2564 2559 2982 2630 apparuit,jam
2996 2561 3243 2633 quidem
3259 2565 3531 2621 novimus

1870 2659 1974 2700 eos
2009 2663 2024 2712 ;
2054 2643 2156 2700 sed
2187 2645 2328 2701 ideo
2367 2644 2547 2701 etiam
2605 2647 2806 2703 videre
2859 2650 3299 2717 desideramus,
3333 2658 3394 2709 ut
3424 2670 3531 2726 per

1872 2732 2017 2789 illud
2038 2734 2198 2804 quod
2229 2735 2596 2806 conspicitur
2616 2736 2824 2803 oculis,
2861 2739 3049 2794 multo
3072 2740 3442 2810 jucundibus
3471 2748 3528 2800 et

1870 2821 2307 2878 familiariuseo
2343 2838 2526 2895 quem
2549 2824 2680 2896 jam
2701 2826 3002 2898 novimus,
3027 2829 3223 2885 amico
3251 2831 3528 2888 interiore

1871 2910 2270 2981 perfruamur.
2297 2911 2510 2967 Verum
2527 2911 2710 2969 ethoc
2732 2913 2806 2969 de
2831 2919 2882 2969 te
2907 2914 3081 2971 nobis
3105 2916 3531 2977 Deusfortasse

1870 2999 2141 3066 donabit,
2157 2999 3165 3076 quietioribusettranquillioribus,
3188 3006 3334 3063 sicut
3363 3013 3528 3080 opta-

1873 3104 2029 3154 mus,
2058 3087 2240 3144 rebus
2274 3088 2575 3155 humanis,
2606 3094 2667 3147 ut
2701 3091 2760 3146 id
2796 3091 3063 3149 honesta:
3121 3095 3422 3152 charitatis
3455 3098 3528 3154 sit

1871 3178 2069 3250 potius
2097 3194 2284 3251 quam
2317 3178 2581 3236 molesta:
2605 3180 2996 3237 necessitatis.
3021 3185 3186 3240 Nunc
3210 3184 3287 3241 ad
3310 3201 3379 3242 ea
3409 3202 3527 3242 res-

1871 3267 2199 3342 pondeam,
2225 3268 2377 3325 sicut
2419 3269 2669 3325 Domino
2701 3269 3026 3341 adjuvante
3080 3279 3348 3345 potuero,
3394 3292 3530 3349 quae

1872 3362 2085 3431 prater
2114 3358 2434 3430 epistolam
2472 3359 2530 3415 in
2561 3358 2678 3416 alia
2706 3360 2979 3418 chartula
3005 3378 3040 3419 a
3067 3378 3164 3419 me
3199 3366 3528 3436 quaerenda

1873 3446 2104 3503 misisti.

1943 3535 1993 3590 2.
2043 3535 2265 3602 Οαωιίε
2304 3542 2490 3592 utrum
2521 3554 2664 3592 nunc
2697 3554 2888 3609 corpus
2918 3539 3145 3595 Domini
3171 3557 3290 3596 ossa
3320 3550 3368 3597 et
3399 3559 3523 3598 san-

1868 3625 2082 3695 guinem
2115 3623 2322 3689 habeat,
2341 3632 2436 3680 aut
2458 3626 2674 3697 reliqua
2698 3629 2880 3681 carnis
2911 3628 3256 3686 lineamenta.
3293 3632 3445 3696 Quid
3478 3633 3526 3688 si

1871 3712 2148 3781 adderes,
2165 3719 2364 3770 utrum
2376 3713 2965 3787 etiamjvestimenta?
2980 3719 3183 3772 Nonne
3210 3725 3528 3789 augeretur

1869 3802 2124 3874 quaestio
2145 3801 2174 3857 ‘i
2204 3804 2331 3868 Qua
2353 3819 2558 3868 causa,
2583 3804 2696 3858 nisi
2728 3804 2871 3876 quia
2909 3821 2978 3860 ea
2999 3822 3134 3877 qua:
3165 3807 3221 3860 iu
3245 3823 3357 3862 usu
3391 3810 3522 3863 vita:

1869 3889 2049 3961 hujus
2064 3895 2277 3945 nostra:
2290 3891 3134 3964 corruptibilisnovimus,sine
3148 3896 3520 3966 corruptione

1870 3980 2125 4049 cogitare
2140 3979 2234 4035 vix
2250 3996 2737 4051 possumus,cum
2751 3981 3082 4037 divinorum
3101 3982 3522 4042 miraculorum

1869 4068 2152 4141 quaedam
2165 4068 2660 4140 documentajam
2687 4070 2830 4126 data
2862 4069 3000 4136 sint,
3019 4087 3089 4126 ex
3105 4072 3327 4143 quibus
3352 4073 3527 4131 liceat

1871 4158 2209 4229 conjectare
2237 4158 2505 4230 majora?
2523 4161 2671 4216 Nam
2700 4159 2748 4214 si
2783 4161 2961 4215 vestis
2997 4160 3399 4217 Israelitarum
3423 4178 3528 4234 per

1871 4250 1954 4304 tot
1980 4247 2241 4303 annosin
2265 4264 2466 4304 eremo
2484 4249 2609 4304 sine
2651 4248 2854 4304 tritura
2883 4265 3009 4305 esse
3024 4251 3231 4321 potuit,
3258 4251 3305 4304 si
3324 4251 3527 4307 morti-

1870 4333 2008 4392 cina
2027 4335 2195 4408 pellis
2224 4337 2770 4392 calceamentorum
2800 4338 3031 4394 tamdiu
3056 4339 3180 4392 sine
3197 4339 3330 4393 labe
3350 4338 3527 4396 dura-

1870 4425 1973 4492 vit,
2002 4430 2197 4497 potest
2214 4425 2433 4496 ubique
2464 4425 3051 4495 Deusquorumbibet
3069 4441 3407 4496 corporum,
3424 4443 3526 4498 per

1869 4518 2164 4585 quantum
2199 4512 2443 4567 voluerit
2464 4518 2720 4583 tempus,
2741 4513 3148 4584 incorruptam
3172 4515 3525 4585 protendere

1871 4600 2241 4674 qualitatem.
2277 4601 2397 4669 Ego
2424 4599 2672 4671 proinde
2691 4600 2919 4655 Domini
2945 4616 3159 4673 corpus
3184 4602 3263 4658 ita
3289 4603 3347 4656 in
3381 4603 3527 4659 caalo

1872 4703 2006 4743 esse
2020 4688 2280 4753 credo,ut
2293 4694 2417 4743 erat
2430 4690 2488 4743 in
2505 4689 2917 4760 terra,quando
2932 4690 3196 4746 ascendit
3211 4691 3266 4745 in
3285 4691 3526 4750 crelum.

1874 4776 2107 4832 Dixerat
2134 4779 2334 4831 autem
2368 4776 2699 4846 Discipulis,
2736 4782 2796 4832 ut
2827 4777 2882 4833 in
2904 4779 3224 4849 Evangelia
3251 4779 3527 4849 legimus,

1873 4865 1948 4921 de
1961 4881 2068 4920 sua
2080 4865 2506 4921 resurrectione
2519 4864 3026 4930 dubitautibus,et
3040 4867 3183 4922 illud
3199 4869 3358 4940 quod
3373 4870 3527 4923 vide-

1875 4953 2042 5021 bant,
2073 4968 2194 5008 non
2230 4969 2467 5025 corpus.
2513 4954 2618 5008 sed
2664 4955 2942 5025 spiritum
2971 4971 3098 5010 esse
3131 4957 3481 5028 putantibus
3514 4973 3526 5010 :

1883 5041 2071 5099 Videte
2096 5059 2286 5098 manus
2297 5059 2436 5097 meas
2448 5049 2499 5097 et
2509 5042 2692 5113 pedes;
2708 5043 2927 5114 palpate
2939 5051 2987 5097 et
3003 5044 3196 5108 videte,
3222 5045 3353 5114 quia
3368 5044 3534 5114 spiri-

1875 5138 2100 5202 tuspssa
2110 5137 2387 5187 etcarncm
2399 5148 2506 5187 non
2519 5131 2937 5198 habet,sicntme
2954 5132 3148 5186 videtis
3162 5133 3354 5187 habere
3373 5133 3531 5204 (an.

1877 5237 2034 5285 xxiv,
2064 5224 2174 5290 39).
2205 5222 2366 5277 Sicut
2396 5236 2623 5284 eorum,
2654 5238 2789 5276 cum
2817 5226 2974 5276 esset
3000 5221 3059 5275 in
3093 5227 3268 5284 terra,
3297 5226 3533 5277 contre-

1879 5314 2074 5366 ctatus
2093 5309 2587 5379 estmanibus,sic
2600 5325 2805 5366 eorum
2821 5314 3074 5374 est,cum
3092 5310 3267 5365 iretin
3287 5309 3528 5376 ccelum,

1941 5486 1959 5506 ’
1996 5487 2142 5536 Hanc
2175 5487 2501 5552 contulimus
2529 5499 2652 5552 cum
2683 5501 2731 5552 ᾳ.
2766 5485 2936 5550 bg.bl.
2965 5486 3052 5536 bn.
3077 5500 3122 5536 c.
3151 5501 3228 5536 cc.
3268 5487 3321 5535 tl'.
3355 5502 3406 5552 ς.
3440 5503 3531 5552 gv.

1883 5550 1916 5613 i.
1943 5563 1995 5613 n_.
2028 5563 2132 5613 r.s.
2159 5553 2197 5613 ζ.
2225 5550 2436 5600 duobus
2466 5552 2542 5599 sb.
2579 5549 2790 5599 duobus
2814 5549 2897 5598 vc.
2913 5553 3146 5613 quatuor
3178 5565 3226 5600 ν.
3258 5549 3380 5600 cum
3410 5549 3532 5600 Ain.

1884 5611 2344 5789 Ξδέἓδῐῖὂι
2373 5688 2494 5739 qua:
2522 5675 2806 5725 autem205
2827 5677 2963 5734 erat,
2997 5688 3143 5726 nunc
3172 5675 3279 5726 189.
3310 5675 3520 5742 Scripta

1999 5775 2007 5785 .
2069 5752 2122 5786 ιι.
2260 5774 2274 5785 .
2981 5763 2990 5771 -

1937 5751 2007 5788 ιό.
2032 5751 2122 5788 an.
2159 5751 2274 5788 αυ.
2981 5763 2990 5771 ⁸
