4122 6170
621 179 729 234 943

1871 177 1933 236 S.
1973 171 2353 234 AUGUSTINI
2389 171 2707 232 EPISCOPI

3847 181 3925 242 (δυ

625 305 916 360 deductus
942 303 1308 373 aspectibus.
1343 303 1427 358 lbi
1458 319 1570 359 vox
1605 304 1875 374 angelica
1908 307 2109 361 sonuit
2138 322 2150 360 :
2181 306 2282 360 Sic
2390 307 2480 360 est
2507 326 2520 358 :
2548 303 2817 375 sequitur
2842 301 3022 364 enim.
3053 309 3101 356 et
3118 303 3293 359 omnis
3312 304 3720 362 honorcarnisut
3747 311 3937 382 ﬂosfeni;

623 395 818 456 veniet,
856 391 1289 462 quemadmodum
1321 409 1437 447 eum
1489 394 1712 448 vidistis
1746 399 1953 450 euntem
1993 396 2051 449 in
2091 396 2280 450 caelum

624 483 766 552 (Act.
794 499 829 543 ι,
857 480 968 550 tl).
992 479 1156 534 Fides
1191 481 1428 550 adsit,et
1452 484 1614 538 nulla
1641 486 1891 555 quaestio
1922 483 2275 539 remanebit.

692 589 742 640 3.
774 587 889 640 Nisi
920 584 1066 640 forte
1098 585 1171 641 de
1194 589 1482 659 sanguine
1510 590 1937 660 requirendum
1969 596 2074 659 est,
2135 591 2278 662 quia

619 689 756 729 cum
780 674 1044 740 dixisset,
1072 676 1310 747 Palpate
1339 685 1393 731 et
1426 678 1757 749 videte,quia
1785 681 2015 750 spiritus
2060 697 2277 734 carnem

615 770 665 818 et
695 779 814 818 ossa
837 781 943 817 non
972 764 1146 830 habet,
1184 782 1301 820 non
1331 766 1576 832 addidit,
1596 769 1976 838 sanguinem.
1995 771 2117 824 Non
2133 783 2274 838 ergo

618 858 675 908 et
690 869 797 908 nas
816 853 1116 908 addamus
1131 855 1427 925 inquirere
1444 856 1610 927 quod
1633 856 1728 911 ille
1742 872 1862 911 non
1876 857 2107 912 addidit
2119 857 2275 914 dice-

616 956 680 996 re
715 959 725 997 :
757 947 813 996 et
851 944 925 996 de
948 943 1328 1013 compendio,
1377 945 1424 998 si
1459 944 1668 1016 placet,
1695 944 1862 1000 finita
1888 947 1957 1000 sit
1987 949 2264 1017 qumstio.

619 1030 903 1086 Fortassis
917 1031 1354 1103 enim,accepta
1372 1033 1685 1089 occasione
1705 1035 2275 1105 sanguinis,urgebit

615 1135 727 1174 nos
756 1119 1057 1175 molestior
1071 1127 1494 1192 perscrutator,
1518 1128 1574 1178 et
1599 1123 1752 1178 dicet
1774 1143 1786 1181 ;
1806 1123 1860 1178 Si
1878 1125 2142 1193 sanguis,
2169 1142 2273 1182 cur

615 1223 738 1263 non
769 1215 820 1264 et
855 1209 1082 1279 pituita,
1116 1226 1222 1264 cur
1243 1226 1363 1266 non
1397 1218 1451 1266 et
1483 1212 1558 1266 fel
1580 1211 1808 1267 ﬂavum
1837 1213 1982 1267 etfel
2009 1216 2267 1282 nigrum,

615 1297 833 1368 quibus
858 1304 1115 1368 quatuor
1140 1298 1496 1354 humoribus
1521 1307 1798 1356 naturam
1820 1302 2018 1356 carnis
2051 1309 2272 1375 tempe-

612 1387 730 1442 rari
755 1387 936 1441 etiam
962 1387 1270 1443 medicinae
1296 1389 1613 1460 disciplina
1637 1389 1923 1445 testatur?
1944 1390 2054 1446 Sed
2071 1392 2268 1462 quod-

611 1475 755 1530 libet
779 1475 1038 1547 quisque
1071 1476 1274 1542 addat,
1315 1480 1754 1549 corruptionem
1787 1479 2000 1535 addere
2043 1487 2265 1549 caveat,

612 1581 688 1620 ne
716 1581 840 1620 suae
864 1565 1000 1620 ﬁdei
1022 1569 1341 1622 sanitatem
1360 1570 1816 1640 castitatemque
1831 1575 2192 1643 corrumpat.

686 1672 737 1726 4.
765 1669 844 1727 Ex
872 1673 1302 1728 consuetudine
1323 1690 1521 1728 rerum
1551 1677 2268 1748 expertarum,inexperta

611 1776 796 1834 opera
815 1762 1359 1828 divina,intirmitas
1385 1763 1625 1818 metitur
1650 1765 2002 1836 humana,et
2031 1766 2264 1823 acutule

613 1866 676 1905 se
706 1851 929 1919 garrire
946 1851 1436 1917 arbitratur,cum
1468 1851 1640 1908 dicit:
1672 1852 1730 1908 Si
1763 1870 1899 1908 caro
1923 1859 2101 1922 est,et
2131 1872 2264 1910 san-

609 1941 738 2008 guis
767 1947 852 1995 est
883 1957 895 2005 ;
926 1940 973 1994 si
998 1941 1269 2012 sanguis,
1302 1946 1358 1995 et
1391 1943 1585 1997 caeteri
1629 1944 1949 2009 humores;
1983 1945 2028 1998 si
2068 1947 2259 2000 caeteri

605 2028 912 2094 humores,
943 2045 1084 2098 ergo
1117 2035 1171 2085 et
1201 2032 1523 2102 corruptio.
1575 2033 1654 2087 Eo
1697 2032 1879 2088 modo
1920 2033 2167 2090 diceret:
2203 2035 2261 2091 Si

603 2115 850 2173 ﬂamma
879 2124 987 2186 est,
1017 2124 1072 2173 et
1099 2119 1300 2186 ardet;
1325 2121 1373 2174 si
1402 2121 1590 2186 ardet,
1619 2125 1674 2174 et
1706 2122 1853 2189 urit;
1885 2123 1932 2176 si
1961 2125 2095 2191 urit,
2115 2138 2257 2193 ergo

601 2205 867 2262 virorum
893 2209 1067 2262 trium
1082 2209 1141 2263 in
1157 2208 1461 2265 fornacem
1482 2210 1638 2278 ignis
1659 2213 1735 2266 ab
1752 2211 1939 2281 impio
1957 2227 2093 2282 rege
2121 2213 2254 2267 mis-

600 2310 801 2350 sorum
830 2312 1083 2367 corpora
1107 2297 1387 2352 incendit.
1415 2300 1687 2354 Siautem
1704 2300 2090 2357 hocintribus
2119 2302 2255 2357 viris

598 2383 962 2439 miraculum
993 2385 1159 2450 (Dan.
1186 2387 1268 2456 ιιι)
1300 2387 1526 2442 factum
1557 2403 1686 2443 esse
1712 2404 1832 2444 non
1850 2388 2254 2462 dubitatquis-

595 2473 732 2544 quis
753 2474 826 2528 de
857 2474 1075 2528 divinis
1101 2475 1384 2544 operibus
1400 2481 1551 2531 recte
1570 2474 1752 2547 sapit;
1784 2493 1889 2532 cur
1911 2493 2031 2533 non
2046 2480 2250 2536 creda-

597 2567 689 2618 tur
711 2563 813 2634 qui
833 2563 968 2618 fecit
987 2563 1084 2619 illa
1114 2579 1366 2635 corpora
1395 2580 1517 2620 non
1543 2581 1720 2637 posse
1755 2567 1890 2635 igne
1921 2571 2245 2640 corrumpi,

591 2648 804 2705 fecisse
833 2651 982 2705 illud
1010 2667 1228 2723 corpus
1258 2667 1366 2707 nec
1397 2668 1574 2724 posse
1618 2656 1922 2726 corrumpi
1955 2655 2111 2726 igne,
2138 2674 2246 2714 nec

590 2738 772 2804 tame,
803 2755 912 2795 nec
943 2739 1176 2809 morbo,
1211 2757 1319 2796 nec
1351 2742 1538 2806 senio,
1572 2758 1682 2798 nec
1717 2743 1835 2798 ulla
1868 2743 1922 2797 vi
1955 2744 2069 2800 alia
2123 2763 2244 2818 qua

587 2828 735 2884 solet
763 2829 1033 2884 humana
1063 2845 1315 2900 corpora
1341 2829 1697 2886 labefactare
1719 2832 2241 2905 corruptio?Quod

586 2917 636 2972 si
665 2919 990 2990 quisquam
1016 2918 1175 2985 dicit,
1194 2920 1494 2989 noncarni
1524 2921 1702 2976 trium
1723 2920 1956 2978 illorum
1972 2923 2236 2981 virorum

582 3007 852 3063 additam
869 3009 1285 3077 contraignem
1304 3009 1835 3080 incorruptionem,
1852 3011 1955 3067 sed
1980 3013 2094 3084 ipsi
2113 3014 2235 3083 igni

580 3097 910 3152 detractam
940 3098 1361 3167 corrumpendi
1393 3097 1925 3171 facultatem;quid
1958 3117 2234 3158 veremur

575 3201 649 3240 ne
678 3201 921 3241 carnem
953 3185 1144 3240 facere
1173 3185 1507 3256 nequiverit
1541 3203 1660 3241 non
1693 3203 1871 3258 posse
1903 3193 2225 3263 corrumpi,

575 3273 828 3346 qujﬁicit
849 3275 1050 3342 ignem
1065 3289 1184 3328 non
1200 3289 1380 3344 posse
1399 3290 1780 3345 corrumpere
1795 3276 1978 3332 ?Nam
2009 3278 2056 3333 si
2081 3279 2226 3336 illud

576 3380 696 3419 non
729 3364 802 3417 de
833 3363 1048 3428 carnis,
1081 3360 1186 3416 sed
1201 3362 1274 3416 de
1307 3362 1461 3432 ignis
1496 3364 1821 3420 mutatione
1864 3368 2223 3438 intelligitur,

577 3453 766 3508 multo
788 3457 874 3506 est
895 3451 1226 3506 mirabilius
1250 3451 1453 3507 :siinul
1483 3454 1642 3508 enim
1671 3459 1728 3508 et
1756 3454 2074 3514 hominum
2101 3475 2225 3516 cor-

578 3556 727 3610 pora
749 3555 870 3594 non
905 3540 1111 3596 urebat
1134 3555 1206 3595 ne
1221 3547 1420 3613 posset
1449 3558 1681 3609 nocere,
1715 3548 1772 3598 et
1795 3543 1956 3614 ligna
1977 3546 2234 3605 fornacis

580 3629 866 3699 urebatIut
890 3635 1092 3699 posset
1121 3632 1476 3686 ardere.Sed
1512 3632 1613 3704 qui
1646 3633 1952 3691 etiamista
1966 3653 2085 3692 non
2114 3655 2234 3694 cre-

579 3720 749 3783 dunt,
785 3719 1036 3773 nimium
1051 3719 1125 3775 de
1139 3719 1341 3777 divina
1358 3725 1645 3791 potestate
1660 3721 2073 3790 difﬁdunt,nec
2093 3743 2232 3785 cum

581 3808 667 3864 eis
700 3807 788 3863 vel
814 3807 890 3864 ad
921 3825 1023 3864 eos
1051 3825 1210 3864 nunc
1231 3825 1425 3865 sermo
1442 3811 1614 3866 nobis
1629 3816 1749 3868 est:
1777 3814 1880 3884 qui
1905 3818 2233 3874 autemista

577 3896 847 3961 credunt,
874 3914 944 3952 ex
959 3898 1048 3952 his
1065 3898 1244 3952 etiam
1279 3897 1377 3953 illa
1404 3905 1730 3971 utcumque
1753 3902 2076 3972 conjiciant
2096 3921 2231 3977 quas

580 3986 830 4040 fideliter
866 3992 1162 4056 quierunt.
1212 3987 1370 4041 Valet
1408 3988 1588 4057 igitur
1631 3990 1836 4045 divina
1869 3995 2132 4061 potentia
2158 3995 2231 4051 de

581 4075 698 4128 ista
729 4074 934 4127 visibili
968 4079 1146 4144 atque
1172 4075 1464 4130 tractabili
1490 4083 1702 4132 natura
1724 4094 2066 4149 corporum,
2097 4085 2232 4154 qui-

582 4161 843 4217 busdam
858 4162 1258 4227 manentibus,
1279 4163 1509 4219 auferre
1544 4181 1695 4236 quas
1715 4167 1959 4223 voluerit
1980 4172 2226 4241 qualita-

586 4255 666 4306 tes
691 4265 702 4305 :
740 4265 808 4305 ac
825 4265 926 4321 per
939 4251 1052 4305 hoc
1069 4249 1220 4305 valet
1237 4252 1415 4306 etiam
1438 4253 1713 4308 membra
1731 4257 2002 4312 mortalia
2026 4258 2230 4317 forma:

581 4340 960 4395 lineamentis
997 4340 1400 4406 manentibus,
1429 4344 1807 4414 corruptione
1827 4361 1956 4400 vero
1973 4350 2231 4406 mortali-

580 4432 716 4487 tatis
734 4436 1023 4497 emortua,
1045 4429 1452 4502 stabilivigore
1478 4431 1718 4488 firmare
1741 4453 1753 4503 ;
1773 4439 1833 4490 ut
1855 4436 2014 4492 absit
2039 4437 2224 4510 labes,

581 4521 737 4576 adsit
776 4520 1000 4590 efﬁgies
1035 4537 1048 4586 ;
1100 4520 1252 4575 adsit
1284 4520 1489 4585 motio,
1548 4523 1696 4579 absit
1738 4524 2042 4596 fatigatio;
2070 4528 2229 4585 adsit

578 4610 857 4663 vescendi
891 4613 1172 4680 potestas,
1205 4609 1365 4666 absit
1385 4612 1680 4667 esuriendi
1702 4616 2045 4672 necessitas.

650 4713 1026 4768 CAPU'l‘ll.-—
1044 4715 1273 4779 5.Quod
1287 4730 1427 4784 ergo
1447 4716 1658 4785 legitur
1672 4719 1835 4788 apud
1849 4721 2224 4790 Apostolum,

580 4802 726 4858 Caro
754 4810 804 4856 et
841 4805 1063 4872 sanguis
1090 4820 1312 4873 regnum
1375 4804 1481 4858 Dei
1516 4822 1621 4859 non
1645 4807 1986 4876 possidebunt
2017 4810 2060 4882 (Ι
2095 4812 2221 4870 Cor.

574 4909 668 4959 xv,
704 4892 812 4962 50),
857 4892 1101 4946 solvitur
1129 4892 1375 4963 quidem
1405 4897 1657 4963 quaestio
1688 4899 1864 4952 etiam
1897 4898 2009 4954 isto
2044 4903 2224 4960 modo

571 4999 753 5054 quem
777 4989 836 5037 tu
865 4983 1370 5046 commemorasti,
1403 4991 1464 5037 ut
1493 4984 1690 5038 carnis
1705 4992 1760 5041 et
1782 4989 2090 5058 sanguinis
2114 5007 2223 5047 no—

569 5074 729 5128 mine
742 5088 926 5143 opera
939 5071 1136 5127 carnis
1149 5072 1523 5143 etsanguinis
1539 5073 1970 5145 intelligantur:
1988 5094 2215 5148 verum,

564 5162 708 5233 quia
723 5179 840 5217 non
855 5162 928 5217 de
941 5161 1244 5234 operibus,
1268 5163 1371 5216 sed
1386 5161 1459 5217 de
1476 5164 1656 5218 modo
1671 5167 2117 5224 resurrectionis
2131 5170 2219 5226 lo-

564 5250 1428 5323 quebaturApostolus,eteam
1441 5253 1833 5323 quaestionem
1849 5254 2024 5327 dispu
2037 5259 2215 5315 tando

563 5340 855 5403 versabat,
891 5341 1104 5395 melius
1133 5356 1203 5395 eo
1225 5340 1357 5395 loco
1385 5340 1726 5410 intelligitur
1743 5358 1880 5398 caro
1899 5349 2215 5416 etsanguis

561 5441 668 5497 pro
696 5432 1070 5500 corruptione
1093 5431 1287 5486 carnis
1313 5436 1369 5485 et
1392 5433 1708 5499 sanguinis
1741 5433 1954 5503 posita.
1981 5436 2213 5494 Sienim

561 5530 781 5569 nomen
795 5520 990 5571 carnis
1007 5519 1298 5586 significat
1312 5522 1847 5590 operationem,cur
1861 5538 1974 5577 non
1991 5527 2213 5596 signiﬁ-

556 5610 641 5658 cet
676 5603 853 5659 etiam
868 5609 1334 5675 corruptionem,
1350 5609 1498 5664 sicut
1518 5610 1744 5665 dictum
1760 5613 2059 5677 est,0mnis
2083 5632 2209 5670 caro

552 5693 733 5765 fenum
756 5693 782 5746 ?
816 5696 958 5748 Nam
988 5703 1038 5746 et
1069 5696 1158 5748 hic
1183 5713 1312 5764 ipsa
1361 5700 1821 5764 corruptibilitas
1865 5703 2206 5770 signiﬁcata

2387 393 2570 464 fenum
2598 393 2772 456 aruit,
2807 391 3388 462 ﬂosdecidit([sai.x1.,
3411 399 3460 459 6,
3483 397 3556 466 7).
3581 397 3937 469 Numquidnam

2389 482 2505 537 hoc
2545 483 2722 536 etiam
2747 480 2825 535 illi
2857 482 3020 536 carni
3051 482 3360 553 competit,
3390 483 3462 537 de
3483 499 3599 554 qua
3627 485 3820 542 dictum
3843 495 3938 543 est:

2388 571 2613 640 Palpate
2644 577 2692 624 et
2717 569 2912 633 videte,
2939 570 3070 641 quia
3097 571 3333 640 spiritu;
3357 587 3473 626 ossa
3501 579 3547 626 et
3572 589 3766 628 carnem
3779 593 3861 629 non
3884 578 3936 630 lia-

2389 658 2617 714 betsicut
2631 675 2712 713 me
2741 657 3175 714 videtishabere?
3196 663 3342 715 Nam
3372 662 3668 732 quomodo
3681 671 3939 721 arescataut

2385 748 2639 813 decidat,
2651 764 2789 804 cum
2809 749 3025 819 scriptu
3034 748 3349 820 msitquod
3362 749 3943 822 Christussurgensamor-

2387 838 2514 902 tuis,
2537 839 2653 908 jam
2685 853 2791 892 non
2819 837 3078 902 moritur,
3093 844 3141 892 et
3161 854 3309 892 mors
3323 838 3644 894 eiultranon
3656 839 3942 898 dominabitur

2383 926 2563 996 (Rom.
2601 942 2676 995 vr,
2702 927 2754 997 9)
2787 926 2814 982 Ἰ

2454 1019 2506 1072 6.
2527 1016 2781 1071 Proinde
2811 1015 3004 1086 ipsam
3028 1015 3424 1086 apostolicam
3453 1018 3791 1075 sententiam
3819 1020 3939 1076 desu-

2383 1121 2484 1176 per
2499 1105 2745 1176 inspice,
2777 1110 3084 1175 totamque
3114 1105 3448 1161 considera.
3479 1108 3624 1161 Cum
3647 1110 3940 1164 resurrectio-

2383 1209 2519 1249 nem
2552 1199 2926 1249 mortuorum
2942 1193 3304 1265 persuadere
3325 1195 3497 1250 vellet
3517 1195 3601 1250 eis
3625 1198 3720 1267 qui
3732 1197 3937 1253 dicebant

2380 1283 2541 1354 quod
2555 1283 2908 1338 resurrectio
2933 1287 3306 1338 mortuorum
3329 1299 3450 1338 non
3476 1290 3582 1347 est,
3611 1284 3797 1340 Christi
3812 1302 3941 1342 resur-

2376 1374 2635 1427 rectione
2654 1371 2966 1442 praemissa
2995 1373 3055 1426 in
3086 1372 3453 1443 exemplum,
3481 1373 3630 1429 inter
3657 1380 3941 1446 castamque

2376 1459 2457 1515 ibi
2506 1460 2804 1525 disseruit,
2843 1459 3036 1516 intulit
3081 1460 3198 1516 sibi
3241 1462 3640 1533 quaestionem
3678 1469 3833 1535 atque
3862 1465 3940 1519 ait:

2375 1548 2483 1604 Sed
2509 1548 2648 1604 dicet
2693 1549 2916 1620 aliquis,
2975 1549 3240 1616 Quomodo
3269 1559 3559 1622 resurgent
3616 1552 3844 1606 mortui?
3879 1571 3943 1624 quo
4016 1595 4017 1606 χ

2373 1645 2552 1694 autem
2567 1655 2782 1710 corpore
2805 1639 3022 1694 venient
3053 1638 3081 1693 ‘l
3113 1638 3175 1694 id
3199 1645 3309 1704 est,
3337 1641 3501 1712 quali
3535 1641 3808 1712 corpore?
3831 1642 3943 1696 Dein-
4016 1639 4017 1652 ‘

2373 1727 2448 1783 de
2478 1728 2774 1784 adhibens
2802 1728 3166 1784 documenta
3194 1729 3496 1786 seminum
3526 1751 3539 1783 :
3581 1729 3766 1796 Stulte,
3796 1731 3943 1801 inquit,

2372 1824 2437 1872 tu
2456 1817 2594 1888 quod
2619 1822 2872 1883 seminas,
2901 1832 3014 1871 non
3042 1818 3382 1887 oioiﬁcalur,
3413 1819 3525 1873 nisi
3547 1821 3700 1890 prius
3724 1821 3943 1886 moriatur;

2370 1912 2420 1961 et
2443 1907 2580 1978 quod
2607 1906 2862 1972 seminus,
2901 1923 3002 1961 non
3033 1923 3228 1977 corpus
3250 1907 3389 1978 quod
3414 1909 3938 1978 Iuturumestseminai,

2366 1996 2467 2050 sed
2507 1996 2713 2051 nudum
2764 2012 3021 2067 granum,
3063 2000 3126 2050 ut
3163 2003 3298 2066 puta
3348 1998 3542 2053 tritici
3576 2001 3615 2062 ¹,
3647 2005 3735 2054 aut
3773 1998 3939 2069 alicujus

2366 2093 2722 2151 cxterorum;
2760 2086 2902 2141 Deus
2938 2091 3118 2140 autem
3148 2085 3242 2140 illi
3269 2086 3364 2141 dat
3397 2104 3598 2159 corpus
3641 2089 3861 2159 quomodo
3889 2106 3938 2141 eo-

2367 2175 2557 2241 luerit,
2587 2182 2636 2230 et
2659 2175 2947 2246 unicuique
2957 2175 3129 2230 semin
3139 2192 3224 2230 um
3250 2178 3546 2246 proprium
3564 2193 3766 2250 corpus.
3787 2178 3937 2234 Secun-

2363 2264 2511 2321 dum
2545 2265 2661 2320 hoc
2689 2279 2831 2333 ergo
2857 2266 3107 2330 dixerat,
3141 2281 3248 2319 non
3273 2281 3470 2336 corpus
3498 2267 3636 2338 quod
3664 2270 3874 2337 futurum
3892 2275 3936 2319 at
4016 2265 4017 2334 ξ

2359 2353 2609 2408 seminus.
2636 2357 2834 2426 Neque
2867 2354 3028 2409 enim
3061 2369 3182 2409 non
3208 2356 3469 2411 triticum
3524 2359 3634 2413 erit
3671 2373 3739 2412 ex
3773 2358 3935 2418 tritico;

2360 2443 2461 2498 sed
2486 2443 2631 2515 quia
2668 2457 2847 2498 nemo
2885 2443 3143 2499 seminat
3170 2443 3440 2511 herbam,
3491 2445 3579 2501 vel
3621 2445 3875 2518 stipulam,
3903 2451 3936 2498 et

2357 2531 2711 2604 multiplicia
2749 2532 2810 2586 in
2867 2531 3042 2603 palea
3079 2537 3428 2603 tegumenta
3493 2549 3817 2604 granorum,
3843 2549 3933 2589 cum

2354 2620 2579 2691 quibus
2620 2623 2826 2676 tamen
2844 2619 3073 2676 semina
3097 2626 3447 2692 exsurgunt.
3490 2622 3628 2678 ideo
3644 2624 3738 2686 ait,
3771 2622 3844 2678 sed
3871 2639 3934 2674 sl-
4016 2619 4017 2692 ξ

2351 2708 2482 2763 dum
2519 2725 2760 2780 granum
2799 2709 2982 2764 :hinc
3024 2709 3229 2764 volens
3259 2713 3586 2768 ostendere
3611 2711 3747 2782 quia
3764 2711 3806 2765 si
3826 2711 3930 2764 Deus

2349 2803 2548 2871 potest
2563 2797 2784 2854 addere
2813 2798 2978 2871 quod
3003 2813 3126 2854 non
3147 2805 3273 2855 erat
3300 2800 3360 2855 in
3392 2800 3565 2858 nudo
3582 2802 3808 2866 semine,
3829 2800 3930 2855 mul-

2346 2893 2407 2944 to
2458 2889 2649 2958 magis
2684 2893 2879 2958 potest
2920 2901 3203 2959 reparare
3243 2888 3408 2960 quod
3440 2895 3571 2948 erat
3619 2890 3678 2946 in
3731 2889 3927 2946 hominis

2343 2992 2614 3048 corpore.
4016 2981 4017 3048 ἦ

2410 3067 2466 3121 6.
2496 3065 2774 3121 Jamvero
2803 3064 2967 3137 quod
2997 3065 3095 3136 adj
3108 3066 3298 3135 ungit,
3331 3065 3409 3123 ad
3430 3066 3813 3125 differentiam
3841 3081 3924 3138 per-

2338 3155 2482 3211 tinet
2519 3154 2981 3225 resurgentium,
3017 3159 3260 3226 propter
3278 3155 3554 3213 diversas
3593 3157 3796 3228 glorias
3826 3154 3922 3211 tide-

2330 3244 2480 3319 lium
2519 3249 2697 3315 atque
2755 3247 3122 3300 sanctorum.
3176 3244 3302 3300 Non
3351 3247 3558 3314 omnis,
3615 3248 3810 3319 inquit,
3841 3260 3926 3299 caro

2331 3334 2507 3388 eadem
2545 3349 2672 3388 caro
2696 3347 2717 3387 .·
2745 3333 2860 3387 alia
2899 3332 3112 3403 quidem
3141 3333 3439 3400 hominum,
3479 3336 3600 3391 alia
3637 3343 3799 3392 autem
3838 3349 3923 3389 caro
4016 3395 4017 3412 χ

2330 3439 2602 3494 pecorum,
2651 3422 2765 3476 alia
2817 3421 3114 3486 volucrum,
3156 3423 3278 3476 alia
3328 3424 3582 3494 piscium.
3646 3426 3716 3481 Et
3761 3438 3925 3493 corpora
4016 3467 4017 3488 η

2342 3512 2594 3577 caelestia,
2616 3517 2668 3566 et
2704 3527 2932 3581 corpora
2971 3511 3253 3566 terrestria
3282 3533 3304 3582 ;
3331 3493 3422 3568 sed
3450 3515 3579 3572 alia
3604 3522 3679 3570 est
3705 3514 3928 3570 caelestium
4016 3493 4017 3532 ³

2342 3601 2543 3673 gloria,
2571 3599 2749 3654 etalia
2761 3600 3124 3655 terrestrium.
3142 3600 3347 3656 Elatia
3372 3602 3564 3672 gloria
3589 3605 3730 3670 solis,
3750 3601 3928 3672 aliaglo-

2345 3692 2433 3745 ria
2462 3690 2624 3756 luna,
2658 3697 2706 3744 et
2729 3689 2845 3742 alia
2862 3689 3042 3760 gloria
3063 3689 3366 3745 stellarum.
3398 3691 3580 3747 Stella
3608 3695 3798 3749 enima
3817 3690 3928 3746 stella
4016 3689 4017 3744 Ῑ

2341 3779 2528 3848 diﬂ'ert
2556 3780 2615 3834 in
2640 3779 2817 3850 gloria
2833 3797 2855 3834 :
2880 3779 2958 3833 sic
2983 3785 3034 3833 et
3063 3781 3401 3835 resurrectio
3427 3789 3784 3838 mortuorum.
3811 3784 3859 3836 ln
3874 3781 3930 3833 bis

2342 3869 2626 3924 omnibus
2643 3869 2752 3923 iste
2783 3883 2994 3922 sensus
3006 3874 3094 3923 est
3120 3884 3135 3923 :
3157 3869 3214 3925 Si
3245 3885 3469 3941 genera
3491 3871 3694 3927 carnis
3712 3887 3830 3926 cum
3853 3869 3930 3922 sint

2341 3963 2558 4014 cuncta
2589 3957 2886 4023 mortalia,
2918 3956 3204 4013 differunt
3237 3966 3442 4016 tamen
3489 3961 3644 4017 inter
3672 3977 3732 4017 se
3766 3974 3854 4032 pro
3875 3958 3929 4011 di-

2341 4045 2721 4102 versitatibus
2751 4045 3152 4102 animantium
3179 4063 3193 4112 ;
3224 4052 3281 4103 et
3309 4047 3359 4102 si
3413 4065 3670 4122 corpora
3700 4065 3823 4106 cum
3853 4047 3931 4100 sint

2340 4138 2546 4192 omnia
2575 4135 2853 4200 visibilia,
2887 4133 3383 4194 diﬁ‘erunttamen
3413 4153 3524 4208 pro
3554 4136 3930 4196 diversitatibus

2339 4224 2631 4291 locorum,
2665 4225 2824 4280 unde
2859 4224 2976 4280 alia
3005 4230 3093 4280 est
3121 4224 3451 4282 caelestium
3482 4227 3692 4298 gloria,
3738 4227 3839 4283 alia
3857 4230 3930 4279 ter-

2339 4314 2649 4383 restrium;
2677 4318 2734 4369 et
2761 4315 2810 4368 si
2842 4313 2901 4368 in
2931 4313 3079 4369 locis
3117 4313 3414 4370 sublimus
3455 4332 3594 4372 cum
3627 4319 3740 4373 sint
3769 4321 3931 4372 cuncta

2338 4402 2905 4469 cmlestia,diﬂerunt
2921 4401 3100 4458 etiam
3113 4402 3246 4474 ipsa
3271 4402 3927 4470 claritatibusluminum;

2339 4507 2458 4547 non
2501 4491 2718 4546 mirum
2748 4496 2835 4547 est
2858 4491 3024 4562 quod
3064 4490 3122 4546 in
3153 4494 3584 4551 resurrectione
3613 4501 3929 4552 mortuorum

2337 4580 2579 4636 distabit
2607 4579 2794 4650 gloria
2823 4580 3195 4636 meritorum.

2407 4673 2457 4725 8.
2483 4671 2625 4724 Hinc
2647 4670 2775 4740 jam
2805 4670 2962 4726 venit
2987 4669 3060 4725 ad
3087 4669 3233 4726 illud
3261 4671 3428 4742 quod
3448 4674 3828 4731 communiter
3845 4672 3926 4727 hs-

2335 4759 2435 4814 bet
2463 4759 2657 4814 omnis
2678 4773 2964 4830 caroque!
2982 4759 3059 4814 ad
3090 4760 3274 4815 vitam
3303 4762 3563 4831 resurgit
3590 4770 3868 4824 aeternam,
3892 4763 3931 4813 et

2333 4847 2474 4904 dicit
2498 4867 2511 4904 :
2541 4849 2864 4903 Seminatur
2888 4848 2948 4902 in
2971 4849 3343 4920 corruptione,
3375 4859 3556 4922 surget
3601 4853 3660 4907 in
3696 4853 3930 4920 incorrup-

2332 4940 2521 5008 tione,-
2582 4937 2883 4992 seminatur
2923 4939 2985 4992 in
3038 4938 3383 5010 contumelia,
3418 4947 3608 5011 surget
3651 4945 3704 4996 in
3737 4942 3924 5013 gloria;

2329 5027 2637 5082 seminatur
2652 5027 2710 5082 in
2737 5027 3080 5096 inﬁrmitate,
3105 5035 3285 5099 surget
3318 5029 3377 5083 in
3395 5033 3607 5085 virtute
3633 5049 3652 5096 ;
3673 5034 3928 5086 seminatur

2326 5133 2517 5188 corpus
2544 5117 2798 5180 animale,
2829 5123 3010 5187 surget
3036 5133 3230 5188 corpus
3264 5120 3579 5190 spirituale.
3625 5122 3686 5177 ln
3723 5123 3805 5176 his
3832 5133 3925 5173 ver-

2325 5205 2410 5261 bis
2436 5206 2725 5277 Apostoli,
2742 5207 3038 5278 numquid
3064 5205 3154 5263 fas
3165 5213 3252 5263 est
3267 5214 3476 5279 putare
3489 5210 3696 5265 melius
3715 5220 3921 5280 corpora

2325 5301 2530 5352 nostra
2556 5300 2959 5351 resurrectura
2995 5311 3182 5368 quam
3212 5296 3451 5365 Christi;
3491 5314 3627 5354 cum
3658 5300 3728 5354 de
3762 5298 3845 5354 illo
3869 5297 3920 5348 sit

2323 5385 2699 5457 propositum
2721 5384 3087 5456 exemplum,
3112 5389 3280 5458 quod
3308 5385 3550 5444 fideliter
3570 5387 3918 5450 intendere,et

2321 5489 2422 5547 per
2460 5475 2510 5545 ej
2523 5491 2588 5528 us
2615 5475 2868 5544 gratiam
2896 5489 3138 5546 sperare
3177 5476 3507 5534 debeamus
3545 5477 3574 5532 ?
3601 5481 3680 5533 Ac
3711 5492 3800 5550 per
3828 5475 3912 5528 hoc

2380 5653 2395 5684 ί
2427 5651 2548 5718 Mss.
2578 5654 2701 5718 tres,
2729 5668 2949 5716 granum
2971 5655 3133 5718 farris
3159 5657 3345 5707 tritici.
3375 5658 3475 5708 Alii
3504 5657 3784 5712 duodecim,
3817 5650 3907 5704 Bsd.

2319 5713 2424 5771 Er.,
2456 5717 2563 5776 [ere
2589 5713 2766 5765 tritici.
