4118 6164
189 134 297 192 945

187 259 358 317 ιιιιΙΙο
389 258 573 316 modo
591 260 782 331 potuit
802 276 1020 333 corpus
1043 261 1253 318 Christi
1281 278 1417 318 cum
1458 261 1840 334 corruptione

185 363 524 419 resurgere,
557 350 603 404 si
627 356 901 406 nostrum
928 351 987 407 in
1010 351 1453 422 incorruptione
1482 355 1838 408 resurrectu-

184 452 324 493 rum
382 438 783 510 promittitur;
817 455 926 494 nec
985 441 1179 511 potuit
1207 441 1352 496 illud
1391 441 1517 497 sine
1548 440 1757 508 gloria,
1791 439 1839 494 si

185 533 461 582 nostrum
493 532 759 597 resurget
781 529 838 582 in
858 528 1064 597 gloria.
1091 530 1230 597 Qum
1273 535 1474 586 autem
1514 529 1594 585 ibi
1625 528 1835 601 gloria,

185 614 293 671 ubi
316 615 514 671 adhuc
538 616 840 688 corruptio
865 616 894 671 ‘l
925 619 1108 674 Nimis
1140 620 1338 692 itaque
1381 619 1708 674 absurdum
1752 621 1841 673 est

187 709 252 761 ut
279 704 597 761 credamus
613 705 758 761 illud
786 721 1007 778 corpus
1038 713 1094 763 et
1121 708 1181 763 in
1207 708 1552 763 inﬁrmitate
1585 722 1714 763 esse
1743 721 1839 762 se-

183 794 570 860 minatum,id
586 797 1128 862 estmortiﬁcatum,
1147 802 1201 853 et
1214 798 1272 852 in
1290 797 1631 853 inﬁrmitate
1649 811 1781 851 resu
1791 811 1838 849 r-

182 885 443 950 rexisse;
468 899 603 940 cum
618 899 839 957 corpus
867 890 1138 942 nostrum
1167 885 1563 942 semineturin
1589 885 1837 941 inﬁrmi-

179 977 320 1037 tate,
364 980 636 1043 resurgat
657 973 714 1028 in
753 973 964 1029 virtute
999 991 1013 1040 ;
1055 979 1113 1029 et
1138 975 1297 1030 dicat
1329 974 1489 1029 idem
1525 972 1837 1046 apostolus

182 1061 262 1116 de
277 1061 510 1117 Chritso
539 1078 552 1116 :
584 1063 713 1117 Etsi
737 1063 1028 1134 cruciﬁxus
1056 1070 1134 1119 est
1164 1080 1230 1118 er
1247 1062 1838 1134 inﬂrmitale,sedvivit

183 1167 255 1205 ea:
287 1151 496 1206 virtute
529 1151 725 1222 Dei(lI
759 1141 886 1208 Cor.
926 1169 1048 1219 xm,
1094 1155 1169 1224 4).
1204 1154 1344 1218 Quis
1391 1168 1532 1209 vero
1577 1157 1696 1207 tam
1737 1151 1840 1207 ab-

185 1239 370 1295 surde
399 1241 611 1312 sapiat,
630 1242 908 1298 utcredat
937 1242 1080 1298 illud
1109 1258 1331 1313 corpus
1370 1242 1634 1298 animale
1664 1241 1840 1296 semi-

183 1331 419 1393 natum,
453 1329 713 1385 animale
742 1330 1178 1394 resuscitatum,
1207 1331 1256 1386 si
1288 1335 1562 1387 nostrum
1584 1330 1838 1386 semina-

190 1421 284 1472 tur
307 1417 588 1483 animale,
619 1423 822 1488 surget
854 1419 1160 1491 spirituale
1188 1419 1216 1474 ‘t

263 1505 314 1560 9.
343 1506 584 1562 Constat
613 1507 833 1577 itaque,
863 1522 1060 1579 neque
1088 1507 1209 1563 ullo
1232 1508 1414 1564 modo
1435 1507 1838 1564 dubitandum

190 1598 298 1659 est,
319 1609 532 1665 corpus
547 1594 778 1662 Christi,
792 1596 957 1668 quod
980 1595 1565 1666 licetcorruptionem
1582 1596 1842 1668 putredi-

185 1683 284 1738 nis
308 1683 366 1738 in
397 1683 671 1756 sepulcro
689 1697 810 1739 non
833 1684 1062 1748 viderit,
1094 1685 1250 1740 unde
1268 1685 1554 1756 scriptum
1581 1691 1691 1752 est,
1719 1687 1841 1743 Nec

182 1771 359 1828 dabis
378 1779 650 1828 sanctum
683 1779 850 1829 tuum
879 1774 1082 1830 videre
1097 1774 1537 1843 corruptionem
1552 1775 1838 1845 (Psal.xv,

189 1866 300 1931 10),
329 1861 512 1917 clavis
547 1866 746 1918 tamen
779 1868 834 1917 et
865 1863 1074 1919 lancea
1099 1864 1405 1936 perrumpi
1430 1864 1648 1936 potuit,
1679 1879 1840 1920 nunc

182 1950 438 2006 omnino
468 1950 983 2022 inincorruptione
996 1954 1317 2009 consistere
1337 1969 1350 2019 ;
1373 1953 1604 2024 etquod
1621 1952 1680 2008 in
1704 1968 1840 2008 con-

186 2039 435 2095 tumelia
466 2039 770 2110 passionis
800 2041 1126 2114 mortisque
1157 2043 1519 2097 seminatum
1551 2046 1657 2106 est,
1682 2056 1842 2097 nunc

186 2144 318 2184 esse
336 2129 392 2184 in
409 2128 596 2198 gloria
610 2129 746 2185 vitae
759 2135 994 2186 εἰει-[ιω
1012 2149 1024 2194 ;
1042 2135 1097 2186 et
1116 2130 1280 2203 quod
1299 2146 1369 2187 ex
1382 2131 1723 2186 inﬁrmitate
1742 2145 1843 2201 po-

188 2217 600 2287 tuitcruciﬁgi,
627 2233 786 2274 nunc
808 2219 869 2274 in
894 2219 1105 2275 virtute
1130 2235 1381 2288 regnare
1407 2242 1426 2289 ,-
1457 2219 1692 2290 etquod
1716 2222 1843 2275 erat

185 2321 412 2378 corpus
443 2306 722 2373 animale,
745 2308 1036 2379 quoniam
1067 2323 1139 2363 ex
1169 2309 1359 2363 Adam
1391 2313 1702 2379 sumptum
1729 2312 1840 2374 est,

186 2411 352 2451 nunc
364 2411 495 2452 esse
522 2396 844 2468 spirituale,
861 2397 1150 2469 quoniam
1165 2397 1393 2469 spiritui
1402 2397 1527 2467 jam
1542 2396 1844 2468 insepara-

192 2483 393 2540 biliter
421 2484 768 2557 copulatum
783 2491 888 2541 est.
905 2487 1049 2540 Cum
1073 2486 1232 2541 enim
1250 2486 1750 2557 velletApostolus
1767 2486 1842 2542 de

191 2589 440 2644 corpore
474 2573 717 2629 animali
748 2573 1032 2630 adhibere
1060 2575 1466 2630 testimonium
1516 2575 1842 2646 Scriptura-

184 2661 485 2725 rum,illud
501 2663 695 2734 posuit
708 2663 874 2734 quod
889 2664 946 2718 in
963 2664 1170 2719 Genesi
1185 2664 1397 2734 legitur
1412 2682 1424 2718 :
1442 2665 1510 2720 Si
1519 2664 1839 2735 est,inquit,

184 2766 404 2821 corpus
430 2752 713 2818 animale,
730 2758 878 2808 estet
891 2753 1205 2821 spirituale
1224 2755 1417 2822 ;sicut
1430 2753 1716 2820 scriptum
1735 2760 1837 2818 est,

181 2840 407 2896 Factus
432 2846 510 2895 est
525 2840 754 2908 primus
770 2841 965 2897 Adam
978 2841 1039 2896 in
1054 2843 1319 2897 animam
1341 2841 1840 2905 viventem,vel,in

180 2929 444 2984 animam
458 2927 654 2984 vivam
674 2929 718 2999 (l
738 2931 874 2984 Cor.
894 2945 993 2995 xv,
1009 2929 1125 2999 44).
1141 2929 1370 2984 Recolis
1383 2936 1539 2985 certe
1551 2929 1842 3001 quemad-

181 3017 435 3073 modum
468 3016 758 3088 scriptum
774 3017 876 3073 sit:
898 3019 967 3073 Et
990 3018 1493 3089 insufﬂauitDeus
1526 3019 1586 3074 in
1617 3018 1837 3087 faciem

181 3107 314 3174 ejus
328 3106 542 3174 ﬂatum
560 3106 690 3161 vitae
705 3117 730 3176 ;
741 3112 792 3162 et
803 3107 1008 3176 factus
1021 3110 1103 3162 est
1118 3107 1285 3162 homo
1297 3108 1361 3162 in
1372 3108 1635 3163 animam
1650 3109 1840 3163 vivam

181 3195 353 3265 (Gen.
371 3210 428 3259 ιι,
465 3200 543 3264 7).
569 3194 800 3248 Dictum
813 3201 904 3249 est
922 3201 1123 3249 autem
1138 3195 1321 3250 etiam
1340 3196 1414 3249 de
1435 3195 1834 3251 animalibus:

178 3283 492 3338 Producat
505 3289 661 3338 terra
680 3284 944 3339 animam
969 3286 1162 3339 vivam
1186 3283 1301 3353 (Id.
1319 3300 1355 3347 ι,
1371 3284 1840 3354 24).Ιιιιθηίςίιιιιν

178 3387 326 3441 ergo
357 3386 576 3443 corpus
596 3371 857 3426 animale
882 3371 996 3426 dici
1017 3371 1207 3427 simile
1223 3371 1450 3428 caeteris
1472 3372 1838 3428 animalibus

179 3466 428 3533 propter
441 3460 646 3515 mortis
667 3459 1119 3516 dissolutionem
1141 3464 1198 3516 et
1217 3461 1685 3532 corruptionem,
1701 3477 1838 3533 quin

178 3548 450 3622 quotidie
475 3548 610 3603 cibo
637 3549 918 3613 reﬁcitur,
951 3555 1007 3604 et
1028 3556 1255 3620 postea,
1271 3555 1549 3621 separata
1566 3551 1839 3607 animan-

180 3638 256 3694 tis
276 3653 570 3710 compage
588 3639 631 3702 ¹,
659 3637 1016 3694 dissolvitur.
1039 3638 1350 3710 Spirituale
1371 3644 1574 3695 autem
1596 3655 1834 3711 corpus,

175 3726 346 3799 quod
368 3727 496 3797 jam
535 3742 673 3782 cum
704 3726 916 3798 spiritu
942 3727 1284 3783 immortale
1314 3734 1421 3784 est.

259 3820 340 3871 10.
371 3816 656 3880 Quamvis
671 3815 943 3870 nonnulli
955 3814 1314 3870 arbitrentur
1327 3820 1465 3871 tunc
1478 3815 1603 3871 ﬁeri
1616 3831 1834 3888 corpus

179 3904 508 3974 spirituale,
525 3920 661 3959 cum
680 3905 808 3974 jam
823 3909 878 3960 et
901 3904 1102 3975 ipsum
1118 3920 1336 3975 corpus
1353 3909 1616 3960 mutatur
1635 3905 1693 3959 in
1718 3905 1834 3976 spi-

175 3991 381 4058 ritum,
413 3996 470 4047 et
500 3992 665 4064 quod
697 3993 881 4048 homo
911 3997 1038 4048 erat
1081 4009 1152 4048 ex
1206 4007 1455 4063 corpore
1503 3997 1560 4047 et
1597 3993 1830 4064 spiritu,

177 4085 501 4153 utrumque
561 4097 632 4135 ac
671 4086 865 4137 totum
905 4081 1150 4153 spiritus
1207 4082 1337 4146 erit,
1395 4082 1568 4153 quasi
1621 4081 1834 4140 dixerit

175 4168 523 4239 Apostolus,
547 4170 880 4225 Seminatur
901 4184 1144 4241 corpus,
1175 4176 1377 4239 surget
1406 4169 1830 4241 spiritus.Dixil

175 4262 400 4320 autem,
424 4256 769 4314 Seminatur
802 4273 1019 4326 corpus
1059 4260 1340 4325 animale,
1380 4263 1582 4329 surget
1617 4274 1830 4327 corpus

174 4343 495 4414 spirituale
518 4360 538 4397 :
557 4346 830 4416 proinde,
861 4347 1011 4402 sicut
1041 4346 1305 4404 animale
1324 4363 1540 4419 corpus
1567 4363 1687 4402 non
1715 4349 1830 4419 spi-

175 4435 356 4491 ritum
411 4435 704 4489 debemus
735 4442 967 4506 putare,
1021 4437 1126 4491 sed
1167 4452 1407 4508 corpus.
1455 4437 1598 4502 Quis
1651 4452 1827 4506 porro

174 4523 397 4580 audeat
425 4524 678 4595 opinari,
693 4524 784 4579 vel
799 4524 1009 4581 Christi
1036 4541 1253 4598 corpus
1267 4541 1386 4582 non
1419 4525 1724 4598 spirituale
1737 4542 1829 4581 re-

174 4613 528 4680 surrexisse;
543 4613 631 4668 vel
649 4614 696 4667 si
720 4614 1030 4684 spirituale
1045 4616 1316 4677 surrexit,
1317 4615 1340 4686 j
1353 4631 1448 4669 am
1466 4630 1584 4670 non
1606 4629 1827 4685 corpus

173 4701 380 4770 fuisse,
403 4701 508 4758 sed
529 4701 835 4772 spiritum:
860 4717 998 4757 cum
1017 4703 1176 4758 hanc
1192 4703 1540 4773 opinionem
1565 4702 1828 4775 Discipu-

173 4790 370 4846 lorum
398 4789 644 4857 refellat,
675 4791 798 4852 ubi,
827 4808 963 4846 cum
979 4807 1116 4846 eum
1137 4791 1828 4849 videntesexistimarent

174 4895 240 4934 se
253 4878 524 4951 spiritum
542 4879 867 4945 videre,ait,
885 4880 1204 4948 Palpateet
1220 4880 1572 4952 videte,un
1583 4880 1826 4948 spiritus

172 4983 304 5025 ossa
335 4971 389 5024 et
420 4983 658 5023 carnem
681 4983 798 5024 non
832 4968 1182 5032 habet,sicut
1202 4985 1292 5025 me
1315 4969 1520 5025 videtis
1552 4971 1769 5026 habere
1797 4969 1825 5025 ?

169 5059 299 5112 lam
315 5055 605 5125 igiturilla
624 5072 757 5111 caro
778 5055 1085 5127 spirituale
1103 5063 1226 5112 erat
1240 5073 1481 5129 corpus,
1501 5073 1608 5113 nec
1623 5062 1826 5114 tamen

167 5145 414 5216 spiritus
429 5152 578 5213 erat,
595 5145 700 5200 sed
712 5145 1120 5216 corpus,uulla
1135 5147 1376 5201 ulterius
1398 5150 1587 5201 morte
1602 5146 1678 5202 ab
1697 5148 1825 5202 ani—

171 5251 272 5290 ma
304 5233 723 5289 resolvendum
743 5237 925 5306 atque
952 5236 1358 5305 separandum
1397 5235 1579 5291 :sicut
1602 5252 1824 5304 corpus

169 5321 636 5394 animale,quale
650 5323 984 5378 animatum
997 5329 1088 5378 est
1105 5324 1198 5378 Dei
1212 5322 1517 5388 ﬂatu,cum
1535 5324 1723 5379 factus
1737 5331 1827 5382 est

171 5411 430 5467 homoin
446 5411 710 5466 animam
729 5411 943 5476 vivam,
962 5412 1138 5467 etiam
1157 5412 1353 5482 ipsum
1369 5427 1439 5466 ex
1452 5412 1694 5469 animali
1710 5415 1827 5487 spi-

234 5626 250 5660 ί
279 5625 410 5680 Mss.
445 5624 628 5694 plures
658 5640 670 5677 :
705 5625 967 5690 Superata
995 5626 1278 5688 animantis
1311 5641 1570 5692 compage.

1441 133 1944 194 EPISTOLARUM
1972 135 2263 193 CLASSIS
2289 137 2385 193 lll.

3491 140 3597 200 946

1947 261 2158 317 rituale
2184 263 2311 317 sine
2343 263 2548 320 mortis
2577 262 2911 320 interventu
2943 265 3138 322 fuerat
3163 264 3448 332 futurum,
3481 267 3596 322 nisi

1947 351 2339 421 transgressio
2360 353 2640 424 praecepti
2654 354 2820 424 prius
2834 355 3167 411 commisso
3183 360 3427 426 peccato
3441 356 3498 411 in
3509 355 3598 410 ﬂi-

1947 445 2108 509 geret
2132 457 2398 512 poenam,
2448 458 2636 513 quam
2672 445 2824 498 Deus
2865 449 3114 500 servatae
3141 445 3385 512 justitiaa
3429 445 3599 501 daret

1947 543 2251 587 coronam.

2023 618 2105 671 11.
2136 618 2299 674 Unde
2318 620 2603 675 Dominus
2626 620 2892 675 Christus
2917 637 3024 691 per
3051 636 3160 676 nos
3181 622 3256 677 ad
3277 637 3386 677 nos
3409 622 3590 687 venit,

1946 720 2084 761 cum
2098 709 2643 779 peccatoresjustus
2657 709 2906 773 invenit;
2925 715 3287 778 perstratum
3305 710 3598 782 quodam-

1946 794 2491 852 modohumilitatis
2507 798 2854 863 nostraa,sed
2872 813 2991 852 non
3006 815 3140 852 cum
3158 799 3371 854 morbo
3386 799 3599 870 iniqui-

1946 885 2082 939 tatis
2113 890 2349 940 nostras.
2391 889 2537 942 Nam
2573 901 2678 957 per
2709 885 2968 941 animale
3000 886 3194 951 nobis,
3227 887 3343 941 hoc
3373 893 3464 943 est
3492 902 3598 957 per

1947 974 2196 1029 mortale
2208 989 2426 1045 corpus
2440 977 2737 1046 apparuit;
2752 976 2853 1046 qui
2869 975 3072 1046 utique
3087 976 3134 1029 si
3149 976 3598 1039 voluisset,cum

1947 1076 2195 1132 corpore
2208 1063 2527 1118 immortali
2541 1063 2818 1134 primitus
2831 1063 3191 1119 advenisset.
3208 1064 3315 1120 Sed
3331 1065 3474 1134 quia
3486 1079 3596 1119 nos

1947 1149 2278 1206 humilitate
2310 1151 2432 1206 Filii
2463 1153 2556 1207 Dei
2586 1152 2786 1208 sanari
2818 1152 3152 1223 oportebat,
3191 1169 3378 1225 usque
3397 1154 3474 1208 ad
3495 1167 3598 1207 no-

1948 1242 2135 1294 stram
2162 1240 2568 1296 inﬁrmitatem
2586 1241 2914 1307 descendit,
2941 1246 2997 1296 et
3022 1241 3159 1296 ﬁdei
3189 1247 3403 1296 nostra:
3426 1241 3600 1296 meri-

1949 1332 2073 1382 tum
2097 1344 2166 1382 ac
2187 1330 2524 1400 praemium,
2545 1330 2756 1385 virtute
2780 1346 2900 1385 suae
2928 1330 3374 1385 resurrectionis
3400 1337 3600 1386 osten-

1948 1415 2052 1472 dit.
2082 1417 2222 1473 Ideo
2261 1420 2527 1490 sequitur
2555 1420 2878 1490 Apostolus
2913 1423 2970 1474 et
3007 1419 3184 1476 dicit:
3236 1421 3600 1476 Nouissimas

1947 1506 2139 1562 Adam
2151 1507 2213 1562 in
2243 1508 2521 1575 spiritum
2537 1508 2947 1575 viviﬁcantem.
2964 1509 3096 1563 Sive
3113 1509 3475 1578 intelligatur
3487 1510 3603 1581 pri-

1952 1610 2084 1649 mus
2113 1595 2327 1661 Adam,
2360 1597 2462 1666 qui
2491 1597 2564 1651 de
2591 1595 2831 1666 pulvere
2863 1603 2998 1652 ante
3030 1597 3321 1652 formatus
3352 1603 3460 1664 est,
3492 1613 3603 1653 no-

1947 1683 2231 1738 vissimus
2267 1688 2471 1740 autem
2509 1685 2720 1748 Adam,
2745 1685 2850 1756 qui
2875 1686 2950 1739 de
2981 1685 3211 1754 virgine
3251 1691 3603 1753 procreatus

1948 1778 2068 1838 est;
2098 1773 2220 1829 sive
2243 1774 2303 1829 in
2321 1787 2687 1846 unoquoque
2699 1775 2944 1830 homine
2968 1781 3289 1846 utrumque
3305 1776 3605 1847 complea-

1949 1864 2065 1925 tur,
2088 1867 2149 1917 ut
2178 1863 2405 1933 primus
2431 1862 2624 1918 Adam
2657 1862 2730 1917 sit
2754 1863 2939 1918 homo
2973 1864 3030 1918 in
3065 1879 3313 1935 corpore
3347 1864 3603 1932 mortali,

1949 1951 2315 2006 novissimus
2337 1951 2526 2006 Adam
2551 1951 2710 2007 idem
2728 1953 2858 2022 ipse
2888 1952 2947 2006 in
2965 1968 3216 2022 corpore
3244 1953 3601 2008 immortali:

1953 2049 2149 2095 tamen
2176 2039 2327 2094 inter
2339 2040 2607 2095 animam
2621 2041 2920 2095 viventem
2941 2045 2998 2095 et
3015 2041 3286 2112 spiritum
3306 2041 3607 2097 viviﬁcan-

1940 2133 2067 2184 tem
2093 2128 2205 2182 hoc
2229 2127 2512 2184 interesse
2534 2129 2740 2192 voluit,
2765 2132 2830 2184 ut
2850 2128 2964 2184 illic
2992 2129 3297 2200 sitcorpus
3323 2129 3604 2195 animale,

1948 2217 2044 2273 hic
2074 2217 2393 2288 spirituale.
2430 2218 2646 2273 Anima
2697 2217 2927 2290 quippe
2966 2218 3028 2273 in
3063 2234 3311 2290 corpore
3355 2218 3606 2275 animali

1949 2307 2088 2361 vivit
2114 2305 2380 2377 quidem,
2416 2307 2523 2362 sed
2545 2322 2667 2362 non
2699 2305 2960 2362 viviﬁcat
3008 2323 3196 2379 usque
3228 2307 3305 2364 ad
3338 2307 3607 2364 auferen-

1949 2395 2093 2450 dam
2150 2395 2640 2466 corruptionem:
2703 2396 2764 2450 in
2804 2411 3056 2466 corpore
3103 2411 3244 2452 vero
3289 2396 3605 2467 spirituali,

1949 2483 2238 2555 quoniam
2271 2483 2528 2554 perfecte
2542 2484 2855 2540 adhaerens
2874 2485 3149 2547 Domino,
3182 2500 3337 2539 unus
3368 2485 3609 2556 spiritus

1948 2578 2037 2628 est
2057 2573 2101 2643 (l
2129 2572 2258 2628 Cor.
2302 2589 2376 2638 vx,
2409 2573 2523 2643 17),
2559 2573 2644 2627 sic
2665 2571 2925 2628 viviﬁcat
2965 2578 3026 2628 ut
3051 2573 3359 2644 spirituale
3387 2590 3608 2644 corpus

1948 2662 2187 2730 efﬁciat,
2221 2661 2551 2717 absumens
2583 2677 2828 2718 omnem
2878 2661 3345 2734 corruptionem,
3375 2662 3614 2718 nullam

1949 2756 2224 2807 metuens
2260 2751 2729 2820 separationem.

2026 2844 2109 2894 1'2.
2125 2839 2380 2894 Proinde
2394 2839 2678 2909 sequitur:
2696 2839 2806 2895 Sed
2817 2855 2936 2895 non
2945 2839 3114 2910 prius
3127 2841 3285 2911 quod
3295 2841 3615 2908 spirituale

1950 2935 2054 2993 est,
2072 2927 2346 2997 sedquod
2372 2929 2637 2983 animale
2661 2950 2679 2996 ,-
2702 2935 2906 2995 postea
2935 2929 3089 2997 quod
3115 2929 3450 2996 spirituale.
3480 2930 3614 2984 Pri-

1947 3033 2076 3074 mus
2092 3017 2261 3072 homo
2273 3016 2345 3071 de
2361 3020 2816 3079 terra,terrenus
2828 3032 2852 3080 ;
2863 3016 3156 3072 secundus
3173 3016 3338 3072 homo
3351 3018 3424 3072 de
3441 3020 3611 3082 caelo,

1948 3107 2215 3163 caelestis.
2243 3104 2451 3170 Qualis
2486 3110 2778 3169 terrenus,
2804 3107 2951 3160 tates
2968 3111 3021 3159 et
3054 3106 3308 3168 terreni;
3329 3112 3383 3160 et
3414 3108 3610 3177 qualis

1948 3195 2218 3258 caelestis,
2252 3195 2399 3249 tales
2432 3198 2485 3249 et
2513 3195 2788 3250 caelestes.
2813 3193 2971 3248 Sicut
3007 3195 3377 3262 portavimus
3400 3196 3611 3265 imagi-

1946 3299 2078 3340 nem
2111 3281 2351 3347 terreni,
2365 3287 2663 3350 portemus
2681 3287 2736 3336 et
2749 3281 3065 3352 imaginem
3082 3282 3207 3351 ejus
3234 3283 3337 3352 qui
3360 3284 3432 3338 de
3459 3285 3607 3340 coelo

1945 3380 2047 3430 est.
2079 3371 2232 3438 Quid
2263 3376 2371 3437 est,
2400 3371 2602 3436 Qualis
2616 3376 2909 3434 terrenus,
2934 3372 3082 3427 tales
3114 3376 3168 3426 et
3196 3373 3447 3439 terreni,-
3469 3371 3603 3436 nisi,

1948 3461 2228 3518 mortales
2261 3476 2333 3516 ex
2367 3460 2603 3516 mortali
2634 3460 2663 3512 ‘t
2692 3459 2914 3532 etquid
2958 3464 3070 3526 est,
3099 3459 3297 3527 Qualis
3329 3461 3604 3526 cwlestis,

1943 3552 2092 3606 tales
2116 3557 2168 3607 et
2181 3552 2440 3608 caelestes
2453 3566 2470 3614 ;
2493 3549 2626 3612 nisi,
2643 3549 3012 3604 immortales
3031 3564 3136 3620 per
3153 3549 3557 3605 immortalem
3575 3551 3604 3604 ‘I

1941 3639 2092 3694 Illud
2117 3655 2220 3710 per
2246 3638 2592 3704 Adam,hoc
2624 3653 2727 3709 per
2759 3637 3077 3692 Christum.
3117 3637 3406 3693 Dominus
3439 3638 3602 3695 enim

1940 3727 2018 3784 ad
2041 3729 2154 3784 hoc
2175 3732 2444 3783 terrenus
2474 3727 2666 3782 factus
2694 3731 2802 3793 est,
2841 3741 2976 3780 cum
3029 3731 3186 3781 esset
3217 3727 3496 3792 ccelestis,
3539 3732 3602 3785 ut

1939 3833 2041 3873 eos
2070 3817 2172 3889 qui
2189 3816 2400 3871 terreni
2427 3819 2616 3881 erant,
2636 3813 2856 3869 faceret
2873 3813 3166 3879 caelestes;
3192 3814 3306 3869 hoc
3327 3821 3434 3882 est,
3463 3816 3598 3872 ideo

1939 3922 2014 3962 ex
2042 3904 2365 3960 immortali
2397 3902 2666 3959 mortalis
2696 3902 2885 3957 factus
2904 3908 3013 3965 est,
3040 3903 3408 3957 assumendo
3441 3905 3594 3959 servi

1939 3995 2217 4058 formam,
2238 4008 2357 4047 non
2384 3991 2614 4047 Domini
2643 3990 2933 4046 mutando
2959 3995 3258 4055 naturam,
3281 3995 3342 4045 ut
3369 4005 3469 4046 eos
3490 3993 3597 4063 qui

1937 4082 2218 4140 mortales
2243 4086 2413 4137 erant
2431 4081 2647 4137 faceret
2666 4079 3047 4146 immortales,
3075 4080 3468 4150 impertiendo
3491 4080 3596 4137 do-

1937 4172 2210 4228 minicam
2226 4171 2628 4240 gratiam.non
2644 4168 2918 4225 servilem
2933 4167 3016 4238 inj
3029 4168 3218 4224 uriam
3233 4169 3564 4226 retinendo'
3578 4211 3592 4225 .

2011 4266 2094 4318 t3.
2111 4262 2256 4316 Cum
2272 4259 2448 4332 igitur
2459 4259 2533 4314 de
2549 4259 2974 4314 resurrectione
2988 4258 3256 4329 corporis
3270 4258 3593 4328 Apostolus

1935 4349 2520 4422 disputans,doceret
2534 4353 2736 4403 nostra
2750 4363 3001 4418 corpora
3014 4347 3210 4402 futura
3222 4362 3293 4400 ex
3307 4347 3595 4417 corrupti-

1933 4438 2157 4493 bilibus
2229 4435 2725 4507 incorruptibilia,
2770 4450 2842 4489 ex
2884 4433 3436 4504 contemptibilibus
3471 4434 3592 4502 glo-

1933 4526 2116 4594 riosa,
2139 4541 2210 4580 ex
2239 4524 2491 4579 inﬁrmis
2519 4523 2712 4587 fortia,
2748 4538 2818 4576 ex
2849 4521 3209 4577 animalibus
3232 4521 3587 4591 spiritualia,

1933 4614 2046 4669 hoc
2073 4618 2180 4676 est,
2211 4629 2282 4667 ex
2314 4611 2667 4666 mortalibus
2722 4609 3100 4674 immortalia,
3149 4608 3402 4679 subjecit
3432 4611 3590 4666 unde

1934 4704 2147 4772 agitur,
2162 4707 2340 4773 atque
2355 4700 2434 4755 ait
2452 4722 2463 4754 :
2480 4701 2608 4754 Hoc
2627 4706 2820 4755 autem
2844 4698 3257 4768 dico,fratres,
3287 4697 3426 4769 quia
3447 4714 3589 4755 caro

1931 4798 1983 4848 el
2002 4793 2240 4860 sanguis
2263 4805 2507 4858 regnum
2533 4788 2636 4844 Dei
2654 4788 2951 4856 possidere
2979 4803 3092 4842 non
3118 4794 3381 4855 possunt.
3418 4790 3482 4842 Et
3515 4803 3590 4844 ne

1931 4882 2255 4954 quisquam
2273 4883 2504 4949 putaret
2518 4877 2739 4932 secund
2752 4892 2849 4931 um
2865 4875 3253 4931 substantiam
3269 4877 3464 4931 carnis
3478 4877 3592 4931 hoc

1934 4969 2283 5042 Apostolum
2305 4966 2632 5031 deﬁniisse,
2658 4965 2888 5036 aperuit
2912 4963 3059 5037 quid
3077 4965 3316 5027 diceret,
3343 4964 3593 5034 subjun-

1933 5059 2130 5127 gendo
2161 5069 2173 5109 :
2202 5071 2388 5127 neque
2401 5055 2701 5124 corruptio
2726 5053 3232 5122 incorruptionem
3246 5053 3588 5121 possidebit.

1931 5149 2241 5218 Tanquam
2256 5143 2675 5209 diceret,Quod
2689 5143 2998 5206 dixi,Caro
3013 5149 3065 5197 et
3079 5141 3324 5209 sanguis
3340 5157 3591 5211 regnum

1931 5240 2038 5294 Dei
2067 5253 2186 5292 non
2210 5234 2609 5305 possidebunt,
2644 5232 2756 5288 deo
2790 5232 2932 5297 dixi,
2982 5232 3125 5302 quia
3157 5232 3461 5298 corruptio
3503 5235 3590 5291 in-

1933 5326 2371 5396 corruptionem
2408 5339 2526 5379 nou
2579 5321 2920 5391 possidebit,
2973 5323 3093 5374 [loc
3123 5335 3265 5389 ergo
3319 5321 3450 5376 loco
3486 5339 3593 5380 no-

1931 5415 2093 5470 mine
2133 5413 2329 5469 carnis
2352 5416 2407 5467 et
2447 5410 2782 5480 sanguinis,
2817 5408 3263 5479 corruptionem
3316 5411 3589 5470 mortali-

1935 5503 2067 5560 tatis
2095 5501 2338 5573 intelligi
2368 5499 2574 5556 voluit.

1931 5681 1936 5683 ,
1998 5629 2011 5658 ¹
2046 5627 2145 5687 Ms,
2172 5627 2408 5685 Cistere.,
2444 5629 2489 5674 et
2508 5623 2745 5674 servilem
2773 5622 3031 5688 injuriam
3052 5624 3404 5689 perpetiendo.
