4122 6170
583 137 694 194 947

653 266 737 318 is.
757 261 1040 333 Denique,
1058 264 1346 331 tanquam
1361 257 1414 313 ei
1428 257 1740 326 diceretur,
1761 258 2078 325 Quomodo
2091 273 2231 316 caro

575 351 703 415 erit,
731 357 788 406 et
803 365 943 405 caro
963 362 1084 404 non
1109 347 1256 402 erit?
1271 362 1412 402 caro
1432 347 1658 419 quippe
1672 348 1800 413 erit,
1815 348 2104 420 quoniam
2123 350 2232 404 Do-

579 441 782 496 minus
813 443 952 509 post
980 435 1474 492 resurrectionem
1519 437 1618 502 ait,
1649 437 1910 506 Palpate
1937 443 1991 494 et
2020 437 2230 500 videte,

581 530 724 600 quia
747 527 991 594 spiritus
1021 539 1152 580 ossa
1179 530 1231 581 et
1247 539 1487 581 carnem
1514 541 1633 581 non
1658 526 2021 591 habet,sicut
2038 541 2124 582 me
2147 525 2229 582 vi.

581 616 730 672 detis
748 614 962 671 habere
983 630 997 670 :
1017 628 1158 668 caro
1181 618 1382 669 autem
1403 629 1526 668 non
1544 614 1671 678 erit,
1699 615 1990 686 quoniam
2017 629 2159 670 caro
2177 618 2230 669 et

579 705 822 774 sanguis
844 718 1092 772 regnum
1113 703 1222 758 Dei
1232 717 1351 758 non
1373 703 1752 771 possidebunt
1769 721 1789 757 :
1811 705 2054 776 exponit
2081 701 2232 775 quid

580 792 812 857 dixerit,
847 791 1158 863 adjiciens,
1191 792 1342 848 Ecce
1367 793 1710 861 mysterium
1747 793 1907 848 vobis
1931 793 2083 856 dico,
2116 807 2234 847 om-

580 898 678 939 nes
691 881 926 954 quidem
942 896 1314 951 resurgemus
1335 897 1352 946 ;
1385 881 1474 936 vel
1494 883 1646 937 sicut
1663 883 1839 950 grazci
1866 881 2103 938 codices
2125 881 2234 936 ha-

582 972 746 1037 bent,
775 986 970 1026 omnes
999 970 1237 1041 quidem
1263 969 1641 1034 dormiemus,
1665 986 1785 1026 non
1813 978 2009 1028 tamen
2037 984 2233 1027 omnes

582 1060 1052 1116 immutabimur.
1088 1061 1248 1114 Hanc
1270 1059 1748 1115 immutationem
1781 1065 1978 1116 utrum
2001 1061 2060 1116 in
2077 1060 2234 1115 dete-

584 1149 816 1214 rius,an
831 1148 888 1202 in
904 1146 1113 1202 melius
1126 1146 1370 1216 intelligi
1387 1146 2230 1213 voluerit,inferiorademons-

586 1243 764 1293 trant.
785 1237 1086 1300 Inatomo,
1115 1236 1323 1307 inquit,
1340 1236 1456 1292 hoc
1483 1242 1590 1302 est,
1613 1236 1669 1292 in
1686 1241 1907 1308 puncto
1927 1237 2228 1309 temporis,

588 1325 754 1398 quod
775 1325 962 1380 dividi
997 1340 1120 1380 non
1151 1329 1347 1395 potest
1380 1341 1393 1390 ;
1438 1325 1500 1381 in
1531 1325 1652 1382 ictu
1703 1326 1882 1393 oculi,
1916 1325 2030 1382 boc
2059 1331 2147 1382 est
2173 1326 2234 1383 in

587 1429 831 1469 summa
861 1413 1156 1469 celeritate
1184 1430 1197 1479 ;
1249 1413 1314 1469 in
1343 1415 1663 1471 novissima
1695 1415 1858 1481 tuba,
1893 1415 2006 1470 hoc
2033 1420 2143 1480 est,
2175 1415 2234 1471 in

587 1502 917 1558 novissimo
941 1503 1113 1571 signo
1127 1502 1289 1574 quod
1304 1503 1566 1569 dabitur,
1583 1508 1644 1560 ut
1662 1504 1776 1559 ista
1788 1519 1918 1558 com
1929 1503 2232 1575 pleantur:

589 1598 758 1648 canet
789 1592 941 1646 enim
963 1591 1124 1654 tuba,
1151 1591 1431 1663 inquit,et
1456 1592 1678 1648 mortui
1708 1600 2016 1663 resurgent
2041 1594 2235 1650 incor-

591 1681 778 1749 rupti,
801 1686 852 1734 et
873 1696 980 1736 nos
996 1680 1509 1736 commutabimur.
1529 1683 1679 1750 Ergo
1704 1681 1881 1737 istam
1907 1687 2238 1738 commuta-

590 1767 812 1824 tionem
839 1769 900 1824 in
927 1767 1139 1824 melius
1165 1770 1292 1824 sine
1317 1768 1689 1828 dubitatione
1709 1775 1940 1842 oportet
1969 1769 2234 1840 intelligi,

589 1858 738 1928 quia
769 1872 980 1912 omnes
994 1863 1048 1912 et
1055 1857 1202 1928 justi
1223 1862 1280 1912 et
1300 1857 1501 1928 injusti
1513 1858 1894 1916 resurrecturi
1916 1863 2080 1915 sunt:
2106 1859 2233 1925 sed,

589 1946 737 2000 sicut
770 1945 1057 2001 Dominus
1087 1945 1146 2001 in
1177 1945 1498 2017 Evangelio
1524 1946 1799 2018 loquitur,
1816 1949 1920 2018 qui
1933 1948 2238 2020 bene/ece-

585 2039 751 2102 runt,
767 2034 829 2089 in
842 2036 1334 2091 resurrectionem
1350 2037 1486 2092 vitae
1497 2054 1516 2091 :
1529 2035 1634 2106 qui
1647 2051 1784 2092 vero
1797 2038 2233 2108 maleegerunt,

587 2124 650 2179 in
664 2124 1156 2180 resurrectionem
1160 2123 1385 2193 judicii
1401 2124 1598 2194 (Joan.
1614 2140 1671 2191 v,
1687 2125 1776 2192 29)
1800 2141 1814 2190 ;
1825 2125 1846 2195 j
1858 2125 2122 2182 udicium
2135 2142 2237 2198 ap-

582 2212 812 2284 pellans
846 2228 1089 2284 plenam
1113 2213 1561 2285 sempiternam,
1605 2213 1755 2270 sicut
1794 2214 1910 2270 alio
1940 2214 2097 2282 loco,
2126 2216 2240 2284 Qui

587 2317 711 2357 non
762 2302 972 2367 credit,
1027 2302 1236 2374 inquit,
1274 2305 1405 2372 jam
1422 2303 1733 2373 judicatus
1761 2308 1844 2360 est
1869 2304 1982 2370 (Id.
2015 2321 2093 2376 ιιι,
2128 2308 2233 2377 18).

583 2389 934 2447 Proindeilli
961 2391 1064 2463 qui
1093 2390 1169 2447 ad
1194 2391 1487 2461 judicium
1518 2393 1899 2448 resurrecturi
1926 2399 2085 2459 sunt,
2114 2409 2236 2450 non

583 2479 1185 2536 commutabunturin
1203 2480 1366 2536 illam
1381 2480 1842 2552 incorruptelam
1857 2497 1994 2554 quin
2007 2498 2115 2539 nec
2132 2483 2237 2540 do-

586 2566 728 2624 loris
751 2568 1191 2640 corruptionem
1206 2569 1330 2640 pati
1344 2567 1667 2642 potest.[lla
1683 2583 1950 2643 namque
1965 2570 2234 2628 ﬁdelium

587 2662 676 2713 est
689 2662 870 2728 atque
885 2663 1230 2713 sanctorum
1250 2673 1262 2711 :
1288 2657 1383 2714 isti
1403 2673 1540 2715 vero
1554 2663 1844 2729 perpetua
1858 2661 2235 2732 corruptione

584 2745 1010 2802 cruciabuntur
1034 2745 1208 2817 ;quia
1238 2745 1393 2816 ignis
1424 2761 1632 2803 eorum
1653 2762 1776 2804 non
1803 2748 2234 2821 exstinguetur,

587 2839 644 2891 et
671 2834 888 2891 vermis
915 2849 1124 2891 eorum
1155 2851 1276 2892 non
1303 2836 1753 2907 morietur([sal
1783 2854 1930 2902 var,
1964 2839 2075 2905 24).

658 2943 745 2997 l5.
766 2941 918 3007 Quid
941 2941 1208 3013 sibiergo
1225 2942 1348 2998 vult
1363 2943 1478 2999 ista
1497 2943 1897 3012 distinctio,Et
1909 2946 2129 3002 mortui
2147 2963 2231 3004 re-

585 3039 829 3103 surgent
845 3033 1380 3102 incorrupti,elnos
1403 3034 1900 3092 commutabimur
1923 3053 1942 3102 ;
1967 3037 2238 3110 nisiquia

586 3137 800 3179 omnes
828 3121 1156 3194 incorrupti
1181 3128 1512 3196 resurgant,
1535 3123 1640 3179 sed
1672 3140 1744 3179 ex
1772 3124 1864 3180 bis
1892 3127 2070 3180 etiam
2090 3126 2237 3197 justi

587 3209 1072 3266 immutabuntur
1093 3210 1150 3264 in
1178 3209 1338 3266 illam
1365 3211 1830 3283 incorruptelam
1862 3213 1956 3268 cui
1988 3215 2238 3271 omnino

587 3299 751 3356 nulla
764 3299 956 3371 possit
978 3314 1191 3354 nocere
1205 3300 1638 3372 corruptio?Ac
1652 3316 1756 3373 per
1771 3302 2015 3374 hoc,qui
2029 3303 2087 3357 in
2102 3319 2238 3360 eam

588 3404 710 3446 non
740 3387 1634 3461 commutabuntur,incorrupti
1660 3390 1904 3463 quidem
1931 3399 2241 3463 resurgant

587 3478 924 3548 integritate
957 3476 1389 3546 membrorum,
1431 3477 1537 3533 sed
1569 3483 1766 3535 tamen
1813 3482 2240 3553 corrumpendi

590 3568 796 3623 dolore
818 3582 1157 3638 poenarum,
1182 3582 1318 3622 cum
1343 3567 1675 3624 audierint:
1700 3569 1805 3635 Ile,
1835 3571 2156 3638 maledicti,
2175 3573 2238 3628 in

590 3657 786 3726 ignem
816 3655 1232 3727 mternum,qui
1256 3661 1511 3725 paratus
1548 3663 1630 3714 est
1657 3657 1894 3715 diabolo
1924 3666 1978 3716 et
2017 3661 2240 3732 angelis

594 3746 719 3816 ejus
737 3743 980 3816 (Matth.
1008 3745 1262 3816 xxv,4t).
1293 3749 1335 3799 Α
1362 3760 1484 3817 quo
1497 3746 1705 3802 auditu
1731 3748 1891 3804 malo
1897 3748 2096 3819 justus
2120 3765 2240 3807 non

592 3833 820 3890 timebit
840 3834 1025 3904 (Psal.
1042 3849 1158 3899 cxt,
1178 3838 1251 3899 7).
1270 3836 1346 3890 De
1363 3834 1464 3890 illa
1481 3851 1620 3893 vero
1634 3838 2103 3895 commutatione
2120 3839 2244 3911 jus-

594 3927 791 3979 torum
818 3939 955 3979 cum
973 3923 1230 3988 dixisset,
1255 3939 1360 3978 nos
1377 3926 1876 3982 commutabimur
1904 3950 1923 3996 ,-
1950 3931 2240 4000 tanquam

591 4027 922 4085 quaererem
932 4029 999 4068 us
1011 4012 1322 4084 quomodo
1336 4011 1498 4068 istud
1519 4014 1641 4078 ﬁat,
1658 4013 1956 4086 velqualis
1971 4016 2066 4072 illa
2084 4033 2240 4074 com-

594 4101 845 4156 mutatio
863 4100 1063 4156 futura
1093 4100 1184 4165 sit,
1209 4099 1484 4171 adjungit
1514 4107 1568 4157 et
1593 4102 1738 4158 dicit
1771 4121 1785 4159 :
1820 4105 2059 4174 Oportet
2087 4108 2241 4164 enim

595 4189 992 4255 corruptibile
1007 4189 1117 4244 hoc
1144 4188 1392 4244 induere
1409 4189 1959 4260 incorruplelam,et
1990 4197 2245 4253 mortale

596 4277 707 4334 hoc
717 4276 965 4332 induere
981 4277 1486 4334 immortalitatem
1502 4280 1540 4349 (Ι
1563 4278 1698 4335 Cor.
1710 4282 2171 4354 xv,35-53).Non,
2183 4287 2244 4340 ut

594 4367 827 4440 opinor,
847 4365 1245 4423 dubitandum
1265 4377 1351 4422 est
1366 4368 1696 4425 secundum
1709 4369 1820 4426 hoc
1831 4369 2242 4437 dictum,Caro

595 4463 651 4514 et
682 4457 927 4528 sanguis
949 4471 1197 4527 regnum
1247 4457 1355 4512 Dei
1381 4472 1498 4512 non
1518 4457 1920 4532 possidebunt,
1951 4461 2094 4534 quia
2118 4477 2240 4519 non

595 4545 679 4602 ibi
707 4546 814 4603 erit
831 4546 1131 4618 corruptio
1148 4549 1204 4602 et
1230 4545 1559 4603 mortalitas
1586 4548 1785 4605 carnis
1810 4554 1865 4606 et
1888 4551 2238 4622 sanguinis:

594 4635 928 4692 secundum
953 4635 1064 4692 has
1095 4635 1255 4691 enim
1277 4635 1610 4708 qualitates,
1642 4636 1756 4694 boc
1772 4638 1904 4695 loco
1921 4655 2161 4696 carnem
2185 4645 2243 4697 et

596 4725 956 4794 sanguinem
995 4725 1383 4796 nuncupavit.

670 4826 753 4878 16.
788 4822 1096 4889 Quocirca,
1126 4827 1191 4879 ut
1219 4823 1439 4896 aliquid
1470 4824 1726 4896 exempli
1779 4825 1968 4896 gratia
2015 4842 2241 4898 ponam

591 4911 758 4985 quod
787 4910 1022 4966 interim
1048 4911 1330 4968 occurrit:
1354 4913 1506 4970 sicut
1531 4915 1814 4987 scriptum
1843 4920 1948 4972 est.
1973 4917 2059 4972 Ne
2080 4917 2243 4985 forte

595 5001 911 5058 lentaverit
939 5015 1038 5056 vos
1065 5001 1168 5072 qui
1188 5005 1395 5067 tentat,
1429 5008 1482 5059 et
1511 5003 1710 5059 inanis
1736 5004 1810 5059 sit
1841 5004 2013 5060 labor
2042 5010 2241 5062 noster

572 5093 637 5163 ‘(l
673 5092 865 5147 Thess.
896 5089 2083 5162 111,51);atquebicintelligiturdiabolus,
2114 5098 2240 5150 tan-

590 5197 776 5253 quam
790 5182 942 5236 Deus
955 5179 1204 5236 omnino
1219 5195 1337 5236 non
1363 5184 1564 5246 tentet,
1580 5180 1654 5237 de
1668 5197 1788 5253 quo
1811 5183 2073 5239 alioloco
2093 5184 2237 5240 Scri-

588 5274 763 5342 ptura
778 5269 1289 5340 dicit,Ipseaulem
1303 5270 1589 5327 neminem
1612 5276 1797 5327 tentat
1814 5272 2044 5343 (Jacobi
2061 5273 2195 5340 1,13)
2218 5289 2231 5325 :

587 5374 696 5414 nec
712 5359 1010 5415 contraria
1023 5364 1111 5414 est
1126 5359 1239 5416 ista
1260 5359 1555 5415 sententia
1573 5361 1622 5414 ei
1635 5376 1759 5431 qua
1775 5361 2010 5427 dicitur,
2027 5363 2236 5418 Tentat

587 5461 685 5502 vos
715 5445 1001 5502 Dominus
1032 5447 1179 5502 Deus
1198 5452 1381 5503 vester
1403 5446 1592 5520 (Deut.
1625 5449 1957 5517 xm,3);sed
1989 5450 2238 5506 solvitur

589 5535 1008 5606 quastio,cum
1024 5536 1381 5593 vocabulum
1395 5537 1736 5595 tentationis
1747 5537 2014 5595 diversas
2029 5539 2236 5596 intelli-

587 5621 819 5697 gentiae
830 5621 1068 5690 habeat,
1104 5639 1172 5682 eo
1184 5625 1346 5701 quod
1362 5625 1481 5684 alia
1495 5627 1568 5684 sit
1581 5627 1824 5687 tentatio
1837 5627 2230 5702 deceptionis,

1856 131 1924 190 S.
1966 130 2355 191 AUGUSTINI
2391 130 2712 190 EPISCOPI

3841 139 3935 196 MS

2338 257 2714 314 aliatentatio
2729 255 3101 329 probationis
3119 277 3132 326 ;
3152 258 3482 316 secundum
3501 257 3666 315 illam
3681 273 3792 316 non
3803 259 3940 318 intel-

2336 346 2536 418 ligitur
2546 346 2650 420 qui
2664 350 2869 414 tentat,
2886 346 3000 402 nisi
3011 346 3308 412 diabolus,
3335 348 3665 404 secundum
3677 348 3822 405 hanc
3835 366 3944 406 vero

2338 440 2524 492 tentat
2539 438 2689 491 Deus
2708 453 2720 491 :
2744 434 2824 490 ita
2837 451 2976 492 cum
2989 436 3383 501 dicitur,Caro
3397 435 3721 508 possidebit
3732 452 3946 506 regnum

2339 525 2703 592 Dei,et,Caro
2722 540 2846 581 non
2859 524 3456 597 possidebitregnum
3473 526 3573 582 Dei
3589 526 3787 593 ;etiam
3799 526 3948 599 hujus

2338 614 2599 671 nominis
2627 613 3014 686 intelligentia
3045 613 3442 678 discernatur,
3465 620 3527 672 et
3539 613 3703 671 nulla
3717 615 3948 687 eritque-

2340 703 2448 758 stio
2482 719 2494 758 :
2520 704 2810 775 quoniam
2824 719 2966 760 caro
2989 704 3327 760 secundum
3343 704 3766 771 substantiam,
3780 720 3949 761 secun-

2339 791 2486 847 dum
2508 807 2694 863 quam
2720 791 2945 848 dictum
2968 793 3352 863 est,Spiritus
3375 810 3508 852 ossa
3530 800 3587 851 et
3609 808 3838 850 carnem
3860 811 3949 851 non

2342 880 2536 945 habet,
2559 882 2710 937 sicut
2740 897 2831 938 me
2866 883 3078 940 videtis
3106 883 3342 949 habere,
3375 882 3718 955 possidebit
3740 898 3949 955 regnum

2342 970 2440 1026 Dei
2465 990 2478 1038 ;
2505 986 2648 1026 caro
2677 975 2877 1026 autem
2908 986 3046 1027 cum
3075 972 3412 1029 secundum
3428 972 3862 1044 corruptionem
3889 973 3950 1028 in'

2341 1058 2639 1130 telligitur,
2669 1075 2790 1116 non
2812 1060 3159 1132 possidebit.
3192 1060 3316 1118 Hoc
3346 1062 3512 1118 enim
3538 1062 3860 1133 expositum
3886 1070 3949 1120 est

2341 1164 2480 1204 cum
2510 1148 2822 1215 diceretur,
2875 1151 3034 1207 Caro
3076 1158 3128 1207 el
3175 1152 3420 1222 sanguis
3448 1166 3704 1222 regnum
3741 1152 3840 1208 Dei
3862 1168 3948 1207 non

2335 1237 2740 1307 possidebunt,
2791 1238 2853 1294 in
2907 1254 2978 1294 eo
3001 1239 3167 1311 quod
3214 1241 3500 1296 continuo
3560 1239 3827 1298 additum
3872 1245 3949 1303 est,

2341 1341 2529 1399 neque
2558 1327 2864 1396 corruptio
2893 1329 3401 1399 incorruptionem
3424 1331 3751 1399 possidebit
3777 1346 3794 1396 ;
3838 1330 3951 1386 sicut

2343 1415 2506 1477 satis,
2542 1420 2841 1487 quantum
2872 1417 3151 1486 arbitror,
3180 1418 3604 1475 disseruimus.

2414 1505 2641 1561 CAPUT
2657 1505 2748 1560 ΙΙΙ.
2781 1536 2846 1546 -
2866 1511 2949 1561 t7.
2972 1507 3142 1572 Quod
3163 1511 3365 1564 autem
3393 1509 3641 1582 quaeris.
3667 1513 3851 1564 utrum
3869 1509 3952 1564 sin-

2344 1593 2593 1666 gillatim
2620 1609 2657 1650 a
2680 1601 2945 1650 creatore
2977 1598 3094 1652 Deo
3127 1612 3448 1668 corporum
3483 1597 3838 1653 lineamenta
3859 1596 3949 1653 for-

2346 1688 2609 1754 mentur;
2635 1698 2755 1738 non
2771 1689 2824 1738 te
2837 1683 3123 1750 movebit,
3138 1685 3185 1740 si
3198 1693 3499 1757 quantum
3521 1691 3720 1758 potest
3734 1686 3951 1741 humana

2345 1786 2536 1835 mens,
2553 1773 2880 1842 potentiam
2900 1771 3119 1828 divinas
3130 1774 3504 1844 operationis
3521 1773 3952 1844 intelligas.Quo-

2342 1860 2526 1916 modo
2539 1860 2699 1916 enim
2714 1876 2934 1932 negare
2951 1862 3276 1932 poterimus
3291 1865 3474 1920 Deum
3491 1863 3677 1920 etiam
3693 1877 3949 1933 nuncope-

2341 1949 2462 2005 rari
2477 1954 2694 2006 cuncta
2707 1966 2844 2014 quas
2861 1957 3301 2014 creantur,cum
3317 1953 3616 2009 Dominus
3630 1952 3952 2008 dicat:Pater

2343 2053 2505 2094 meus
2535 2053 2718 2109 usque
2742 2054 2903 2095 nunc
2918 2046 3206 2108 operatur
3229 2042 3428 2107 (Joan.
3453 2057 3513 2106 v,
3540 2041 3634 2113 t7)
3653 2043 3680 2097 ?
3706 2040 3853 2096 Unde
3872 2039 3944 2094 illa

2343 2127 2598 2184 cessatio
2624 2127 2858 2199 septimi
2890 2127 3006 2184 diei
3023 2128 3101 2184 ab
3120 2129 3267 2200 ipsis
3295 2130 3533 2187 naturis
3565 2129 3874 2186 condendis
3890 2129 3948 2182 in.

2342 2216 2660 2288 telligenda
2685 2223 2771 2273 est
2798 2217 2976 2286 facta,
3003 2234 3124 2274 non
3149 2219 3226 2275 ab
3247 2235 3456 2276 earum
3483 2218 3948 2276 administratione

2343 2321 2480 2378 quas
2501 2305 2756 2364 conditas
2782 2306 3138 2362 referuntur.
3164 2307 3312 2364 Cum
3343 2323 3489 2380 ergo
3509 2315 3727 2366 natura
3746 2323 3908 2363 rerum
3926 2323 3948 2360 ε

2345 2397 2615 2452 Creatore
2646 2395 3116 2463 administratur,
3153 2401 3211 2453 et
3260 2413 3365 2469 per
3393 2397 3648 2454 ordines
3701 2395 3946 2470 praeﬁnitis

2341 2483 2489 2540 locis
2508 2489 2566 2540 et
2586 2484 2955 2556 temporibus
2981 2485 3104 2540 suis
3125 2492 3342 2542 cuncta
3363 2491 3720 2551 nascuntur,
3740 2487 3946 2540 Densus.

2341 2588 2460 2645 que
2480 2588 2644 2630 nunc
2668 2579 2969 2645 operatur.
2990 2576 3134 2630 Nam
3161 2575 3208 2630 si
3241 2577 3394 2631 Deus
3421 2591 3591 2632 nunc
3622 2576 3729 2631 ista
3749 2573 3945 2630 nonlor-

2343 2667 2488 2729 mat,
2529 2663 2838 2734 quomodo
2863 2663 3094 2733 legitur,
3111 2666 3470 2736 Priusquam
3495 2671 3556 2722 te
3581 2666 3879 2735 formarem
3902 2663 3942 2715 in

2344 2757 2532 2815 utero,
2555 2751 2694 2807 novi
2723 2756 2774 2806 te
2805 2752 3040 2822 (Jerem.
3060 2770 3096 2817 ι,
3121 2755 3176 2822 5)
3213 2753 3225 2805 !
3259 2754 3578 2824 quomodo
3603 2754 3775 2809 etiam
3803 2751 3945 2820 accipi

2342 2845 2556 2912 potest,
2587 2840 2756 2908 Quod
2780 2842 2832 2897 si
2854 2841 3060 2910 fenum
3087 2842 3243 2913 agri,
3275 2843 3436 2915 quod
3455 2843 3639 2900 hodie
3658 2851 3755 2907 est,
3779 2849 3824 2899 et
3847 2853 3945 2896 cras

2344 2931 2407 2986 in
2433 2931 2736 2987 clibanum
2759 2932 3035 2997 mittitur,
3061 2931 3214 2989 Deus
3238 2932 3322 2990 sic
3333 2933 3505 2990 vestit
3528 2929 3940 3005 (Matth.vr,30)?

2343 3019 2463 3074 Nisi
2492 3019 2639 3075 forte
2659 3020 3027 3076 credendum
3055 3026 3162 3086 est,
3196 3020 3401 3077 fenum
3428 3037 3464 3078 a
3497 3025 3622 3080 Deo
3649 3020 3844 3085 vestiri,
3865 3022 3944 3072 ets

2347 3109 2466 3164 Deo
2495 3123 2750 3180 corpora
2779 3124 2900 3166 non
2930 3109 3176 3166 formari
3201 3111 3214 3166 ι
3243 3111 3388 3166 Cum
3415 3110 3584 3168 enim
3614 3111 3772 3174 dixit,
3807 3107 3942 3168 vestit.

2345 3211 2468 3254 non
2490 3197 2564 3254 de
2591 3198 2884 3270 praeterita
2912 3198 3308 3265 ordinatione,
3331 3199 3435 3256 sed
3466 3200 3548 3256 de
3565 3197 3824 3272 praesenti
3841 3210 3941 3268 ope-

2346 3287 2577 3344 ratione
2601 3288 2746 3344 satis
2771 3287 3014 3344 indicat.
3045 3289 3208 3344 Unde
3227 3293 3317 3345 est
3329 3289 3513 3346 etiam
3547 3289 3696 3346 illud
3721 3283 3933 3359 Apostoli

2348 3374 2424 3432 de
2445 3376 2794 3434 seminibus.
2818 3377 2981 3448 quod
2996 3391 3176 3448 supra
3199 3377 3685 3435 commemoravi
3711 3394 3724 3432 :
3747 3373 3941 3438 Nomin-

2346 3465 2495 3537 quit,
2524 3480 2738 3534 corpus
2758 3466 2918 3537 quod
2929 3466 3212 3536 futurum
3235 3473 3342 3530 est,
3361 3469 3639 3534 seminus,
3655 3467 3752 3524 sed
3769 3464 3943 3521 nudum

2348 3567 2630 3623 granum,
2656 3559 2721 3609 ut
2747 3561 2896 3623 puta
2921 3555 3124 3623 tritici,
3156 3563 3262 3612 aut
3306 3557 3577 3625 alicuius
3608 3561 3942 3614 caetemrum;

2353 3644 2506 3698 Deus
2535 3649 2732 3700 autem
2758 3643 2972 3700 illidat
2993 3658 3228 3713 corpus,
3251 3645 3545 3716 quomodo
3576 3644 3829 3702 voluerit.
3855 3639 3942 3695 Non

2350 3731 2514 3802 dixit,
2534 3731 2720 3800 Dedit,
2747 3738 2870 3800 aut,
2896 3732 3190 3804 disposuit
3213 3733 3370 3800 ;sed,
3401 3734 3548 3791 dat:
3577 3741 3641 3790 ut
3669 3737 3944 3791 Creatorem

2351 3820 2648 3892 intelligas
2661 3821 2991 3879 efﬁcaciam
3015 3822 3325 3894 sapientia:
3339 3840 3464 3880 suae
3483 3825 3689 3890 rebus,
3701 3837 3824 3896 qua:
3838 3832 3945 3891 quo.

2352 3910 2490 3967 tidie
2519 3911 2646 3966 suis
2662 3911 3026 3983 temporibus
3046 3909 3940 3978 oriuntur,condendisadbibere.

2353 4001 2432 4055 De
2458 4015 2579 4072 qua
2611 4000 2904 4072 sapientia
2921 4000 3149 4058 dictum
3173 4008 3277 4064 est,
3297 4003 3605 4060 Pertendit
3627 4019 3662 4060 a
3681 4003 3793 4070 line
3809 4007 3945 4067 usque

2351 4087 2414 4143 in
2440 4090 2619 4157 ﬁnem
2634 4089 2912 4158 fortiter:
2932 4095 2989 4144 et
3017 4104 3141 4145 non
3168 4090 3336 4155 dixit,
3375 4091 3711 4163 Disposuit;
3740 4084 3944 4151 sed,dis-

2347 4177 2514 4248 ponit
2528 4180 2724 4234 omnia
2749 4179 3328 4250 suaviler(Sap.vm,
3343 4180 3420 4251 t).
3437 4180 3680 4236 Multum
3699 4183 3780 4234 est
3793 4179 3941 4232 autem

2352 4268 2446 4322 vel
2475 4267 2726 4323 tenuiter
2745 4283 2956 4338 sapere
2975 4269 3287 4340 quomodo
3299 4268 3750 4326 commutabilia
3772 4270 3821 4321 et
3843 4269 3945 4318 tem~

2352 4354 2600 4428 poralia,
2635 4371 2757 4412 non
2770 4357 3803 4432 commutabilibusettemporalibus
3814 4352 3941 4409 Crea-

2353 4444 2494 4501 toris
2507 4446 2780 4508 motibus,
2791 4444 2889 4501 sed
2903 4450 3128 4502 aeterna
3141 4452 3198 4502 et
3209 4446 3408 4503 stabili
3422 4448 3631 4503 virtute
3640 4443 3940 4503 condantur.

2424 4535 2649 4591 CAPUT
2679 4535 2767 4591 IV.
2797 4565 2866 4576 —
2899 4536 2984 4591 18.
3013 4536 3096 4590 De
3143 4535 3242 4592 illo
3267 4551 3410 4593 sane
3434 4537 3603 4609 quod
3639 4536 3938 4605 percontan-

2349 4623 2497 4680 dum
2511 4625 2959 4696 putasti,utrum
2975 4624 3259 4696 baptizati
3271 4627 3560 4690 omnes,si
3571 4625 3789 4696 absque
3801 4616 3937 4693 poeni-

2349 4713 2555 4778 tentia,
2587 4712 2835 4769 diversis
2864 4713 3214 4769 criminibus
3243 4714 3447 4771 irretiti
3475 4716 3548 4771 de
3565 4727 3802 4786 corpore
3822 4707 3938 4765 exie-

2348 4802 2485 4872 rint,
2518 4802 2760 4859 veniam
2788 4801 3057 4876 quolibet
3077 4808 3342 4874 tempore
3369 4801 3736 4861 consecuturi
3759 4800 3873 4860 sint,
3891 4793 3937 4850 liv

2351 4891 2529 4947 brum
2553 4906 2674 4947 non
2691 4907 2890 4964 parvae
2921 4892 3268 4964 quantitatis
3286 4893 3415 4963 jam
3429 4893 3634 4965 scripsi
3659 4893 3768 4961 (a);
3798 4895 3936 4958 quem

2351 4981 2399 5036 si
2427 4981 2762 5038 describere
2781 4981 3108 5047 curaveris,
3142 4981 3392 5038 fortasse
3411 4982 3557 5039 nihil
3589 4980 3811 5038 ulterius
3834 4973 3937 5030 hinc

2350 5069 2631 5142 requires.

2426 5164 2509 5215 t9.
2540 5159 2638 5214 Vis
2667 5160 2843 5215 etiam
2875 5173 2980 5231 per
3012 5175 3107 5215 me
3149 5161 3298 5216 scire
3338 5165 3537 5217 utrum
3567 5159 3664 5216 Dei
3690 5159 3841 5214 ﬂatus
3861 5150 3928 5206 ille

2347 5248 2408 5304 in
2434 5247 2650 5316 Adam,
2682 5248 2979 5319 idemipse
3001 5248 3076 5304 sit
3096 5249 3320 5304 anima.
3338 5250 3590 5305 Breviter
3608 5245 3929 5320 respondeo:

2348 5342 2452 5394 aut
2472 5337 2600 5409 ipse
2630 5343 2734 5398 est,
2768 5339 3014 5410 aulipso
3043 5339 3247 5394 anima
3277 5338 3432 5394 facta
3460 5337 3682 5395 est.Sed
3702 5333 3809 5392 etsi
3834 5331 3926 5400 ipse
4036 5331 4037 5350 ‘

2347 5432 2456 5496 est,
2481 5427 2667 5483 factus
2679 5431 2784 5482 est.
2805 5428 2882 5482 De
2900 5426 3108 5483 anima
3125 5427 3353 5500 quippe
3375 5427 3634 5499 loquitur
3649 5441 3743 5499 per
3763 5419 3925 5477 Isaiam

2411 5641 2482 5705 (α)
2517 5639 2629 5693 Lib.
2666 5639 2732 5692 de
2761 5639 2891 5693 Fide
2917 5643 2972 5693 et
3004 5639 3284 5710 Operibus.
