4122 6170
459 133 678 206 ,ησι

567 258 682 331 ipsi
712 258 1009 327 homines,
1041 257 1156 314 nisi
1175 257 1249 312 de
1278 254 1500 326 quibus
1540 254 1682 312 dicit
1709 255 2034 327 Apostolus
2067 272 2080 309 :
2111 255 2234 312 Sua

568 356 915 420 quaerentes,
961 363 1079 402 non
1103 363 1231 417 quae
1260 347 1396 401 Jesu
1453 345 1678 402 Christi
1704 345 1993 416 (Philipp.
2026 360 2084 410 ιι,
2118 345 2229 416 21).

571 437 679 492 Alii
709 443 846 492 sunt
876 451 1014 506 ergo
1047 435 1148 505 qui
1185 441 1505 506 propterea
1551 439 1752 490 tenent
1777 433 2108 506 pastorales
2135 449 2235 490 ca-

573 527 830 590 thedras,
863 530 922 580 ut
946 525 1155 579 Christi
1179 525 1460 595 gregibus
1476 524 1825 590 consulant;
1850 524 1947 580 alii
1966 539 2106 580 vero
2127 522 2232 596 qui

569 619 884 687 propterea
915 613 975 668 in
1005 614 1088 668 eis
1115 614 1342 678 sedent,
1379 618 1439 670 ut
1467 615 1590 668 suis
1638 613 1972 670 honoribus
2004 618 2234 683 tempo-

567 703 795 759 ralibus
809 702 1213 758 etcommodis
1231 703 1621 758 saecularibus
1643 703 1965 772 gaudeant.
1983 701 2231 758 Istaduo

570 807 790 862 genera
820 795 1154 862 pastorum,
1183 792 1314 847 aliis
1339 792 1752 860 morientibus,
1782 791 1913 847 aliis
1943 790 2233 847 nascenti-

568 882 702 945 bus,
734 882 793 936 in
825 882 956 952 ipsa
988 881 1287 937 Catholica
1315 897 1554 937 necesse
1591 886 1681 936 est
1709 897 1897 952 usque
1927 880 2006 936 ad
2049 880 2233 937 ﬁnem

572 970 842 1026 saeculiet
863 985 1051 1042 usque
1077 970 1155 1025 ad
1187 970 1415 1026 Domini
1433 970 1731 1041 judicium
1757 975 2148 1040 perseverent.
2177 969 2233 1026 Si

571 1059 731 1114 enim
763 1059 1133 1129 temporibus
1159 1058 1584 1129 Apostolorum
1614 1058 1856 1114 fuerunt
1886 1058 2053 1121 tales,
2082 1058 2236 1114 inter

573 1164 728 1219 quos
762 1147 940 1203 falsos
967 1148 1173 1202 fratres
1228 1148 1551 1218 Apostolus
1591 1153 1872 1219 gemeret,
1907 1153 1963 1202 et
1991 1146 2232 1204 diceret.

574 1237 868 1294 Periculis
882 1237 944 1291 in
959 1238 1134 1306 falsis
1153 1236 1454 1306 fratribus
1474 1238 1541 1306 (Il
1573 1237 1708 1293 Cor.
1742 1253 1820 1300 χι,
1846 1236 1936 1307 26)
1963 1252 1976 1300 ;
2003 1251 2111 1291 nec
2133 1251 2236 1292 eos

574 1342 675 1399 per
704 1327 1053 1397 superbiam
1085 1331 1402 1397 separaret,
1440 1326 1545 1382 sed
1571 1341 1677 1396 per
1704 1325 2082 1382 tolerantiam
2106 1342 2234 1380 sus-

573 1417 822 1480 tineret;
854 1419 1083 1486 quanto
1111 1414 1303 1484 magis
1336 1414 1710 1486 temporibus
1735 1415 1958 1470 nostris
1995 1412 2236 1469 necesse

577 1511 662 1560 est
691 1508 751 1559 ut
775 1504 913 1568 sint,
932 1519 1068 1558 cum
1093 1503 1166 1558 de
1185 1508 1453 1575 tempore
1470 1504 1648 1573 hujus
1675 1503 1900 1570 saeculi,
1924 1502 2086 1575 quod
2101 1518 2233 1574 pro-

577 1593 916 1664 pinquatad
943 1592 1146 1659 ﬁnem,
1168 1593 1542 1663 apertissime
1560 1593 1848 1647 Dominus
1873 1592 2060 1646 dicat:
2088 1592 2236 1658 Quo-

579 1683 740 1737 niam
773 1681 1100 1737 abundabit
1116 1681 1423 1752 iniquitas,
1447 1681 1790 1750 refrigescet
1802 1681 2068 1737 charitas
2085 1681 2238 1736 mul-

581 1777 774 1825 torum
795 1771 822 1824 ?
857 1769 966 1826 Sed
1001 1770 1166 1840 quod
1199 1771 1484 1841 sequitur,
1511 1785 1620 1824 nos
1650 1770 1827 1825 debet
1856 1769 2153 1825 consolari
2179 1772 2237 1824 et

580 1859 901 1915 exhortari:
933 1859 1050 1925 Qui
1073 1858 1560 1926 perseveraverit,
1592 1857 1804 1929 inquit,
1839 1873 2021 1929 usque
2072 1859 2137 1914 in
2169 1859 2237 1927 fi-

581 1963 734 2012 nem,
779 1948 875 2004 hic
897 1949 1100 2003 salvus
1129 1948 1240 2002 erit
1271 1945 1511 2019 (Matth.
1545 1962 1705 2014 xxrv,
1739 1951 1824 2013 l2,
1861 1947 1968 2018 13).

653 2046 707 2099 3.
757 2043 921 2100 Sicut
951 2049 1152 2100 autem
1183 2049 1320 2099 sunt
1373 2049 1647 2116 pastores
1699 2045 1843 2101 boni
1873 2049 1932 2099 et
1959 2044 2121 2114 mali,
2153 2044 2236 2100 sic

580 2133 761 2187 etiam
794 2132 853 2187 in
886 2132 1030 2203 ipsis
1057 2132 1339 2203 gregibus
1368 2137 1506 2188 sunt
1537 2138 1591 2188 et
1620 2132 1764 2188 boni
1789 2138 1846 2188 et
1871 2133 2034 2188 mali.
2073 2132 2233 2199 Boni,

582 2221 787 2276 ovium
817 2220 1062 2275 nomine
1095 2220 1547 2293 signiﬁcantur;
1576 2221 1717 2277 mali
1747 2237 1906 2287 vero,
1940 2221 2102 2277 hmdi
2133 2237 2238 2293 ap-

580 2309 908 2382 pellantur:
935 2309 1040 2364 sed
1062 2309 1371 2366 commixti
1397 2311 1616 2381 pariter
1638 2315 1911 2382 pascunt,
1936 2311 2128 2366 donec
2143 2325 2237 2366 ve-

578 2398 703 2454 niat
729 2399 1368 2470 princeps-pastorum,
1392 2399 1494 2470 qui
1517 2398 1708 2454 dictus
1736 2403 1826 2454 est
1848 2415 2003 2454 unus
2024 2399 2236 2455 Pastor

579 2487 851 2558 (Joan.x,
871 2484 964 2555 16)
990 2504 1004 2551 ;
1037 2491 1093 2541 et
1113 2487 1632 2558 quemadmodum
1659 2487 1787 2558 ipse
1821 2488 2118 2558 promisit,
2148 2504 2234 2543 se-

579 2581 750 2648 paret
778 2580 928 2630 sicut
956 2579 1162 2646 pastor
1187 2591 1329 2630 oves
1355 2575 1433 2630 ab
1456 2575 1648 2631 haedis
1678 2575 1916 2642 (Matth.
1949 2593 2088 2641 xxv,
2119 2579 2234 2648 32).

579 2664 760 2720 Nobis
790 2664 949 2718 enim
978 2663 1293 2734 imperavit
1321 2665 1868 2735 congregationem,
1900 2665 2011 2720 sibi
2034 2671 2232 2721 autem

581 2753 838 2809 servavit
851 2752 1292 2823 separationem
1311 2769 1324 2808 :
1340 2753 1483 2824 quia
1502 2752 1597 2808 ille
1614 2753 1792 2810 debet
1813 2769 2113 2825 separare,
2131 2755 2236 2827 qui

578 2842 766 2897 nescit
791 2857 1005 2897 errare.
1029 2845 1176 2897 Nam
1193 2842 1293 2913 qui
1319 2857 1602 2913 separare
1624 2851 1760 2909 ante
1785 2847 2041 2915 tempus,
2069 2845 2234 2916 quod

577 2930 692 2986 sibi
726 2931 1013 2986 Dominus
1053 2931 1347 2996 servavit,
1410 2932 1654 3003 superbi
1712 2933 1868 2987 servi
1900 2932 2071 2990 facile
2103 2934 2236 2990 ausi

577 3025 742 3084 sunt;
762 3019 876 3090 ipsi
897 3019 1091 3091 potius
1114 3019 1192 3074 ab
1214 3020 1436 3076 unitate
1467 3020 1758 3077 catholica
1783 3023 2043 3094 separati
2059 3023 2232 3095 sunt}:

576 3125 723 3165 num
755 3109 1075 3164 schismate
1111 3109 1431 3175 immundi,
1465 3110 1759 3166 mundum
1797 3127 2039 3184 gregem
2073 3113 2233 3168 unde

574 3199 798 3255 habere
833 3199 1204 3271 potuerunt?

644 3301 696 3353 4.
727 3299 792 3353 Ut
818 3312 960 3366 ergo
979 3297 1039 3351 in
1067 3297 1292 3352 unitate
1317 3312 1692 3366 maneamus,
1716 3314 1826 3354 nec
1839 3298 2050 3355 offensi
2064 3316 2233 3356 scan-

572 3387 727 3443 dalis
758 3386 1071 3458 palearum
1099 3401 1302 3441 aream
1325 3385 1696 3443 dominicam
1721 3387 2090 3450 deseramus.
2126 3389 2231 3446 sed

575 3475 774 3548 potius
803 3489 992 3546 usque
1019 3473 1081 3528 in
1112 3473 1294 3528 ﬁnem
1327 3473 1726 3531 ventilationis
1774 3475 2074 3533 frumenta
2105 3493 2233 3548 per-

577 3579 920 3619 severemus
952 3563 1071 3634 (Id.
1115 3579 1195 3631 ιιι,
1233 3563 1339 3636 12),
1374 3569 1430 3620 et
1478 3565 2233 3638 comminutamstipulam

578 3653 754 3709 ﬁrmo
806 3651 1110 3708 charitatis
1145 3653 1407 3724 pondere
1460 3653 1815 3721 toleremus;
1867 3656 1997 3728 ipse
2031 3661 2237 3714 Pastor

579 3746 781 3798 noster
805 3741 864 3796 in
891 3741 1213 3812 Evangelia
1230 3742 1304 3798 de
1328 3742 1670 3814 pastoribus
1697 3745 1872 3801 bonis
1897 3761 2008 3802 nos
2029 3746 2239 3803 admo-

581 3836 698 3896 net,
733 3835 798 3887 ut
836 3836 1081 3904 propter
1110 3831 1273 3888 bona
1297 3847 1482 3902 Opera
1512 3848 1720 3890 eorum
1753 3849 1861 3890 nec
1891 3835 1951 3890 in
1983 3835 2066 3890 eis
2093 3835 2238 3908 ipsis

581 3924 851 3976 nostram
882 3937 1052 3993 spem
1083 3935 1384 3992 ponamus
1416 3939 1429 3988 ;
1485 3922 1592 3977 sed
1621 3938 1758 3978 eum
1790 3923 1891 3995 qui
1925 3923 2073 3980 tales
2104 3924 2237 3980 illos

582 4009 737 4074 fecit,
769 4009 1000 4065 Patrem
1031 4010 1132 4081 qui
1188 4010 1244 4064 in
1275 4009 1439 4065 caelis
1495 4014 1604 4075 est,
1637 4011 2039 4080 gloriﬁcemus
2081 4019 2136 4068 et
2166 4014 2240 4070 de

585 4098 925 4168 pastoribus
957 4097 1148 4162 malis,
1181 4113 1337 4168 quos
1361 4097 1607 4154 nomine
1636 4100 1978 4157 Scribarum
2009 4106 2064 4156 et
2097 4103 2242 4159 Pha-

583 4186 897 4240 risaeorum
928 4184 1263 4254 signiﬁcare
1293 4186 1496 4252 voluit,
1535 4187 1816 4244 docentes
1850 4189 2034 4254 bona,
2071 4196 2127 4247 et
2158 4191 2242 4248 fa-

583 4273 813 4337 cientes
844 4273 1027 4330 mala.

663 4386 713 4436 5.
745 4380 897 4438 Nam
913 4380 987 4437 de
1017 4379 1197 4436 bonis
1229 4381 1572 4452 pastoribus
1596 4383 1676 4439 ita
1696 4383 1986 4456 loquitur:
2034 4387 2139 4442 Vos
2161 4402 2245 4443 es-

593 4471 666 4528 tis
695 4471 894 4528 lumen
916 4470 1148 4527 mundi.
1172 4471 1305 4527 Non
1320 4478 1510 4541 potest
1531 4472 1741 4530 civitas
1763 4474 2048 4531 abscondi
2065 4491 2247 4544 super

591 4568 842 4617 montem
866 4560 1223 4624 constituta;
1249 4575 1437 4631 neque
1470 4563 1800 4619 accendunt
1834 4565 2160 4628 lucernam,
2189 4571 2243 4621 et

593 4656 822 4719 ponunt
853 4665 981 4706 eam
1009 4649 1118 4705 sub
1146 4649 1360 4714 modio,
1390 4651 1491 4706 sed
1505 4667 1688 4720 super
1711 4654 2154 4714 candelabrum.
2180 4661 2246 4710 ut

597 4739 786 4794 luceat
819 4738 1088 4794 omnibus
1117 4738 1220 4809 qui
1245 4739 1304 4793 in
1336 4740 1506 4796 domo
1537 4746 1696 4796 sunt.
1719 4741 1816 4798 Sic
1839 4743 2243 4800 luceatlumen

594 4834 852 4884 vestrum
884 4842 1084 4883 coram
1097 4827 1448 4893 hominibus,
1478 4836 1541 4884 ut
1570 4830 1811 4886 videant
1841 4846 2023 4900 Opera
2052 4839 2247 4889 vestra

597 4917 769 4981 bona,
803 4923 855 4972 et
871 4917 1203 4985 gloriﬁcent
1230 4916 1464 4974 Patrem
1498 4926 1752 4975 vestrum
1775 4921 1884 4991 qui
1910 4923 1971 4976 in
1986 4922 2147 4977 caelis
2165 4928 2246 4978 est

595 5007 714 5078 (Id.
747 5023 800 5074 v,
837 5005 1050 5074 14-16).
1075 5005 1152 5058 De
1186 5005 1355 5060 malis
1375 5013 1574 5062 autem
1606 5010 1942 5078 pastoribus
1966 5025 2110 5065 oves
2145 5010 2250 5066 ud-

597 5103 801 5152 monet
829 5095 1067 5151 dicens:
1097 5094 1289 5163 Super
1303 5096 1652 5153 cathedram
1678 5097 2084 5166 Moysisedent.
2108 5101 2248 5167 Quae

596 5187 820 5252 dicunt,
850 5187 1064 5256 facite;
1093 5200 1224 5256 quae
1265 5191 1462 5244 autem
1487 5186 1754 5258 faciunt,
1786 5188 1990 5257 facere
2017 5188 2198 5246 nolite
2225 5205 2247 5246 .'

596 5275 804 5332 dicunt
832 5277 1007 5339 enim,
1031 5281 1087 5332 et
1103 5290 1222 5330 non
1245 5274 1481 5343 faciunt
1510 5276 1622 5345 (Id.
1651 5292 1805 5338 χχιιι,
1839 5278 1890 5335 2.
1918 5278 1995 5346 3).
2028 5277 2122 5333 llis
2144 5294 2248 5334 au-

597 5366 753 5434 ditis,
786 5381 930 5423 oves
963 5364 1169 5421 Christi
1200 5364 1380 5420 etiam
1401 5380 1504 5434 per
1526 5364 1715 5421 malos
1740 5365 2014 5422 doctores
2038 5383 2244 5423 vocem

596 5454 783 5524 ipsius
808 5454 1079 5518 audiunt,
1113 5456 1168 5508 et
1200 5453 1486 5509 unitatem
1512 5452 1668 5509 illius
1702 5469 1822 5509 non
1853 5454 2195 5526 relinquunt
2230 5473 2244 5523 ;

598 5541 740 5612 quia
760 5541 987 5598 bonum
1014 5542 1177 5614 quod
1200 5557 1303 5598 eos
1333 5541 1585 5598 audiunt
1604 5541 1821 5609 dicere,
1845 5559 1967 5600 non
1988 5545 2244 5616 estipso-

600 5645 756 5698 rum,
791 5630 894 5686 sed
933 5631 1128 5687 illius:
1179 5635 1235 5688 et
1261 5630 1396 5688 ideo
1445 5647 1670 5689 securas
1701 5648 1842 5690 oves
1894 5639 2244 5708 pascuntur,

1873 128 1936 188 S.
1975 127 2367 187 AUGUSTINI
2404 129 2730 191 EPISCOPI
3843 144 3936 202 95!

2340 257 2484 329 quia
2508 263 2566 314 et
2590 259 2703 316 sub
2727 260 2900 317 malis
2924 260 3275 333 pastoribus
3295 262 3533 333 pascuis
3560 261 3848 322 dominicis
3860 273 3939 325 nu’

2339 347 2613 404 triuntur.
2643 352 2770 405 Non
2791 355 2995 407 autem
3025 351 3250 407 faciunt
3285 351 3581 408 malorum
3614 352 3760 410 facta
3788 362 3944 426 pasto-

2339 452 2472 492 rum
2499 458 2510 502 ;
2536 439 2681 510 quia
2707 439 2846 496 talia
2866 455 3052 511 opera
3069 456 3190 496 non
3215 440 3546 506 suntillius,
3573 442 3676 497 sed
3701 443 3943 515 ipsorum.

2341 525 2499 592 Quos
2523 532 2720 584 autem
2746 528 2941 584 bonos
2969 528 3190 594 vident,
3220 544 3342 584 non
3363 529 3560 587 solum
3577 530 3947 590 audiuntbona

2338 631 2474 686 quas
2499 617 2734 686 dicunt;
2759 619 2865 674 sed
2889 618 3067 675 etiam
3087 618 3398 675 imitantur
3421 619 3728 692 bonaque
3750 620 3946 680 iaciunt.

2342 705 2420 760 De
2451 705 2668 761 talibus
2694 713 2821 763 erat
2850 707 3194 780 Apostolus,
3215 709 3322 780 qui
3348 708 3618 765 dicebat:
3662 710 3945 768 Imitatum

2341 794 2454 850 mei
2477 802 2672 859 estote,
2693 796 2847 852 sicut
2863 803 2918 852 et
2938 812 3044 868 ego
3069 797 3300 854 Christi
3319 797 3432 866 (Id.
3454 813 3536 861 xx,
3566 799 3640 868 1).
3670 800 3774 853 iste
3791 799 3944 857 lumen

2341 889 2467 938 erat
2480 883 2882 941 illuminatum
2897 901 2934 942 a
2950 887 3195 942 Lumine
3209 885 3739 959 sempiterno,ipso
3751 888 3946 944 Domino

2338 973 2473 1027 Jesu
2501 972 2820 1038 Christo,et
2845 975 2902 1030 in
2925 974 3288 1031 candelabro
3314 975 3581 1046 positum
3607 981 3750 1040 erat,
3771 979 3889 1048 quia
3907 977 3946 1033 in

2341 1061 2470 1130 ejus
2485 1077 2659 1117 cruce
2676 1063 3044 1132 gloriabatur
3067 1080 3080 1119 :
3106 1064 3267 1119 unde
3294 1065 3374 1119 ait
3399 1079 3412 1120 :
3446 1063 3607 1120 Mihi
3638 1071 3820 1121 autem
3837 1071 3945 1122 absit

2339 1150 2732 1220 gloriarimisi
2743 1152 2803 1207 in
2822 1168 2997 1209 cruce
3009 1152 3249 1208 Domini
3262 1153 3454 1208 nostri
3463 1152 3608 1210 Iesu
3633 1153 3946 1224 σὴν-ἰπὶ(οα-

2344 1237 2444 1294 lat.
2481 1239 2557 1306 vi,
2586 1241 2692 1310 14).
2723 1241 2786 1296 Et
2809 1241 2954 1313 quia
2977 1257 3097 1297 non
3131 1257 3241 1297 sua
3269 1241 3606 1314 quaerebat,
3643 1241 3744 1297 sed
3763 1246 3946 1312 quale

2343 1343 2410 1382 su
2426 1327 2633 1384 Christi
2659 1346 2672 1383 :
2700 1329 2980 1400 quamvis
3003 1330 3080 1386 ad
3099 1331 3498 1386 imitationem
3527 1346 3701 1386 suam
3725 1346 3858 1402 quos
3875 1348 3945 1400 per

2348 1417 2727 1488 Evangelium
2740 1424 3027 1486 genuerat
3045 1420 3086 1490 (l
3107 1419 3246 1475 Cor.
3274 1436 3346 1483 iv,
3371 1419 3783 1491 15),hortatur;
3801 1425 3945 1477 tamen

2343 1505 2587 1576 corripit
2612 1507 2866 1578 graviter
2901 1523 3006 1563 eos
3026 1508 3130 1580 qui
3171 1523 3276 1580 per
3293 1508 3717 1580 Apostolorum
3758 1510 3947 1564 nomina

2343 1595 2666 1652 schismata
2695 1595 2959 1652 fecerunt
2983 1603 3070 1663 ;et
3095 1597 3378 1669 obiurgat
3406 1598 3543 1653 illos
3573 1598 3677 1669 qui
3703 1597 3941 1665 dicebant,

2341 1683 2471 1753 Ego
2487 1699 2615 1740 sum
2633 1684 2848 1741 Pauli:
2868 1686 3175 1756 Numquid
3197 1687 3422 1742 Paulus
3449 1701 3567 1755 pro
3591 1687 3766 1751 vobis,
3783 1687 3944 1758 inquit,

2345 1774 2670 1842 cruciﬁxus
2701 1782 2781 1830 est
2803 1775 2831 1830 ?
2861 1781 2967 1831 aut
2992 1775 3056 1830 in
3084 1775 3321 1832 nomine
3354 1775 3541 1832 Pauli
3559 1774 3828 1844 baptixati
3850 1775 3944 1832 esti:

2345 1860 2461 1931 (Id.
2495 1878 2532 1926 ι,
2567 1864 2655 1928 12,
2692 1863 2829 1933 l3)?

2414 1967 2466 2020 6.
2503 1968 2648 2024 Hinc
2673 1969 3061 2039 intelligimus
3087 1975 3144 2026 et
3191 1970 3384 2027 bonos
3416 1975 3709 2042 pastores.
3743 1985 3846 2027 non
3869 1986 3940 2025 sna

2344 2063 2698 2129 quaerentes,
2733 2059 2838 2113 sed
2887 2075 3020 2130 quae
3050 2058 3190 2115 Jesu
3237 2059 3492 2131 Christi;
3527 2064 3586 2116 et
3619 2059 3798 2115 bonas
3821 2075 3937 2123 oves,

2343 2146 2625 2218 quamvis
2639 2147 2942 2203 imitentur
2955 2147 3110 2204 facta
3123 2153 3434 2220 pastorum
3447 2147 3766 2213 bonorum,
3792 2154 3936 2204 tamen

2343 2234 2405 2290 in
2435 2235 2519 2291 eis
2549 2251 2671 2292 non
2701 2251 2924 2307 ponere
2951 2252 3119 2309 spem
3147 2253 3345 2305 suam,
3374 2252 3648 2309 quorum
3673 2236 3935 2294 ministerio

2346 2331 2486 2378 sunt
2502 2331 2911 2395 congregatae;
2941 2325 3048 2381 sed
3067 2326 3125 2381 in
3151 2326 3403 2381 Domino
3424 2327 3651 2398 potius,
3675 2328 3829 2396 cujus
3845 2341 3936 2381 san-

2346 2412 2524 2484 guine
2552 2419 2691 2468 sunt
2713 2413 3066 2486 redemptae:
3099 2419 3160 2470 ut
3197 2414 3446 2486 quando
3478 2415 3632 2471 forte
3656 2415 3937 2470 incurrerint

2347 2501 2404 2555 in
2434 2507 2702 2572 pastores
2738 2502 2947 2573 malos,
2969 2502 3306 2558 doctrinam
3338 2503 3498 2558 illius
3529 2503 3883 2576 praedicantes
3904 2509 3938 2554 et

2345 2605 2455 2644 sua
2470 2589 2630 2646 mala
2653 2605 2838 2661 opera
2863 2590 3166 2656 facientes,
3183 2608 3317 2660 quae
3338 2591 3578 2661 dicunt,
3603 2591 3827 2658 faciant;
3846 2607 3937 2662 qua

2345 2683 2546 2734 autem
2578 2677 2822 2744 faciunt,
2858 2696 2978 2735 non
3007 2680 3263 2749 faciant;
3295 2696 3401 2736 nec
3434 2687 3689 2753 propter
3712 2682 3841 2736 ﬁlios
3864 2680 3936 2733 ini-

2344 2767 2611 2840 quitatis,
2629 2783 2854 2838 pascua
2867 2769 3152 2825 deserant
3176 2769 3439 2825 unitatis.
3460 2770 3526 2825 In
3544 2767 3935 2826 catholicaenim

2345 2855 2626 2923 Ecclesia,
2654 2873 2791 2928 qua:
2823 2873 2939 2914 non
2969 2859 3027 2914 in
3051 2858 3178 2914 sola
3200 2857 3412 2925 Africa,
3440 2859 3750 2932 sicutpars
3769 2857 3935 2916 Donati.

2345 2945 2449 2999 sed
2478 2961 2582 3016 per
2599 2961 2810 3001 omnes
2829 2952 3055 3015 gentes,
3086 2949 3238 3002 sicut
3257 2947 3559 3018 promissa
3590 2954 3698 3013 est,
3726 2947 3936 3004 dilatatur

2345 3039 2521 3106 atque
2535 3034 2964 3101 diffunditur,in
2979 3037 3254 3094 universo
3267 3037 3935 3108 mundo,sicutdicitApos-

2347 3122 2518 3187 tolus,
2544 3125 2924 3194 fructiﬁcans
2953 3131 3008 3181 et
3035 3141 3301 3182 crescens
3330 3126 3583 3198 (Coloss.
3607 3143 3646 3196 1,
3679 3126 3748 3196 6),
3771 3131 3817 3180 et
3840 3121 3935 3179 boni

2345 3217 2481 3267 sunt
2502 3219 2557 3267 et
2572 3212 2731 3268 mali.
2755 3213 2840 3268 Ab
2856 3230 2926 3269 ea
2950 3229 3088 3270 vero
3104 3216 3381 3287 separati,
3396 3217 3695 3288 quamdiu
3712 3220 3880 3271 contra
3899 3211 3936 3264 il-

2342 3300 2456 3357 lam
2471 3302 2906 3367 sentiunt,boni
2922 3319 3191 3359 essenon
3207 3306 3640 3378 possunt;quia
3654 3306 3752 3361 etsi
3766 3303 3935 3373 aliquos

2344 3407 2551 3446 eorum
2588 3392 2776 3446 bonos
2810 3392 3042 3448 videtur
3097 3394 3416 3449 ostendere
3468 3396 3650 3467 quasi
3686 3389 3934 3450 laudabilis

2341 3481 2746 3545 conversatio,
2784 3481 2974 3537 malos
3006 3497 3110 3537 eos
3142 3483 3280 3539 facit
3332 3483 3465 3555 ipsa
3510 3483 3741 3550 divisio,
3767 3481 3935 3535 dicente

2346 3568 2632 3624 Domino:
2671 3571 2785 3636 Qui
2806 3585 3030 3626 mecum
3065 3587 3182 3628 non
3200 3579 3306 3639 est,
3343 3573 3664 3628 adversum
3689 3587 3770 3628 me
3793 3575 3858 3626 est
3879 3571 3934 3636 ;et

2342 3657 2448 3729 qui
2476 3673 2701 3714 mecum
2731 3675 2850 3714 non
2877 3658 3121 3730 colligit,
3148 3662 3379 3732 spargit
3420 3662 3668 3732 (Matth.
3695 3677 3783 3725 χιι,
3807 3657 3888 3726 30).

2418 3765 2469 3816 '1.
2497 3763 2727 3820 Undret
2747 3765 3045 3835 exhortor,
3071 3767 3322 3824 domina
3355 3768 3571 3825 merito
3603 3762 3930 3836 suscipienda.

2347 3855 2404 3908 et
2432 3853 2491 3908 in
2510 3853 2716 3909 Christi
2747 3855 3033 3910 membris
3063 3855 3425 3913 honoranda
3449 3857 3595 3920 ﬁlia,
3627 3863 3687 3912 ut
3709 3853 3847 3928 quod
3865 3848 3932 3904 tibi

2348 3942 2634 3997 Dominus
2672 3943 2958 4013 praestitit,
2985 3943 3237 4001 ﬁdeliter
3270 3950 3512 4010 teneas;
3544 3960 3790 4016 eumque
3809 3938 3931 3997 corde
4018 4009 4019 4016 γ

2349 4034 2472 4086 toto
2503 4029 2722 4099 diligas
2750 4035 2807 4086 et
2836 4031 2966 4101 ejus
2994 4033 3341 4101 Ecclesiam,
3372 4035 3475 4107 qui
3512 4040 3565 4090 te
3595 4049 3710 4090 non
3737 4025 3933 4104 permisit

2350 4119 2701 4189 virginitatis
2735 4126 2849 4175 tuas
2877 4120 3136 4177 fructum
3176 4138 3311 4179 cum
3361 4123 3611 4195 perditis
3641 4121 3852 4195 perdere
3875 4113 3930 4167 vel

2353 4209 2562 4280 perire.
2598 4209 2654 4264 Si
2683 4209 2838 4264 enim
2889 4209 2958 4265 de
2990 4210 3101 4266 isto
3131 4211 3348 4266 seculo
3402 4213 3594 4268 exires
3623 4212 3861 4283 separata
3882 4203 3930 4258 ab

2352 4297 2576 4354 unitate
2601 4298 2865 4370 corporis
2880 4298 3112 4364 Christi,
3143 4299 3289 4355 nihil
3313 4300 3417 4356 tibi
3433 4296 3931 4373 prodesset,servata

2353 4386 2660 4457 integritas
2690 4387 2962 4457 corporis
2992 4388 3090 4443 tui.
3109 4389 3221 4446 Sed
3245 4390 3515 4461 Deusqui
3537 4390 3698 4445 dives
3722 4381 3932 4443 estinmi-

2353 4475 2697 4543 sericordia,
2729 4475 3043 4546 fecitjuxta
3057 4484 3109 4531 te
3123 4478 3285 4549 quod
3314 4480 3369 4533 in
3398 4478 3701 4551 Evangelia
3714 4475 3929 4542 scriptum

2355 4569 2468 4629 est;
2499 4581 2635 4620 cum
2669 4582 2729 4619 se
2751 4572 3102 4622 excusarent
3126 4567 3356 4623 invitati
3380 4567 3456 4622 ad
3484 4582 3708 4624 coenam
3732 4558 3931 4636 patrisfa-

2356 4653 2575 4718 milias,
2609 4654 2758 4709 inter
2781 4660 2990 4711 cratera
3018 4653 3170 4711 dixit
3196 4657 3382 4711 servis
3409 4657 3567 4712 suis:
3603 4655 3765 4712 Exite
3787 4648 3931 4704 invi/tt

2355 4749 2411 4799 et
2430 4758 2609 4812 sepes,
2638 4759 3036 4816 quoscumque
3058 4745 3422 4810 inveneritis,
3443 4747 3628 4816 cogite
3639 4733 3928 4804 intrarelld-

2345 4848 2494 4897 χχιι,
2525 4832 2603 4901 9).
2634 4833 2719 4887 Tu
2747 4849 2888 4904 ergo
2939 4835 3219 4905 quamvis
3271 4835 3647 4890 dilectionem
3679 4821 3930 4886 sincerissi-

2357 4938 2522 4976 mam
2551 4921 2775 4977 debeas
2803 4923 2980 4977 etiam
3009 4923 3186 4978 bouis
3217 4924 3403 4979 servis
3435 4925 3586 4994 ejus,
3616 4937 3712 4992 per
3731 4925 3926 4991 quorum

2358 5011 2753 5065 ministerium
2788 5012 3003 5067 intrare
3019 5016 3230 5068 coacta
3249 5028 3314 5066 es
3342 5028 3356 5077 ;
3389 5014 3444 5067 in
3473 5013 3570 5067 illo
3592 5017 3770 5067 tamen
3795 5002 3926 5058 debes

2357 5115 2526 5170 spem
2541 5115 2782 5170 ponere,
2805 5099 2908 5172 qui
2926 5100 3265 5156 convivium
3282 5099 3746 5173 prmparavit,cui
3762 5102 3805 5150 et
3820 5085 3923 5146 tnad

2359 5188 2541 5244 vitam
2569 5193 2850 5243 asternam
2887 5189 3248 5261 beatamque
3279 5191 3528 5246 sollicita
3579 5206 3657 5245 es.
3687 5187 3735 5242 Ei
3762 5181 3922 5254 quippe

2358 5277 2793 5333 commendans
2823 5293 2926 5332 cor
2956 5282 3148 5342 tuum,
3205 5285 3262 5334 et
3310 5279 3668 5351 pr0positum
3715 5282 3863 5332 tuum,
3887 5267 3921 5317 et

2357 5373 2631 5422 sanctam
2655 5365 3055 5436 virginitatem
3089 5373 3273 5433 tuam,
3308 5377 3366 5424 et
3397 5369 3595 5431 ﬁdem,
3626 5371 3676 5420 et
3700 5374 3854 5433 spem.
3886 5355 3921 5404 εί

2357 5456 2706 5511 charitatem
2739 5463 2926 5520 tuam,
2959 5473 3077 5511 non
3114 5457 3447 5513 moveberis
3499 5453 3784 5514 scandalis,
3825 5455 3916 5515 qlia!

2358 5545 2756 5600 abundabunt
2773 5561 2963 5618 usque
2986 5546 3046 5601 in
3073 5546 3284 5609 ﬁnem;
3316 5546 3422 5604 sed
3440 5547 3622 5604 stabili
3644 5544 3820 5599 robore
3841 5532 3917 5603 pie'

2359 5635 2494 5691 tatis
2525 5635 2688 5693 salva
2719 5636 2854 5705 eris,
2883 5643 3063 5708 atque
3097 5637 3158 5694 in
3195 5638 3449 5694 Domino
3479 5635 3734 5710 gloriosa,
3760 5622 3914 5694 ineius
