4122 6170
258 143 371 201 953

257 270 482 327 unitate
539 273 982 344 perseverando
1024 291 1218 350 usque
1256 277 1316 333 in
1341 277 1548 334 ﬁnem.
1583 278 1900 344 Quomodo

249 364 449 416 autem
477 360 633 417 hanc
649 365 1070 436 acceperispro
1100 369 1156 422 te
1181 366 1640 423 sollicitudinem
1674 384 1898 434 meam,

244 463 430 520 quam
489 449 712 520 quibus
744 453 909 522 potui
948 452 1150 510 litteris
1181 455 1284 511 tibi
1327 456 1631 512 insinuare
1671 456 1900 522 curavi,

241 535 336 593 fac
376 543 437 594 ut
470 541 741 598 noverim
769 541 1072 614 rescriptis
1102 543 1234 600 tuis.
1271 544 1370 600 Dei
1415 545 1826 603 misericordia
1848 553 1902 602 et

241 627 433 696 gratia
464 631 517 683 te
543 643 782 701 semper
808 636 1100 703 protegat.

735 736 1068 794 EPISTOLA
1095 738 1270 795 ccur
1301 739 1406 810 (a).

243 839 611 909 Augustinus
641 841 950 899 Caelestino
983 845 1245 900 Romano
1284 845 1575 914 Ponti/iri,
1613 847 1685 903 de
1717 845 1905 915 ipsius

315 929 597 986 electione
619 933 1042 1002 paci'ﬁcefacta
1066 934 1218 1005 (qua?
1229 935 1497 1003 adﬁnem
1521 936 1670 991 anni
1693 938 1794 991 422
1816 952 1906 992 re-

311 1017 468 1085 ferri
477 1025 688 1087 potest)
709 1023 1060 1090 gratulatur
1081 1029 1232 1078 :tum
1247 1025 1488 1092 exponit
1513 1039 1749 1080 causam
1774 1026 1904 1080 An-

316 1107 466 1161 tonii
507 1109 764 1178 episcopi
800 1110 1196 1176 Fussalensis,
1233 1112 1337 1183 qui
1383 1113 1907 1170 administratione

315 1195 590 1253 Ecclesiz
621 1214 740 1253 suae
760 1199 828 1253 ob
849 1201 1073 1256 scelera
1100 1202 1370 1268 privatus
1397 1203 1803 1271 appellaverat
1828 1203 1909 1258 ad

317 1287 706 1353 apostolicam
721 1289 928 1344 Sedem
945 1296 1157 1361 ,-atque
1183 1290 1511 1346 obtestatur
1537 1297 1600 1346 ut
1643 1293 1826 1348 latam
1843 1291 1906 1346 in

316 1372 508 1441 ipsum
532 1377 881 1433 sententiam
902 1380 1094 1448 vigere
1121 1379 1300 1434 sinat.

244 1460 500 1519 Domino
529 1463 899 1531 beatissimo,
931 1473 985 1521 et
1011 1467 1212 1523 debita
1244 1467 1528 1524 charitate
1558 1469 1906 1525 venerando

320 1557 525 1608 sancto
557 1567 730 1625 papas
763 1556 1108 1622 C(ELESTINO,
1162 1558 1522 1624 Aucesrmcs,
1557 1557 1617 1612 in
1653 1558 1906 1614 Domino

319 1639 595 1696 salutem.

319 1727 371 1782 1.
395 1730 652 1785 Primum
678 1731 1135 1801 gratulationem
1149 1733 1335 1789 reddo
1350 1734 1572 1790 meritis
1594 1736 1727 1800 tuis,
1743 1735 1908 1808 quod

248 1815 376 1871 tein
406 1816 504 1873 illa
523 1819 671 1875 Sede
700 1819 988 1876 Dominus
1020 1821 1174 1877 Deus
1196 1827 1399 1878 noster
1426 1823 1552 1878 sine
1583 1822 1723 1889 ulla,
1755 1824 1909 1880 sicut

247 1905 612 1973 audivimus,
637 1907 829 1980 plebis
859 1925 982 1966 suae
1013 1911 1366 1966 discissione
1400 1913 1719 1967 constituit.
1742 1915 1910 1969 Dein-

248 1992 326 2049 de
376 1995 614 2053 insinuo
646 1998 951 2055 Sanctitati
999 2004 1130 2065 tuae,
1173 2013 1308 2071 quae
1346 2000 1465 2056 sint
1501 2001 1657 2057 circa
1685 2017 1816 2068 nos,
1848 2007 1910 2058 ut

248 2095 372 2138 non
397 2084 592 2142 solum
622 2087 854 2144 orando
884 2103 993 2160 pro
1024 2089 1219 2154 nobis,
1256 2105 1461 2145 verum
1490 2091 1669 2146 etiam
1697 2107 1910 2148 consu-

249 2169 432 2228 lendo
462 2179 518 2231 et
550 2176 903 2248 opitulando
930 2177 1275 2236 subvenias.
1338 2182 1399 2235 ln
1431 2194 1655 2249 magna
1684 2181 1908 2253 quippe

249 2260 634 2321 tribulatione
669 2267 921 2338 positus,
979 2267 1107 2323 huic
1153 2268 1229 2323 ad
1271 2273 1435 2324 tuam
1479 2269 1909 2325 Beatitudinem

248 2350 472 2422 scripta
495 2353 1034 2427 direxizquoniam
1063 2356 1273 2412 volens
1320 2357 1608 2428 prodesse
1655 2357 1908 2429 quibus-

249 2436 395 2494 dam
423 2439 481 2496 in
499 2449 704 2499 nostra
723 2445 1020 2500 vicinitate
1047 2445 1336 2500 membris
1353 2446 1592 2512 Christi,
1621 2462 1908 2517 magnam

245 2525 361 2582 illis
383 2529 613 2587 cladem
643 2532 1015 2604 improvidus
1041 2538 1098 2589 et
1127 2535 1403 2590 incautus
1434 2537 1677 2607 ingessi.

327 2627 378 2677 2.
399 2621 730 2693 Fussala(b)
753 2622 968 2678 dicitur
983 2623 1348 2695 Hipponensi
1365 2625 1654 2680 territorio
1673 2624 1909 2681 conﬁne

244 2710 785 2768 castellumzantea
826 2710 910 2765 ibi
945 2727 1256 2783 nunquam
1283 2713 1602 2784 episcOpus
1649 2712 1775 2778 fuit,
1806 2713 1909 2768 sed

246 2801 425 2856 simul
453 2800 888 2871 cumcontigua
918 2799 1028 2854 sibi
1061 2800 1305 2870 regione
1330 2801 1406 2856 ad
1429 2802 1753 2872 parmciam
1780 2802 1910 2872 Hip-

249 2889 536 2960 ponensis
563 2887 832 2943 Ecclesiee
866 2889 1216 2959 pertinebat.
1251 2893 1472 2945 Paucos
1504 2890 1767 2945 habebat
1809 2889 1908 2946 illa

247 2983 404 3034 terra
449 2977 775 3033 catholicos
827 2994 842 3043 ;
888 2983 1135 3033 caeteras
1191 2977 1395 3049 plebes
1426 2978 1541 3034 illic
1577 2979 1638 3033 in
1683 2994 1910 3048 magna

246 3067 627 3124 multitudine
644 3066 958 3122 hominum
973 3068 1324 3122 constitutas
1352 3067 1795 3123 Donatistarum
1823 3084 1910 3124 er-

242 3171 347 3212 ror
369 3154 784 3210 miserabiliter
802 3155 1135 3222 obtinebat,
1152 3155 1232 3211 ita
1260 3159 1323 3210 ut
1345 3156 1402 3210 in
1431 3155 1644 3211 eodem
1667 3157 1908 3212 castello

241 3243 447 3301 nullus
479 3249 631 3300 esset
661 3245 910 3300 omnino
950 3244 1298 3299 catholicus.
1334 3247 1545 3300 Actum
1594 3251 1683 3300 est
1716 3245 1773 3299 in
1811 3246 1907 3301 Dei

241 3332 659 3389 misericordia
677 3339 738 3388 ut
754 3334 959 3388 omnia
978 3333 1111 3403 ipsa
1130 3333 1263 3389 loca
1286 3334 1492 3389 unitati
1520 3334 1790 3390 Ecclesia
1807 3351 1908 3391 co-

239 3421 568 3488 haererent;
603 3427 983 3494 perquantos
1009 3421 1244 3478 labores
1283 3428 1338 3478 et
1377 3423 1642 3493 pericula
1678 3430 1904 3488 nostra,

241 3513 495 3582 longum
529 3516 614 3567 est
635 3511 952 3583 explicare,
982 3512 1062 3567 ita
1097 3516 1157 3567 ut
1189 3511 1268 3567 ibi
1299 3512 1632 3584 presbyteri
1676 3514 1780 3586 qui
1821 3513 1904 3569 eis

242 3599 688 3670 congregandis
710 3617 746 3657 a
777 3600 950 3655 nobis
978 3600 1254 3672 primitus
1277 3601 1576 3656 constituti
1600 3609 1755 3666 sunt,
1776 3618 1904 3657 exs-

244 3689 634 3762 poliarentur,
691 3690 1080 3753 crederentur,
1131 3689 1603 3759 debilitarentur,
1648 3707 1906 3748 excaeca-

243 3784 469 3843 rentur,
493 3779 931 3834 occiderentur:
948 3793 1208 3850 quorum
1229 3786 1428 3835 tamen
1451 3781 1761 3850 passiones
1777 3780 1907 3836 inu-

245 3867 379 3923 tiles
400 3884 469 3923 ac
503 3867 730 3923 steriles
748 3883 868 3923 non
891 3867 1149 3931 fuerunt,
1185 3868 1427 3923 unitatis
1448 3868 1564 3923 illic
1588 3869 1906 3925 securitate

245 3955 528 4029 perfecta.
556 3955 666 4012 Sed
700 3955 865 4028 quod
887 3956 963 4012 ab
993 3957 1258 4028 Hippone
1276 3961 1676 4012 memoratum
1705 3945 1906 4014 castel-

240 4049 370 4102 lum
403 4045 666 4102 millibus
714 4046 1116 4117 quadraginta
1145 4046 1497 4116 sejungitur,
1530 4062 1669 4101 cum
1723 4046 1784 4102 in
1824 4049 1908 4103 eis

245 4134 544 4207 regendis,
564 4141 839 4190 eteorum
853 4134 1114 4207 reliquiis
1129 4134 1261 4190 licet
1281 4134 1510 4204 exiguis
1533 4134 1905 4205 colligendis,

242 4225 454 4296 quiein
479 4229 730 4296 utroque
761 4240 908 4280 sexu
939 4222 1301 4280 aberrabant
1325 4239 1446 4279 non
1471 4225 1735 4280 minaces
1767 4224 1907 4280 ulte-

243 4313 390 4379 rius,
418 4313 521 4368 sed
547 4313 812 4382 fugaces,
842 4328 936 4368 me
969 4312 1232 4367 viderem
1261 4312 1435 4368 latius
1461 4329 1645 4384 quam
1673 4319 1910 4386 oporte-

242 4400 1104 4470 batextendi,necadhibendaa
1118 4400 1388 4456 sufﬁcere
1403 4401 1720 4473 diligentiae
1733 4419 1907 4474 quam

244 4491 578 4547 certissima
599 4492 827 4547 ratione
854 4491 1120 4547 adhiberi
1142 4489 1361 4545 debere
1383 4491 1727 4556 cernebam,
1755 4493 1911 4563 epis-

246 4595 468 4650 copum
491 4579 572 4635 ibi
603 4579 1010 4636 ordinandum
1037 4579 1645 4652 constituendumque
1678 4580 1908 4636 curavi.

322 4669 376 4723 3.
393 4670 558 4734 Quod
583 4674 645 4724 ut
668 4668 848 4734 ﬁeret,
873 4673 1082 4740 aptum
1107 4669 1332 4724 locoilli
1352 4684 1806 4739 congruumque
1822 4685 1910 4724 re-

1500 151 2010 211 EPISTOLARUM
2052 153 2351 212 CLASSIS'
2380 153 2475 213 III.

3568 156 3675 217 954

2011 280 2332 352 primatum
2348 281 2639 338 Numidia;
2661 282 3067 353 gerebat(a)de
3079 283 3411 356 longinquo
3426 288 3489 342 ut
3501 285 3669 342 veni-

2011 375 2098 426 ret
2152 385 2374 441 rogans
2416 370 2620 426 litteris
2661 371 2990 443 impetravi.
3027 374 3160 443 Quo
3187 374 3314 442 jam
3342 379 3658 445 praesente,

2011 459 2478 531 omniumquein
2504 476 2563 515 re
2580 466 2741 516 tanta
2759 463 3070 531 suspensis
3086 462 3322 526 animis,
3348 463 3425 518 ad
3452 463 3665 520 horam

2012 547 2250 611 nosille,
2275 549 2536 619 quimihi
2567 554 2808 619 paratus
2829 549 3162 613 videbatur,
3194 550 3548 607 omnimodo
3580 567 3668 608 re-

2015 635 2278 692 sistendo
2304 637 2587 693 destituit.
2623 641 2741 707 Ego
2766 643 2964 694 autem
2983 639 3085 710 qui
3119 640 3342 710 utique,
3377 640 3527 696 sicut
3555 643 3675 697 exi-

2015 729 2111 780 tus
2136 725 2358 794 docuit,
2373 725 2606 781 diﬁ‘erre
2621 728 2816 798 potius
2835 727 3037 791 debui,
3065 744 3251 800 quam
3267 729 3671 799 periculosum

2013 814 2386 885 praecipitare
2435 816 2768 885 negotium,
2812 816 2958 872 dum
2985 816 3125 872 nolo
3162 817 3589 885 gravissimum
3620 823 3675 874 et

2016 904 2466 960 sanctissimum
2488 921 2691 961 senem
2720 905 2794 961 ad
2821 921 2929 960 nos
2963 921 3151 977 usque
3199 906 3509 977 fatigatum
3547 908 3674 963 sine

2015 991 2226 1048 effectu
2240 1000 2480 1065 propter
2505 1011 2685 1066 quem
2718 1001 2959 1050 venerat
2983 1002 3102 1051 tam
3119 995 3314 1064 longe,
3336 995 3413 1050 ad
3433 997 3674 1067 propria

2015 1083 2494 1145 remeare,obtuli
2511 1099 2631 1139 non
2645 1084 2982 1156 petentibus
2994 1085 3320 1156 quemdam
3336 1084 3675 1140 adolesceno

2017 1174 2134 1226 tem
2149 1173 2468 1228 Antonium
2487 1173 2560 1243 (b)
2574 1172 2674 1243 qui
2689 1189 2927 1229 mecum
2956 1179 3093 1228 tunc
3117 1179 3237 1229 erat
3262 1190 3275 1238 ;
3303 1173 3360 1228 in
3374 1178 3673 1229 monaste-

2016 1260 2104 1316 rio
2126 1260 2368 1331 quidem
2400 1277 2435 1316 a
2465 1261 2638 1317 nobis
2665 1278 2700 1318 a
2730 1262 2980 1333 parvula
2999 1267 3172 1318 aetate
3215 1263 3524 1327 nutritum,
3567 1262 3673 1318 sed

2015 1355 2228 1419 printer
2256 1348 2522 1406 lectionis
2549 1351 2813 1406 ofﬁcium
2845 1351 3022 1406 nullis
3039 1352 3354 1407 clericatus
3382 1351 3672 1421 gradibus

2016 1441 2072 1493 et
2101 1437 2409 1494 laboribus
2466 1445 2698 1497 notum.
2724 1443 2792 1495 At
2831 1439 2910 1495 illi
2938 1440 3160 1504 miseri,
3209 1439 3376 1511 quod
3403 1440 3671 1496 futurum

2015 1525 2206 1584 fuerat
2231 1526 2597 1595 ignorantes,
2629 1527 2898 1583 offerenti
2926 1545 3063 1584 eum
3084 1529 3228 1584 mihi
3254 1527 3672 1584 obedientissi-

2018 1631 2113 1670 me
2135 1615 2529 1671 crediderunt.
2576 1617 2686 1681 Qui
2720 1616 2892 1687 plura
2923 1618 2949 1672 ?
2977 1617 3202 1673 factum
3229 1622 3316 1672 est
3352 1634 3366 1684 ;
3399 1633 3527 1673 esse
3558 1617 3672 1672 illis

2016 1704 2338 1775 episcopus
2364 1705 2566 1776 coepit.

2085 1792 2310 1858 4.0uid
2345 1793 2562 1850 faciam
2589 1792 2617 1848 τ
2656 1793 2800 1850 Nolo
2828 1793 2992 1865 apud
3017 1799 3180 1850 tuam
3216 1794 3668 1851 Venerationem

2016 1896 2265 1952 gravare
2303 1897 2484 1953 quem
2515 1882 2902 1938 nutriendum
2936 1883 3144 1954 collegi
3175 1902 3190 1954 ;
3221 1883 3360 1939 nolo
3396 1884 3672 1939 deserere

2015 1986 2170 2042 quos
2193 1971 2562 2042 colligendos
2595 1971 2911 2029 timoribus
2938 1973 3318 2028 etdoloribus
3347 1973 3668 2043 parturivi;

2016 2068 2072 2116 et
2105 2061 2412 2132 quomodo
2435 2065 2756 2133 utrumque
2781 2077 2962 2132 agam
2993 2064 3249 2132 reperire
3263 2078 3382 2117 non
3399 2078 3668 2134 possum.

2017 2153 2129 2205 Res
2158 2150 2383 2222 quippe
2408 2150 2483 2205 ad
2518 2155 2747 2206 tantum
2770 2149 3125 2206 scandalum
3154 2151 3333 2215 venit,
3359 2155 3422 2205 ut
3448 2151 3508 2206 in
3531 2166 3669 2206 eum

2015 2239 2113 2294 hic
2136 2238 2300 2310 apud
2334 2254 2443 2294 nos
2465 2254 2684 2295 causas
2712 2238 2998 2305 dicerent,
3022 2239 3126 2311 qui
3157 2239 3230 2294 de
3258 2239 3416 2295 illius
3443 2239 3671 2311 episco-

2016 2333 2162 2399 patu
2177 2327 2581 2398 suscipiendo,
2598 2333 2885 2399 tanquam
2902 2328 3054 2384 bene
3068 2329 3178 2384 sibi
3194 2328 3669 2398 consulentibus,

2017 2417 2581 2487 obtemperaverant
2605 2417 2796 2472 nobis.
2827 2419 2890 2472 In
2921 2415 3138 2489 quibus
3158 2419 3358 2473 causis
3385 2434 3522 2473 cum
3548 2423 3673 2473 stu-

2017 2521 2262 2576 prorum
2277 2505 2529 2561 crimina
2556 2505 2854 2576 capitalia,
2877 2522 3012 2578 quae
3034 2522 3155 2562 non
3180 2507 3257 2562 ab
3275 2506 3422 2577 ipsis
3447 2506 3671 2578 quibus

2016 2595 2335 2666 episcopus
2352 2598 2495 2658 erat,
2512 2593 2616 2650 sed
2643 2594 2721 2649 ab
2735 2594 2864 2650 aliis
2885 2595 3252 2666 quibusdam
3285 2595 3521 2664 objecta
3547 2595 3672 2651 fue-

2016 2687 2170 2748 rant,
2204 2683 2447 2754 probari
2476 2683 2719 2739 minime
2734 2684 3086 2754 potuissent,
3113 2689 3293 2756 atque
3322 2685 3400 2740 ab
3431 2685 3502 2740 iis
3534 2700 3670 2756 qum

2016 2771 2474 2826 invidiosissime
2487 2772 3190 2842 jactabantur,videretur
3203 2788 3332 2828 esse
3347 2778 3668 2844 purgatus;

2020 2866 2136 2917 tam
2161 2861 2536 2918 miserandus
2558 2861 2748 2916 factus
2762 2867 2848 2916 est
2873 2867 2929 2916 et
2955 2862 3127 2917 nobis
3157 2867 3214 2917 et
3244 2861 3394 2928 aliis,
3421 2868 3482 2918 ut
3502 2862 3673 2934 quid-

2015 2949 2213 3020 quida
2235 2948 2572 3004 castellanis
2599 2955 2653 3005 et
2685 2949 2839 3004 illius
2857 2951 3113 3020 regionis
3126 2950 3478 3005 hominibus
3497 2951 3570 3006 de
3587 2951 3672 3006 in-

2017 3037 2309 3093 tolerabili
2323 3036 2752 3102 dominatione,
2769 3038 2844 3093 de
2855 3037 3084 3109 rapinis
3098 3038 3671 3109 etdiversisoppres-

2015 3125 2285 3181 sionibus
2297 3131 2353 3181 et
2377 3125 2836 3182 contritionibus
2850 3126 3264 3196 objiciebatur,
3281 3142 3670 3199 nequaquam

2012 3215 2190 3270 nobis
2209 3215 2322 3271 tale
2339 3215 2658 3280 videretur,
2678 3222 2740 3270 ut
2755 3219 2996 3287 propter
3007 3216 3122 3272 hoc
3136 3216 3227 3271 vel
3241 3220 3479 3288 propter
3491 3215 3672 3272 simul

2014 3309 2228 3360 cuncta
2263 3312 2566 3373 congesta,
2605 3305 2952 3377 episcopatu
2993 3322 3132 3362 cum
3164 3312 3512 3377 putaremus
3543 3319 3672 3359 esse

2013 3392 2497 3464 privandum,sed
2512 3393 2874 3449 restituenda
2891 3411 3026 3466 quae
3041 3394 3436 3465 probarentur
3447 3393 3670 3450 ablata.

2083 3483 2135 3537 5.
2156 3483 2419 3554 Denique
2442 3483 2767 3538 sententias
2794 3490 3028 3538 nostras
3068 3484 3152 3540 sic
3190 3483 3670 3554 temperavimus,

2014 3579 2077 3628 ut
2103 3571 2271 3628 salvo
2296 3571 2667 3644 episcopatu,
2698 3588 2815 3628 non
2853 3578 3054 3629 tamen
3097 3574 3346 3628 omnino
3375 3572 3674 3642 impunita

2013 3662 2485 3733 relinquerentur
2527 3677 2663 3732 quas
2714 3677 2835 3717 non
2885 3660 3169 3718 deberent
3204 3662 3296 3716 vel
3332 3661 3526 3716 eidem
3558 3661 3671 3732 ipsi

2012 3751 2294 3820 deinceps
2324 3750 2658 3822 iterumque
2675 3749 2968 3813 facienda,
3005 3751 3097 3806 vel
3120 3750 3346 3806 caeteris
3377 3750 3672 3807 imitanda

2013 3840 2286 3911 proponi.
2323 3841 2618 3894 Honorem
2637 3839 2837 3911 itaque
2863 3838 3158 3910 integrum
3179 3839 3552 3894 servavimus
3573 3840 3672 3909 ju-

2014 3929 2146 3984 veni
2176 3927 2530 4000 corrigendo
2566 3944 2580 3992 ;
2613 3927 2718 3983 sed
2753 3928 3130 3999 corripiendo
3176 3927 3504 3982 minuimus
3559 3942 3669 3997 po-

2014 4021 2308 4080 testatem,
2343 4033 2415 4072 ne
2453 4016 2676 4072 scilicet
2702 4018 2784 4072 eis
2803 4021 3086 4088 praeesset
3117 4016 3526 4082 ulterius,cum
3544 4015 3673 4088 qui-

2013 4106 2127 4162 bus
2149 4107 2230 4164 sic
2269 4111 2490 4177 egerat,
2519 4112 2580 4161 ut
2608 4105 2816 4162 dolore
2846 4107 3012 4176 justo
3069 4121 3208 4162 eum
3242 4105 3354 4161 sibi
3411 4120 3673 4177 praeesse

2015 4197 2166 4253 ferre
2205 4196 2454 4252 omnino
2486 4210 2606 4251 non
2654 4203 2915 4266 possent,
2958 4201 3014 4251 et
3057 4211 3197 4252 cnm
3247 4211 3356 4251 suo
3396 4194 3672 4266 illiusque

2014 4286 2279 4360 periculo
2320 4286 2378 4340 in
2409 4284 2652 4357 aliquod
2681 4286 2874 4340 scelus
2900 4285 3145 4340 forsitan
3185 4290 3533 4357 erupturam
3565 4286 3673 4340 im-

2015 4375 2363 4449 patientiam
2393 4375 2482 4429 sui
2523 4374 2748 4430 doloris
2786 4374 3186 4430 ostenderent.
3209 4375 3476 4442 Quorum
3536 4373 3671 4429 talis

2014 4465 2255 4522 animus
2291 4464 2472 4518 etiam
2506 4467 2668 4529 tunc,
2701 4463 2948 4533 quando
2981 4478 3122 4518 cum
3152 4463 3234 4516 eis
3264 4462 3338 4516 de
3387 4462 3486 4517 illo
3515 4461 3672 4532 epis-

2015 4555 2149 4624 copi
2185 4557 2449 4621 egerunt,
2485 4551 2787 4606 evidenter
2837 4552 3116 4622 apparuit
3162 4568 3175 4617 ;
3213 4567 3351 4605 cum
3393 4551 3520 4620 jam
3581 4550 3670 4606 vir

2017 4640 2353 4712 spectabilis
2383 4639 2562 4701 Celer,
2593 4639 2666 4694 de
2691 4639 2861 4710 cujus
2879 4639 3200 4695 adversum
3229 4655 3292 4694 se
3316 4639 3667 4711 praepotenti

244 4757 585 4831 quirebam,
616 4758 720 4830 qui
747 4764 803 4813 et
835 4757 1272 4826 Punicalingua
1294 4757 1788 4811 essetinstructus
1814 4773 1827 4822 ;
1855 4761 1907 4811 et

2020 4729 2912 4800 administrationeconquestus
2954 4733 3064 4794 est,
3099 4728 3324 4784 nullam
3357 4733 3542 4799 gerat,
3571 4728 3664 4783 vel

246 4846 550 4903 habebam
566 4846 775 4918 dequo
805 4846 1146 4915 cogitabam
1165 4852 1439 4917 paratum
1465 4844 1908 4916 presbyterum,

246 4941 492 5009 propter
503 4951 685 5009 quem
699 4934 1127 4998 ordinandum,
1143 4939 1420 4989 sanctum
1437 4949 1639 4989 senem
1657 4934 1756 5005 qui
1775 4941 1913 4989 tunc
1993 4955 1998 4958 ·

312 5137 522 5201 'Multis
549 5138 758 5187 mendis
789 5139 852 5188 ad
873 5138 1040 5187 Vatic.
1072 5137 1391 5201 exemplaris
1409 5137 1564 5187 ﬁdem
1594 5142 1912 5201 expurgata.

317 5201 387 5261 (a)
407 5200 555 5265 ‘Alias
584 5201 670 5248 261
705 5217 716 5248 :
746 5215 864 5265 qure
889 5205 1070 5251 autem
1097 5202 1188 5250 209
1219 5200 1348 5258 erat,
1386 5215 1530 5250 nunc
1559 5202 1672 5249 208.
1707 5200 1915 5265 Scripta

249 5263 388 5313 forte
406 5262 626 5312 ineunte
660 5276 746 5312 an.
763 5262 885 5312 123.

313 5325 384 5386 (b)
407 5325 662 5374 Miracula
683 5326 928 5389 qumdam
949 5327 1002 5374 in
1034 5325 1620 5376 Fussalensiterritorio
1653 5328 1911 5376 divinitus

249 5387 392 5437 facta
418 5387 711 5453 narrantur
732 5391 783 5453 in
812 5389 899 5437 lib.
928 5389 988 5435 22
1013 5389 1076 5453 de
1107 5389 1259 5453 Civit.
1285 5389 1465 5453 Dei,rc.
1501 5391 1677 5453 8zquo
1709 5406 1771 5439 ex
1794 5392 1909 5439 loco

249 5454 476 5515 apparet
501 5450 641 5498 idem
665 5452 987 5515 territorium
1008 5451 1073 5498 ad
1093 5452 1446 5515 Hipponensis
1467 5450 1699 5515 episcopi
1724 5467 1907 5501 curam

250 5514 592 5576 pertinuisse,
612 5514 786 5562 adhuc
803 5528 863 5562 eo
881 5519 1117 5575 tempore
1143 5513 1702 5576 quoillacontigerunt
1727 5530 1745 5574 ;
1766 5516 1813 5562 id
1831 5519 1911 5564 est

248 5590 371 5625 cum
389 5575 707 5624 Maximinus
722 5578 1018 5630 Sinitensis,
1054 5575 1248 5624 ibidem
1270 5575 1658 5638 laudatustam
1678 5591 1910 5627 accesse-

252 5642 332 5687 rat
359 5639 422 5701 agl
443 5638 683 5688 Ecclesia;
695 5640 1128 5688 communionem
1152 5638 1420 5701 ;adenque
1442 5647 1557 5699 post
1576 5653 1778 5689 annum
1795 5642 1905 5698 405,

250 5714 359 5772 quo
371 5700 458 5751 ille
475 5715 617 5753 anno
631 5717 694 5753 ex
706 5705 956 5770 episcopo
978 5702 1250 5754 donatista
1284 5700 1460 5754 factus
1477 5705 1558 5753 est
1587 5703 1905 5756 catholicus.

2014 4819 2075 4875 in
2114 4819 2328 4883 Africa,
2363 4816 2456 4871 vel
2487 4817 2724 4887 uspiam
2759 4823 3137 4888 potestatem.

2089 4913 2140 4964 6.
2178 4907 2288 4964 Sed
2317 4907 2464 4980 quid
2495 4906 2694 4962 multis
2729 4923 2924 4964 morer
2959 4907 2986 4962 ‘P
3030 4907 3362 4975 Collabora,
3394 4908 3667 4972 obsecro,

2016 4997 2351 5062 nobiscum,
2373 4997 2587 5068 pietate
2626 4997 3004 5062 venerabilis,
3033 4998 3276 5052 domine
3307 4995 3668 5060 beatissime,

2018 5091 2070 5142 et
2111 5086 2311 5142 debita
2331 5086 2613 5142 charitate
2647 5087 3000 5150 venerande,
3028 5092 3231 5142 sancte
3257 5088 3436 5156 Papa,
3461 5083 3670 5154 etjube

2018 5176 2115 5231 tibi
2138 5191 2272 5248 quae
2303 5176 2528 5230 directa
2545 5183 2679 5230 sunt
2699 5177 2904 5231 omnia
2925 5176 3179 5231 recitari.
3203 5173 3344 5230 Vide
3358 5175 3666 5245 episcopa-

2078 5331 2151 5388 (a)
2175 5329 2402 5380 Hic,nisi
2423 5327 2672 5386 fallimur,
2718 5326 3199 5389 subintelligendus
3247 5327 3392 5375 venit
3424 5325 3672 5375 Silvanus

2015 5392 2368 5445 Zummensis,
2418 5391 2468 5438 in
2510 5390 2768 5438 Numidiae
2820 5388 3064 5452 primatu
3098 5388 3346 5452 decessor
3403 5389 3672 5452 Valentini

2016 5454 2340 5502 Baianonsis.
2353 5456 2412 5500 At
2426 5451 2576 5506 infra,
2593 5453 2710 5506 n.6,
2731 5451 2969 5500 denotari
2986 5451 3196 5499 videtur
3210 5451 3520 5500 Valentinus
3539 5453 3669 5514 ipse,

2016 5519 2104 5578 qui
2136 5517 2419 5577 primatum
2450 5515 2668 5577 gerebat
2701 5527 2843 5562 anno
2879 5516 3005 5578 419.7
3035 5518 3102 5578 _ut
3151 5516 3290 5578 patet
3327 5529 3389 5562 ex
3441 5514 3674 5577 Epistola

2014 5576 2274 5638 s'ynOdica
2304 5576 2669 5625 Africanorum
2702 5582 2913 5639 patrum
2947 5577 3011 5623 ad
3033 5576 3381 5629 Bonifeicium.

2079 5641 2142 5692 (b;
2180 5641 2400 5689 Forteun
2440 5640 2521 5687 hic
2554 5641 2664 5701 ipse
2687 5642 2767 5704 est
2792 5641 2880 5703 qui
2919 5640 3056 5704 inter
3108 5640 3422 5690 Milevitana:
3473 5639 3667 5704 synodi

1994 5703 2196 5754 'Patres
2217 5705 2528 5754 nominatur
2556 5715 2723 5767 supra
2750 5703 2805 5752 in
2836 5703 3075 5768 Epistola
3092 5704 3201 5752 1⁸16.
