4118 6164
450 142 557 200 ωδ

445 271 580 324 tum
607 267 861 341 qualiter
875 265 1124 337 gesserit
1157 282 1170 332 ;
1189 263 1704 336 quemadmodum
1726 265 1956 337 judicio
1969 279 2107 322 uos-

442 361 534 414 tro
564 374 753 430 usque
784 357 935 412 adeo
966 354 1356 422 consenserit,
1373 356 2104 429 communioneprivatus,

446 448 562 505 nisi
589 446 754 520 prius
784 442 1241 499 Fussalensibus
1279 444 1478 499 omnia
1537 445 1942 511 redderentur,
1978 446 2104 516 jam

449 547 657 609 postea
688 538 750 589 ut
765 548 826 588 re
851 537 986 588 acta
1016 533 1323 589 astimatis
1352 533 1532 588 rebus
1559 534 1785 592 solidos
1826 549 2108 607 seposue-

447 625 539 689 rit,
570 628 633 679 ut
659 623 710 678 ei
723 622 1073 678 communio
1101 621 1684 696 redderetur;quam
1717 629 1955 681 versuta
1973 639 2107 679 sua-

449 713 612 768 sione
632 716 909 767 sauctum
943 726 1149 767 senem
1183 711 1496 782 primatem
1531 717 1803 770 nostrum
1829 713 2110 779 gravissi-

449 817 617 857 mum
635 801 849 866 virum,
877 801 1230 856 uteicuucta
1248 801 1532 870 crederet,
1555 818 1737 875 quem
1770 796 2111 858 velutomni

449 891 632 946 modo
656 889 1030 962 inculpatum
1058 889 1399 946 venerando
1429 894 1602 964 Papa
1618 891 1921 948 Bonifacio
1945 907 2109 947 com-

452 979 787 1044 mendaret,
805 979 1108 1035 induxerit
1125 995 1138 1045 ;
1155 984 1435 1036 etcatera
1447 996 1584 1052 qua
1610 998 1645 1038 a
1667 997 1763 1036 me
1780 981 1925 1053 quid
1955 996 2110 1053 opus

451 1074 540 1125 est
565 1068 764 1136 recoli,
805 1084 944 1123 cum
985 1074 1352 1125 memoratus
1390 1069 1750 1126 venerabilis
1795 1085 1977 1127 senex
2031 1069 2109 1127 ad

456 1161 624 1214 tuam
659 1157 1132 1214 Sanctimoniam
1165 1158 1444 1214 universa
1475 1159 1736 1215 retulerit
1763 1159 1792 1214 ’ἲ

525 1252 578 1302 '7.
613 1246 804 1302 lnillis
831 1255 1027 1302 autem
1053 1246 1483 1318 multiplicibus
1523 1248 1738 1314 Gestis,
1785 1247 2006 1321 quibus
2035 1248 2110 1306 de

453 1334 554 1390 illo
567 1339 824 1390 nostrum
835 1334 1128 1404 judicium
1143 1335 1496 1400 continetur,
1514 1337 1706 1406 magis
1718 1336 2001 1392 deberem
2015 1353 2111 1394 ve-

452 1423 565 1478 reri
584 1439 657 1478 ne
673 1423 774 1478 tibi
801 1424 998 1478 minus
1020 1438 1245 1488 severe,
1269 1439 1452 1495 quam
1469 1430 1783 1496 oporteret,
1808 1426 2109 1496 judicasse

454 1512 916 1576 videamur,nisi
942 1513 1155 1568 scirem
1187 1528 1295 1568 vos
1321 1519 1442 1568 tam
1475 1529 1807 1586 propensos
1838 1514 1916 1570 ad
1932 1516 2111 1571 mise-

454 1601 798 1664 ricordiam,
823 1607 884 1657 ut
905 1617 1025 1656 nou
1049 1600 1242 1657 solum
1261 1602 1677 1673 nobisquiailli
1706 1605 2107 1675 pepercimus,

463 1704 663 1744 verum
687 1688 866 1745 etiam
893 1688 996 1760 ipi,
1031 1690 1375 1745 existimetis
1415 1706 1544 1746 esse
1571 1693 1961 1762 parcendum.
1991 1693 2108 1751 Sed

459 1776 554 1833 ille
571 1777 731 1849 quod
768 1777 984 1834 anobis
997 1783 1097 1834 aut
1115 1777 1370 1850 benigne
1383 1785 1487 1835 aut
1500 1780 1748 1838 remisse
1762 1782 1984 1839 factum
1999 1788 2108 1840 est.

458 1866 517 1922 in
549 1867 1062 1937 prascriptionem
1083 1871 1306 1922 vertere
1330 1872 1511 1940 atque
1535 1885 1822 1942 usurpare
1835 1878 2106 1929 conatur.

461 1954 712 2021 Clamat,
732 1956 779 2010 Α
793 1962 854 2010 ut
866 1956 928 2011 in
945 1970 1073 2012 mea
1089 1957 1377 2014 cathedra
1391 1959 1591 2015 sedere
1619 1959 1814 2025 debui,
1831 1969 1934 2017 aut
1964 1963 2110 2031 epis-

457 2059 639 2114 copus
671 2059 923 2101 essenon
939 2045 1116 2101 debui
1143 2058 1166 2115 ;
1196 2047 1958 2118 quasinuncsedeatnisiin
1978 2067 2107 2106 sua.

460 2134 702 2204 Propter
713 2132 827 2189 hoc
841 2133 1002 2189 enim
1017 2133 1147 2190 loca
1177 2134 1274 2189 illa
1289 2134 1481 2191 eidem
1497 2135 1746 2193 dimissa
1759 2143 1939 2211 atque
1977 2154 2113 2211 per-

461 2222 889 2288 missasunt,iu
903 2223 1126 2295 quibus
1150 2227 1207 2279 et
1232 2225 1730 2298 priusepiscopus
1759 2233 1904 2294 erat,
1937 2243 2011 2284 ne
2050 2228 2110 2284 in

460 2310 721 2368 alienam
744 2311 1092 2368 cathedram
1108 2317 1316 2369 contra
1329 2317 1550 2370 statuta
1569 2321 1805 2387 patrum
1820 2319 1904 2388 (α)
1921 2321 2113 2374 trans-

462 2399 620 2456 latus
643 2399 837 2456 illicite
853 2400 1165 2457 diceretur.
1182 2406 1442 2458 Autvero
1453 2404 1766 2477 quisquam
1784 2406 1861 2461 ita
1873 2421 2002 2461 esse
2015 2405 2117 2460 de-

461 2488 575 2554 bet,
592 2489 714 2544 sive
727 2489 1076 2556 severitatis,
1093 2491 1213 2546 sive
1233 2490 1758 2559 leuitatisexactor,
1797 2495 1972 2566 utqui
1993 2509 2115 2550 non

463 2577 566 2632 visi
581 2577 1190 2649 fuerintepiscopatus
1204 2579 1432 2636 honore
1444 2581 1742 2652 privandi,
1757 2583 1918 2638 nullo
1934 2585 2116 2642 modo

462 2665 524 2720 in
537 2665 620 2721 eis
633 2664 859 2736 aliquid
875 2667 1229 2734 vindicetur;
1245 2669 1415 2724 autin
1428 2669 1650 2742 quibus
1671 2671 1897 2744 aliquid
1921 2673 2114 2729 visum

465 2752 636 2810 fuerit
651 2753 1109 2821 vindicandum,
1133 2756 1511 2829 episcopatus
1529 2759 1754 2815 honore
1772 2762 2117 2833 priventur?

533 2842 588 2896 8.
630 2842 896 2899 Existunt
921 2845 1215 2917 exempla,
1273 2846 1405 2918 ipsa
1432 2847 1579 2904 Sede
1611 2850 2116 2923 apostolicajudi-

464 2935 656 2997 caute,
680 2931 772 2988 vel
801 2931 1054 2989 aliorum
1081 2935 1351 3005 judicata
1372 2936 1671 3002 ﬁrmante,
1687 2941 1985 3011 quosdam
2006 2957 2115 3014 pro

463 3019 654 3092 culpis
673 3021 1061 3092 quibusdam,
1076 3039 1184 3080 uec
1198 3025 1522 3096 episcopali
1544 3027 1830 3099 spoliatos
1864 3030 2114 3101 honore,

464 3123 574 3165 nec
590 3109 823 3167 relictos
838 3112 1208 3169 omnimodis
1220 3114 1569 3186 impunitos.
1595 3117 1734 3182 Qua
1769 3123 1884 3174 uta
1899 3120 2114 3175 nostris

463 3198 838 3270 temporibus
868 3203 1268 3260 remotissima
1297 3219 1420 3259 non
1476 3205 1800 3276 requiram,
1857 3208 2118 3265 recentia

465 3289 820 3346 memorabo
849 3291 944 3361 (b).
977 3291 1202 3347 Clamet
1229 3292 1465 3348 Priscus
1513 3295 1836 3365 provincia
1864 3297 2118 3353 Casare—

465 3377 624 3434 ensis
651 3377 972 3451 episcopus
1006 3397 1019 3436 :
1052 3384 1164 3436 Aut
1194 3380 1271 3436 ad
1294 3381 1616 3452 primatum
1639 3383 1806 3440 locus
1838 3387 1987 3442 sicut
2009 3403 2118 3442 ca-

469 3467 606 3524 teris
637 3473 693 3524 et
715 3468 858 3524 mihi
893 3473 1095 3540 patere
1133 3469 1360 3535 debuit,
1385 3476 1488 3528 aut
1536 3473 1920 3546 episcopatus
1970 3476 2116 3532 mihi

467 3571 780 3612 remanere
811 3572 933 3613 non
964 3557 1190 3615 debuit.
1229 3559 1452 3616 Clamet
1480 3561 1632 3617 alius
1681 3563 1953 3633 ejusdem
1986 3579 2118 3636 pro-

465 3644 676 3700 vincia
705 3645 1249 3720 Victorepiscopus,
1276 3649 1366 3705 cui
1393 3649 1666 3707 relictoin
1694 3651 1904 3708 eadem
1938 3669 2120 3725 pana

463 3731 525 3788 in
554 3748 677 3805 qua
701 3735 998 3792 etPriscus
1025 3737 1150 3802 fuit,
1169 3753 1469 3811 nusquam
1502 3739 1614 3795 nisi
1638 3740 1697 3795 in
1721 3741 1966 3797 dicecesi
1989 3743 2120 3814 ejus

464 3821 543 3878 ab
556 3822 760 3895 aliquo
773 3827 1253 3884 communicatur
1269 3829 1551 3901 episcopo
1562 3847 1578 3899 ;
1593 3829 2116 3903 clamet,iuquam:

463 3915 577 3969 Aut
608 3913 1286 3985 ubiquecommuuicare
1311 3917 1510 3983 debui,
1542 3925 1645 3974 aut
1673 3919 1937 3976 etiamin
1969 3923 2119 3977 meis

467 4000 618 4057 locis
649 4005 1095 4060 communicare
1123 4021 1241 4061 non
1255 4006 1458 4062 debui.
1488 4008 1710 4063 Clamet
1737 4009 1942 4065 tertius
1966 4010 2121 4083 ejus-

465 4089 602 4144 dem
645 4091 962 4160 provincia
996 4094 1346 4150 Laurentius
1395 4096 1740 4167 episcopus,
1788 4103 1844 4154 et
1874 4113 2122 4170 prorsus

465 4177 647 4248 hujus
677 4179 922 4234 vocibus
950 4180 1166 4237 clamet
1201 4198 1212 4236 :
1243 4185 1359 4237 Aut
1382 4184 1440 4239 in
1458 4185 1849 4242 cathedracui
1877 4186 2122 4242 ordina-

465 4271 561 4321 tus
590 4282 749 4332 sum,
799 4267 1004 4325 sedere
1052 4270 1255 4337 debui,
1311 4277 1413 4328 aut
1465 4274 1786 4345 episcopus
1839 4291 1972 4330 esse
2007 4291 2125 4330 non

464 4356 667 4414 debui.
699 4358 812 4415 Sed
839 4359 976 4432 quis
1005 4361 1114 4416 ista
1148 4362 1462 4435 vituperet,
1497 4364 1612 4419 nisi
1635 4365 1740 4436 qui
1769 4380 1984 4438 parum
2037 4371 2121 4422 at-

467 4447 650 4503 tendit
675 4462 785 4503 uec
812 4448 1000 4506 inulta
1023 4451 1232 4508 omnia
1262 4451 1676 4525 relinquenda,
1715 4469 1823 4510 nec
1851 4469 1972 4510 uno
2001 4469 2126 4510 mo-

465 4535 546 4592 do
572 4537 777 4593 omnia
803 4536 1168 4596 vindicanda
1189 4539 1217 4596 Ἰ

537 4626 594 4682 9.
625 4627 928 4697 Quiaergo
956 4629 1237 4699 pastorali
1273 4630 1556 4704 vigilique
1587 4631 1822 4688 cautela
1846 4631 2111 4688 beatissi-

471 4729 605 4768 mus
621 4713 783 4786 Papa
812 4716 1150 4773 Bonifacius
1171 4719 1230 4773 in
1257 4719 1506 4790 epistola
1522 4736 1630 4776 sua
1657 4720 1873 4792 posuit,
1891 4722 1964 4776 de
1994 4723 2108 4776 Au-

469 4803 633 4860 tonio
663 4803 917 4876 loquens
938 4807 1430 4879 episcopo,etait,
1451 4810 1517 4866 Si
1527 4810 1785 4866 ordinem
1805 4825 2000 4866 rerum
2022 4826 2124 4866 no-

468 4891 548 4948 bis
565 4892 819 4961 ﬁdeliter
840 4892 1130 4952 indicavit
1158 4909 1180 4966 ,'
1207 4897 1411 4969 accipe
1437 4913 1597 4953 nunc
1622 4897 1698 4970 (c)
1731 4897 2004 4954 ordinem
2036 4915 2128 4955 re-

528 5030 597 5095 (ᾳ)
618 5029 775 5095 tione.
807 5028 1004 5095 Nican.
1028 5044 1072 5080 c.
1099 5031 1396 5087 16;Sardic.
1420 5047 1465 5081 c.
1496 5033 1516 5081 1
1543 5032 1817 5088 ;Antioch.
1847 5047 1890 5081 c.
1915 5034 1994 5095 2t,
2012 5038 2115 5083 etc.

527 5093 600 5155 (b)
620 5092 698 5158 Ad
718 5107 830 5142 rem
848 5092 1094 5143 sufficere
1124 5095 1427 5158 potuissent
1459 5096 1796 5158 superiorum
1824 5092 2127 5158 temporum

468 5156 733 5230 exempla,
759 5158 920 5230 etiam
947 5160 1097 5206 extra
1125 5156 1358 5230 Africam
1388 5156 1632 5230 quasita.
1656 5157 1759 5230 sed
1788 5156 2130 5230 prasentissi.

470 5235 559 5269 ma
585 5219 1025 5290 habebateaqua
1053 5220 1269 5328 profert,
1299 5221 1341 5268 si
1374 5219 1646 5276 nimirum,
1681 5222 1732 5268 id
1777 5219 1918 5292 quod
1950 5221 2128 5270 verisi-

470 5282 596 5328 mile
622 5284 718 5328 est.
746 5284 982 5328 emscoui
1013 5281 1045 5328 il
1073 5297 1104 5328 ι.
1131 5286 1191 5328 ut
1214 5283 1326 5328 inse
1365 5297 1579 5328 auoaue
1612 5286 1892 5328 Antonius.
1928 5284 2126 5328 Aniarii

470 5282 718 5353 mile-est,
746 5281 982 5353 episcopi
1013 5281 1191 5353 i_l_li.__ut
1214 5283 1326 5353 ipse
1365 5297 1579 5353 quoque
1612 5281 1892 5353 [triton-iis,
1928 5284 2126 5345 Apiarii

469 5345 764 5416 presbyteri
781 5345 922 5416 facto
935 5345 1515 5416 iucitat_i.confugeraut
1532 5345 1730 5408 pariter
1741 5345 2127 5416 adliomauum

471 5407 783 5470 antistitem,
804 5411 862 5456 ut
878 5407 992 5470 ejus
1005 5409 1321 5457 auctoritate
1339 5407 1391 5456 in
1416 5407 1685 5470 integrum
1700 5409 2124 5457 restituerentur.

537 5471 598 5527 (c)
623 5468 876 5526 Quadam
911 5468 996 5520 hic
1029 5476 1084 5519 et
1125 5470 1278 5526 infra.
1316 5485 1374 5520 n.
1433 5472 1506 5526 10,
1535 5468 1726 5520 'verha
1777 5471 2124 5526 restituimus,

477 5527 717 5598 aliosque
743 5532 920 5592 plures
951 5533 1095 5598 locos
1128 5534 1336 5598 mendis
1387 5535 1739 5597 purgavimus
1778 5533 1842 5582 ad
1887 5534 2126 5598 codicem

477 5590 796 5662 γαμετὴ-Ἰωξῷ
817 5595 992 5662 ;_quod
1013 5610 1179 5646 unum
1195 5590 1452 5662 hactenus
1481 5590 1749 5662 repertum
1764 5601 1842 5645 est
1855 5596 2128 5660 exemplar

472 5652 635 5719 hujus
646 5652 1040 5717 Epistola.aute
1051 5665 1308 5721 auuos.ut
1323 5652 1817 5722 videturiduceutos
1829 5652 2123 5714 exaratum.

1738 138 1801 196 S.
1838 136 2224 196 AUGUSTINI
2260 139 2580 200 EPISCOPI

2214 282 2346 322 rum
2372 283 2554 340 quem
2587 267 2682 325 ille
2713 269 2774 325 in
2805 283 2915 325 suo
2973 267 3174 325 libello
3227 266 3480 333 reticuit,
3538 280 3612 322 ac
3657 264 3876 322 deinde

2214 372 2348 428 qua
2379 365 2514 430 post
2531 359 2663 429 ejus
2684 363 2908 414 sancta
2930 357 3233 414 memoria
3254 357 3364 413 viri
3385 357 3446 412 iu
3466 356 3661 412 Africa
3693 355 3879 412 lectas

2213 445 2434 502 litteras
2465 453 2630 516 gesta
2661 452 2838 516 sunt;
2880 451 2938 503 et
2989 446 3245 503 subveni
3299 444 3648 502 hominibus
3695 458 3882 516 opem

2214 539 2381 592 tuam
2407 537 2468 592 in
2494 535 2709 594 Christi
2727 535 3135 592 misericordia
3165 534 3352 592 multo
3410 533 3645 590 avidius
3687 548 3881 604 quam

2215 624 2310 680 ille
2343 625 2748 697 poscentibus,
2775 642 2808 681 a
2839 625 3011 695 cujus
3059 624 3479 697 inquietudine
3531 621 3886 678 desiderant

2215 713 2475 770 liberari.
2503 714 2735 772 iudicia
2759 715 2986 788 quippe
3012 714 3146 779 illis,
3171 718 3228 769 et
3258 713 3536 786 publicas
3554 717 3885 785 potestates

2216 808 2272 858 et
2306 803 2590 860 militares
2617 804 2876 875 impetus
2898 809 3192 877 tanquam
3219 809 3607 859 exsecuturos
3633 806 3884 872 aposto-

2215 891 2342 948 lica
2369 891 2537 949 Sedis
2567 893 2948 958 sententiam,
2978 893 3104 948 sive
3136 893 3290 964 ipse,
3318 892 3438 947 sive
3463 905 3742 948 rumores
3755 905 3884 945 cre-

2214 981 2456 1038 berrimi
2473 984 2904 1038 comminantur
2917 982 3016 1054 (a),
3027 987 3086 1039 ut
3101 981 3299 1038 miseri
3313 980 3594 1036 homines
3607 978 3882 1034 christai-

2215 1071 2277 1126 ni
2289 1070 2562 1127 catholici
2577 1072 2853 1142 graviora
2872 1070 3240 1127 formideuta
3254 1068 3550 1126 catholico
3566 1067 3880 1140 episcopo,

2216 1175 2425 1232 quam,
2454 1175 2592 1218 cum
2615 1165 2819 1217 essent
2841 1160 3117 1228 haretici,
3147 1175 3184 1215 a
3209 1157 3647 1216 catholicorum
3679 1155 3878 1228 impe-

2215 1253 2482 1306 ratorum
2512 1248 2746 1319 legibus
2776 1248 3204 1306 formidabant.
3227 1249 3359 1305 Non
3385 1248 3550 1303 sinas
3589 1246 3704 1302 ista
3733 1244 3883 1311 fieri,

2216 1338 2466 1394 obsecro
2495 1342 2548 1394 te
2572 1353 2676 1410 per
2689 1337 2898 1394 Christi
2919 1337 3299 1408 sanguinem,
3331 1351 3436 1408 per
3456 1333 3885 1408 apostoliPetri

2217 1426 2594 1492 memoriam,
2617 1427 2721 1500 qui
2743 1426 3207 1484 cbristiauorum
3239 1424 3594 1498 prapositos
3621 1422 3888 1496 populo-

2214 1533 2351 1573 rum
2379 1516 2607 1572 monuit
2631 1531 2707 1572 ue
2738 1515 3019 1572 violenter
3062 1514 3451 1570 dominentur
3486 1512 3546 1568 in
3578 1511 3794 1570 fratres
3841 1511 3884 1580 (l

2218 1607 2378 1662 Petr.
2396 1621 2453 1670 v,
2470 1607 2522 1674 3)
2533 1646 2544 1659 .
2555 1607 2672 1674 Ego
2686 1604 3068 1660 Fussalenses
3085 1603 3414 1659 catholicos
3429 1601 3582 1658 ﬁlios
3597 1601 3660 1656 in
3687 1599 3886 1657 Chris-

2218 1699 2276 1751 to
2300 1709 2488 1762 meos,
2515 1698 2572 1750 et
2600 1693 2922 1750 Antonium
2953 1693 3310 1765 episcopum
3332 1691 3524 1747 ﬁlium
3565 1691 3626 1746 in
3649 1689 3882 1750 Christo

2217 1799 2432 1849 meum,
2457 1781 2814 1853 benignitati
2844 1781 3151 1838 charitatis
3175 1778 3514 1837 Sanctitatis
3546 1783 3690 1843 tua,
3734 1777 3881 1850 quia

2220 1877 2505 1946 utrosque
2532 1871 2735 1942 diligo,
2766 1875 3053 1943 utrosque
3078 1868 3462 1926 commendo.
3497 1871 3705 1941 Neque
3737 1869 3880 1923 Fus-

2218 1960 2555 2018 salensibus
2585 1975 2930 2026 succenseo,
2953 1959 3099 2031 quia
3106 1959 3336 2031 justam
3351 1958 3427 2014 de
3459 1973 3556 2014 me
3578 1957 3884 2029 querimo-

2217 2051 2380 2107 niam
2436 2051 2713 2122 ingeruut
2743 2048 2992 2104 auribus
3039 2047 3176 2118 tuis,
3231 2046 3398 2120 quod
3429 2046 3514 2102 eis
3567 2045 3881 2102 hominem

2219 2139 2492 2197 nondum
2551 2138 2697 2194 mihi
2744 2138 3090 2210 probatum,
3145 2135 3417 2192 nondum
3463 2135 3677 2191 saltem
3709 2138 3883 2191 atate

2219 2229 2549 2294 ﬁrmatum,
2577 2243 2614 2285 a
2636 2242 2759 2299 quo
2787 2226 2870 2282 sic
2927 2224 3353 2296 aﬂligereutur,
3414 2222 3645 2280 inﬂixi:
3686 2238 3883 2294 neque

2221 2319 2359 2374 huic
2385 2317 2584 2373 noceri
2615 2315 2772 2380 volo,
2794 2315 2890 2371 cui
2916 2319 3146 2387 quanto
3160 2314 3354 2383 magis
3375 2313 3672 2369 sinceram
3688 2312 3884 2368 habeo

2221 2405 2593 2472 charitatem,
2627 2409 2791 2462 tanto
2830 2403 3025 2472 magis
3055 2417 3250 2476 prava
3280 2402 3408 2471 ejus
3433 2399 3748 2472 cupiditati
3779 2400 3888 2457 ob-

2225 2496 2387 2551 sisto.
2425 2493 2661 2566 Utrique
2694 2491 3169 2548 misericordiam
3199 2495 3540 2547 mereantur
3567 2493 3736 2545 tuam
3771 2487 3884 2557 ;illi

2224 2600 2299 2642 ne
2323 2583 2485 2640 mala
2513 2582 2837 2654 patiantur,
2870 2580 2981 2636 iste
3027 2595 3104 2636 ne
3152 2579 3334 2637 faciat
3362 2595 3376 2634 :
3402 2578 3508 2643 illi,
3544 2593 3619 2634 ne
3649 2577 3890 2634 oderint

2226 2672 2612 2737 Catholicam,
2637 2671 2738 2727 sia
2748 2669 3054 2728 catholicis
3069 2669 3394 2740 episcopis,
3404 2668 3795 2740 maximeque
3808 2666 3889 2724 ab

2224 2764 2357 2836 ipsa
2380 2761 2528 2819 Sede
2543 2759 2892 2833 apostolica,
2913 2762 3122 2815 contra
3133 2757 3492 2814 catholicum
3509 2771 3632 2812 non
3647 2756 3735 2812 eis
3749 2755 3889 2810 sub-

2226 2852 2458 2909 venitur
2483 2850 2836 2922 episcopum
2869 2863 2882 2913 ;
2908 2846 3018 2902 iste
3046 2850 3272 2911 autem,
3299 2861 3374 2901 ne
3403 2849 3646 2901 setanto
3662 2843 3888 2900 scelere

2225 2940 2579 3009 obstringat,
2613 2943 2676 2993 ut
2701 2952 2858 3009 quos
2898 2935 3138 2992 molitur
3162 2934 3378 2991 invitos
3407 2933 3606 2990 facere
3639 2949 3812 2998 suos.
3853 2948 3888 2988 a

2227 3029 2453 3086 Christo
2485 3027 2666 3086 faciat
2693 3024 2942 3083 alienos.

2297 3121 2384 3174 10.
2401 3120 2483 3174 Me
2495 3131 2660 3184 sane,
2672 3114 2838 3188 quod
2851 3112 3260 3170 confitendum
3274 3116 3362 3168 est
3377 3111 3730 3168 Beatitudini
3745 3117 3886 3177 tua,

2225 3209 2286 3264 in
2304 3207 2415 3264 isto
2431 3211 2818 3277 utrorumque
2844 3201 3107 3276 periculo
3130 3206 3326 3258 tantus
3355 3201 3535 3258 timor
3572 3209 3630 3258 et
3665 3216 3889 3257 maror

2227 3295 2547 3358 excruciat,
2562 3291 2924 3350 utabofﬁcio
2942 3293 3198 3362 cogitem
3222 3289 3471 3362 gerendi
3492 3290 3886 3362 episcopatus

2227 3385 2632 3449 abscedere,et
2643 3399 2738 3439 me
2748 3382 3024 3438 lamentis
3037 3380 3220 3437 errori
3236 3395 3370 3436 meo
3383 3379 3722 3436 convenien
3732 3379 3890 3435 tibus

2223 3474 2468 3540 dedere,
2484 3472 2532 3526 si
2563 3486 2815 3544 pereum
2829 3470 3005 3541 cujus
3019 3468 3392 3542 episcopatui
3416 3483 3520 3540 per
3537 3467 3891 3540 impruden-

2226 3566 2367 3622 tiam
2392 3560 2754 3631 suffragatus
2785 3575 2942 3624 sum,
2987 3557 3200 3615 vastari
3261 3556 3586 3613 Ecclesiam
3617 3556 3748 3622 Dei,
3810 3562 3886 3623 et,

2225 3651 2389 3726 quod
2411 3651 2539 3723 ipse
2567 3650 2723 3705 Deus
2749 3653 2998 3712 avertat,
3026 3648 3209 3704 etiam
3231 3661 3370 3702 cum
3418 3645 3714 3702 vastantis
3757 3661 3888 3717 per-

2226 3741 2450 3797 ditione
2475 3738 2664 3811 perire
2692 3750 3083 3808 conspexero.
3115 3733 3400 3790 Recolens
3421 3733 3584 3790 enim
3611 3733 3783 3805 quod
3810 3733 3890 3788 ait

2291 3851 2365 3909 (a)
2391 3849 2513 3898 Hac
2529 3846 2728 3896 idcirco
2757 3843 3215 3909 spargebanturin
3237 3842 3452 3909 vulgus.
3476 3840 3631 3909 quod
3650 3841 3888 3891 Africani

2228 3904 2521 3976 patresper
2546 3909 2598 3959 id
2630 3904 2839 3976 tempus
2863 3904 3304 3976 deliberationem
3326 3904 3642 3976 habuissent
3669 3917 3778 3976 non
3797 3919 3891 3976 fe-

2231 3965 2332 4023 inel
2361 3965 2619 4022 adversus
2643 3965 3030 4034 appellationes
3058 3967 3646 4034 episcoporum_africa
3676 3967 3758 4034 ad
3794 3965 3889 4015 Ro-

2232 4048 2447 4085 manam
2466 4028 2891 4092 Sedem.'Quade
2916 4046 2971 4081 re
2986 4028 3332 4094 postmodum
3353 4028 3598 4094 scribunt
3621 4028 3692 4078 ad
3707 4030 3889 4094 ipsum

2230 4099 2575 4150 (Imlestinum
2601 4112 2610 4145 :
2633 4114 2658 4143 ι
2674 4091 2948 4158 Impendio
2961 4091 3388 4158 deprecamur-ut
3415 4091 3671 4158 deinceps
3689 4091 3755 4158 ad
3778 4105 3893 4140 ves-

2231 4180 2257 4209 ‹
2296 4167 2403 4210 tras
2426 4174 2581 4208 aures
2613 4159 2734 4207 hinc
2756 4153 3048 4206 'venientes'
3068 4169 3175 4205 non
3212 4154 3417 4204 facilius
3447 4153 3763 4204 admittatis.
3792 4167 3889 4202 nec

2233 4240 2259 4270 ι
2291 4237 2322 4273 a
2346 4220 3071 4272 nobisexcommunicatosin
3094 4217 3527 4267 communionem
3553 4216 3698 4264 ultra
3711 4216 3890 4264 velitis

2233 4304 2261 4334 ι
2294 4283 2825 4349 exciper_e;quial1_oc
2850 4282 3038 4349 etiam__
3068 4281 3299 4349 Nicang
3322 4278 3564 4349 concilia
3599 4278 3890 4349 definitum

2235 4367 2259 4395 α
2292 4339 2698 4398 facileadvertet
2725 4343 3106 4394 Venerabilitas
3125 4347 3233 4392 tua.
3257 4341 3389 4390 Nam
3415 4341 3513 4389 etsi
3534 4339 3600 4389 de
3627 4339 3892 4389 inferiori-

2235 4429 2258 4457 α
2296 4410 2395 4459 bus
2413 4409 2617 4458 clericis
2639 4407 2718 4456 vel
2737 4407 2885 4455 laicis
2907 4405 3116 4454 Videtur
3135 4404 3204 4454 ibi
3224 4404 3530 4468 pracaveri,
3554 4406 3760 4466 quanto
3781 4415 3892 4452 mao

2235 4490 2260 4520 ι
2297 4474 2376 4536 gis
2393 4473 2492 4522 hoc
2513 4472 2577 4520 de
2601 4470 2866 4536 episcopis
2901 4469 3071 4518 voluit
3104 4466 3395 4536 observari,
3417 4479 3485 4536 ne
3520 4466 3573 4513 in
3598 4478 3713 4536 sua
3751 4479 3890 4536 pro:

2236 4554 2260 4582 α
2297 4526 2472 4585 Vincis
2508 4526 2886 4583 communione
2935 4534 3216 4592 suspensi,
3249 4543 3281 4579 a
3323 4533 3419 4592 tua
3452 4526 3766 4576 Sanctitate'
3812 4526 3892 4575 vel

2235 4615 2259 4645 ε
2296 4595 2640 4667 testinatovel
2662 4607 2969 4667 prapopere
2985 4589 3312 4667 velindebite
3337 4589 3626 4667 vid-eaut‘ur
3645 4603 3891 4667 commuf

2234 4674 2262 4707 ι
2297 4662 2444 4709 nioni
2468 4651 2712 4708 restitui?
2734 4675 2756 4701 ιι
2774 4651 2988 4706 Etinfra
3003 4655 3222 4704 demum
3235 4656 3456 4716 rogant;
3483 4669 3508 4697 α
3536 4651 3892 4716 Exsecutores

2235 4739 2262 4770 ι
2297 4725 2458 4772 etiam
2479 4721 2699 4771 clericos
2720 4723 2924 4769 vestros
2935 4718 3240 4783 quibusque
3261 4714 3565 4783 petentibus
3583 4714 3750 4764 nolite
3769 4715 3892 4783 ruit-

2237 4803 2260 4830 α
2299 4789 2426 4850 t_ere_,
2453 4783 2926 4850 noliteAconcedere
2953 4776 3043 4850 {ne
3063 4776 3595 4850 fatuosu'mtxphum
3619 4777 3892 4850 saculiin

2237 4865 2261 4891 α
2301 4838 2588 4896 Ecclesiam
2606 4845 2814 4899 Christi,
2839 4858 2958 4906 qua
2980 4843 3161 4906 lucem
3177 4838 3530 4906 simplicitatis
3547 4844 3601 4906 et
3619 4838 3896 4906 humilita-

2237 4927 2265 4977 ¢_
2299 4908 2703 4977 tisdiem_De_um
2722 4901 2898 4977 videre
2911 4904 3251 4977 cupientibus
3269 4901 3504 4977 praefert,
3518 4901 3896 4977 videanturin-

2237 4971 2449 5021 ducere.
2473 4987 2494 5014 ιι
2514 4971 2774 5020 Caeterum
2788 4963 3103 5016 Caelestinus
3119 4966 3248 5015 nihil
3266 4963 3370 5014 tale
3381 4963 3716 5028 estmolitus,
3731 4963 3893 5028 quale.

2238 5030 2864 5096 verebaturAugustinus
2888 5045 2898 5085 ;
2927 5029 3190 5096 s_iquid_em
3220 5028 3463 5096 _Antoni_o
3482 5089 3488 5096 ι
3509 5025 3720 5096 reddita
3748 5025 3894 5073 'nun-

2235 5110 2397 5160 quam
2411 5088 2645 5159 apparet
2664 5094 2907 5160 Ecclesia
2931 5088 3262 5160 Fussalensis
3291 5088 3893 5160 administratiouquam

2236 5150 2286 5229 i'n.
2301 5173 2357 5229 .69
2375 5150 2644 5229 φέρ’ριξξιιι
2663 5155 2998 5229 Augustin!”
3019 5153 3237 5229 8956b“!
3268 5150 3557 5229 84?“?!in
3572 5150 3892 5229 νὲελξεὲξξετξὶ-

2236 5222 2310 5270 uti
2345 5213 2984 5280 intelligiturepristola
3001 5213 3066 5265 a'd
3089 5213 3358 5280 Quodvult
3391 5213 3570 5280 deum.
3599 5213 3806 5267 hic224,
3842 5214 3893 5260 in

2235 5297 2343 5348 qua
2358 5275 2733 5332 Fussalensem
2748 5275 3240 5348 presbyteAruuLipsi
3265 5275 3627 5348 commendat,
3652 5289 3717 5348 eu
3729 5289 3818 5348 mq
3833 5290 3895 5323 ue

2235 5337 2300 5396 ad
2321 5361 2470 5394 suam
2485 5359 2668 5394 curam
2684 5337 2944 5407 pertinere
2966 5337 3320 5407 significatum
3343 5339 3450 5388 vita
3461 5337 3644 5407 functo
3661 5339 3897 5407 Antonio

2235 5409 2517 5457 suffectum
2532 5399 2697 5456 alium
2728 5405 2888 5454 fuisse
2919 5399 3106 5457 parést
3146 5401 3359 5452 credere
3388 5404 3550 5449 :certe
3598 5401 3651 5448 in
3699 5399 3898 5448 Notitia

2233 5472 2418 5520 Africa
2463 5474 2709 5532 censetur
2742 5469 2878 5517 inter
2915 5461 3174 5532 Numidas
3195 5464 3472 5532 episcopos
3487 5461 3684 5532 Melior_
3708 5463 3899 5532 Fussa-

2233 5535 2414 5583 lensis.
2447 5533 2638 5581 Notata
2652 5531 2762 5596 hac
2779 5530 2959 5596 sintad
2978 5525 3554 5596 coniciliandam’tidem
3597 5525 3722 5573 huic
3753 5527 3901 5596 Epis-

2232 5596 2573 5660 tolayquam
2604 5594 2825 5644 eruditis
2864 5591 3137 5644 nonnullis
3180 5591 3235 5640 in
3286 5589 3647 5653 suscipiouem
3687 5589 3898 5638 venisse

2231 5658 2600 5726 intelligimus.
