4118 6164
257 151 368 209 957

246 276 652 350 Apostolus,Si
664 277 1517 349 nosemtipsosjudiearemus,a
1529 280 1774 336 Domino
1785 297 1900 336 non

241 366 650 437 iudicaremur
677 367 736 438 (Ι
764 368 902 425 Cor.
929 384 1007 432 xx,
1034 369 1147 440 31),
1173 369 1463 440 jndicabo
1490 372 1809 441 meipsnm,
1838 373 1900 425 ut

242 455 750 529 parcatmihi,qui
762 456 1130 528 judicaretus
1151 463 1237 515 est
1259 458 1430 516 vivos
1461 462 1517 515 et
1531 463 1818 515 mortuos.
1842 457 1899 514 Si

239 549 446 600 autem
477 551 534 601 et
565 544 1088 609 membraChristi,
1112 561 1247 618 quas
1261 546 1321 603 in
1352 547 1456 604 illa
1477 546 1720 617 regione
1733 550 1895 612 sunt,

239 632 321 689 ab
335 632 624 689 exitiabili
637 633 848 690 timore
877 650 948 691 ac
973 635 1209 691 tristitia
1223 636 1604 700 recreaveris,
1627 640 1686 693 et
1698 651 1894 692 meam

240 726 606 778 senectutem
635 722 750 779 hac
781 722 1150 780 misericordi
1165 723 1396 796 justitia
1425 723 1605 781 fueris
1627 723 1898 781 consola-

241 813 357 878 tns,
389 811 679 867 retribuet
708 811 837 876 tibi,
857 817 913 868 et
937 811 997 868 in
1017 815 1296 885 prmsenti
1335 813 1466 870 etin
1497 813 1697 869 futura
1754 813 1891 880 vita,

235 898 403 956 bona
435 915 542 971 pro
555 899 753 966 bonis,
770 899 995 973 quiper
1011 906 1066 957 te
1091 901 1265 958 nobis
1287 902 1346 958 in
1373 901 1490 959 ista
1513 901 1894 959 tribulatione

236 989 551 1054 succurrit,
582 989 757 1062 etqui
783 995 836 1046 te
862 990 923 1046 in
941 990 1042 1047 illa
1059 990 1207 1047 Sede
1246 992 1570 1049 constituit.

735 1077 1070 1136 EPISTOLA
1100 1079 1229 1136 cex
1250 1081 1266 1098 ο
1290 1080 1390 1151 (α).

234 1165 582 1237 Augustinus
602 1167 882 1223 Felicitati
902 1175 954 1224 et
977 1169 1213 1235 Rustico,
1245 1169 1310 1225 de
1329 1171 1492 1226 matis
1523 1172 1822 1228 tolerandis
1841 1178 1895 1228 et

305 1255 373 1312 de
399 1258 656 1325 fraterna
678 1256 1022 1328 correptione
1041 1275 1061 1322 ;
1077 1259 1220 1327 forte
1243 1260 1514 1314 occasione
1535 1261 1807 1317 tumultus
1833 1263 1891 1318 in

305 1346 815 1401 sanctimonialium
840 1349 1108 1402 conventu
1135 1348 1337 1414 exorti,
1369 1347 1433 1405 de
1452 1365 1557 1420 quo
1587 1351 1648 1405 in
1665 1351 1892 1421 epistola

302 1435 554 1504 proxime
599 1442 714 1506 post
751 1434 894 1489 hanc
929 1435 1306 1506 subsequente.

235 1520 644 1579 Dilectissimae
657 1527 717 1579 et
736 1523 1130 1580 sanctissimas
1148 1525 1325 1582 matri
1343 1528 1672 1594 Faunum,
1697 1533 1753 1585 et
1776 1528 1894 1586 fra-

307 1611 375 1667 tri
401 1614 666 1679 Rt'srxco,
692 1618 750 1669 et
769 1613 1077 1670 sororibus
1100 1630 1238 1686 qua:
1259 1615 1573 1673 vobiscum
1591 1622 1749 1683 sunt,
1775 1620 1890 1673 Au-

301 1716 590 1766 cusnnns,
613 1706 670 1758 et
690 1703 787 1774 qni
807 1717 1047 1759 meeum
1065 1708 1225 1768 sunt,
1247 1703 1307 1760 in
1329 1704 1587 1762 Domino
1607 1706 1885 1763 salutem.

306 1793 355 1845 Ι.
393 1789 595 1846 Bonus
621 1797 711 1847 est
740 1792 1048 1857 Dominus,
1070 1796 1126 1849 et
1165 1791 1574 1850 misericordia
1599 1795 1730 1866 ejus
1764 1796 1889 1852 nbi-

225 1893 349 1951 que
374 1878 613 1945 diﬂ'nsa,
641 1896 778 1952 qum
792 1896 904 1938 nos
924 1880 998 1938 de
1025 1884 1222 1939 vestra
1241 1881 1526 1940 charitate
1545 1883 1602 1939 in
1630 1885 1756 1940 suis
1777 1886 1890 1942 vis-

227 1968 468 2024 ceribus
486 1969 846 2026 consolatur.
871 1971 1168 2036 Quantum
1186 1971 1345 2027 enim
1365 1971 1570 2044 diligat
1585 1974 1888 2031 credentes

224 2060 286 2114 et
319 2059 700 2130 sperantesin
722 2075 806 2127 se,
828 2063 884 2114 et
898 2059 1068 2116 illum
1088 2060 1532 2132 atqueinvicem
1546 2062 1883 2133 diligentes,

226 2151 284 2203 et
317 2147 466 2218 quid
504 2147 592 2203 eis
631 2147 692 2204 in
723 2153 1028 2218 posterum
1063 2153 1276 2220 servet,
1313 2150 1455 2206 hinc
1487 2151 1748 2207 maxime
1779 2169 1884 2208 os-

226 2234 438 2302 tendit,
461 2236 978 2306 cuminfidelibus,
1001 2243 1058 2294 et
1076 2238 1430 2309 desperatis,
1452 2246 1506 2296 et
1533 2243 1821 2312 perversis
1841 2245 1883 2307 ⁸,

222 2324 450 2397 quibus
476 2325 539 2382 in
563 2326 728 2384 mala
752 2326 1055 2384 voluntate
1083 2343 1272 2401 usque
1303 2328 1364 2384 in
1393 2329 1574 2384 ﬁnem
1605 2345 1883 2400 perseve-

225 2414 501 2471 rantibus
535 2414 736 2486 ignem
765 2431 902 2472 eum
925 2415 1170 2473 diabolo
1195 2422 1481 2474 aeternum
1510 2418 1794 2486 minatur,
1822 2420 1884 2477 in

218 2501 339 2558 hoc
366 2508 567 2560 tamen
601 2504 813 2562 saeculo
844 2504 1007 2562 bona
1042 2510 1210 2562 tanta
1243 2506 1532 2577 largitur;
1578 2509 1685 2574 Qui
1739 2509 1880 2579 facit

226 2593 371 2647 oriri
396 2594 563 2648 solem
589 2609 752 2649 suum
790 2610 953 2666 super
981 2594 1142 2651 bonos
1164 2599 1219 2650 et
1252 2596 1443 2662 malos,
1477 2601 1530 2652 et
1555 2599 1701 2668 pluit
1725 2615 1886 2671 super

225 2680 397 2748 iustos
416 2687 470 2736 et
493 2682 726 2754 injustas
743 2683 956 2754 (Matth.
990 2699 1047 2750 v,
1079 2688 1166 2749 45)
1183 2699 1195 2738 :
1211 2683 1463 2741 breviter
1479 2687 1638 2742 enim
1654 2687 1881 2759 aliquid

226 2768 454 2827 dictum
481 2777 592 2836 est,
626 2776 690 2826 ut
712 2772 887 2845 plura
910 2773 1260 2842 cogitentur.
1283 2775 1473 2840 Quam
1500 2775 1690 2833 multa
1719 2780 1880 2834 enim

223 2857 494 2916 habeant
517 2859 686 2931 impii
718 2860 778 2916 in
801 2861 916 2917 hac
944 2861 1062 2918 vita
1089 2877 1342 2920 munera
1366 2869 1422 2920 et
1447 2864 1610 2922 dona
1625 2867 1883 2935 gratuita

223 2947 306 3004 ab
339 2947 438 3005 illo
463 2964 645 3021 quem
670 2955 1082 3018 contemnunt,
1111 2967 1462 3009 enumerare
1479 2954 1613 3026 quis
1637 2957 1884 3026 potest?

221 3035 383 3092 Inter
408 3053 546 3109 quas
561 3037 707 3093 illud
729 3053 1040 3110 magnum,
1059 3040 1226 3112 quod
1250 3042 1538 3114 exemplis
1562 3042 1881 3116 interposi-

221 3129 421 3182 tarum
451 3126 899 3185 tribulationum
938 3143 1094 3199 quas
1120 3129 1301 3200 hujus
1338 3131 1540 3187 seaculi
1577 3131 1880 3189 dulcedini

223 3219 518 3286 tanquam
544 3215 744 3273 bonus
784 3217 1054 3274 medicus
1089 3220 1315 3286 miscet,
1349 3219 1634 3277 admonet
1667 3236 1790 3286 eos,
1830 3223 1879 3278 si

220 3303 530 3360 attendere
563 3305 764 3372 velint,
797 3306 1002 3377 fugere
1030 3307 1110 3363 ab
1136 3307 1225 3364 ira
1255 3313 1501 3365 ventura
1528 3325 1542 3375 ;
1572 3315 1627 3366 et
1654 3325 1791 3367 cum
1820 3312 1878 3368 in

219 3392 321 3448 via
350 3398 508 3460 sunt,
554 3394 614 3451 id
644 3401 733 3452 est
759 3396 820 3451 in
849 3395 965 3453 hac
1002 3397 1143 3462 vita,
1182 3397 1550 3454 concordare
1592 3415 1729 3456 eum
1761 3416 1876 3457 ser-

223 3497 404 3538 mone
434 3483 553 3551 Dei,
584 3500 767 3556 quem
799 3484 916 3541 sibi
948 3485 1362 3542 adversarium
1405 3487 1672 3546 fecerunt
1723 3490 1879 3546 male

223 3570 497 3628 vivendo.
541 3573 692 3639 Quid
734 3589 877 3644 ergo
905 3590 1026 3630 non
1067 3575 1527 3633 misericorditer
1565 3582 1879 3650 praestatur

223 3659 572 3717 hominibus
589 3678 626 3719 a
641 3663 893 3720 Domino
915 3663 1054 3730 Deo,
1075 3680 1112 3720 a
1129 3681 1247 3736 quo
1263 3665 1444 3722 etiam
1463 3666 1761 3724 tribulatio
1773 3669 1877 3725 be-

221 3749 506 3805 neﬁcium
533 3751 666 3808 est?
689 3755 838 3808 Nam
861 3768 954 3809 res
979 3768 1267 3825 prospera
1292 3755 1519 3812 donum
1551 3762 1643 3812 est
1667 3773 1878 3815 conso.

219 3839 400 3895 lautis
439 3856 452 3907 ;
479 3855 573 3896 res
609 3845 809 3898 autem
837 3842 1091 3899 adversa
1118 3843 1349 3900 donum
1374 3849 1464 3900 est
1493 3845 1875 3902 admonentis

223 3927 327 3984 Dei
356 3944 368 3984 :
397 3934 456 3986 et
478 3929 525 3984 si
558 3929 685 3986 hinc
710 3935 974 4002 prastat,
1016 3937 1079 3988 ut
1108 3933 1250 3999 dixl,
1288 3932 1465 3989 etiam
1500 3934 1693 4003 malis,
1728 3935 1876 4007 quid

222 4023 524 4090 praeparat
543 4019 975 4077 sustinentibus
999 4022 1103 4077 se?
1123 4037 1385 4094 quorum
1407 4023 1466 4078 in
1495 4039 1746 4082 numero
1769 4041 1875 4083 vos

220 4122 330 4178 per
358 4107 515 4164 illius
555 4109 811 4179 gratiam
839 4115 1237 4181 congregatos
1272 4127 1405 4167 esse
1444 4113 1713 4183 gaudete,
1748 4132 1874 4170 sus-

220 4197 475 4254 tinentes
513 4198 766 4254 invicem
801 4197 859 4254 in
899 4198 1232 4261 dilectione,
1285 4200 1589 4257 studentes
1639 4219 1877 4261 servare

218 4285 511 4342 unitatem
539 4287 780 4359 spiritus
807 4287 867 4342 in
895 4288 1134 4344 vinculo
1162 4289 1325 4360 pacis
1349 4289 1517 4361 (Eph.
1547 4307 1620 4360 IV,
1649 4296 1721 4362 3).
1751 4296 1876 4350 Non

219 4375 383 4432 enim
413 4375 598 4433 deerit
625 4376 790 4449 quod
819 4375 879 4432 in
921 4376 1090 4433 vobis
1121 4378 1378 4434 invicem
1410 4380 1729 4450 sufferatis,
1764 4385 1877 4439 nisi

219 4478 360 4519 cum
393 4479 499 4520 vos
526 4465 609 4521 ita
629 4466 970 4537 purgaverit
1001 4472 1022 4504 ³
1046 4467 1353 4534 Dominus,
1379 4469 1663 4542 absorpta
1691 4477 1876 4528 morte

220 4551 285 4608 in
317 4551 643 4618 victoriam.
674 4559 736 4609 ut
764 4555 838 4610 sit
855 4555 1006 4611 Deus
1034 4557 1242 4614 omnia
1267 4558 1328 4613 in
1357 4559 1640 4616 omnibus
1672 4561 1719 4630 (l
1749 4561 1872 4617 Cor.

216 4657 316 4707 xv,
351 4645 439 4710 54,
469 4642 579 4711 28).

292 4734 347 4786 2.
378 4730 790 4787 Dissensiones
819 4737 1020 4788 autem
1050 4748 1366 4806 nunquam
1390 4735 1611 4792 debent
1636 4739 1827 4794 amari
1859 4755 1875 4805 ;

218 4820 329 4876 sed
346 4818 674 4892 aliquando
693 4825 892 4876 tamen
911 4827 1008 4878 aut
1029 4839 1065 4878 a
1082 4823 1366 4879 charitate
1400 4830 1751 4895 nascuntur,
1775 4832 1879 4884 aut

216 4909 567 4966 charitatem
595 4908 872 4981 probant.
901 4911 1043 4976 Quis
1069 4913 1228 4967 enim
1253 4910 1421 4968 facile
1446 4913 1746 4972 invenitur
1771 4917 1880 4988 qui

218 4998 357 5054 velit
381 4998 788 5070 reprehendi?
807 5005 864 5055 et
892 5000 992 5056 ubi
1013 5003 1106 5060 est
1129 5000 1223 5057 ille
1253 5001 1491 5073 sapiens
1516 5003 1590 5059 de
1611 5020 1734 5078 quo
1761 5006 1877 5064 dic-

213 5093 344 5144 tum
375 5095 479 5152 est,
510 5086 734 5160 Corripe
760 5090 1083 5160 sapientem,
1111 5094 1163 5145 et
1191 5091 1403 5146 ambit
1433 5096 1485 5148 te
1512 5094 1542 5148 7
1571 5097 1878 5169 Numquid

214 5181 411 5233 tamen
433 5175 569 5233 ideo
589 5192 711 5232 non
732 5176 1026 5233 debemus
1046 5180 1483 5251 reprehendere
1504 5188 1561 5239 et
1581 5184 1879 5257 corripere

276 5355 294 5430 ξ
323 5351 610 5430 S‘icomnes
627 5351 754 5430 Mss.
784 5352 1123 5430 [Infdelibum
1144 5360 1189 5430 et
1206 5358 1503 5430 desperatis,
1520 5360 1717 5421 quibus,
1741 5365 1874 5430 etc.]

277 5415 294 5481 ξ
325 5415 448 5481 _Am.
486 5419 536 5465 et
585 5415 966 5481 quatuorMss.
990 5453 1002 5473 ,
1041 5415 1348 5481 portaverit.

275 5477 564 5544 ’_Correcta
584 5477 650 5544 ag
681 5477 757 5544 bl_.
795 5479 878 5528 ch.
904 5479 964 5532 Π.
993 5477 1085 5544 gg.
1115 5494 1156 5529 r.
1186 5480 1264 5529 sb.
1290 5481 1425 5530 duos
1456 5484 1492 5531 t.
1517 5483 1650 5534 duos
1673 5500 1752 5534 vc.
1774 5489 1879 5536 tres

213 5552 264 5589 ν.
295 5540 413 5589 Am.
453 5540 578 5590 Bad.
608 5541 696 5591 Er.
729 5542 854 5591 Lov.

245 5601 345 5716 ἱιςὲ)
373 5602 627 5719 87
663 5618 675 5654 :
715 5619 835 5670 quae
869 5606 1050 5656 autem
1084 5607 1174 5656 210
1201 5610 1331 5666 erat,
1369 5620 1514 5660 nunc
1545 5609 1629 5664 57.
1673 5610 1880 5677 Scripta

211 5677 340 5718 circ.
373 5677 446 5720 δη
465 5677 575 5719 a3.

1512 151 2022 212 EPISTOLARUM
2061 152 2350 216 CLASSIS
2385 155 2478 222 III.

3558 149 3666 208 958

2004 279 2268 348 fratrem,
2302 296 2375 338 ne
2397 297 2642 339 securus
2662 283 2866 340 tendat
2893 283 2950 339 in
2982 286 3236 340 mortem
3256 280 3283 336 ?
3316 278 3472 337 Solet
3502 277 3663 334 enim

2003 368 2146 435 ﬁeri,
2174 375 2226 427 et
2249 371 2585 445 frequenter
2611 373 2826 430 accidit
2847 378 2909 429 ut
2933 373 3012 430 ad
3037 373 3250 428 horam
3276 368 3661 426 contristetur

2001 473 2142 515 cum
2174 460 2641 531 reprehenditur,
2669 467 2725 518 et
2753 463 3002 527 resistat,
3036 466 3091 517 et
3111 458 3466 523 contendat;
3489 460 3545 512 et
3574 461 3666 513 ta-

2003 563 2142 604 men
2172 555 2378 620 postea
2405 550 2741 608 consideret
2762 567 2967 607 secum
2989 551 3050 606 in
3071 548 3324 610 silentio,
3355 546 3457 602 ubi
3480 560 3661 602 nemo

2001 641 2088 693 est
2110 636 2220 694 nisi
2244 640 2395 695 Deus
2411 639 2630 710 etipse,
2650 655 2759 696 nec
2783 641 2945 697 timet
2959 639 3270 711 displicere
3287 634 3663 699 hominibus,

2000 726 2144 797 quia
2173 726 2527 800 corripitur;
2551 728 2655 784 sed
2677 729 2842 785 timet
2865 729 3175 800 displicere
3200 729 3338 791 Deo,
3365 724 3510 798 quia
3535 739 3657 780 non

2005 815 2336 885 corrigitur,
2360 816 2716 889 etdeinceps
2747 833 2864 873 non
2895 817 3078 874 faciat
3097 815 3241 872 illud
3272 817 3331 870 in
3354 829 3475 885 quo
3497 813 3660 885 jnste

2000 904 2397 976 reprehensus
2425 911 2533 971 est,
2561 911 2616 962 et
2639 911 2937 978 quantum
2965 906 3087 962 odit
3121 909 3429 976 peccatum
3457 917 3657 968 suum,

1999 997 2233 1050 tantum
2271 994 2478 1066 diligat
2517 995 2760 1051 fratrem
2796 1010 2979 1067 quem
3021 995 3206 1050 sensit
3241 993 3479 1048 hostem
3518 1005 3661 1062 pec-

1998 1083 2110 1139 cati
2134 1084 2245 1139 sui.
2268 1084 2327 1140 Si
2343 1089 2544 1141 autem
2564 1084 2638 1141 de
2657 1084 2757 1141 illo
2778 1100 3032 1142 numero
3061 1089 3166 1148 est,
3191 1083 3407 1154 deiquo
3429 1080 3656 1136 dictum

1997 1176 2104 1238 est,
2137 1172 2359 1244 Corripe
2383 1173 2634 1241 stultum,
2666 1181 2719 1230 et
2748 1174 2976 1244 adjiciet
3000 1177 3060 1228 ut
3089 1173 3265 1229 oderit
3287 1180 3336 1226 te
3357 1170 3547 1240 (Prov.
3571 1183 3652 1233 ix,

1993 1260 2084 1332 8);
2120 1277 2240 1318 non
2270 1261 2346 1319 de
2394 1261 2676 1319 eharitate
2707 1263 2863 1319 illius
2899 1262 3198 1317 dissensio
3230 1258 3513 1328 nascitur,
3550 1256 3656 1312 sed

1996 1354 2197 1406 tamen
2223 1351 2574 1407 charitatem
2597 1352 3040 1423 reprehensoris
3063 1350 3153 1405 sui
3181 1351 3414 1405 exercet
3441 1351 3497 1402 et
3523 1361 3658 1418 pro-

1995 1439 2100 1496 bat
2130 1456 2144 1495 :
2176 1439 2322 1512 quia
2349 1456 2470 1497 non
2511 1440 2563 1497 ei
2599 1440 2946 1512 rependitur
2977 1440 3188 1496 odium
3229 1455 3244 1503 ;
3278 1437 3382 1493 sed
3412 1435 3651 1491 dilectio

1993 1543 2126 1600 quas
2168 1528 2323 1598 cogit
2374 1529 2822 1600 reprehendere,
2868 1526 3305 1600 imperturbata
3345 1523 3648 1596 perdurat,

1993 1617 2172 1671 etiam
2204 1632 2343 1672 cum
2369 1616 2463 1672 ille
2494 1616 2597 1689 qui
2627 1616 3024 1689 reprehensus
3055 1620 3162 1682 est,
3196 1615 3340 1670 odit.
3372 1613 3428 1670 Si
3452 1616 3653 1667 autem

1992 1704 2086 1760 ille
2111 1705 2214 1777 qui
2252 1705 2511 1776 corripit,
2552 1705 2800 1761 reddere
2833 1706 2956 1760 vult
2989 1704 3217 1760 malum
3248 1718 3357 1774 pro
3401 1700 3562 1757 malo
3601 1699 3655 1755 ei

1992 1793 2094 1866 qni
2125 1794 2462 1866 corripienti
2491 1794 2854 1864 indignatur,
2876 1809 2996 1850 non
3019 1792 3129 1849 fuit
3153 1792 3370 1862 dignus
3394 1790 3499 1863 qui
3529 1805 3657 1846 eor-

1991 1883 2227 1956 riperet,
2269 1883 2375 1938 sed
2413 1883 2634 1954 dignus
2676 1883 2851 1955 plane
2890 1883 2993 1956 qui
3045 1884 3226 1938 etiam
3273 1881 3400 1954 ipse
3446 1879 3654 1951 corripi

1991 1971 2253 2028 deberet.
2297 1974 2431 2028 Haec
2475 1971 2630 2042 agite
2665 1977 2728 2027 ut
2757 1973 2907 2028 inter
2937 1988 3044 2028 vos
3077 1975 3179 2028 aut
3205 1986 3327 2026 non
3366 1969 3652 2025 exsistant

1989 2060 2455 2131 indignationes,
2497 2065 2603 2116 aut
2639 2067 2858 2117 exortae
2907 2061 3102 2116 statim
3145 2058 3452 2116 celerrima
3506 2071 3653 2129 pace

1990 2150 2378 2222 perimantur.
2412 2149 2693 2220 Majorem
2735 2151 2873 2206 date
2913 2165 3159 2221 operam
3207 2145 3650 2204 concordandis

1990 2237 2158 2294 vobis
2186 2253 2374 2310 quam
2404 2237 2855 2308 redarguendis.
2897 2239 3047 2304 Quia
3078 2237 3228 2294 sicut
3257 2240 3491 2292 acetum
3523 2249 3650 2290 cor-

1990 2325 2216 2398 rumpit
2264 2342 2392 2394 vas,
2450 2326 2498 2380 si
2552 2326 2775 2383 diutius
2833 2327 2918 2383 ibi
2973 2325 3197 2391 fuerit;
3250 2325 3333 2380 sic
3387 2324 3474 2379 ira
3522 2338 3648 2379 cor-

1990 2414 2212 2486 rumpit
2251 2429 2372 2474 cor.
2405 2414 2452 2470 si
2477 2415 2538 2470 in
2568 2414 2752 2471 alium
2792 2415 2951 2472 diem
2984 2413 3305 2470 duraverit.
3336 2413 3470 2468 Haec
3497 2426 3641 2482 ergo

1986 2503 2165 2573 agite,
2199 2508 2256 2559 et
2287 2505 2439 2559 Deus
2479 2504 2643 2575 pacis
2682 2504 2788 2559 erit
2819 2504 3154 2569 vobiscum,
3187 2508 3428 2559 orantes
3466 2501 3641 2561 simul

1987 2597 2044 2648 et
2074 2607 2183 2664 pro
2219 2592 2415 2660 nobis,
2450 2597 2512 2648 ut
2549 2607 2620 2648 ea
2654 2608 2788 2664 quas
2811 2592 2967 2649 bene
2993 2607 3336 2659 monemus,
3371 2590 3645 2648 alacriter

1987 2681 2368 2755 impleamus.

2461 2771 2793 2826 EPISTOLA
2834 2770 3035 2827 ccxx'
3075 2769 3172 2840 (α).

1983 2859 2322 2929 Augustinus
2360 2859 2653 2914 monachos
2683 2876 2802 2930 qum
2835 2860 2965 2914 dum
2994 2859 3217 2914 student
3254 2862 3472 2914 mutare
3500 2874 3644 2927 prae-

2053 2947 2310 3018 positam,
2343 2947 2655 3002 indecenter
2680 2951 2903 3015 [nerant
2935 2949 3311 3011 tumultuatur,
3339 2955 3552 3002 revocat
3577 2945 3646 3001 ad

2054 3036 2415 3102 concordiam,
2456 3041 2509 3092 et
2536 3037 2844 3108 prwscribit
2869 3036 2981 3092 illis
3011 3037 3136 3092 vita
3169 3036 3418 3107 regulam
3457 3037 3499 3086 ¹.

2060 3126 2109 3179 1.
2136 3123 2296 3180 Sicut
2309 3130 2520 3197 parata
2538 3131 2625 3182 est
2642 3126 2928 3182 severitas
2945 3131 3190 3198 peccata
3205 3140 3339 3197 qum
3356 3122 3647 3180 invenerit

1986 3213 2290 3270 vindicare
2324 3230 2338 3281 ;
2363 3214 2442 3270 ita
2473 3231 2592 3272 non
2633 3215 2758 3271 vult
2787 3214 3046 3270 charitas
3075 3213 3241 3287 quod
3270 3211 3529 3268 vindicet
3559 3211 3642 3267 in-

1983 3303 2206 3360 venire.
2229 3303 2363 3359 Haec
2385 3319 2569 3359 causa
2591 3304 2723 3360 fecit
2742 3308 2806 3360 ut
2827 3303 2904 3360 ad
2928 3319 3032 3359 vos
3055 3318 3176 3359 non
3204 3302 3488 3366 venirem,
3504 3315 3640 3355 eum

1987 3408 2184 3448 meam
2210 3392 2591 3464 praesentiam
2613 3393 2968 3465 quaereretis,
2994 3408 3112 3449 non
3137 3392 3212 3448 ad
3236 3389 3406 3464 pacis
3426 3393 3640 3445 vestra;

1984 3481 2296 3551 gaudium,
2330 3480 2435 3536 sed
2462 3483 2539 3538 ad
2566 3481 2959 3538 dissensionis
2989 3486 3202 3538 vestrm
3221 3483 3637 3549 augmentum.

1983 3570 2300 3636 Quomodo
2328 3571 2488 3626 enim
2516 3576 2982 3636 contemnerem,
3005 3575 3060 3627 et
3079 3566 3446 3642 impunitum
3466 3567 3640 3624 relin-

1981 3674 2251 3730 querem,
2281 3657 2330 3713 si
2362 3661 2419 3714 et
2450 3674 2544 3715 me
2574 3664 2866 3730 praesente
2897 3664 3095 3716 tantus
3125 3663 3317 3714 vester
3343 3656 3636 3714 tumultus

1981 3747 2304 3812 exsisteret,
2345 3753 2609 3820 quantus
2651 3763 2745 3803 me
2784 3747 3049 3812 absente,
3093 3749 3197 3803 etsi
3231 3746 3437 3803 oculos
3471 3761 3638 3801 meos

1981 3835 2167 3905 latuit,
2186 3840 2386 3891 tamen
2399 3852 2573 3892 aures
2588 3852 2756 3892 meas
2778 3836 2985 3891 vestris
3004 3837 3252 3892 vocibus
3269 3833 3638 3892 verberavit?

1981 3926 2129 3980 Nam
2160 3923 2430 3980 fortassis
2468 3925 2642 3980 etiam
2688 3925 2882 3996 major
2919 3929 3074 3981 esset
3114 3929 3308 3981 vestra
3339 3923 3551 3979 seditio
3581 3921 3637 3977 in

1981 4014 2305 4082 prmsentia
2333 4030 2490 4084 mea,
2520 4029 2659 4070 cum
2691 4030 2936 4071 necesse
2967 4019 3123 4071 esset
3150 4013 3319 4070 vobis
3346 4028 3466 4069 non
3499 4026 3638 4068 con-

1980 4103 2132 4170 cedi,
2155 4119 2290 4176 quaa
2303 4103 2361 4158 in
2379 4103 2955 4174 perniciosissimum
2969 4103 3313 4176 exemplum
3328 4107 3533 4158 contra
3546 4117 3635 4159 sa-

1982 4208 2123 4249 nam
2152 4191 2559 4265 disciplinam,
2590 4193 2756 4266 quod
2783 4193 2954 4250 vobis
2981 4209 3101 4250 non
3124 4191 3382 4264 expedit,
3398 4190 3638 4263 peteba-

1982 4282 2053 4338 tis
2087 4300 2103 4349 ;
2135 4297 2206 4338 ac
2238 4283 2322 4338 sic
2353 4282 2564 4356 quales
2586 4297 2707 4339 non
2733 4282 2885 4348 volo,
2915 4282 3240 4338 invenirem
3265 4298 3394 4348 vos,
3425 4286 3481 4338 et
3505 4281 3635 4353 ipse

1979 4371 2276 4426 invenirer
2307 4386 2342 4426 a
2373 4371 2544 4426 vobis
2577 4371 2819 4442 qualem
2852 4387 2974 4426 non
3004 4370 3314 4426 volebatis.

2052 4463 2103 4514 2.
2136 4461 2282 4514 Cum
2309 4473 2452 4527 ergo
2483 4458 2704 4514 scribat
2734 4457 3050 4530 Apostolus
3073 4458 3148 4512 ad
3173 4456 3522 4526 Corinthios,
3551 4455 3639 4512 di-

1980 4562 2141 4611 cens,
2181 4547 2390 4602 Testem
2432 4549 2596 4601 Deum
2631 4547 2777 4617 facio
2805 4562 2966 4616 super
2990 4547 3237 4600 animam
3266 4560 3465 4609 meam,
3506 4546 3636 4616 quia

1977 4650 2205 4707 parcens
2227 4634 2369 4690 vobis
2385 4634 2626 4689 nondum
2648 4635 2773 4690 veni
2793 4633 3155 4703 Corinthum;
3176 4649 3286 4689 non
3312 4635 3443 4705 quia
3466 4633 3639 4689 domi-

1982 4741 2108 4780 nam
2116 4741 2183 4779 ur
2191 4723 2321 4792 ﬁdei
2336 4727 2546 4788 vestrae,
2564 4723 2654 4780 sed
2672 4727 3048 4794 cooperatores
3059 4740 3246 4778 sumus
3257 4740 3324 4796 ga
3333 4722 3427 4779 udi
3430 4723 3451 4778 i
3467 4722 3638 4780 vestri

1980 4812 2049 4885 (ll
2077 4814 2201 4868 Cor.
2228 4829 2266 4878 l,
2291 4814 2380 4884 23)
2415 4831 2427 4881 ;
2458 4813 2572 4869 hoc
2599 4829 2739 4884 ergo
2762 4812 2943 4869 etiam
2974 4813 3104 4869 dico
3129 4813 3317 4880 vobis,
3342 4814 3484 4886 quia
3504 4828 3637 4885 par-

1981 4917 2122 4958 cens
2145 4901 2311 4958 vobis
2339 4918 2460 4958 non
2487 4903 2561 4958 ad
2595 4919 2699 4959 vos
2722 4902 2874 4960 veni.
2899 4902 3136 4975 Peperci
3158 4903 3341 4959 etiam
3369 4902 3534 4968 mihi,
3560 4916 3637 4957 ne

1983 4991 2274 5050 tristitiam
2297 5007 2476 5064 super
2496 4993 2789 5050 tristitiam
2808 4992 3092 5049 haberem
3118 5009 3132 5059 ;
3166 4998 3223 5049 et
3248 4992 3396 5062 elegi
3428 5006 3548 5047 non
3576 4994 3639 5047 ut

2044 5117 2059 5148 ί
2073 5115 2130 5163 In
2152 5115 2273 5180 Mss.
2293 5115 2623 5180 inscribitur:
2644 5116 2943 5180 Objurgatio
2962 5121 3141 5180 contra
3152 5115 3638 5180 Sangtimonialium

1984 5177 2364 5234 dissensionem,
2398 5177 3154 5234 additurque'in'quibusdam
3188 5193 3198 5226 :
3233 5178 3299 5226 Et
3333 5183 3445 5234 post
3471 5178 3638 5227 incre-

1982 5241 2242 5314 pationem
2265 5255 2461 5314 eorum.
2486 5240 2740 5314 regufaris
2776 5240 3104 5314 informatio.
3141 5241 3295 5314 apud
3336 5240 3637 5314 Possidium

1983 5257 2242 5313 pauonem
2277 5257 2453 5313 earum
2486 5257 2740 5353 rethuartl
2776 5257 3104 5312 in/ormano.
3141 5257 3295 5314 apud
3339 5257 3635 5290 rossinium

1983 5305 2144 5376 etiam
2175 5318 2228 5353 in
2260 5304 2500 5376 indicato
2556 5305 2746 5376 cannis
2778 5304 3087 5376 υῇωιῃᾳιδιι.
3119 5307 3252 5376 et_i_n
3283 5307 3484 5376 nostro.
3517 5316 3635 5376 cap.

1983 5365 2346 5476 7£recenlsetur
2391 5366 2534 5416 hisce
2572 5367 2744 5416 verbis
2771 5383 2788 5414 :
2812 5366 3310 5416 Sanetimoniatibus
3341 5365 3634 5430 objurgatio

1983 5441 2006 5475 ε
2064 5443 2185 5476 reau
2213 5444 2267 5476 a.

1981 5441 2347 5555 ’ξ’ἶῖῗξιέιῖἒξω
2377 5490 2445 5540 ad
2475 5490 2598 5540 Mss.
2635 5490 2915 5555 Sulpitian.
2952 5491 3023 5540 bl.
3056 5491 3109 5540 ff.
3168 5505 3250 5542 vc.
3286 5491 3422 5542 duos
3456 5506 3507 5542 v.
3537 5493 3636 5541 Am

1983 5550 2120 5686 8.7%.)
2142 5553 2446 5688 ξῖἶαῐξῗῷἒε
2478 5630 2598 5681 qua:
2625 5617 2804 5668 autem
2833 5617 2926 5668 2H
2951 5619 3082 5679 erat,
3120 5631 3263 5670 nunc
3285 5618 3398 5670 247.
3429 5616 3638 5688 Scripta

1981 5675 2124 5733 circa
2152 5689 2242 5731 en.
2271 5678 2382 5732 423.
