4122 6170
249 365 392 406 men
416 352 584 406 extra
613 348 823 405 horam
851 347 1337 422 prandiialiquid
1362 348 1778 406 alimentorum
1806 363 1900 404 su-

249 445 396 505 mat,
420 439 528 495 nisi
561 455 696 494 cum
721 444 986 510 aegrotat.
1016 440 1160 493 Cum
1189 438 1466 494 acceditis
1496 439 1571 494 ad
1601 455 1896 504 mensam,

247 529 441 585 donec
459 528 599 584 inde
624 528 900 598 surgatis,
927 528 1092 600 quod
1109 527 1279 583 vobis
1301 528 1631 583 secundum
1654 543 1900 584 consue-

247 618 790 688 tudinem'legitur,
842 618 966 672 sine
1016 617 1273 673 tumultu
1321 621 1376 673 et
1417 617 1902 673 contentionibus

244 707 446 764 audite
475 725 488 764 :
515 723 622 763 nec
653 707 795 762 solae
827 707 994 762 vobis
1027 707 1226 762 fauces
1257 711 1498 762 sumant
1526 706 1749 777 cibum,
1795 706 1901 762 sed

245 802 302 853 et
330 811 505 853 aures
538 795 878 869 percipiant
910 795 1010 851 Dei
1043 795 1315 851 verbum.

317 909 370 960 9.
400 907 542 971 Quae
571 904 825 960 infirmae
855 910 992 959 sunt
1018 920 1084 958 ex
1112 903 1362 976 pristina
1381 903 1829 968 consuetudine,
1859 905 1907 959 si

245 995 417 1052 aliter
446 999 771 1050 tractantur
800 993 859 1049 in
887 994 1063 1055 victu,
1087 1009 1210 1049 non
1231 992 1407 1048 debet
1435 993 1565 1048 aliis
1588 992 1907 1048 molestum

241 1097 516 1148 esse,nec
538 1083 617 1154 inj
631 1089 828 1139 ustum
847 1081 1220 1154 videri,quas
1243 1081 1377 1137 fecit
1401 1081 1518 1138 alia
1537 1082 1908 1138 consuetudo

242 1172 538 1229 fortiores.
567 1174 681 1227 Nec
711 1170 844 1228 illas
884 1169 1168 1226 feliciores
1208 1174 1438 1243 putent,
1478 1172 1621 1241 quia
1660 1176 1909 1227 sumunt

241 1260 410 1334 quod
425 1277 548 1316 non
571 1265 819 1316 sumunt
839 1260 1003 1332 ipsa):
1022 1259 1128 1314 sed
1162 1258 1271 1315 sibi
1299 1260 1493 1330 potuis
1518 1260 1907 1328 gratulentur,

244 1351 388 1423 quia
426 1349 625 1405 valent
649 1350 815 1421 quod
843 1365 962 1405 non
995 1348 1188 1404 valent
1219 1348 1348 1403 illae.
1386 1350 1450 1403 Et
1473 1349 1521 1402 si
1544 1348 1628 1403 eis
1655 1363 1790 1420 quae
1815 1365 1910 1404 ve-

244 1445 458 1496 nerunt
487 1454 558 1494 ex
591 1437 860 1494 moribus
881 1437 1328 1494 delicatioribus
1351 1438 1428 1492 ad
1450 1438 1903 1503 monasterium,

245 1527 470 1601 aliquid
517 1527 962 1593 alimentorum,
1015 1527 1524 1591 vestimentorum,
1559 1532 1910 1582 stramento«

243 1632 398 1685 rum,
439 1617 948 1690 operimentorum
965 1615 1160 1682 datur,
1193 1615 1359 1688 quod
1388 1614 1516 1671 aliis
1539 1613 1907 1681 fortioribus,

241 1714 296 1764 et
326 1707 458 1762 ideo
480 1705 840 1761 felicioribus
875 1719 996 1759 non
1028 1704 1233 1770 datur;
1262 1703 1524 1774 cogitare
1541 1703 1760 1759 debent
1781 1704 1910 1774 qui-

239 1794 357 1852 bus
387 1809 510 1851 non
539 1795 736 1859 datur,
767 1801 1060 1866 quantum
1091 1793 1166 1848 de
1197 1808 1307 1848 sua
1337 1791 1608 1848 saeculari
1653 1793 1769 1847 vita
1793 1791 1907 1847 illa:

243 1887 322 1942 ad
350 1883 528 1940 istam
556 1882 991 1949 descenderint,
1019 1881 1299 1955 quamvis
1330 1897 1523 1953 usque
1549 1881 1625 1936 ad
1657 1880 1909 1936 aliarum

242 1989 379 2046 qum
415 1978 553 2027 sunt
581 1987 832 2043 corpore
852 1971 1141 2038 fortiores,
1170 1970 1570 2040 frugalitatem
1602 1970 1909 2041 pervenire

152 2094 159 2099 -
242 2061 638 2134 nequiverint.
679 2060 795 2117 Nec
825 2060 940 2119 illa)
971 2061 1191 2117 debent
1220 2060 1585 2125 conturbari,
1617 2058 1782 2131 quod
1807 2073 1910 2114 eas

243 2149 447 2206 vident
472 2148 742 2221 amplius,
774 2162 896 2204 non
927 2149 1070 2220 quia
1104 2148 1494 2212 honorantur,
1528 2146 1632 2201 sed
1663 2147 1808 2217 quia
1830 2151 1911 2201 to-

243 2243 549 2312 perantur,
577 2236 823 2296 accilere
837 2256 855 2308 ;
881 2252 954 2294 ne
980 2236 1652 2307 contingatdetestanda
1677 2247 1910 2307 perver-

248 2330 415 2394 sitas,
439 2328 571 2383 utin
595 2327 983 2392 monasterio,
1012 2326 1135 2392 ubi,
1161 2331 1455 2399 quantum
1471 2329 1738 2396 possunt,
1761 2323 1912 2378 ﬁunt

246 2418 458 2474 divites
513 2416 847 2481 laboriOsae,
876 2413 1023 2471 ﬁant
1071 2429 1368 2486 pauperes
1409 2413 1699 2469 delicatae.
1752 2415 1905 2468 Sane

247 2504 769 2580 quemadmodum
797 2508 1154 2575 aegrotantes
1180 2518 1420 2559 necesse
1445 2503 1670 2558 habent
1708 2502 1910 2557 minus

247 2598 518 2667 accipere
548 2609 622 2649 ne
678 2593 1148 2662 graventurgita
1199 2599 1333 2664 post
1381 2590 1796 2664 aegritudinem
1823 2591 1910 2644 sic

249 2683 576 2741 tractanda
607 2687 744 2738 sunt
777 2687 837 2737 ut
859 2683 1031 2737 citius
1059 2685 1418 2747 recreentur,
1439 2679 1671 2736 etiamsi
1703 2679 1777 2734 de
1802 2679 1912 2734 hu-

249 2773 501 2830 millima
525 2771 725 2827 saeculi
745 2775 1095 2843 paupertate
1124 2775 1431 2833 venerunt,
1467 2774 1756 2841 tanquam
1795 2769 1910 2825 hoc

247 2862 364 2920 illis
393 2861 706 2918 contulerit
739 2860 1030 2915 recentior
1081 2857 1394 2928 aegritudo,
1426 2858 1586 2930 quod
1625 2857 1912 2912 divitibus

249 2952 513 3009 anterior
540 2949 934 3007 consuetudo.
973 2948 1086 3005 Sed
1126 2965 1265 3004 cum
1312 2948 1462 3002 vires
1501 2946 1780 3017 pristinas
1827 2963 1912 3002 re-

251 3038 614 3112 paraverint,
653 3035 902 3094 redeant
929 3037 1008 3092 ad
1042 3026 1362 3092 feliciorem
1416 3036 1914 3092 consuetudinem

250 3143 600 3199 suam,qua3
628 3125 889 3182 famulas
908 3125 1005 3180 Dei
1032 3130 1198 3180 tanto
1217 3123 1479 3195 amplius
1509 3125 1699 3188 decet,
1723 3138 1914 3196 quan-

256 3223 317 3275 to
346 3215 987 3286 minusindigentznec
1012 3214 1092 3270 ibi
1131 3229 1233 3269 eas
1268 3218 1464 3269 teneat
1502 3213 1777 3270 voluntas
1788 3214 1914 3285 jam

255 3311 520 3378 vegetas,
538 3321 660 3378 quo
673 3303 1526 3361 necessitaslevaratinfirmas.
1548 3303 1660 3358 Illas
1684 3317 1747 3358 se
1759 3304 1916 3358 exis-

254 3395 880 3465 timentditiores,quae
907 3393 1120 3449 fuerint
1148 3393 1208 3448 in
1246 3393 1593 3448 sustinenda
1631 3392 1918 3464 parcitate

253 3485 547 3543 fortiores.
580 3483 783 3540 Melius
799 3488 888 3539 est
927 3483 1086 3539 enim
1113 3483 1311 3538 minus
1333 3497 1522 3554 egere,
1553 3497 1741 3555 quam
1782 3482 1918 3554 plus

252 3574 498 3634 habere.

332 3684 417 3737 to.
446 3683 573 3737 Non
596 3679 669 3736 sit
690 3678 968 3735 notabilis
990 3678 1234 3735 habitus
1258 3683 1454 3734 vester
1479 3695 1492 3745 ;
1517 3693 1625 3734 nec
1645 3676 1930 3735 affectetis

254 3769 526 3828 vestibus
559 3769 813 3841 placere,
845 3766 946 3823 sed
980 3767 1270 3823 moribus.
1302 3767 1417 3822 Nec
1448 3769 1565 3822 sint
1595 3767 1763 3823 vobis
1807 3772 1928 3824 tam

256 3867 462 3917 tenera
481 3860 740 3930 capitum
764 3857 1025 3928 tegmina
1045 3856 1323 3913 utretiola
1343 3857 1544 3912 subter
1564 3862 1918 3927 appareant.

256 3948 511 4020 Capillos
532 3962 603 4003 ex
624 3946 791 4002 nulla
815 3953 977 4018 parte
998 3945 1193 4001 nudos
1216 3945 1512 4013 habeatis,
1538 3961 1645 4000 nec
1672 3943 1814 4000 foris
1836 3945 1926 4001 vel

259 4040 507 4110 spargat
522 4035 900 4105 negligentia,
916 4035 1003 4089 vel
1017 4039 1336 4105 componat
1349 4034 1658 4089 industria.
1676 4032 1928 4098 Quando

258 4125 604 4201 proceditis,
629 4124 808 4179 simul
838 4123 1143 4180 ambulate
1168 4139 1180 4179 :
1202 4137 1339 4179 cum
1365 4121 1643 4178 veneritis
1667 4137 1789 4194 quo
1812 4122 1922 4189 itis,

260 4216 442 4272 simul
472 4221 642 4273 state.
669 4214 734 4269 In
752 4214 1010 4284 incessu,
1033 4213 1091 4268 in
1112 4218 1293 4280 statu,
1319 4213 1380 4267 in
1400 4209 1633 4276 habitu,
1657 4213 1715 4266 in
1737 4211 1928 4267 omni-

261 4307 374 4360 bus
396 4303 657 4360 motibus
676 4303 882 4358 vestris
900 4302 1040 4358 nihil
1061 4300 1655 4374 ﬁatquodilliciatcuj
1669 4316 1929 4373 usquam

257 4393 594 4460 libidinem,
626 4391 731 4448 sed
761 4392 925 4465 quod
966 4399 1224 4447 vestram
1274 4390 1482 4447 deceat
1526 4391 1925 4446 sanctitatem.

262 4483 426 4541 Oculi
461 4483 634 4538 vestri
664 4483 768 4537 etsi
794 4481 1177 4552 jaciunturin
1221 4480 1505 4553 aliquem,
1560 4480 1820 4549 ﬁgantur
1869 4480 1929 4535 in

262 4573 588 4631 neminem.
622 4575 822 4644 Neque
853 4571 1008 4626 enim
1039 4570 1282 4643 quando
1312 4569 1650 4642 proceditis,
1669 4571 1822 4625 viros
1851 4569 1928 4624 vi-

262 4664 405 4721 dere
447 4661 868 4735 prohibemini,
903 4659 1009 4715 sed
1056 4667 1357 4732 appetere,
1406 4665 1509 4714 aut
1565 4659 1708 4730 ipsis
1730 4660 1933 4729 appeti

263 4752 437 4809 velle.
473 4755 586 4808 Nec
612 4750 738 4806 solo
757 4755 939 4816 tactu,
974 4747 1077 4804 sed
1100 4748 1316 4803 aﬂectu
1336 4763 1579 4820 quoque
1611 4754 1664 4801 et
1687 4751 1932 4814 aspectu

264 4842 583 4914 appetitur,
610 4845 666 4895 et
700 4840 926 4911 appetit
954 4837 1195 4894 femina.
1224 4837 1341 4892 Nec
1373 4836 1585 4891 dicatis
1619 4851 1717 4890 vos
1749 4835 1930 4891 habe-

266 4947 331 4988 re
361 4931 597 4986 animos
622 4930 893 5001 pudicos,
928 4929 974 4983 si
1005 4928 1278 4983 habeatis
1309 4925 1516 4982 oculos
1552 4923 1930 4996 impudicos:

267 5021 416 5092 quia
445 5019 784 5091 impudicus
799 5019 1010 5074 oculus
1030 5016 1315 5088 impudici
1342 5014 1537 5072 cordis
1559 5020 1647 5070 est
1667 5014 1931 5069 nuntius.

276 5111 339 5164 Et
369 5125 508 5164 cum
538 5124 599 5164 se
627 5108 880 5163 invicem
899 5107 1033 5172 sibi,
1063 5108 1243 5162 etiam
1265 5111 1490 5161 tacente
1512 5103 1739 5174 lingua,
1764 5118 1935 5159 cons-

267 5203 446 5274 pectu
468 5201 676 5252 mutuo
697 5195 880 5251 corda
895 5195 1170 5251 nuntiant
1186 5194 1509 5267 impudica,
1532 5193 1936 5250 etsecundum

272 5287 822 5359 concupiscentiam
860 5284 1058 5340 carnis
1107 5285 1387 5340 alterutro
1435 5283 1803 5340 delectantur
1842 5297 1934 5337 ar-

273 5379 420 5435 dore
444 5376 653 5443 ;etiam
667 5375 898 5430 intactis
912 5374 989 5429 ab
1004 5373 1320 5429 immunda
1334 5373 1652 5428 violatione
1671 5371 1939 5444 corpori-

274 5470 410 5533 bus,
445 5467 594 5539 fugit
631 5465 871 5521 castitas
904 5465 1038 5537 ipsa
1062 5464 1135 5519 de
1164 5463 1454 5519 moribus.
1481 5465 1594 5518 Nec
1618 5467 1827 5534 putare
1841 5461 1938 5516 de-

275 5561 378 5615 bet
405 5573 540 5630 quae
566 5558 623 5611 in
649 5554 986 5611 masculum
1009 5554 1134 5625 ﬁgit
1162 5552 1425 5616 oculum,
1457 5557 1511 5607 et
1540 5551 1696 5606 illius
1714 5552 1773 5606 in
1789 5551 1937 5621 seip-

276 5662 409 5703 sam
438 5644 630 5715 diligit
657 5645 864 5710 ilxum,
905 5659 1022 5699 non
1054 5645 1131 5698 ab
1158 5642 1288 5697 aliis
1319 5640 1527 5708 videri,
1551 5655 1689 5694 cum
1723 5639 1835 5694 hoc
1856 5638 1940 5695 fa-

277 5737 355 5794 cit
379 5755 391 5804 ;
412 5731 1247 5805 videturomninoetaquibus
1262 5729 1583 5786 viderinon
1598 5729 1938 5784 arbitratur.

1534 206 2042 280 EPISTOLARUM
2085 213 2370 280 CLASSlS
2418 215 2491 273 III

3563 208 3672 266 962

2009 347 2122 404 Sed
2154 361 2290 402 ecce
2329 345 2526 411 lateat,
2557 347 2613 399 et
2659 358 2696 398 ιι
2738 341 2977 396 nemine
3023 339 3336 395 hominum
3376 338 3666 403 videatur,

2008 436 2153 509 quid
2181 435 2355 491 faciet
2378 434 2452 488 de
2483 432 2582 487 illo
2611 446 2872 503 superno
2899 431 3234 500 inspectore
3264 444 3443 500 quem
3488 428 3669 482 latere

2008 525 2153 582 nihil
2185 523 2420 595 potest?
2452 527 2538 576 An
2568 520 2703 576 ideo
2729 519 3028 591 putandus
3048 523 3134 572 est
3155 532 3276 571 non
3294 517 3510 580 videre,
3529 515 3674 586 quia

2011 619 2174 671 tanto
2200 613 2360 668 videt
2388 611 2728 682 patientius,
2759 614 2987 680 quanto
3017 605 3394 678 sapientius?
3424 604 3505 658 llli
3530 618 3672 672 ergo

2011 703 2216 758 timeat
2241 705 2446 756 sancta
2475 698 2699 754 femina
2725 696 3060 767 displicere,
3095 711 3167 750 ne
3195 694 3334 749 velit
3363 693 3482 747 vire
3514 692 3672 748 male

2014 791 2249 861 placere
2278 806 2291 845 :
2323 789 2491 844 illum
2514 785 2950 856 cogitetomnia
2972 784 3193 847 videre,
3222 798 3296 837 ne
3314 781 3454 837 velit
3476 781 3672 836 virum

2016 880 2172 936 male
2201 879 2420 934 videre.
2439 876 2602 932 Illius
2618 889 2882 946 namque
2897 879 2952 928 et
2965 872 3024 926 in
3041 873 3154 926 hac
3167 887 3352 927 causa
3367 885 3675 926 commen-

2017 971 2195 1026 datus
2210 969 2502 1030 esttimor,
2526 966 2628 1020 ubi
2646 964 2931 1035 scriptum
2950 968 3038 1016 est
3061 979 3074 1012 :
3104 961 3457 1015 Abominatio
3483 964 3560 1014 est
3578 959 3677 1014 Do-

2017 1061 2171 1114 mino
2200 1057 2434 1129 deﬁgens
2460 1056 2675 1111 oculum
2727 1053 2911 1124 (Prov.
2963 1065 3138 1114 xxvu,
3188 1049 3276 1113 20,
3337 1063 3441 1103 sec.
3504 1048 3673 1118 LXX).

2021 1146 2274 1213 Quando
2301 1160 2440 1216 ergo
2468 1142 2645 1197 simul
2673 1142 2813 1196 estis
2846 1141 2906 1195 in
2935 1139 3200 1202 ecclesia,
3237 1143 3291 1192 et
3315 1137 3675 1207 ubicumque

2019 1236 2122 1292 ubi
2140 1240 2196 1291 et
2213 1235 2314 1290 viri
2337 1238 2491 1297 sunt,
2525 1231 2783 1286 invicem
2809 1235 3066 1284 vestram
3094 1226 3444 1299 pudicitiam
3485 1230 3679 1280 custo-

2019 1325 2157 1382 dite.
2196 1328 2346 1380 Deus
2361 1323 2517 1378 enim
2534 1322 2636 1394 qui
2651 1320 2946 1376 habitatin
2962 1318 3151 1383 vobis,
3168 1318 3347 1373 etiam
3360 1317 3470 1372 isto
3495 1315 3677 1372 modo

2018 1413 2316 1471 custodiet
2342 1429 2446 1467 vos
2472 1427 2542 1467 ex
2567 1410 2756 1466 vobis.

2096 1505 2178 1558 ll.
2213 1505 2278 1557 Et
2307 1501 2355 1556 si
2393 1501 2550 1555 hanc
2575 1500 2648 1554 de
2675 1514 2796 1570 qua
2825 1496 3060 1568 loquor,
3087 1494 3244 1551 oculi
3283 1493 3679 1567 petulantiam

2018 1593 2079 1650 in
2097 1593 2298 1665 aliqua
2317 1597 2576 1646 vestrum
2602 1587 2991 1651 adverteritis,
3017 1585 3210 1641 statim
3240 1585 3582 1648 admonete,
3609 1598 3681 1638 ne

2019 1687 2215 1753 coepta
2230 1679 2706 1752 progrediantur,
2723 1676 2827 1730 sed
2842 1691 2911 1730 ex
2929 1674 3200 1746 proximo
3215 1672 3609 1742 corrigantur.
3625 1670 3683 1726 Si

2019 1777 2219 1828 autem
2251 1775 2306 1825 et
2335 1774 2475 1841 post
2496 1766 2969 1823 admonitionem
2993 1763 3228 1827 iterum,
3257 1762 3350 1817 vel
3382 1761 3498 1816 alio
3534 1776 3683 1831 quo-

2019 1875 2280 1931 cumque
2311 1859 2407 1912 die
2437 1857 2696 1928 idipsum
2721 1870 2854 1909 eam
2870 1853 3064 1908 facere
3078 1852 3354 1914 videritis,
3374 1851 3504 1922 jam
3522 1849 3681 1906 velut

2018 1948 2391 2004 vulneratam
2416 1944 2758 2002 sanandam
2776 1942 2989 2014 prodat
3004 1955 3400 2013 quacumque
3417 1939 3683 1993 invenire

2019 2038 2214 2110 potuit
2244 2038 2377 2102 hoc,
2402 2036 2568 2107 prius
2593 2040 2792 2089 tamen
2811 2038 2866 2086 et
2895 2030 3061 2086 alteri
3087 2029 3176 2084 vel
3197 2029 3378 2083 tertiae
3401 2028 3683 2082 demons-

2021 2132 2257 2192 tratam,
2291 2132 2352 2181 ut
2389 2125 2648 2180 duarum
2695 2121 2787 2176 vel
2825 2121 3000 2175 trium
3028 2119 3220 2191 possit
3261 2133 3361 2173 ore
3412 2117 3686 2172 convinci

2022 2216 2233 2289 (Matth.
2264 2231 2424 2279 xvm,
2459 2215 2569 2281 16),
2601 2217 2655 2267 et
2687 2209 3045 2281 competenti
3068 2207 3373 2263 severitate
3400 2204 3682 2260 coerceri-

2020 2308 2134 2362 Nec
2190 2320 2299 2360 vos
2352 2301 2628 2374 judicetis
2660 2315 2792 2355 esse
2857 2296 3203 2362 malevolas,
3264 2294 3511 2368 quando
3568 2294 3683 2349 hoc

2020 2395 2316 2451 indicatis.
2347 2391 2531 2461 Magis
2561 2391 2786 2463 quippe
2851 2388 3196 2442 innocentes
3240 2400 3363 2440 non
3414 2383 3577 2448 estis,
3637 2383 3686 2437 si

2022 2499 2259 2540 sorores
2291 2487 2537 2547 vestras,
2568 2495 2721 2551 quas
2753 2475 3075 2532 indicando
3096 2475 3392 2544 corrigere
3414 2472 3683 2544 potestis,

2021 2572 2275 2630 tacendo
2308 2571 2498 2642 perire
2528 2567 2887 2640 permittitis.
2921 2566 2976 2622 Si
3009 2565 3168 2619 enim
3201 2578 3369 2619 soror
3411 2567 3516 2618 tua
3561 2561 3687 2616 vul-

2019 2679 2135 2720 nus
2167 2661 2413 2717 haberet
2437 2659 2498 2713 in
2528 2671 2798 2728 corpore,
2822 2654 2986 2726 quod
3014 2653 3184 2708 vellet
3205 2651 3506 2717 occultari,
3538 2650 3684 2705 dum

2021 2754 2253 2809 timeret
2283 2750 2490 2816 secari,
2523 2761 2722 2801 nonne
2752 2742 3071 2798 crudeliter
3095 2742 3206 2798 abs
3230 2748 3284 2796 te
3311 2740 3600 2803 sileretur,
3633 2742 3689 2794 et

2022 2839 2479 2898 misericorditer
2500 2835 2864 2890 indicaretur
2883 2833 2910 2887 ?
2922 2834 3156 2896 Quanto
3171 2845 3313 2899 ergo
3336 2830 3536 2901 potius
3551 2844 3685 2885 eam

2021 2931 2206 2987 debes
2225 2925 2624 2988 manifestare,
2647 2938 2720 2977 ne
2741 2920 3133 2992 perniciosius
3156 2924 3460 2990 putrescat
3478 2920 3538 2972 in
3563 2933 3688 2972 cor-

2025 3020 2145 3076 de?
2178 3018 2288 3075 Sed
2332 3022 2656 3086 antequam
2689 3012 2819 3066 aliis
2867 3010 3330 3073 demonstretur,
3383 3022 3488 3077 per
3531 3021 3686 3077 quas

2025 3106 2437 3166 convincenda
2451 3108 2541 3159 est
2553 3104 2600 3157 si
2615 3099 2937 3170 negaverit,
2953 3098 3287 3171 praspositse
3301 3096 3478 3152 debet
3498 3102 3690 3151 osten-

2025 3199 2107 3266 di,
2141 3199 2192 3254 si
2223 3196 2535 3253 admonita
2582 3189 2906 3261 neglexerit
2932 3186 3163 3257 corrigi,
3222 3201 3296 3240 ne
3322 3185 3467 3241 forte
3503 3185 3692 3256 possit

2029 3288 2315 3345 secretius
2345 3287 2616 3354 correpta
2640 3280 2792 3336 non‘
2815 3280 3184 3334 innotescere
3215 3275 3460 3331 caeteris.
3499 3274 3558 3331 Si
3588 3290 3687 3330 au-

2028 3381 2146 3434 tem
2170 3373 2492 3446 negaverit,
2519 3379 2658 3426 tunc
2681 3365 2919 3438 neganti
2948 3369 2969 3401 ²
2987 3364 3346 3421 adhibendae
3369 3368 3506 3418 sunt
3528 3362 3690 3434 alia,

2031 3473 2093 3524 ut
2102 3467 2229 3537 jam
2245 3479 2448 3520 coram
2463 3459 2744 3516 omnibus
2759 3455 2966 3528 possit,
2981 3469 3100 3510 non
3116 3453 3193 3510 ab
3209 3469 3330 3509 una
3341 3457 3481 3509 teste
3494 3452 3690 3522 argui.

2038 3555 2143 3611 sed
2184 3571 2216 3611 a
2249 3552 2488 3609 duabus
2513 3548 2775 3604 tribusve
2805 3545 3100 3601 convinci.
3125 3543 3405 3599 Convicta
3437 3557 3575 3598 vero
3601 3557 3694 3597 se-

2038 3642 2303 3702 cundum
2333 3638 2659 3713 prmpositm
2687 3636 2777 3691 vel
2816 3633 3146 3706 presbyteri
3177 3632 3486 3689 arbitrium
3515 3631 3696 3687 debet

2036 3731 2508 3791 emendatoriam
2540 3727 2828 3782 sustinere
2862 3722 3180 3778 vindictam
3209 3727 3229 3757 ⁸
3252 3737 3458 3793 :quam
3481 3722 3527 3775 si
3547 3720 3696 3776 ferre

2035 3820 2417 3885 recusaverit,
2445 3823 2501 3873 et
2527 3818 2575 3870 si
2611 3817 2742 3887 ipsa
2765 3829 2883 3868 non
2936 3811 3318 3873 abscesserit,
3372 3810 3446 3863 de
3497 3814 3694 3863 vestra

2037 3911 2312 3969 societate
2339 3907 2697 3980 projiciatur.
2717 3905 2838 3958 Non
2863 3900 3019 3956 enim
3040 3905 3096 3954 et
3118 3899 3232 3954 hoc
3262 3898 3327 3953 fit
3356 3897 3694 3960 crudeliter,

2036 4002 2142 4058 sed
2161 3994 2634 4058 misericorditer,
2653 4008 2725 4047 ne
2739 3989 3096 4058 contagione
3113 3985 3392 4060 pestifera
3404 3986 3697 4058 plurimas

2036 4092 2268 4165 perdat.
2291 4091 2352 4143 Et
2366 4087 2480 4142 hoc
2493 4083 2658 4157 quod
2675 4081 2796 4137 dixi
2814 4080 2888 4135 de
2900 4078 3077 4136 oculo
3095 4093 3216 4134 non
3233 4077 3494 4146 figendo,
3510 4077 3690 4132 etiam

2035 4183 2096 4238 in
2109 4179 2332 4236 caeteris
2349 4173 2737 4238 inveniendis,
2753 4169 3162 4244 prohibendis,
3179 4166 3542 4232 indicandis,
3562 4181 3701 4222 con-

2034 4268 2371 4336 vincendis,
2389 4262 2879 4333 vindicandisque
2893 4259 3151 4332 peccatis
3163 4256 3477 4329 diligenter
3494 4257 3701 4312 obser-

2035 4367 2226 4424 vetur,
2260 4373 2399 4413 cum
2421 4353 2735 4410 dilectione
2762 4352 3078 4405 hominum
3111 4353 3166 4403 et
3205 4347 3345 4402 odio
3395 4347 3698 4403 vitiorum.

2039 4452 2445 4517 Quaecumque
2467 4448 2666 4498 autem
2691 4441 2749 4494 in
2769 4443 2999 4494 tantum
3025 4450 3346 4507 progressa
3376 4434 3549 4489 fuerit
3577 4451 3701 4490 ma-

2037 4538 2184 4605 lum,
2217 4541 2280 4591 ut
2303 4532 2530 4590 occulte
2557 4530 2636 4585 ab
2667 4528 2870 4598 aliquo
2895 4526 3118 4580 litteras
3148 4524 3240 4579 vel
3271 4523 3549 4596 quaslibet
3571 4538 3703 4579 mu-

2039 4624 2295 4683 nuscula
2334 4620 2607 4691 accipiat,
2641 4618 2689 4673 si
2714 4617 2828 4672 hoc
2860 4614 3011 4670 ultro
3050 4614 3384 4678 conﬁtetur,
3420 4617 3700 4685 parcatur

2039 4716 2143 4781 illi,
2176 4719 2230 4770 et
2251 4716 2449 4767 oretur
2473 4724 2579 4780 pro
2605 4723 2694 4764 ea.
2725 4707 2786 4760 Si
2804 4711 3003 4760 autem
3026 4702 3496 4775 deprehenditur
3517 4709 3700 4774 atque

2039 4803 2427 4863 convincitur,
2477 4796 2806 4853 secundum
2857 4794 3169 4851 arbitrium
3219 4794 3556 4865 prmpositaa
3610 4792 3701 4847 vel

2041 4891 2388 4968 presbyteri,
2411 4888 2502 4944 vel
2533 4886 2714 4942 etiam
2755 4885 3040 4957 episcopi,
3071 4883 3310 4955 gravius
3348 4882 3700 4938 emendetur

2117 4987 2198 5037 l2.
2236 4982 2428 5034 Vestes
2458 4981 2685 5031 vestras
2713 4975 2773 5029 in
2801 4990 2921 5028 uno
2966 4972 3096 5028 loco
3125 4971 3341 5026 habete
3367 4972 3387 5004 ⁴
3420 4970 3532 5023 sub
3579 4984 3700 5025 una

2043 5068 2417 5135 custode,vel
2437 5063 2803 5128 duabus,vel
2828 5067 2974 5134 quot
2999 5061 3270 5116 sufficere
3294 5058 3590 5130 potuerint
3622 5057 3701 5114 ad

2044 5176 2144 5217 eas
2158 5155 2566 5224 excutiendas,
2587 5169 2658 5209 ne
2678 5152 2907 5208 atimea
2923 5151 3245 5206 laedantur:
3277 5148 3496 5203 etsicut
3514 5147 3705 5219 pasci-

2046 5251 2275 5306 miniex
2299 5262 2418 5302 uno
2439 5244 2699 5306 cellario,
2726 5241 2809 5296 sic
2832 5238 3248 5294 induaminiex
3267 5253 3385 5292 uno
3403 5236 3702 5292 vestiario.

2047 5342 2112 5395 Et
2145 5339 2192 5393 si
2222 5338 2587 5406 ﬁeripotest,
2620 5346 2740 5387 non
2782 5329 2858 5384 ad
2891 5344 2997 5383 vos
3023 5325 3316 5399 pertineat
3352 5325 3500 5397 quid
3532 5325 3701 5381 vobis

2110 5483 2123 5510 ί
2148 5479 2284 5532 Edd.
2309 5477 2560 5527 carebant
2601 5473 2682 5522 hic
2699 5471 3002 5534 negatione,
3022 5483 3143 5533 quas
3163 5483 3229 5519 ex
3244 5469 3368 5518 Mss.
3384 5469 3707 5520 restituitur.

2109 5544 2126 5572 '
2152 5543 2273 5591 Mss.
2309 5540 2523 5593 habent,
2549 5543 2665 5585 tunc
2693 5533 2968 5582 mentienti.

2107 5607 2126 5637 ⁸
2160 5605 2288 5657 Mss.
2331 5615 2535 5656 omnes,
2570 5597 2918 5662 disciplinam.

2111 5669 2127 5697 ⁸
2148 5667 2230 5716 Sic
2260 5656 2313 5714 in
2337 5667 2458 5714 Mss.
2509 5666 2573 5711 At
2594 5663 2647 5709 in
2672 5656 2879 5724 Regula
2899 5656 3022 5706 viris
3043 5659 3226 5722 aptata
3239 5656 3452 5722 legitur,
3473 5660 3529 5707 in
3544 5666 3706 5712 unum

2049 5730 2294 5782 habeatis.
