4118 6164
533 318 912 378 induendum
940 331 1048 389 pro
1089 311 1370 384 temporis
1403 311 1795 384 congruentia
1837 312 2188 384 proferatur,

533 415 734 466 utrum
768 409 880 463 hoc
911 404 1156 475 recipiat
1188 417 1560 474 unaquaeque
1590 405 1856 458 vestrum
1886 402 2052 474 quod
2091 403 2189 458 de-

533 499 834 572 posuerat,
849 509 924 549 an
939 492 1099 548 aliud
1112 492 1275 564 quod
1289 491 1474 548 altera
1487 490 1798 555 habuerat,
1824 491 1968 546 dum
1989 496 2189 548 tamen

534 584 858 654 unicuique
880 580 1044 653 quod
1068 595 1222 652 opus
1244 584 1463 635 estnon
1483 584 1748 649 negetur.
1766 577 1821 634 Si
1837 585 2038 636 autem
2051 579 2190 636 hinc

535 676 686 731 inter
708 687 813 726 vos
834 670 1244 726 contentiones
1259 673 1639 725 etmurmura
1658 668 1947 734 oriuntur,
1971 674 2028 725 et
2050 685 2190 726 con-

533 762 804 834 queritur
828 759 1030 831 aliqua
1058 758 1316 814 deterius
1331 757 1557 828 aliquid
1588 773 1649 812 se
1675 757 1980 829 accepisse
2000 775 2186 830 quam

530 851 696 924 prius
729 849 1041 914 habuerat,
1075 852 1132 902 et
1156 847 1468 916 indignam
1500 846 1807 916 sejudicat
1833 863 1966 902 esse
1995 863 2131 918 quas
2168 850 2182 883 ¹

529 940 612 996 ita
641 940 942 1003 vestiatur,
971 937 1122 991 sicut
1149 935 1263 992 alia
1284 951 1451 990 soror
1471 935 1599 1004 ejus
1622 934 1984 990 vestiebatur
2007 953 2020 1001 ;
2045 935 2185 993 hinc

532 1044 638 1084 vos
665 1029 909 1098 probate
936 1031 1231 1097 quantum
1255 1022 1426 1079 vobis
1457 1023 1606 1078 desit
1640 1022 1699 1077 in
1753 1023 1856 1080 illo
1907 1024 2183 1082 interiore

531 1121 740 1173 sancto
770 1115 976 1171 habitu
1001 1113 1219 1177 cordis,
1249 1128 1387 1184 quae
1409 1127 1517 1183 pro
1546 1111 1758 1167 habitu
1790 1114 2054 1184 corporis
2075 1113 2184 1169 liti-

524 1207 696 1278 gatis.
730 1207 948 1261 Tamen
984 1203 1030 1258 si
1056 1207 1249 1257 vestra
1277 1200 1560 1256 toleratur
1590 1201 1929 1266 inﬁrmitas,
1966 1207 2024 1257 ut
2070 1202 2181 1259 hoc

524 1294 822 1366 recipiatis
860 1291 1024 1364 quod
1058 1291 1412 1363 posueratis,
1446 1289 1506 1344 in
1535 1305 1654 1344 uno
1683 1295 1882 1346 tamen
1913 1291 2044 1346 loco
2066 1292 2179 1348 sub

523 1382 950 1440 communibus
982 1378 1327 1436 custodibus
1359 1378 1575 1434 habete
1604 1379 1768 1451 quod
1809 1379 2059 1451 ponitis;
2098 1381 2181 1436 ita

521 1488 666 1529 sane
696 1477 758 1529 ut
787 1471 951 1526 nulla
977 1470 1088 1525 sibi
1120 1468 1347 1539 aliquid
1377 1475 1672 1540 operetur,
1724 1468 1846 1523 sive
1898 1471 2052 1526 unde
2095 1471 2180 1526 in-

521 1561 760 1626 duatur,
795 1560 914 1614 sive
945 1559 1040 1614 ubi
1082 1558 1298 1628 jaceat,
1361 1558 1484 1611 sive
1534 1556 1692 1612 unde
1739 1557 2033 1627 cingatur,
2088 1559 2178 1615 vel

520 1650 844 1722 operiatur,
887 1647 978 1702 vel
1004 1651 1184 1718 caput
1215 1649 1529 1715 contegat;
1573 1644 1679 1700 sed
1733 1647 1939 1702 omnia
1990 1663 2176 1718 opera

519 1744 714 1794 vestra
736 1738 797 1793 in
823 1749 1144 1792 commune
1164 1732 1550 1802 ﬂantmajore
1572 1733 1770 1788 studio
1791 1733 2174 1807 frequentiori

520 1827 842 1889 alacritate,
873 1839 1059 1896 quam
1092 1823 1140 1878 si
1160 1821 1326 1877 vobis
1349 1821 1590 1894 propria
1606 1820 1894 1877 faceretis.
1913 1823 2177 1881 Charitas

517 1915 677 1972 enim
705 1915 779 1970 de
809 1930 930 1986 qua
962 1913 1254 1983 scriptum
1282 1916 1372 1967 est
1408 1910 1573 1982 quod
1600 1927 1720 1966 non
1771 1915 1987 1982 quaerit
2043 1929 2176 1985 qua

520 2020 627 2062 sua
660 2008 797 2061 sunt
828 2005 885 2074 (Ι
913 2004 1048 2058 Cor.
1079 2017 1200 2066 xui,
1227 2001 1304 2071 5),
1339 2001 1425 2055 sic
1450 2000 1812 2071 intelligitur,
1845 2003 1988 2074 quia
2013 2019 2174 2060 com-

523 2095 732 2152 munia
761 2091 1040 2166 propriis,
1064 2105 1184 2146 non
1207 2090 1451 2162 propria
1472 2090 1901 2146 communibus
1927 2097 2172 2164 antepo-

519 2185 626 2242 nit.
657 2183 722 2239 Et
751 2181 1123 2252 ideoquanto
1152 2177 1549 2250 ampliusrem
1574 2193 1960 2235 communem
1983 2196 2170 2253 quam

520 2271 830 2346 propriam
855 2268 1223 2336 curaveritis,
1242 2273 1407 2322 tanto
1420 2265 1683 2338 amplius
1712 2283 1817 2323 vos
1845 2268 2170 2339 profecisse

518 2361 800 2418 noveritis
828 2376 841 2426 ;
885 2363 948 2414 ut
985 2357 1046 2413 in
1076 2355 1358 2413 omnibus
1387 2355 1612 2427 quibus
1641 2356 1820 2412 utitur
1851 2361 2170 2419 transitura

521 2450 865 2512 necessitas,
893 2447 1342 2519 superemineat
1369 2461 1506 2515 quas
1549 2450 1861 2516 permanet
1887 2447 2166 2506 charitas.

523 2543 912 2610 Consequens
944 2550 1086 2605 ergo
1117 2542 1207 2590 est
1236 2539 1295 2589 ut
1340 2533 1517 2590 etiam
1550 2533 1694 2588 illud
1724 2535 1889 2606 quod
1916 2536 2041 2592 suis
2075 2539 2168 2595 vel

516 2628 756 2683 ﬁliabus
787 2625 880 2681 vel
909 2623 1110 2696 aliqua
1149 2621 1588 2678 necessitudine
1619 2621 1697 2677 ad
1728 2639 1791 2679 se
1822 2625 2165 2695 pertinenti-

513 2714 630 2773 bus
672 2716 734 2770 in
778 2712 1147 2770 monasterio
1196 2711 1528 2768 constitutis
1570 2710 1786 2782 aliquis
1825 2712 1914 2768 vel
1963 2715 2166 2787 aliqua

515 2803 850 2870 contulerit,
885 2802 1009 2858 sive
1054 2807 1303 2868 vestem,
1333 2800 1456 2854 sive
1486 2799 1796 2871 quodlibet
1821 2801 1982 2858 aliud
2012 2803 2165 2861 inter

515 2891 855 2950 necessaria
891 2889 1330 2963 deputandum,
1369 2904 1486 2944 non
1525 2889 1753 2945 occulte
1787 2892 2111 2962 accipiatur
2145 2911 2160 2961 ;

516 2984 622 3040 sed
643 2983 717 3038 sit
744 2982 805 3038 in
831 2985 1125 3054 potestate
1147 2981 1500 3051 prepositaa,
1531 2982 1595 3033 ut
1619 2979 1680 3034 in
1713 2995 2036 3037 commune
2067 2999 2158 3040 re-

514 3072 782 3135 dactum,
803 3069 930 3126 cui”
964 3068 1365 3125 necessarium
1393 3065 1585 3132 fuerit,
1605 3067 1961 3140 praebeatur.
1987 3072 2158 3137 Quod

513 3161 564 3217 si
589 3161 793 3233 aliqua
826 3175 951 3216 rem
983 3158 1093 3214 sibi
1125 3157 1398 3213 collatam
1427 3155 1724 3223 celaverit,
1765 3157 1904 3215 furti
1930 3159 2158 3230 judicio

509 3249 941 3308 condemnetur
971 3251 1013 3303 ⁸.

584 3339 666 3395 13.
691 3339 1050 3394 Indumenta
1079 3340 1275 3390 vestra
1304 3333 1636 3390 secundum
1668 3334 1981 3392 arbitrium
2008 3353 2157 3411 pras-

506 3430 717 3502 positte
747 3427 1041 3489 laventur,
1069 3423 1195 3479 sive
1234 3438 1270 3478 a
1299 3421 1489 3487 vobis,
1522 3437 1558 3478 a
1588 3421 1934 3491 fullonibus,
1967 3441 2041 3482 ne
2070 3428 2157 3483 in-

511 3519 753 3575 teriores
787 3515 1005 3572 animas
1054 3511 1260 3569 sordes
1313 3511 1628 3568 contrahat
1674 3513 1916 3570 munda
1981 3518 2155 3573 vestis

505 3605 733 3662 nimius
754 3603 1072 3675 appetitus.
1089 3601 1418 3657 Lavacrum
1436 3602 1614 3656 etiam
1635 3616 1957 3673 corporum
1982 3621 2155 3660 usus-

509 3710 629 3768 que
659 3693 1012 3750 balnearum
1042 3705 1164 3746 non
1192 3691 1263 3745 sit
1292 3689 1602 3760 assiduus,
1636 3691 1735 3744 sed
1765 3705 1836 3748 eo
1863 3693 2026 3764 quod
2061 3711 2152 3751 so.

504 3785 584 3840 let
609 3781 916 3839 intervallo
955 3778 1244 3852 temporis
1284 3778 1604 3844 tribuatur,
1652 3777 1769 3835 hoc
1817 3786 1925 3846 est,
1967 3784 2150 3840 semel

503 3875 559 3930 in
581 3888 805 3929 mense.
831 3871 1012 3940 Cujus
1039 3874 1237 3926 autem
1263 3867 1622 3924 inﬁrmitatis
1643 3870 1967 3926 necessitas
1993 3871 2151 3941 cogit

505 3962 830 4021 lavandum
857 3973 1234 4031 corpus,non
1258 3957 1494 4027 longius
1514 3956 1821 4014 differatur
1849 3977 1862 4017 :
1893 3959 1994 4017 fiat
2021 3960 2148 4017 sine

501 4066 810 4108 murmure
839 4049 913 4104 de
935 4047 1182 4104 consilio
1208 4046 1443 4112 medici,
1477 4047 1558 4102 ita
1588 4055 1652 4102 ut
1682 4048 1860 4104 etiam
1892 4049 1940 4104 si
1979 4049 2146 4120 nolit,

502 4141 749 4213 jubente
777 4138 1097 4210 prmposita
1142 4135 1319 4192 faciat
1345 4135 1511 4206 quod
1541 4135 1881 4192 faciendum
1918 4143 2010 4192 est
2037 4154 2146 4210 pro

501 4230 712 4286 salute.
746 4227 802 4283 Si
843 4232 1044 4284 autem
1071 4225 1232 4290 velit,
1270 4229 1326 4280 et
1356 4224 1502 4280 forte
1539 4239 1663 4280 non
1712 4225 1970 4297 expedit,
2020 4243 2145 4284 sum

495 4317 805 4392 cupiditati
840 4331 960 4373 non
987 4313 1305 4372 obediatur
1327 4329 1340 4370 :
1364 4313 1694 4384 aliquando
1721 4315 1880 4371 enim
1911 4317 2143 4373 etiamsi

493 4412 728 4478 noceat,
767 4406 1053 4480 prodesse
1083 4403 1341 4460 creditur
1382 4403 1546 4475 quod
1575 4403 1846 4460 delectat.
1881 4406 2144 4478 Denique

496 4499 544 4555 si
572 4497 764 4554 latens
798 4502 884 4552 est
907 4495 1081 4550 dolor
1107 4494 1168 4549 in
1194 4507 1442 4564 corpore
1481 4491 1721 4548 famula:
1769 4493 1889 4558 Dei,
1922 4494 2144 4552 dicenti

498 4588 650 4661 quid
701 4586 810 4642 sibi
839 4584 1057 4649 doleat,
1090 4584 1215 4640 sine
1259 4582 1630 4638 dubitatione
1679 4582 2000 4639 credatur:
2037 4584 2142 4640 sed

499 4685 697 4733 tamen
750 4680 948 4731 utrum
980 4672 1256 4730 sanando
1286 4671 1368 4728 illi
1397 4670 1609 4737 dolori,
1643 4672 1808 4742 quod
1863 4672 2138 4740 delectat,

493 4765 792 4839 expediat,
818 4763 867 4818 si
901 4778 1020 4820 non
1051 4767 1142 4818 est
1191 4767 1442 4826 certum,
1477 4761 1745 4817 medicus
1773 4762 2134 4819 consulatur.

491 4859 610 4913 Nec
630 4859 770 4911 eant
799 4853 878 4910 ad
914 4851 1184 4922 balneas,
1228 4850 1353 4907 sive
1377 4865 1766 4922 quocumque
1792 4851 1875 4906 ire
1897 4865 2139 4908 necesse

492 4945 688 5011 fuerit,
727 4944 927 5000 minus
969 4957 1157 5014 quam
1199 4944 1338 4996 tres.
1372 4942 1486 4996 Nec
1516 4937 1617 4995 illa
1643 4955 1780 5010 quae
1818 4939 2000 4996 habet
2031 4939 2139 4998 ali-

492 5052 616 5110 quo
646 5031 1434 5096 eundinecessitatem,cum
1459 5027 1687 5100 quibus
1710 5029 1842 5100 ipsa
1862 5029 2135 5097 voluerit,

497 5127 606 5184 sed
649 5141 787 5183 cum
818 5122 1042 5195 quibus
1070 5119 1395 5193 praeposita
1443 5118 1709 5190 jusserit,
1754 5118 1837 5175 ire
1875 5119 2132 5176 debebit.

543 5271 557 5301 ί
593 5269 680 5318 Sic
709 5267 839 5321 Mss.
874 5264 1048 5318 Vatic.
1079 5263 1147 5312 At
1168 5259 1296 5311 Edd.
1334 5264 1386 5310 et
1421 5260 1659 5309 virorum
1688 5260 1892 5324 regula,
1924 5275 2030 5310 non
2062 5260 2137 5310 ita

482 5337 884 5449 ":“Fﬂgtcum
917 5387 1257 5439 necessarium
1282 5386 1459 5449 fuerit.
1501 5385 1601 5434 Sed
1634 5385 1822 5435 melius
1857 5385 2010 5443 Mss..
2048 5387 2132 5434 σαί

480 5453 532 5502 et
560 5456 628 5503 sit
657 5455 799 5503 haud
834 5454 994 5503 dubie
1018 5453 1230 5516 legebat
1259 5449 1676 5516 SLBenedictus,
1692 5450 1788 5516 qui
1817 5450 2129 5516 prxeceptio-

478 5527 575 5564 nes
594 5517 715 5565 hinc
731 5530 839 5565 non
866 5513 1264 5578 paucasfatque
1283 5513 1631 5578 illamipsam
1658 5513 1736 5578 sic
1773 5513 2046 5561 transtulit
2067 5513 2127 5578 in_

481 5578 740 5642 Regulam
764 5575 936 5642 suam,
965 5591 1082 5642 cap.
1137 5575 1195 5626 57
1227 5591 1239 5624 :
1285 5577 1352 5624 In
1393 5575 1594 5624 abbatis
1623 5576 1688 5624 sit
1719 5578 1982 5636 potestate,
2048 5575 2129 5624 cui

480 5639 616 5695 “(id
641 5639 821 5703 jubeat
856 5640 992 5688 dari.

542 5705 562 5739 ⁸
591 5699 780 5758 [animo
795 5703 1062 5752 sententia
1086 5702 1240 5751 abest.
1270 5717 1302 5749 a
1321 5699 1438 5749 Mss.
1475 5700 1766 5753 nonnullis.

1809 182 1867 244 s.
1909 169 2292 244 AUGUSTINI
2333 176 2653 248 EPISCOPI

3785 187 3874 254 ςιι

2297 315 2727 384 Egrotantium
2760 329 2906 370 cura
2926 313 3052 370 sive
3071 315 3209 386 post
3238 312 3637 384 aegritudinem
3661 316 3884 377 reficien-

2297 402 2534 469 darum,
2567 404 2689 460 sive
2730 403 2934 476 aliqua
2963 402 3369 459 imbecillitate
3409 403 3581 460 etiam
3609 405 3724 461 sine
3748 407 3888 464 febri-

2295 490 2410 547 bus
2439 492 2869 560 laborantium,
2910 491 3091 548 alicui
3120 491 3300 548 debet
3330 492 3574 564 injungi,
3605 498 3665 548 ut
3688 496 3804 566 ipsa
3828 497 3888 554 de

2295 579 2532 637 cellario
2565 586 2724 653 petat
2752 580 2917 654 quod
2948 581 3162 654 cuique
3193 596 3348 652 opus
3375 596 3504 637 esse
3527 586 3853 654 perspexerit
3877 603 3888 652 ;

2294 670 2414 724 sive
2463 676 2663 727 autem
2699 686 2834 743 quas
2860 670 3119 735 cellario,
3161 670 3285 725 sive
3316 685 3449 742 quas
3488 671 3758 738 vestibus,
3787 674 3888 732 sive

2293 775 2428 831 qua:
2455 759 2764 816 codicibus
2811 764 3261 833 prmponuntur,
3295 760 3420 815 sine
3460 775 3753 818 murmure
3795 779 3889 820 ser-

2292 848 2455 904 viant
2485 849 2791 906 sororibus
2822 849 2963 905 suis.
2998 849 3243 906 Codices
3295 853 3454 904 certa
3493 849 3637 904 hora
3677 851 3886 921 singulis

2290 934 2502 992 diebus
2530 944 2843 1009 petantur;
2872 943 3039 993 extra
3060 937 3271 993 horam
3302 953 3438 1008 quas
3471 938 3765 1009 petiverint
3791 956 3885 997 non

2289 1025 2602 1098 accipiant.
2634 1027 3002 1084 Vestimenta
3031 1041 3171 1082 vero
3187 1031 3244 1082 et
3269 1025 3886 1101 calceamentaquando

2290 1114 2504 1172 fuerint
2524 1116 2815 1187 indigenti
2837 1116 3194 1182 necessaria,
3212 1117 3356 1172 dare
3379 1132 3500 1173 non
3519 1115 3778 1174 differant
3801 1123 3888 1177 sub

2287 1220 2547 1278 quarum
2588 1205 2858 1261 custodia
2883 1211 3020 1262 sunt
3049 1221 3187 1279 qua
3225 1210 3574 1278 poscuntur.

2357 1313 2446 1369 14.
2473 1312 2735 1368 Litesaut
2753 1312 2947 1368 nullas
2973 1311 3265 1382 habeatis,
3282 1317 3388 1368 aut
3406 1328 3593 1385 quam
3624 1313 3884 1372 celerrime

2284 1399 2525 1466 ﬁniatis,
2559 1417 2632 1456 ne
2657 1401 2746 1456 ira
2774 1406 3005 1457 crescat
3033 1400 3093 1456 in
3130 1401 3363 1465 odium,
3411 1407 3470 1457 et
3499 1401 3717 1458 trabem
3747 1403 3888 1460 faciat

2283 1488 2358 1544 de
2387 1489 2634 1556 festuca,
2665 1495 2724 1545 et
2765 1490 3034 1546 animam
3077 1490 3252 1546 faciat
3297 1489 3685 1548 homicidam.
3725 1493 3886 1566 Neque

2283 1578 2440 1634 enim
2459 1578 2532 1634 ad
2554 1578 2713 1634 solos
2739 1579 2894 1635 viros
2917 1579 3171 1650 pertinet
3197 1579 3364 1651 quod
3391 1579 3676 1651 scriptum
3689 1587 3784 1645 est,
3799 1582 3888 1650 Qui

2282 1667 2405 1723 odit
2427 1667 2683 1736 fratrem
2730 1683 2926 1732 suum,
2954 1667 3257 1724 homicida
3287 1673 3376 1724 est
3405 1669 3452 1738 (Ι
3479 1669 3654 1724 Joan.
3684 1684 3756 1735 ιιι,
3783 1672 3884 1741 15);

2281 1756 2384 1811 sed
2437 1771 2581 1811 sexu
2611 1756 2968 1820 masculino,
3022 1771 3212 1828 quem
3269 1757 3535 1827 primum
3577 1757 3719 1811 Deus
3761 1757 3883 1824 fecit,

2280 1845 2458 1901 etiam
2504 1843 2800 1902 femineus
2840 1852 3211 1917 praeceptum
3262 1860 3444 1901 sexus
3475 1846 3713 1918 accepit.
3755 1848 3888 1913 Quis-

2280 1950 2540 2007 cumque
2570 1935 2862 2001 convicio,
2894 1934 2988 1990 vel
3021 1934 3365 2005 maledicto,
3405 1934 3502 1991 vel
3531 1937 3703 1991 etiam
3731 1939 3887 1992 crimi-

2278 2023 3150 2093 nisobjectu,alteramlaeserit,
3170 2023 3514 2079 meminerit
3535 2023 3887 2082 satisfactione

2276 2112 2638 2184 quantocius
2671 2128 2879 2168 curare
2905 2111 3073 2184 quod
3103 2111 3250 2175 fecit.
3289 2117 3346 2168 et
3373 2111 3478 2168 illa
3497 2128 3632 2184 quae
3658 2112 3784 2169 lassa
3800 2123 3880 2176 est,

2277 2200 2402 2256 sine
2427 2200 2859 2272 disceptatione
2897 2200 3214 2256 dimittere.
3254 2199 3310 2256 Si
3336 2206 3545 2256 autem
3573 2200 3802 2256 invicem
3833 2218 3878 2257 se

2275 2289 2558 2346 lmserunt
2603 2289 2857 2346 invicem
2893 2289 3006 2344 sibi
3052 2288 3256 2345 debita
3295 2288 3570 2346 relaxare
3598 2289 3878 2354 debebunt,

2274 2383 2508 2450 propter
2533 2379 2837 2435 orationes
2859 2385 3126 2450 vestras;
3153 2394 3307 2450 quas
3326 2379 3534 2450 utique
3558 2384 3770 2451 quanto
3785 2395 3878 2434 cre-

2273 2467 2499 2524 briores
2531 2467 2786 2533 habetis,
2834 2471 2999 2524 tanto
3041 2467 3372 2523 sanctiores
3415 2467 3641 2524 habere
3679 2467 3879 2524 debetis.

2273 2558 2468 2614 Melior
2503 2564 2594 2613 est
2630 2562 2831 2614 autem
2861 2572 2996 2629 quas
3029 2557 3311 2630 quamvis
3339 2557 3431 2614 ira
3465 2573 3624 2630 saepe
3651 2563 3878 2622 tentatur,

2272 2651 2473 2703 tamen
2519 2646 2836 2718 impetrare
2875 2645 3116 2702 festinat
3149 2650 3213 2701 ut
3258 2647 3372 2702 sibi
3425 2646 3683 2704 dimittat
3720 2647 3798 2702 cui
3830 2663 3876 2703 se

2269 2734 2476 2792 fecisse
2496 2739 2767 2808 agnoscit
2790 2735 3092 2807 injuriam,
3123 2751 3312 2807 quam
3332 2751 3477 2808 quas
3505 2736 3726 2793 tardius
3753 2735 3876 2791 iras-

2268 2823 2437 2889 citur,
2471 2828 2528 2880 et
2553 2827 2626 2880 ad
2649 2824 2884 2880 veniam
2906 2824 3230 2896 petendam
3249 2823 3557 2881 difﬁcilius
3579 2824 3873 2881 inclinatur.

2268 2913 2409 2978 Quae
2458 2928 2580 2969 non
2611 2911 2736 2968 vult
2790 2911 3086 2968 dimittere
3127 2912 3334 2979 sorori,
3367 2928 3498 2970 non
3547 2920 3730 2986 speret
3751 2914 3876 2969 acci-

2266 3017 2405 3074 pere
2442 3000 2732 3058 orationis
2781 2999 3060 3058 effectum
3104 3017 3118 3057 :
3161 3017 3300 3074 qum
3344 3008 3552 3059 autem
3600 3017 3871 3075 nunquam

2264 3091 2393 3147 vult
2424 3095 2622 3164 petere
2649 3089 2909 3156 veniam,
2949 3096 3055 3146 aut
3079 3106 3203 3147 non
3232 3105 3306 3147 ex
3330 3091 3542 3149 animo
3585 3093 3741 3164 petit,
3768 3092 3871 3148 sine

2263 3196 2447 3237 causa
2485 3186 2568 3237 est
2600 3180 2660 3236 in
2715 3180 3101 3246 monasterio,
3146 3180 3382 3237 etiamsi
3443 3197 3568 3237 non
3609 3181 3738 3237 inde
3764 3196 3870 3254 pro-

2255 3269 2514 3340 jiciatur.
2562 3267 2808 3326 Proinde
2851 3268 3024 3325 vobis
3065 3285 3102 3326 a
3131 3269 3330 3326 verbis
3378 3269 3722 3327 durioribus
3761 3286 3865 3342 par.

2261 3359 2370 3415 cite
2397 3380 2408 3424 ;
2439 3375 2577 3431 quas
2614 3358 2663 3414 si
2692 3359 2912 3415 emissa
2947 3357 3165 3415 fuerint
3192 3375 3265 3415 ex
3294 3374 3397 3415 ore
3426 3367 3646 3427 vestro,
3669 3375 3776 3416 non
3803 3358 3868 3430 pi-

2261 3452 2399 3518 geat
2435 3463 2507 3503 ex
2557 3448 2692 3520 ipso
2735 3462 2838 3504 ore
2873 3445 3136 3518 proferre
3176 3448 3642 3516 medicamenta,
3681 3464 3747 3504 ex
3771 3463 3867 3521 quo

2261 3537 2418 3592 facta
2449 3542 2590 3592 sunt
2621 3536 2891 3592 vulnera.
2935 3536 3188 3600 Quando
3210 3541 3408 3593 autem
3443 3538 3754 3594 necessitas
3776 3537 3869 3592 dis-

2260 3625 2495 3696 ciplinas
2541 3626 2871 3681 minoribus
2918 3625 3261 3682 coercendis
3305 3625 3508 3684 dicere
3563 3643 3664 3684 vos
3719 3629 3864 3683 verba

2257 3715 2410 3772 dura
2440 3715 2765 3788 compellit,
2814 3714 2868 3770 si
2897 3715 3075 3772 etiam
3123 3714 3184 3771 in
3223 3717 3368 3788 ipsis
3401 3715 3654 3772 modum
3678 3732 3775 3772 vos
3792 3731 3867 3771 ex-

2257 3805 2504 3860 cessisse
2536 3805 2785 3868 sentitis,
2830 3818 2951 3860 non
2999 3820 3036 3858 a
3078 3803 3252 3860 vobis
3299 3803 3557 3874 exigitur
3599 3809 3660 3862 ut
3698 3804 3768 3861 ab
3801 3805 3865 3860 eis

2256 3895 2497 3949 veniam
2524 3893 2851 3964 postuletis,
2893 3907 2968 3948 ne
2990 3892 3154 3964 apud
3195 3908 3296 3949 eas
3327 3909 3485 3965 quas
3513 3899 3734 3965 oportet
3759 3908 3864 3948 esse

2255 3982 2577 4053 subjectae,
2609 3981 2758 4037 dum
2786 3981 2971 4038 nimia
3000 3986 3271 4038 servatur
3299 3980 3628 4049 humilitas,
3657 3980 3866 4053 regendi

2254 4067 2560 4140 frangatur
2585 4070 2908 4126 auctoritas
2935 4087 2948 4125 :
2993 4069 3097 4126 sed
3120 4075 3318 4126 tamen
3341 4070 3596 4142 petenda
3618 4077 3701 4127 est
3726 4072 3864 4126 venia

2253 4158 2331 4215 ab
2351 4159 2626 4216 omnium
2655 4158 2929 4224 Domino,
2956 4158 3062 4232 qui
3087 4160 3444 4216 novitetiam
3474 4175 3576 4216 eas
3598 4176 3736 4232 quas
3757 4159 3861 4231 plus

2245 4247 2413 4319 justo
2432 4249 2580 4305 forte
2603 4247 2920 4320 corripitis,
2940 4252 3169 4320 quanta
3188 4248 3604 4306 benevolentia
3621 4248 3861 4319 diligatis.

2249 4339 2373 4393 Non
2401 4341 2601 4393 autem
2624 4336 2902 4404 carnalis,
2938 4337 3042 4393 sed
3074 4336 3402 4408 spiritualis
3422 4338 3574 4394 inter
3596 4354 3692 4396 vos
3714 4337 3860 4392 debet
4018 4347 4019 4393 ι

2249 4441 2377 4482 esse
2398 4426 2635 4482 dilectio
2668 4441 2681 4478 :
2716 4441 2859 4482 nam
2891 4441 3027 4499 quae
3061 4425 3284 4482 faciunt
3312 4426 3563 4499 pudoris
3586 4427 3861 4483 immemo«

2247 4529 2360 4580 res,
2392 4516 2571 4570 etiam
2599 4514 2836 4570 feminis
2867 4513 3130 4583 feminae,
3157 4515 3423 4585 jocando
3457 4516 3696 4588 turpiter
3717 4521 3766 4570 et
3791 4514 3860 4568 lu-
4015 4523 4017 4588 ι

2247 4603 2464 4672 dendo,
2487 4619 2607 4658 non
2621 4603 2868 4660 soluma
2891 4602 3088 4658 viduis
3110 4611 3164 4659 et
3183 4604 3416 4660 intactis
3439 4604 3665 4660 ancillis
3682 4601 3860 4660 Christi
4015 4621 4017 4727 1

2247 4690 2305 4727 ίη
2351 4697 2558 4727 annnln
2587 4693 2894 4727 nnnnnniIn
2919 4690 3255 4727 nnnnﬁlnﬁa
3313 4691 3413 4727 una
3447 4691 3690 4727 nnaninn
3719 4705 3811 4727 nan
3834 4704 3857 4727 ﬂ

2247 4690 2308 4747 in
2351 4697 2558 4748 sancto
2587 4693 2895 4764 proposito
2919 4690 3280 4757 constitutis,
3313 4691 3417 4747 sed
3447 4691 3690 4749 omnino
3718 4705 3813 4746 nec
3834 4704 3862 4744 a

2244 4781 2597 4837 mulieribus
2627 4780 2846 4854 nuptis,
2877 4795 2985 4837 nec
3015 4796 3050 4837 a
3089 4780 3422 4852 virginibus
3457 4787 3594 4838 sunt
3618 4777 3860 4837 facienda

2246 4870 2552 4943 nupturis.

2318 4977 2402 5030 15.
2435 4975 2766 5046 Praepositae
2787 4979 3080 5048 tanquam
3103 4975 3278 5033 matri
3299 4975 3635 5041 obediatur,
3665 4976 3858 5032 honore
4013 4953 4015 5061 1

2242 5068 2496 5128 servato,
2531 5078 2604 5118 ne
2634 5065 2694 5119 in
2725 5063 2826 5120 illa
2855 5063 3198 5120 otfendatur
3228 5063 3384 5120 Deus
3415 5084 3428 5123 :
3463 5064 3647 5122 multo
3692 5062 3856 5131 magis

2242 5153 2592 5226 presbytero
2625 5153 2729 5224 qui
2761 5154 3033 5210 omnium
3074 5157 3340 5210 vestrum
3369 5169 3575 5211 curam
3604 5154 3757 5226 gerit.
3798 5152 3854 5205 Ut

2240 5257 2382 5313 ergo
2412 5247 2628 5299 cuncta
2647 5241 2764 5299 ista
2780 5248 3106 5308 serventur,
3127 5248 3184 5299 et
3206 5243 3254 5298 si
3275 5243 3422 5315 quid
3447 5249 3735 5300 servatum
3751 5253 3852 5296 non

2239 5331 2432 5399 fuerit,
2465 5346 2585 5387 non
2613 5330 2979 5404 negligenter
3005 5336 3409 5403 prmtereatur,
3445 5331 3548 5388 sed
3564 5328 3852 5388 emendan-

2239 5422 2387 5479 dum
2404 5421 2947 5494 corrigendumque
2961 5425 3221 5488 curetur,
3240 5421 3318 5478 ad
3339 5423 3711 5495 prmpositam
3729 5433 3849 5491 prte-

2239 5512 2412 5584 cipue
2453 5512 2722 5584 pertinet,
2755 5513 2837 5567 ita
2887 5517 2947 5566 ut
2989 5510 3069 5567 ad
3111 5510 3524 5584 presbyterum
3565 5510 3667 5584 qui
3704 5506 3845 5564 vobis

2237 5600 2511 5667 intendit,
2533 5599 2924 5673 referatquod
2938 5600 3188 5657 modum
3202 5600 3291 5657 vel
3313 5600 3465 5657 vires
3476 5601 3525 5672 ej
3537 5617 3603 5656 us
3626 5595 3846 5656 excedit.

2234 5691 2374 5767 Ipsa
2399 5704 2537 5750 vero
2572 5704 2698 5749 non
2723 5705 2789 5749 se
2825 5689 3121 5748 existimet
3172 5694 3464 5765 potestate
3498 5689 3831 5751 dominante,
