4118 6164
239 189 350 256 965

243 324 357 382 sed
381 323 668 381 charitate
692 323 981 380 serviente
1010 322 1270 380 felicem.
1315 323 1548 380 Honore
1577 339 1780 380 coram
1798 323 1904 380 ho-

242 412 510 470 minibus
541 412 789 485 praelata
837 414 910 469 sit
954 413 1121 470 vobis
1170 429 1184 480 ;
1222 412 1437 469 timore
1498 415 1515 449 ¹
1549 428 1752 470 coram
1786 413 1904 469 Deo

241 502 549 558 substrata
573 500 648 557 sit
667 501 925 574 pedibus
947 503 1181 560 vestris.
1200 502 1370 558 Circa
1385 517 1597 558 omnes
1611 518 1674 558 se
1706 502 1904 574 ipsam

238 590 546 647 bonorum
578 604 832 662 operum
874 591 1143 662 praebeat
1173 590 1515 662 exemplum
1561 591 1705 662 (Tit.
1736 595 1792 656 ii,
1824 591 1900 663 7).

233 679 531 752 Corripiat
560 679 878 751 inquietas,
914 679 1257 736 consoletur
1295 678 1735 750 pusillanimes,
1778 695 1905 734 sus-

239 767 424 841 cipiat
468 767 765 833 inﬁrmas,
797 769 1035 840 patiens
1066 767 1142 824 sit
1169 767 1244 824 ad
1273 783 1486 824 omnes
1516 768 1560 838 (I
1602 769 1797 825 Thess.
1845 784 1902 836 v,

243 858 361 926 14),
395 855 781 928 disciplinam
801 855 996 912 libens
1027 856 1270 922 habeat,
1299 860 1574 912 metuens
1597 858 1896 929 imponat.

245 947 312 1002 Et
332 946 615 1018 quamvis
639 951 960 1014 utrumque
973 945 1049 1002 sit
1071 945 1508 1013 necessarium,
1536 950 1735 1002 tamen
1767 946 1903 1018 plus

241 1051 280 1092 a
311 1035 482 1091 vobis
512 1033 706 1090 amari
756 1039 1002 1106 appetat
1026 1049 1213 1106 quam
1256 1033 1452 1090 timeri
1487 1051 1502 1100 ;
1539 1050 1777 1107 semper
1805 1051 1904 1092 co-

241 1123 441 1194 gitans
469 1125 588 1179 Deo
622 1138 684 1180 se
710 1138 819 1195 pro
840 1123 1010 1179 vobis
1041 1122 1412 1178 reddituram
1433 1138 1562 1179 esse
1586 1125 1901 1179 rationem.

243 1211 411 1269 Unde
465 1212 660 1283 magis
691 1211 1031 1268 obediendo
1072 1226 1194 1267 non
1225 1211 1422 1267 solum
1464 1213 1668 1282 vestri,
1695 1228 1904 1268 verum

245 1303 431 1360 etiam
467 1300 656 1373 ipsius
701 1300 1066 1357 miseremini
1107 1322 1127 1372 ,-
1167 1299 1306 1372 quia
1357 1301 1511 1357 inter
1544 1317 1648 1357 vos
1678 1306 1906 1374 quanto

244 1391 306 1447 in
337 1391 469 1446 loco
483 1390 788 1462 superiore
804 1389 1041 1445 tantoin
1073 1388 1338 1461 periculo
1353 1389 1590 1460 majore
1614 1396 1908 1446 versatur.

320 1481 404 1534 t6.
436 1481 624 1536 Donet
654 1479 938 1535 Dominus
956 1483 1017 1533 ut
1038 1478 1370 1535 observetis
1387 1479 1515 1535 haec
1541 1480 1746 1536 omnia
1766 1496 1904 1536 cum

245 1567 556 1624 dilectione
582 1572 873 1640 tanquam
907 1566 1234 1639 spiritualis
1265 1567 1725 1639 pulchritudinis
1747 1584 1902 1624 ama-

244 1656 441 1723 trices,
466 1655 699 1713 etbono
722 1656 931 1712 Christi
954 1656 1139 1712 odore
1164 1656 1239 1711 de
1264 1656 1427 1712 bona
1453 1659 1906 1714 conversatione

240 1745 598 1817 fragrantes,
639 1762 762 1803 non
811 1746 967 1802 sicut
1005 1746 1237 1803 ancillas
1287 1747 1400 1802 sub
1431 1746 1583 1816 lege,
1617 1748 1720 1803 sed
1752 1747 1907 1803 sicut

240 1833 447 1891 liberte
470 1835 583 1891 sub
599 1834 794 1908 gratia
816 1836 1174 1892 constitutas.
1196 1836 1264 1890 Ut
1283 1839 1484 1891 autem
1503 1835 1563 1890 in
1578 1834 1692 1892 hoc
1705 1835 1905 1893 libello

240 1927 534 1996 tanquam
565 1923 627 1978 in
655 1923 903 1995 speculo
936 1938 1042 1978 vos
1072 1923 1314 1995 possitis
1345 1922 1662 1995 inspicere,
1695 1939 1769 1979 ne
1800 1939 1906 1996 per

241 2012 608 2069 oblivionem
640 2011 868 2085 aliquid
897 2010 1232 2082 negligatis,
1264 2011 1446 2068 semel
1476 2011 1536 2068 in
1567 2015 1906 2083 septimana

241 2100 416 2157 vobis
440 2101 672 2171 legatur
696 2118 709 2156 :
735 2106 791 2157 et
813 2100 916 2156 ubi
940 2115 1045 2156 vos
1066 2101 1408 2156 inveneritis
1436 2115 1507 2155 ea
1525 2116 1661 2172 qum
1687 2101 1906 2171 scripta

243 2195 389 2246 sunt
411 2190 717 2259 facientes,
743 2189 903 2261 agite
918 2190 1144 2261 gratias
1178 2189 1431 2245 Domino
1451 2188 1751 2245 bonorum
1777 2206 1905 2246 om-

239 2279 415 2336 nium
447 2278 710 2349 largitori
743 2295 757 2345 ;
796 2278 896 2334 ubi
934 2283 1137 2336 autem
1179 2278 1292 2333 sibi
1337 2293 1735 2350 quaecumque
1773 2294 1902 2334 ves-

241 2373 402 2425 trum
445 2367 719 2424 omnium
742 2367 1010 2438 largitori
1041 2389 1053 2433 ;
1086 2367 1186 2422 ubi
1219 2370 1421 2423 autem
1451 2367 1562 2423 sibi
1594 2383 1902 2439 quaecum-

241 2471 364 2530 que
421 2461 685 2512 vestrum
760 2455 925 2512 videt
995 2455 1204 2512 deesse
1267 2455 1519 2527 aliquid,
1564 2455 1764 2512 doleat
1826 2456 1902 2513 de

241 2544 564 2618 praeterito,
598 2549 806 2602 caveat
847 2545 918 2601 de
955 2545 1173 2611 futuro,
1216 2559 1399 2602 orans
1431 2551 1490 2600 ut
1537 2549 1594 2600 et
1631 2545 1901 2602 debitum

246 2632 602 2698 dimittatur,
635 2639 691 2688 et
720 2631 781 2689 in
808 2632 1197 2688 tentationem
1228 2647 1349 2688 non
1375 2632 1711 2689 inducatur.

722 2721 1062 2777 EPISTOLA
1092 2721 1289 2776 ccxu'
1322 2721 1426 2793 (a).

242 2809 626 2878 Augustinus
676 2809 1073 2878 Quintiliano,
1108 2811 1480 2866 commendat
1528 2815 1780 2866 matrem
1823 2810 1903 2866 vi-

368 2896 502 2936 uam
527 2895 660 2936 cum
679 2878 812 2948 ﬁlia
832 2881 1084 2953 virgine,
1099 2897 1230 2953 quae
1246 2881 1592 2951 deferebant
1612 2881 1901 2952 reliquias

319 2952 615 3022 Stephani
643 2952 952 3023 martyris.

243 3038 502 3096 Domino
547 3039 912 3109 beatissimo,
963 3048 1018 3096 et
1049 3041 1258 3097 merito
1290 3040 1612 3098 venerabili
1652 3039 1816 3098 fratri
1846 3046 1904 3098 et

317 3112 677 3241 cileptiscopo
699 3115 1065 3178 Qumrmuo
1094 3115 1138 3180 ³,
1159 3113 1534 3179 AUGUSTINUS,
1567 3113 1624 3169 in
1651 3113 1902 3169 Domino

318 3201 345 3239 s
414 3203 447 3240 u
477 3200 595 3240 em.

316 3272 706 3330 Honorabiles
759 3273 858 3329 Dei
896 3273 1180 3340 famulas,
1212 3278 1269 3330 et
1324 3274 1582 3345 pretiosa
1618 3275 1642 3308 ⁸
1689 3272 1903 3330 Christi

241 3363 540 3428 membra,
574 3362 810 3420 Gallam
849 3363 1094 3420 viduam
1139 3363 1323 3419 sancti
1354 3363 1663 3435 propositi,
1691 3369 1747 3420 et
1769 3363 1901 3434 ejus

239 3451 432 3508 ﬁliam
455 3451 888 3524 Simpliciolam
915 3451 1210 3523 virginem
1238 3467 1498 3517 sacram,
1523 3452 1699 3509 matri
1729 3457 1902 3510 aetate

241 3540 569 3604 subditam,
595 3541 906 3598 sanctitate
925 3540 1262 3613 praalatam,
1283 3556 1439 3614 quas
1462 3541 1648 3598 verbo
1671 3541 1904 3598 Domini

240 3629 506 3685 aluimus
539 3633 602 3686 ut
651 3630 982 3702 potuimus,
1035 3629 1410 3685 Venerationi
1442 3635 1557 3686 tua:
1590 3631 1651 3686 in
1689 3627 1908 3688 Christi

239 3718 567 3774 dilectione
599 3717 983 3783 commendo,
1016 3722 1076 3774 et
1100 3723 1392 3790 tanquam
1425 3734 1562 3776 mea
1585 3735 1770 3776 manu
1801 3734 1908 3791 per

241 3807 405 3863 hanc
426 3806 743 3878 epistolam
783 3807 956 3863 trado
988 3806 1416 3872 consolandas,
1443 3812 1498 3863 et
1528 3807 1590 3862 in
1619 3807 1905 3865 omnibus

243 3895 347 3967 adj
358 3895 649 3962 uvandas,
681 3911 817 3968 quas
839 3895 1060 3952 utilitas
1085 3910 1295 3951 earum
1315 3896 1407 3952 vel
1429 3895 1753 3952 necessitas
1772 3911 1908 3969 pos-

246 3985 398 4042 tulat
431 4001 445 4040 :
479 3985 645 4057 quod
688 3991 745 4042 et
773 3985 904 4041 sine
947 4000 1082 4042 mea
1123 3985 1650 4042 commendatione
1698 3985 1907 4058 procul

246 4072 439 4130 dubio
497 4074 715 4130 faceret
753 4074 1049 4131 Sanctitas
1080 4080 1203 4130 tua.
1238 4073 1296 4130 Si
1326 4075 1487 4131 enim
1525 4090 1636 4131 nos
1666 4082 1910 4148 propter

249 4177 579 4236 supernam
591 4161 950 4228 Jerusalem,
963 4163 1138 4235 cujus
1151 4179 1261 4220 nos
1277 4179 1489 4221 omnes
1500 4164 1658 4220 cives
1675 4179 1905 4230 sumus,

248 4256 312 4309 et
335 4252 394 4307 in
421 4266 544 4324 qua
569 4251 1004 4324 concupierunt
1032 4253 1254 4310 habere
1282 4252 1712 4310 excellentioris
1739 4269 1908 4311 sanc-

249 4339 432 4398 titatis
473 4339 694 4412 locum,
738 4356 861 4399 non
903 4342 1102 4399 solum
1149 4343 1428 4410 civicum,
1471 4359 1680 4400 verum
1728 4345 1907 4400 etiam

248 4429 582 4486 fraternum
628 4431 716 4486 eis
766 4430 1062 4487 debemus
1099 4431 1378 4489 affectum
1409 4453 1422 4486 :
1459 4437 1687 4504 quanto
1717 4433 1909 4503 magis

252 4532 387 4586 vos,
419 4518 582 4590 apud
625 4533 784 4590 quos
811 4535 1021 4576 earum
1075 4520 1252 4576 etiam
1281 4520 1544 4576 carnalis
1574 4525 1664 4577 est
1692 4522 1906 4592 patria,

251 4607 318 4663 in
343 4621 466 4679 qua
491 4607 841 4664 sacularem
885 4609 1262 4666 nobilitatem
1306 4624 1414 4679 pro
1459 4609 1674 4666 Christi
1703 4624 1909 4665 amore

253 4701 651 4752 contemnunt
675 4696 934 4753 domine
960 4698 1072 4754 illas
1109 4697 1136 4753 7
1166 4699 1438 4753 Ofﬁcium
1473 4712 1718 4769 quoque
1749 4697 1911 4754 salu-

252 4784 499 4840 tationis
532 4801 638 4857 per
679 4785 807 4841 illas
836 4800 1039 4842 meum
1069 4802 1140 4843 ea
1167 4785 1451 4841 charitate
1481 4791 1618 4857 peto
1644 4785 1909 4856 digneris

252 4888 494 4930 sumere
523 4888 648 4946 qua
675 4873 884 4943 direxi,
915 4880 972 4930 et
1002 4874 1345 4930 meminisse
1389 4874 1580 4930 nostri
1609 4875 1668 4930 in
1695 4874 1911 4931 oratio-

252 4961 436 5018 nibus
463 4961 600 5017 tuis.
629 4961 866 5018 Portant
889 4979 1035 5019 sane
1057 4978 1261 5018 secum
1281 4961 1560 5035 reliquias
1582 4963 1910 5020 beatissimi

250 5057 311 5108 et
335 5050 752 5123 gloriosissimi
780 5054 1056 5126 martyris
1085 5052 1387 5124 Stephani,
1417 5068 1571 5125 quas
1595 5067 1714 5109 non
1743 5053 1910 5124 igno-

319 5213 333 5241 ‘
368 5210 500 5261 Edd.
516 5212 1006 5286 omittunt,ltimore.
1028 5212 1199 5286 Qunam
1212 5212 1519 5286 vocemhuc
1531 5213 1907 5286 revocavi_m_us

252 5288 317 5325 ex
343 5287 452 5324 uno
486 5289 514 5324 θ
544 5275 674 5328 Mss.
707 5275 878 5325 Vatic.
911 5281 964 5326 et
992 5291 1057 5325 ex
1092 5276 1295 5339 Regula
1323 5278 1449 5325 viris
1474 5275 1903 5326 accommodata.

315 5340 335 5370 ί
370 5336 428 5385 In
471 5337 617 5397 prius
653 5338 878 5397 excusis,
912 5338 1211 5397 Quintiano.
1262 5339 1328 5386 At
1364 5339 1418 5387 in
1453 5339 1706 5389 omnibus
1757 5339 1903 5396 Mss,

256 5353 617 5459 01;.11‘11PI1U3
653 5353 878 5398 GXCUSIB,
912 5353 1211 5397 υιηηιιαπο.
1262 5353 1328 5386 AI.
1364 5353 1418 5387 ιη
1453 5353 1706 5389 οωωουε
1757 5353 1904 5396 Μϐϐη

319 5413 322 5416 ’
359 5413 395 5447 τι
420 5414 438 5447 ι
464 5413 606 5449 sano.

317 5463 335 5490 ³
362 5462 488 5534 Bad.
508 5464 624 5512 Am.
652 5463 737 5512 Er.
756 5467 810 5513 et
832 5462 957 5512 Mss.
980 5463 1198 5527 Optimae
1223 5466 1361 5513 notas
1387 5463 1540 5514 Corb.
1559 5465 1758 5522 Germ.,
1783 5468 1905 5522 etc.,

251 5537 538 5590 principum.

321 5588 337 5662 ς
566 5586 675 5662 c_b_.‘_
686 5587 740 5638 Π.
762 5602 850 5652 gg.
873 5602 916 5640 r.
943 5591 983 5662 t._
1003 5602 1085 5639 vc.
1106 5592 1212 5662 tres
1234 5601 1283 5637 v.
1307 5592 1359 5662 et
1377 5589 1444 5639 ad
1463 5589 1902 5662 EddA._reclensita.

321 5650 394 5713 (a)
415 5650 560 5699 Alias
588 5651 678 5699 103
705 5665 716 5700 :
753 5650 874 5717 quas
897 5655 1079 5703 autem
1105 5653 1198 5702 2t2
1222 5655 1355 5709 erat,
1384 5665 1529 5703 nunc
1561 5653 1671 5702 251.
1697 5652 1906 5717 Scripta

257 5712 397 5768 οἰκ.
421 5723 518 5766 an.
542 5713 661 5768 an.

1504 183 2012 256 EPISTULARUM
2051 197 2346 256 CLASSIS
2389 189 2488 258 ni.

3555 203 3663 266 966

2012 328 2108 381 rat
2133 324 2424 381 Sanctitas
2462 330 2677 391 vestra,
2715 326 2865 382 sicut
2894 329 2950 383 et
2989 342 3102 383 nos
3149 328 3422 399 fecimus,
3467 347 3656 406 quam

2013 414 2433 470 convenienter
2461 413 2760 471 honorare
2798 414 3091 473 debeatis.

2477 549 2653 605 ACTA
2672 549 3193 605 ECCLESIASTICA

2798 689 2897 729 SEU

2472 796 2795 853 EPISTOLA
2826 796 3056 852 CCXIlI'
3096 798 3202 868 (a).

2001 900 2435 958 ‘Ecclesiastica
2479 903 2653 958 Gesta
2697 917 2733 958 a
2773 903 2845 957 B.
2895 901 3232 972 Augustino
3274 905 3544 972 confecta
3595 907 3659 962 in

2083 973 2452 1043 designando
2483 975 2724 1029 Eascuo
2745 973 2849 1044 qui
2865 973 2981 1043 ipsi
3007 973 3067 1029 in
3096 975 3436 1043 episcOpatu
3465 993 3657 1034 succe-

2085 1045 2269 1170 dezet,
2288 1051 2467 1170 atque
2482 1045 2717 1102 interim
2735 1060 2927 1102 senem
2948 1047 3153 1118 aliqua
3173 1053 3351 1116 parte
3375 1063 3659 1106 curarum

2084 1131 2154 1170 su
2221 1130 2394 1172 evare
2427 1153 2441 1167 .

2087 1205 2138 1258 l.
2161 1203 2594 1260 Gloriosissimo
2627 1205 2946 1262 Theodosio
2975 1204 3285 1262 duodecies
3312 1212 3366 1263 et
3406 1207 3666 1264 Valenti-

2015 1291 2197 1348 niano
2237 1293 2507 1363 Augusto
2535 1293 2745 1348 iterum
2781 1293 3143 1357 consulibus,
3182 1301 3343 1350 sexto
3381 1297 3664 1353 calendas

2015 1381 2289 1451 octobris,
2314 1397 2444 1438 cum
2466 1381 2840 1451 Augustinus
2870 1381 3177 1451 episcopus
3203 1398 3325 1440 una
3352 1401 3484 1441 cum
3511 1386 3667 1442 Reli-

2015 1470 2195 1540 giano
2216 1477 2270 1526 et
2297 1470 2668 1526 Martiniano
2695 1471 3050 1539 coepiscOpis
3080 1471 3202 1526 suis
3233 1474 3578 1529 consedisset
3603 1475 3663 1530 in

2015 1558 2262 1614 ecclesia
2292 1559 2466 1614 Pacis
2493 1557 2966 1628 Hipponensium
2996 1559 3335 1628 Regiorum,
3363 1563 3665 1630 praesenti-

2019 1646 2124 1701 bus
2168 1647 2525 1710 Saturnino,
2559 1647 2826 1714 Leporio,
2858 1647 3170 1712 Barnaba,
3203 1649 3661 1718 Fortunatiano,

2014 1735 2276 1799 Rustico,
2321 1735 2571 1800 Lazaro,
2602 1739 2656 1790 et
2695 1734 2937 1791 Eractio
2964 1734 3326 1805 presbyteris
3358 1739 3399 1803 ¹,
3433 1744 3668 1795 astante

2016 1824 2176 1880 clero
2205 1829 2258 1879 et
2300 1824 2610 1894 frequenti
2647 1824 2892 1892 populo,
2942 1825 3316 1893 Augustinus
3359 1829 3665 1897 episcopus

2015 1911 2210 1968 dixit:
2243 1912 2415 1977 Quod
2439 1911 2717 1967 hesterno
2744 1911 2838 1966 die
2865 1911 3113 1983 promisi
3133 1914 3409 1970 Charitati
3433 1923 3662 1982 vestrae,

2015 2003 2259 2072 propter
2290 2000 2456 2071 quod
2499 2015 2606 2055 vos
2649 1999 2812 2055 volui
2843 1998 3210 2071 frequentius
3240 2004 3573 2071 convenire,
3611 2011 3667 2062 et

2014 2088 2190 2145 video
2221 2087 2588 2160 frequentius
2615 2089 2983 2158 conveuisse,
3016 2105 3185 2146 mora
3215 2093 3380 2147 omni
3419 2100 3664 2166 postpo-

2015 2177 2128 2233 sita
2154 2178 2267 2233 hoc
2293 2177 2597 2248 agendum
2646 2180 2752 2232 est.
2789 2177 2844 2234 Si
2875 2179 3033 2234 enim
3071 2177 3234 2235 aliud
3267 2180 3442 2236 velim
3472 2181 3656 2254 loqui,

2015 2265 2074 2321 in
2098 2265 2244 2321 illud
2275 2265 2546 2337 suspensi
2573 2266 2773 2321 minus
2796 2265 3036 2322 auditis.
3067 2265 3287 2325 Omnes
3308 2269 3369 2325 in
3398 2269 3507 2326 hac
3541 2272 3662 2330 vita

2014 2354 2297 2410 mortales
2329 2369 2556 2424 sumus,
2590 2360 2646 2409 et
2670 2353 2798 2409 dies
2828 2355 3009 2426 hujus
3031 2356 3167 2412 vitae
3198 2357 3463 2426 ultimus,
3497 2361 3662 2416 omni

2010 2441 2244 2500 homini
2270 2448 2357 2498 est
2381 2457 2617 2513 semper
2638 2443 2896 2500 incertus
2924 2461 2937 2504 :
2958 2450 3369 2502 verumtamen
3391 2448 3451 2503 in
3469 2447 3659 2506 infan-

2011 2531 2094 2589 tia
2119 2538 2393 2602 speratur
2421 2531 2676 2603 pueritia
2706 2550 2718 2601 ;
2749 2536 2804 2588 et
2845 2533 2906 2588 in
2931 2534 3185 2606 pueritia
3215 2543 3488 2607 speratur
3512 2538 3662 2597 ado-

2010 2619 2294 2676 lescentia
2336 2636 2350 2688 ;
2384 2625 2439 2675 et
2479 2620 2536 2674 in
2583 2619 2989 2678 adolescentia
3029 2631 3302 2694 speratur
3326 2624 3609 2695 juventus
3646 2643 3659 2694 ;

2011 2715 2068 2765 et
2096 2709 2155 2763 in
2199 2707 2506 2779 juventute
2544 2717 2819 2782 speratur
2844 2712 3105 2782 gravitas
3140 2728 3154 2778 ;
3187 2716 3245 2768 et
3274 2713 3334 2768 in
3367 2715 3661 2785 gravitate

2011 2803 2286 2870 speratur
2318 2804 2594 2854 senectus
2620 2815 2630 2852 :
2664 2804 2860 2855 utrum
2886 2801 3194 2872 contingat
3220 2801 3512 2859 incertum
3537 2810 3660 2873 est;

2011 2893 2099 2944 est
2137 2894 2336 2944 tamen
2383 2888 2550 2959 quod
2579 2896 2868 2960 speretur.
2910 2891 3193 2946 Senectus
3224 2897 3426 2948 autem
3480 2894 3658 2950 aliam

2010 2982 2240 3033 aetatem
2270 2991 2456 3048 quam
2510 2984 2726 3049 speret,
2773 2993 2894 3033 non
2941 2978 3166 3035 habet:
3218 2980 3512 3037 incertum
3575 2988 3662 3040 est

2011 3067 2190 3123 etiam
2221 3066 2357 3138 ipsa
2384 3072 2657 3122 senectus
2685 3066 2984 3138 quamdiu
3009 3067 3085 3123 sit
3109 3067 3339 3124 homini
3363 3084 3378 3135 ;
3411 3069 3556 3126 illud
3579 3077 3659 3128 ta-

2011 3171 2151 3212 men
2183 3161 2408 3210 certum
2459 3163 2568 3221 est,
2613 3156 2840 3213 nullam
2892 3171 3202 3212 remanere
3241 3162 3477 3214 aetatem
3526 3175 3660 3232 quas

2011 3245 2208 3318 possit
2237 3244 2556 3301 succedere
2596 3245 2904 3301 senectuti.
2948 3245 3096 3311 Quia
3137 3245 3322 3303 voluit
3361 3249 3535 3315 Deus,
3582 3249 3662 3306 ad

2010 3337 2191 3392 istam
2221 3333 2521 3390 civitatem
2552 3349 2690 3390 cum
2719 3334 2920 3404 vigore
2943 3335 3127 3391 aetatis
3157 3335 3370 3391 adveni
3394 3354 3411 3408 ;
3447 3337 3555 3393 sed
3577 3341 3664 3394 ta-

2013 3439 2152 3481 men
2177 3423 2417 3496 juvenis
2447 3422 2551 3489 fui,
2584 3428 2640 3480 et
2664 3425 2854 3480 senui.
2889 3425 3020 3481 Scio
3050 3429 3187 3496 post
3209 3425 3406 3481 obitus
3436 3426 3666 3499 episco-

2015 3529 2254 3586 porum,
2300 3528 2407 3586 per
2450 3512 2803 3570 ambitiosos
2855 3517 2957 3569 aut
3013 3514 3418 3572 contentiosos
3474 3515 3664 3574 solere

2017 3602 2306 3659 Ecclesias
2336 3602 2662 3673 perturbari
2689 3618 2703 3668 ;
2745 3607 2801 3658 et
2829 3602 2992 3674 quod
3024 3619 3181 3675 saepe
3219 3610 3499 3678 expertus
3527 3621 3664 3664 sum

2017 3696 2075 3749 et
2101 3691 2286 3758 dolui,
2309 3691 2497 3747 debeo
2527 3695 2823 3763 quantum
2847 3691 2924 3746 ad
2956 3707 3051 3747 me
3079 3694 3306 3759 attinet,
3334 3711 3406 3752 ne
3438 3697 3667 3752 contin-

2016 3785 2140 3853 gat,
2171 3780 2308 3836 huic
2339 3780 2677 3851 prospicere
2715 3779 2956 3835 civitati.
2988 3780 3171 3837 Sicuti
3202 3784 3365 3838 novit
3396 3785 3665 3840 Charitas

2015 3874 2230 3938 vestra,
2253 3868 2312 3923 in
2341 3867 2670 3925 Milevitana
2698 3867 2956 3924 Ecclesia
2994 3868 3180 3925 modo
3211 3869 3335 3925 fui:
3369 3871 3667 3942 petierunt

2016 3958 2178 4016 enim
2210 3971 2304 4013 me
2336 3956 2560 4023 fratres,
2589 3963 2644 4013 et
2671 3958 2932 4013 maxime
2962 3958 3115 4014 servi
3143 3959 3243 4014 Dei
3272 3959 3378 4031 qui
3403 3959 3483 4014 ibi
3503 3965 3664 4026 sunt,

2017 4055 2080 4104 ut
2111 4046 2372 4104 venirem
2397 4062 2411 4113 ;
2438 4046 2584 4120 quia
2605 4052 2741 4119 post
2761 4047 2990 4104 obitum
3010 4047 3198 4104 beata:
3226 4048 3532 4106 memoria:
3555 4049 3667 4108 fra-

2017 4138 2124 4194 tris
2150 4143 2206 4194 et
2235 4135 2575 4209 coepiscopi
2607 4135 2721 4193 mei
2748 4137 2967 4204 Severi,
3001 4139 3293 4194 nonnulla
3325 4138 3404 4195 ibi
3435 4142 3666 4212 pertur-

2018 4227 2183 4285 batio
2213 4225 2552 4283 timebatur.
2586 4226 2726 4282 Veni
2767 4241 2781 4293 ;
2821 4232 2876 4283 et
2904 4228 3211 4299 quomodo
3248 4228 3435 4286 voluit
3473 4225 3670 4286 Domi-

2019 4331 2154 4382 nus,
2195 4315 2430 4387 adjuvit
2471 4330 2585 4371 nos
2637 4330 2748 4386 pro
2798 4330 2908 4370 sua
2952 4316 3380 4378 misericordia,
3435 4323 3498 4373 ut
3527 4333 3665 4375 cum

2019 4420 2162 4477 pace
2200 4405 2555 4476 episcopum
2586 4404 2942 4475 acciperent,
2976 4419 3160 4476 quem
3191 4404 3361 4459 vivus
3391 4405 3669 4477 designa-

2018 4497 2184 4548 verat
2206 4493 2525 4564 episcopus
2563 4506 2772 4546 eorum
2807 4505 2820 4546 :
2855 4490 2970 4546 hoc
3010 4492 3169 4547 enim
3214 4491 3299 4546 eis
3327 4507 3465 4548 cum
3499 4495 3670 4551 inno-

2019 4583 2246 4645 tuisset,
2273 4579 2642 4635 voluntatem
2659 4578 3048 4649 praecedentis
3065 4586 3120 4634 et
3139 4579 3483 4637 decedentis
3509 4581 3672 4654 epis-

2018 4669 2154 4742 copi
2179 4669 2268 4724 sui
2309 4667 2562 4724 libenter
2593 4666 2852 4738 amplexi
2887 4674 3046 4724 sunt.
3104 4668 3296 4724 Minus
3330 4675 3529 4726 tamen
3560 4672 3665 4727 ali-

2019 4757 2165 4830 quid
2190 4757 2413 4813 factum
2445 4761 2590 4822 erat,
2624 4756 2784 4811 unde
2822 4757 3094 4813 nonnulli
3137 4759 3669 4826 contristabantur,

2018 4845 2160 4920 quia
2192 4847 2369 4902 frater
2391 4845 2643 4901 Severus
2667 4844 2920 4901 credidit
2944 4861 3122 4918 posse
3154 4847 3426 4905 sufﬁcere
3456 4855 3516 4904 ut
3537 4865 3671 4905 suc-

2019 4949 2321 4993 cessorem
2357 4950 2536 4990 suum
2566 4934 2732 5006 apud
2772 4934 3019 4992 clericos
3061 4937 3423 5008 designaret,
3455 4937 3533 4994 ad
3565 4954 3672 5009 po-

2020 5025 2231 5098 pulum
2259 5024 2396 5080 inde
2428 5039 2549 5080 non
2577 5029 2664 5079 est
2701 5023 2938 5081 locutus
2971 5040 2986 5091 ;
3020 5030 3078 5081 et
3106 5032 3231 5082 erat
3260 5026 3397 5082 inde
3442 5025 3673 5098 aliquo-

2018 5131 2153 5172 rum
2185 5113 2475 5170 nonnulla
2506 5113 2753 5170 tristitia.
2791 5114 2947 5179 Quid
2991 5114 3162 5186 plura
3192 5115 3219 5169 ?
3251 5117 3368 5170 Deo
3395 5115 3621 5187 placuit
3654 5135 3669 5187 ;

2021 5204 2252 5262 tristitia
2279 5203 2486 5274 fugata
2513 5207 2618 5273 est,
2651 5203 2944 5273 gaudium
2982 5203 3272 5259 successit
3303 5218 3316 5258 :
3353 5204 3669 5263 ordinatus

2019 5299 2107 5350 est
2131 5292 2473 5365 episcopus,
2490 5307 2670 5363 quem
2700 5289 3042 5363 praecedens
3058 5291 3376 5364 episcopus
3397 5294 3670 5365 designa-

2079 5402 2093 5433 ¹
2126 5399 2278 5455 Edd.,
2310 5397 2526 5447 Eradio.
2559 5399 2624 5446 At
2671 5399 2726 5447 in
2769 5397 2897 5446 Mss.
2937 5400 3270 5452 constanter.
3307 5398 3538 5457 Erectio,
3570 5404 3664 5455 aut

2016 5461 2274 5528 Heraclio,
2299 5476 2421 5511 mox
2438 5462 2561 5528 Mss.
2580 5461 2687 5528 duo
2705 5474 2798 5528 pro
2813 5461 3120 5528 presbyteris
3137 5461 3338 5512 habent
3345 5465 3656 5528 presbytero.

2081 5527 2097 5541 '
2119 5525 2323 5575 Collata
2349 5539 2472 5588 cum
2510 5527 2556 5572 b.
2587 5523 2664 5588 bl.
2705 5523 2788 5572 cb.
2821 5523 2857 5572 f.
2890 5523 2942 5572 Π.
2970 5537 3059 5588 gg.
3104 5539 3179 5575 ω.
3212 5539 3260 5579 r.
3295 5523 3376 5575 vc.
3417 5528 3447 5576 2
3477 5523 3518 5577 s'.
3559 5530 3588 5576 2
3613 5532 3658 5580 t.

2019 5589 2048 5637 4
2067 5601 2118 5636 v.
2145 5589 2267 5640 Am.
2312 5587 2434 5637 Bad.
2468 5589 2550 5636 Er.
2576 5587 2709 5639 Lov.

2081 5653 2155 5713 (a)
2181 5651 2325 5700 Alias
2351 5651 2441 5713 lto
2474 5663 2487 5699 :
2516 5663 2639 5713 quas
2663 5652 2852 5713 autem
2882 5650 2976 5700 213
3003 5654 3136 5708 erat,
3164 5664 3310 5702 nunc
3336 5653 3382 5702 1.
3408 5651 3665 5710 Confecta

2021 5711 2188 5766 dieiﬁ
2219 5712 2481 5782 septemb.
2501 5711 2590 5763 ah.
2620 5711 2736 5764 ιω.
