4122 6170
569 210 680 283 §67

574 357 760 413 verat.
793 353 945 426 Ergo
967 369 1040 409 ne
1068 351 1282 422 aliquis
1310 350 1383 405 de
1406 365 1501 406 me
1523 354 1830 422 queratur,
1853 351 2222 406 voluntatem

577 460 797 508 meam,
825 459 1008 514 quam
1041 440 1217 496 credo
1246 441 1342 494 Dei
1374 455 1526 504 esse,
1562 441 1620 494 in
1654 441 1926 495 omnium
1957 447 2222 496 vestrum

578 533 846 588 notitiam
873 530 1100 601 perfero
1127 546 1137 584 :
1171 529 1586 600 presbyterum
1611 530 1901 585 Eraclium
1933 530 2074 584 mihi
2096 547 2222 586 suc-

575 635 870 675 cessorem
901 617 1053 673 volo.
1079 619 1122 672 A
1156 620 1378 687 populo
1401 620 1801 673 acclamatum
1820 625 1922 682 εει,
1943 620 2063 674 Deo
2088 635 2226 688 gra-

575 710 708 772 tias,
759 707 995 762 Christo
1052 707 1258 763 laudes
1297 729 1318 776 ;
1367 708 1586 762 dictum
1647 714 1730 763 est
1781 707 1952 763 vicies
2004 709 2224 764 terties.

577 796 838 860 Exaudi,
865 797 1108 866 Chr-iste,
1135 798 1472 867 Augustino
1500 801 1624 852 vita
1645 819 1664 866 ,-
1687 797 1908 851 dictum
1930 803 2011 852 est
2040 798 2226 852 sexies

571 886 783 941 decies.
819 887 895 942 Te
921 893 1177 955 patrem,
1198 893 1252 942 te
1276 887 1608 955 episwpum
1632 908 1642 951 ;
1672 887 1892 941 dictum
1919 893 2001 942 est
2027 886 2228 942 octies.

645 997 698 1046 2.
730 993 994 1064 Cumque
1014 993 1384 1056 reticeretur,
1411 992 1788 1061 Augustinus
1819 991 2124 1060 episcopus
2141 993 2227 1047 di-

573 1083 666 1139 xit
696 1099 711 1136 :
744 1083 873 1137 Non
900 1098 1055 1154 opus
1081 1089 1168 1137 est
1199 1098 1292 1137 me
1323 1083 1397 1136 de
1421 1081 1703 1136 laudibus
1724 1081 1852 1152 ejus
1884 1081 2109 1152 aliquid
2143 1083 2228 1136 di-

575 1187 706 1226 cere
741 1190 754 1238 ;
793 1172 963 1226 faveo
998 1171 1326 1242 sapientia,
1360 1176 1414 1226 et
1440 1186 1622 1242 parco
1654 1158 2026 1226 verecundia
2061 1187 2073 1224 :
2109 1171 2227 1225 suf-

573 1259 697 1314 ﬁcit
726 1261 867 1331 quia
893 1260 1082 1314 nostis
1116 1276 1252 1315 eum
1293 1276 1306 1324 ;
1339 1265 1394 1314 et
1417 1259 1531 1314 hoc
1569 1275 1661 1314 me
1704 1258 1851 1313 velle
1895 1259 2028 1314 dico
2060 1259 2225 1330 quod

573 1364 682 1405 vos
700 1349 845 1405 velle
861 1349 984 1405 scio
1007 1365 1020 1414 ;
1041 1352 1096 1404 et
1114 1349 1157 1402 si
1185 1353 1320 1404 ante
1345 1348 1658 1414 nescirem,
1684 1348 1861 1403 hodie
1881 1349 2222 1419 probarem.

573 1440 694 1494 Hoc
723 1455 864 1508 ergo
898 1439 1027 1494 volo
1064 1456 1076 1494 :
1121 1439 1235 1494 hoc
1275 1455 1312 1494 a
1363 1439 1611 1493 Domino
1647 1441 1759 1492 Deo
1802 1445 2022 1503 nostro,
2065 1454 2225 1494 nunc

574 1529 753 1584 etiam
775 1529 832 1582 in
849 1533 1020 1583 atate
1039 1527 1274 1598 frigida,
1297 1527 1449 1581 votis
1475 1527 1842 1582 ferventibus
1861 1543 2044 1598 posco
2073 1543 2086 1593 ;
2110 1526 2225 1582 hoc

573 1623 638 1673 ut
662 1634 900 1673 mecum
929 1616 1109 1672 oretis
1136 1616 1434 1681 exhortor,
1462 1615 1778 1680 admoneo,
1807 1631 1974 1685 rogo,
2009 1622 2070 1670 ut
2099 1632 2226 1671 om-

572 1707 740 1762 nium
775 1707 830 1760 iu
859 1722 1007 1777 pace
1028 1705 1239 1760 Christi
1269 1704 1500 1760 collatis
1540 1709 1594 1759 et
1620 1704 1892 1760 conﬂatis
1921 1705 2224 1760 mentibus

574 1796 887 1851 conﬁrmet
917 1797 1070 1850 Deus
1111 1793 1274 1866 quod
1317 1798 1598 1864 operatus
1623 1799 1713 1849 est
1743 1794 1801 1848 in
1830 1794 2004 1848 nobis
2032 1795 2222 1865 (Psal.

571 1901 747 1949 vau,
771 1885 889 1955 29).
922 1884 1032 1948 Qui
1069 1883 1228 1938 misit
1249 1882 1394 1937 mihi
1421 1899 1580 1948 eum,
1615 1888 1802 1937 servet
1832 1899 2005 1937 eum:
2042 1890 2226 1938 servet

572 1973 1292 2038 incolumem,servetsine
1307 1970 1576 2035 crimine,
1595 1971 2223 2044 utquifacitgaudium

569 2063 842 2126 viventis,
859 2062 1058 2117 locum
1075 2061 1350 2132 suppleat
1366 2059 1688 2116 morientis.
1708 2062 1750 2114 A
1767 2061 2015 2116 notariis
2036 2062 2226 2116 Eccle-

575 2151 696 2219 sia,
726 2153 876 2206 sicut
901 2150 1158 2214 cernitis,
1195 2149 1568 2220 excipiuntur
1597 2165 1732 2221 qua
1764 2149 2040 2217 dicimus,
2072 2150 2225 2206 exci-

570 2241 818 2312 piuntur
839 2256 973 2312 qua
996 2240 1192 2294 dicitis
1218 2255 1230 2304 ;
1251 2244 1306 2293 et
1323 2255 1495 2294 meus
1512 2254 1726 2300 sermo,
1751 2245 2021 2294 etvestra
2036 2239 2226 2296 accla-

569 2330 867 2385 mationes
890 2329 950 2384 in
975 2335 1189 2384 terram
1215 2343 1336 2383 non
1358 2327 1603 2382 cadunt.
1622 2326 1897 2400 Apertius
1922 2327 2222 2396 utdicam,

568 2418 972 2475 ecclesiastica
1001 2433 1161 2472 nunc
1194 2419 1364 2472 Gesta
1395 2415 1748 2471 conﬁcimus
1776 2432 1788 2471 :
1822 2417 1906 2471 sic
1928 2417 2088 2472 enim
2109 2417 2222 2472 hoc

569 2524 721 2573 esse,
753 2512 1049 2578 quantum
1096 2505 1173 2560 ad
1218 2505 1496 2560 homines
1541 2506 1767 2569 attinet,
1800 2505 2222 2560 conﬁrmatum

569 2597 729 2653 volo.
745 2599 791 2650 A
807 2610 966 2664 popu
977 2596 1032 2649 to
1045 2595 1214 2650 accla
1223 2597 1480 2649 mentum
1497 2600 1578 2648 εει
1595 2594 1858 2663 trigesies
1871 2596 2057 2650 sexies
2070 2613 2089 2650 :
2104 2597 2222 2651 Deo

565 2685 820 2756 gratias,
856 2684 1087 2738 Christo
1137 2683 1362 2738 laudes.
1395 2683 1662 2746 Exaudi,
1698 2683 1944 2750 Christe,
1989 2685 2223 2754 Augus-

567 2776 694 2832 tino
741 2774 906 2837 vita;
947 2772 1172 2828 dictum
1222 2783 1300 2828 est
1364 2773 1664 2828 tredecies.
1725 2773 1799 2848 Te
1852 2779 2110 2842 patrem,
2169 2779 2223 2829 te

565 2863 926 2932 episcopum,
958 2861 1181 2916 dictum
1203 2869 1285 2916 est
1319 2863 1511 2917 octies.
1551 2862 1773 2930 Dignus
1800 2868 1851 2918 et
1875 2864 2070 2931 justus
2093 2867 2219 2934 est;

566 2952 789 3007 dictum
816 2958 900 3006 est
932 2951 1125 3007 vicies.
1161 2951 1321 3006 Bene
1345 2952 1610 3014 meritus,
1644 2951 1783 3007 bene
1810 2951 2026 3021 dignus
2051 2967 2076 3016 ,'
2100 2952 2222 3007 dic-

568 3048 692 3096 tum
723 3047 804 3096 est
835 3041 1168 3112 quinquies.
1212 3041 1443 3110 Dignus
1475 3049 1525 3096 et
1563 3043 1768 3110 justus
1812 3047 1894 3098 est
1924 3055 1948 3111 ,'
1994 3041 2220 3097 dictum

567 3137 650 3186 est
671 3129 876 3186 sexies.

640 3230 691 3282 3.
718 3226 979 3298 Cumque
1009 3229 1378 3290 reticeretur,
1400 3225 1774 3296 Augustinus
1799 3227 2104 3296 episcopus
2135 3229 2220 3283 di-

565 3314 656 3372 xit
677 3336 697 3372 :
717 3318 887 3385 Ergo,
911 3322 971 3369 ut
1002 3315 1298 3383 dicebam,
1327 3314 1696 3370 voluntatem
1716 3331 1916 3371 meam
1938 3321 1994 3371 et
2015 3316 2220 3372 volun-

567 3409 748 3461 tatem
763 3410 1025 3458 vestram
1049 3403 1233 3458 Gestis
1251 3401 1687 3468 ecclesiasticis,
1703 3410 2000 3475 quantum
2019 3404 2097 3459 ad
2120 3405 2220 3462 ho-

565 3493 761 3549 mines
803 3492 1031 3557 attinet,
1065 3490 1480 3547 conﬁrmatam
1513 3491 1649 3548 volo
1684 3511 1696 3551 :
1749 3499 2047 3563 quantum
2079 3509 2219 3549 vero

567 3582 646 3638 ad
687 3581 970 3637 latentem
1019 3579 1454 3652 Omnipotentis
1483 3581 1872 3646 voluntatem,
1899 3597 2129 3650 omnes,
2159 3587 2223 3636 ut

568 3669 708 3740 dixi,
735 3685 973 3724 oremus
1003 3675 1064 3724 ut
1099 3670 1408 3725 conﬁrmet
1450 3670 1603 3726 Deus
1633 3670 1794 3742 quod
1825 3675 2108 3741 operatus
2135 3674 2223 3725 est

568 3757 629 3814 in
661 3759 854 3814 nobis.
888 3763 925 3813 Α
962 3760 1186 3828 populo
1217 3760 1617 3815 acclamatum
1660 3766 1740 3814 est
1782 3778 1802 3815 :
1848 3759 2085 3815 Judicio
2119 3765 2220 3815 tuo

563 3847 796 3919 gratias
846 3849 1078 3919 agimus
1119 3861 1140 3919 ,°
1181 3849 1406 3904 dictum
1448 3852 1526 3905 est
1560 3849 1827 3905 sedecies.
1873 3849 2024 3915 Fiat,
2058 3848 2166 3918 ﬁat
2197 3865 2222 3914 ,ο

566 3939 793 3994 dictum
825 3945 906 3994 est
933 3939 1263 3996 duodecies.
1293 3939 1370 3994 Te
1386 3944 1641 4008 patrem,
1665 3939 1976 3996 Eraclium
2002 3940 2220 4009 episco-

563 4043 710 4097 pum
740 4044 764 4094 ,ο
790 4027 1014 4084 dictum
1045 4035 1128 4084 est
1153 4027 1360 4083 sexies.

639 4136 693 4191 4.
743 4137 1004 4206 Cumque
1059 4136 1430 4200 reticeretur,
1471 4138 1852 4205 Augustinus
1909 4137 2218 4208 episcopus

567 4222 760 4279 dixit:
795 4225 927 4279 Scio
957 4224 1120 4295 quod
1147 4225 1307 4279 scitis
1340 4232 1394 4280 et
1422 4240 1549 4288 vos,
1579 4227 1682 4279 sed
1704 4226 1844 4281 nolo
1866 4226 1940 4281 de
1972 4226 2069 4282 illo
2095 4226 2218 4282 ﬁeri

566 4313 734 4384 quod
767 4313 842 4367 de
882 4329 978 4368 me
1023 4312 1246 4368 factum
1281 4319 1384 4368 est.
1442 4313 1594 4378 Quid
1625 4319 1825 4370 autem
1870 4314 2095 4370 factum
2146 4315 2222 4370 sit

565 4403 736 4458 multi
769 4403 961 4468 scitis;
987 4401 1069 4458 illi
1097 4401 1204 4458 soli
1232 4404 1506 4458 nesciunt
1528 4403 1629 4474 qui
1650 4409 1788 4458 tunc
1817 4411 1921 4460 aut
1947 4404 2220 4461 nondum

566 4496 690 4550 nati
715 4499 908 4557 erant,
931 4498 1035 4549 aut
1065 4493 1337 4548 nondum
1368 4493 1676 4550 habebant
1704 4499 1941 4550 atatem
1972 4495 2219 4550 sciendi.

563 4583 776 4638 Adhuc
808 4583 868 4637 in
899 4598 1151 4653 corpore
1182 4583 1376 4654 posito
1413 4583 1605 4638 beata
1636 4585 1943 4639 memoria
1974 4589 2142 4655 patre
2166 4590 2222 4640 et

565 4673 850 4742 episcopo
896 4688 1030 4727 meo
1079 4687 1221 4727 sene
1257 4673 1502 4741 Valerio,
1547 4673 1871 4744 episcopus
1907 4673 2220 4730 ordinatus

568 4777 726 4825 sum,
759 4767 815 4814 et
845 4761 974 4816 sedi
1000 4778 1138 4816 cum
1171 4761 1270 4817 illo
1297 4779 1310 4817 :
1343 4761 1507 4833 quod
1534 4763 1784 4818 concilio
1810 4765 2047 4819 Nicano
2088 4780 2222 4835 pro-

562 4849 824 4906 hibitum
852 4849 1030 4904 fuisse
1065 4851 1435 4917 nesciebam,
1469 4867 1578 4905 nec
1611 4853 1737 4921 ipse
1769 4853 2013 4908 sciebat.
2050 4854 2222 4918 Quod

564 4953 710 5009 ergo
741 4937 1171 5009 reprehensum
1211 4945 1300 4993 est
1339 4940 1397 4994 in
1428 4956 1544 5006 me,
1577 4941 1716 4995 nolo
1760 4941 2113 5012 reprehendi
2161 4942 2222 4997 in

561 5028 688 5084 ﬁlio
717 5043 872 5083 meo.
906 5031 953 5082 A
987 5030 1210 5097 populo
1231 5030 1632 5085 acclamatum
1663 5034 1744 5085 est
1765 5046 1788 5086 .’
1808 5031 1929 5086 Deo
1949 5032 2220 5100 gratias;

567 5117 811 5175 Christo
842 5117 1044 5174 laudes
1073 5140 1092 5188 ,-
1123 5118 1346 5174 dictum
1379 5123 1462 5174 est
1490 5118 1790 5174 tredecies.

639 5230 689 5280 ὅ.
748 5226 1008 5297 Cumque
1062 5225 1431 5287 reticeretur,
1495 5227 1859 5294 Augustinus
1919 5227 2222 5295 episcopus

565 5314 721 5370 dixit
747 5329 769 5370 .·
792 5314 1234 5386 Eritpresbyter
1257 5319 1317 5368 ut
1342 5319 1426 5368 est
1452 5332 1463 5378 ;
1489 5315 1736 5385 quando
1764 5313 1918 5369 Deus
1949 5316 2218 5382 voluerit,

567 5403 802 5457 futurus
835 5405 1176 5476 episcOpus.
1215 5403 1326 5459 Sed
1357 5403 1534 5474 plane
1564 5403 1747 5458 modo
1780 5403 2047 5458 facturus
2085 5421 2220 5460 sum

569 5491 894 5559 adjuvante
923 5490 1333 5546 misericordia.
1365 5492 1594 5560 Christi,
1619 5491 1782 5564 quod
1803 5491 2002 5549 adhuc
2033 5510 2221 5565 usque

568 5591 690 5635 non
719 5577 847 5633 feci.
880 5580 1070 5635 Nostis
1099 5587 1234 5635 ante
1258 5578 1487 5653 aliquot
1509 5597 1702 5637 annos
1725 5581 1870 5654 quid
1899 5581 2091 5639 facere
2124 5599 2222 5640 vo-

563 5669 794 5731 luerim,
826 5673 877 5721 et
911 5682 1030 5721 non
1077 5670 1446 5738 permisistis.
1497 5671 1720 5726 Placuit
1771 5671 1913 5726 mihi
1946 5680 2001 5728 et
2046 5674 2222 5730 vobis

568 5765 810 5830 propter
831 5773 1037 5812 curam
1055 5758 1511 5827 Scripturarum,
1541 5776 1726 5831 quam
1761 5764 1900 5817 mihi
1924 5763 2135 5820 fratres
2165 5771 2220 5820 et

3699 74 3958 119 *τ

1745 249 1748 252 ι
1844 221 1904 284 s.
1943 205 2328 283 AUGUsr'iNI
2368 208 2689 284 EPISCOPI
3849 233 3932 292 ses

2329 355 2529 423 patres
2559 352 2676 408 mei
2724 352 3064 426 coepiscopi
3107 353 3348 410 duobus
3380 355 3640 412 conciliis
3688 359 3940 419 Numidia

2331 445 2390 497 et
2420 441 2791 511 Carthaginis
2822 444 3131 515 imponere
3156 443 3388 514 dignati
3417 451 3572 511 sunt,
3598 451 3658 501 ut
3677 462 3775 518 per
3797 449 3944 519 quin-

2331 545 2448 602 que
2480 529 2605 585 dies
2622 546 2800 587 nemo
2827 532 2970 587 mihi
3002 531 3289 589 molestus
3312 540 3489 589 esset.
3521 536 3690 590 Gesta
3709 537 3944 594 confecta

2333 623 2490 684 sunt,
2521 618 2760 690 placuit,
2791 621 3166 677 acclamastis
3198 638 3210 677 :
3243 623 3523 678 recitatur
3555 623 3822 695 placitum
3842 642 3948 682 ves-

2333 711 2513 772 trum,
2533 713 2586 762 et
2608 707 3068 765 acclamationes
3094 715 3330 766 vestra.
3353 713 3558 769 Parvo.
3583 718 3832 785 tempore
3853 733 3950 771 ser»

2330 802 2537 851 vatum
2569 803 2654 852 est
2679 798 2836 853 circa
2882 813 2979 853 me
3004 815 3017 863 ;
3043 802 3102 853 et
3122 804 3335 871 postea
3364 800 3652 857 violenter
3678 800 3939 874 irruptum

2333 890 2438 950 est,
2472 889 2530 940 et
2559 901 2679 942 non
2714 887 3022 957 permittor
3053 889 3130 943 ad
3162 887 3326 962 quod
3356 891 3515 954 volo,
3548 903 3761 946 vacare
3793 907 3802 944 :
3833 897 3944 949 ante

2333 974 2645 1030 meridiem
2677 980 2733 1030 et
2762 981 2896 1046 post
2927 975 3237 1032 meridiem
3277 977 3768 1048 occupationibus
3792 979 3944 1034 homi-

2332 1079 2476 1118 num
2511 1063 2800 1135 implicor.
2821 1065 3083 1121 Obsecro
3128 1082 3232 1121 vos
3255 1070 3310 1122 et
3336 1065 3644 1137 obstringo
3672 1082 3772 1138 per
3791 1067 3944 1122 Chris-

2335 1157 2480 1218 tum,
2516 1157 2578 1206 ut
2625 1152 2761 1209 huic
2788 1155 3014 1224 juveni,
3062 1155 3173 1210 hoc
3205 1160 3293 1211 est
3339 1155 3566 1212 Eraclio
3615 1155 3944 1227 presbytero,

2332 1257 2512 1313 quem
2537 1241 2716 1297 hodie
2744 1243 2801 1296 in
2832 1243 3079 1298 nomine
3110 1243 3322 1300 Christi
3345 1244 3606 1313 designo
3632 1244 3944 1318 episcopum

2334 1345 2745 1387 successorem
2793 1332 2959 1396 mihi,
2995 1332 3306 1403 patiamini
3342 1348 3434 1388 me
3459 1333 3772 1388 retundere
3797 1349 3946 1389 onera

2321 1419 2796 1490 occupationum
2822 1436 3118 1475 mearum.
3147 1422 3190 1476 A
3213 1423 3434 1490 populo
3455 1423 3842 1478 acclamatum
3859 1429 3946 1478 est:

2331 1509 2575 1567 Judicio
2599 1515 2696 1564 tuo
2707 1511 2939 1580 gratias
2961 1510 3230 1580 agimus;
3249 1511 3472 1567 dictum
3493 1519 3580 1568 est
3599 1512 3945 1568 viciessexies.

2405 1602 2456 1653 6.
2492 1598 2753 1669 Cumque
2777 1598 3143 1664 reticeretur,
3173 1600 3553 1670 Augustinus
3581 1600 3866 1668 episcopus
3883 1601 3948 1655 di-

2331 1690 2424 1745 xit
2451 1707 2470 1744 :
2490 1689 2609 1756 Ego
2629 1687 2902 1743 charitati
2929 1694 2986 1743 et
3007 1688 3439 1744 benevolentia
3462 1696 3676 1744 vestra
3703 1690 3848 1760 apud
3866 1691 3947 1744 Do-

2335 1777 2564 1832 minum
2587 1778 2770 1830 Deum
2804 1781 3075 1831 nostrum
3099 1779 3325 1845 gratias
3357 1793 3496 1847 ago,
3519 1778 3644 1834 imo
3665 1779 3735 1833 de
3757 1778 3841 1833 illa
3857 1781 3946 1833 Deo

2332 1865 2553 1937 gratias
2597 1880 2733 1935 ago.
2767 1866 2942 1935 Ergo,
2974 1865 3209 1932 fratres,
3243 1865 3547 1938 quidquid
3597 1874 3684 1922 est
3720 1867 3862 1937 quod
3889 1867 3944 1922 ad

2333 1969 2430 2009 me
2474 1952 2903 2024 perferebatur,
2939 1953 3015 2008 ad
3050 1954 3214 2010 illum
3243 1953 3586 2028 perferatur
3617 1973 3632 2008 :
3666 1955 3759 2010 ubi
3791 1971 3945 2009 neces-

2335 2043 2559 2098 sarium
2579 2042 3202 2108 habueritconsilium,
3223 2061 3423 2099 meum
3442 2060 3566 2100 non
3583 2045 3808 2114 negabo
3819 2044 3944 2100 auxi-

2333 2131 2481 2187 lium
2499 2150 2511 2199 ;
2528 2132 2683 2186 absit
2707 2137 2765 2187 ut
2785 2131 3161 2188 subtraham.
3182 2135 3405 2189 Tamen
3420 2133 3723 2206 quidquid
3737 2133 3861 2187 illud
3879 2139 3942 2186 est

2333 2221 2498 2292 quod
2525 2220 2601 2275 ad
2621 2236 2715 2275 me
2738 2219 3166 2291 perferebatur,
3191 2221 3270 2278 ad
3292 2221 3457 2277 illum
3477 2222 3822 2294 perferatur.
3847 2223 3940 2292 ipse

2335 2325 2430 2365 me
2461 2314 2565 2365 aut
2591 2309 2889 2374 consulat,
2913 2310 2961 2365 si
2990 2309 3137 2366 forte
3166 2327 3286 2366 non
3310 2310 3613 2366 invenerit
3635 2310 3773 2382 quid
3795 2309 3938 2365 facere

2333 2397 2572 2464 debeat,
2596 2405 2698 2453 aut
2725 2404 2936 2470 poscat
2969 2398 3302 2470 adjutorem
3323 2415 3511 2471 quem
3535 2401 3701 2455 novit
3726 2405 3936 2471 patrem:

2333 2492 2468 2543 utet
2495 2487 2666 2541 vobis
2693 2486 2834 2541 nihil
2860 2486 3030 2556 desit,
3059 2493 3115 2543 et
3141 2503 3253 2556 ego
3285 2488 3537 2544 tandem
3571 2487 3885 2560 aliquando,
3904 2489 3935 2541 si

2331 2575 2960 2648 quantulumcumque
2978 2576 3240 2647 spatium
3266 2575 3414 2631 mihi
3443 2576 3631 2649 hujus
3657 2578 3781 2631 vita
3801 2576 3937 2630 dona-

2333 2664 2480 2718 verit
2507 2663 2681 2724 Deus,
2715 2663 2910 2734 ipsam
2937 2679 3137 2737 meam
3161 2663 3783 2737 quantulamcumque
3801 2665 3932 2718 vitam

2333 2767 2454 2807 non
2484 2752 2621 2807 dem
2651 2753 2940 2822 segnitiei,
2962 2768 3072 2808 nec
3089 2752 3311 2808 donem
3333 2753 3590 2819 inertia,
3611 2753 3710 2809 sed
3737 2754 3786 2807 in
3813 2769 3934 2807 sanc-

2334 2841 2403 2897 tis
2443 2841 2775 2913 Scripturis,
2809 2847 3104 2913 quantum
3145 2843 3272 2915 ipse
3314 2843 3605 2914 permittit
3645 2847 3698 2897 et
3725 2841 3931 2910 largitur,

2331 2945 2635 2986 exerceam
2665 2950 2679 3000 ;
2715 2931 2828 2986 hoc
2846 2935 2902 2986 et
2921 2931 3031 3002 ipsi
3056 2931 3336 3002 proderit,
3359 2936 3418 2988 et
3441 2947 3554 3003 per
3587 2931 3776 3004 ipsum
3801 2929 3930 2984 etiam

2334 3020 2523 3076 vobis.
2553 3020 2739 3075 Nemo
2778 3035 2921 3090 ergo
2949 3020 3214 3076 invideat
3242 3021 3362 3075 otio
3404 3036 3571 3086 meo,
3600 3021 3740 3093 quia
3779 3033 3931 3074 meum

2330 3109 2521 3165 otium
2554 3123 2842 3178 magnum
2874 3107 3057 3165 habet
3078 3109 3409 3179 negotium.
3440 3109 3631 3165 Video
3661 3124 3751 3165 me
3772 3107 3836 3162 de
3851 3107 3931 3160 hac

2330 3214 2392 3255 re
2424 3205 2665 3269 propter
2701 3213 2885 3268 quam
2943 3213 3048 3253 vos
3088 3198 3355 3264 invitavi,
3409 3198 3645 3253 omnia.
3670 3195 3926 3252 vobiscum

2330 3287 2521 3357 egisse
2552 3301 2688 3358 qua
2717 3285 2900 3341 debui
2929 3301 2942 3338 :
2967 3285 3082 3342 hoc
3102 3286 3181 3342 ad
3205 3286 3483 3342 ultimum
3515 3301 3683 3356 rogo,
3706 3282 3925 3340 utGestis

2331 3376 2459 3431 istis
2489 3375 2814 3444 dignemini
2848 3375 3225 3432 subscribere
3254 3375 3358 3446 qui
3391 3376 3659 3446 potestis.
3694 3373 3794 3433 Hic
3819 3370 3924 3428 mihi

2331 3464 2724 3534 responsione
2743 3469 2939 3520 vestra
2952 3479 3107 3536 opus
3127 3469 3246 3520 est:
3272 3469 3511 3520 teneam
3530 3463 3923 3536 responsionem

2327 3557 2592 3608 vestram
2626 3568 2640 3606 :
2665 3551 2740 3606 de
2770 3551 2884 3608 hac
2913 3553 3257 3608 assensione
3291 3553 3524 3625 aliquid
3551 3552 3868 3608 acclamate.
3889 3549 3918 3599 Α

2317 3635 2549 3711 ’ροραιο
2573 3642 2974 3698 acclamatum
3007 3647 3092 3698 est
3121 3661 3141 3699 :
3171 3641 3328 3706 Fiat,
3356 3643 3466 3710 ﬁat
3495 3657 3526 3708 ,°
3555 3643 3769 3698 dictum
3796 3637 3924 3693 vicia

2326 3730 2656 3802 quinquies,
2693 3731 2948 3800 Dignum
2977 3737 3081 3795 est,
3120 3733 3347 3798 iustum
3376 3737 3519 3799 est;
3547 3732 3763 3786 dictum
3799 3725 3924 3783 eiciet

2327 3820 2524 3876 octies.
2543 3820 2699 3884 Fiat,
2711 3821 2848 3888 ﬁat;
2869 3819 3090 3876 dictum
3104 3826 3320 3891 quater
3331 3819 3546 3875 decies.
3565 3820 3712 3876 Olim
3737 3817 3920 3886 dignus,

2327 3909 2468 3965 olim
2495 3909 2740 3964 meritus
2761 3930 2780 3977 ,-
2806 3909 3028 3964 dictum
3052 3909 3227 3965 vicies
3247 3909 3585 3980 quinquies.
3612 3908 3826 3962 Iudicio
3851 3909 3919 3956 tuo

2326 3998 2557 4069 gratias
2578 3997 2812 4067 agimus
2832 4013 2850 4063 ;
2867 3997 3092 4054 dictum
3116 3998 3416 4054 tredecies.
3435 3998 3700 4062 Exaudi,
3723 3993 3919 4051 Christe.

2326 4087 2638 4144 Eraclium
2666 4101 2945 4142 conserva
2971 4086 3236 4157 ;dictum
3258 4087 3434 4143 octies
3460 4086 3671 4144 decies.

2398 4181 2452 4230 7.
2475 4176 2736 4248 Cumque
2761 4175 3131 4244 reticeretur,
3159 4176 3537 4245 Augustinus
3562 4176 3842 4245 episcOpus
3862 4168 3920 4221 di-

2327 4266 2460 4322 xit:
2494 4267 2644 4320 Bene
2676 4264 2857 4320 habet
2888 4270 2952 4319 ut
2978 4279 3050 4320 ea
3077 4279 3214 4336 qua
3245 4264 3345 4319 Dei
3377 4270 3538 4328 sunt,
3570 4263 3723 4318 circa
3750 4254 3919 4314 sacriﬁ-

2329 4355 2487 4410 cium
2514 4354 2641 4422 ejus
2667 4368 2844 4424 agere
2875 4353 3184 4410 valeamus
3217 4369 3230 4421 ;
3265 4354 3324 4408 in
3356 4369 3480 4425 qua
3510 4352 3660 4408 hora
3684 4345 3921 4420 supplica-

2329 4443 2508 4500 tionis
2531 4449 2748 4498 nostra
2781 4441 3041 4498 maxime
3071 4443 3435 4498 commendo
3459 4439 3730 4498 Charitati
3759 4439 3920 4490 vestm

2329 4539 2394 4588 ut
2423 4547 2634 4588 omnes
2678 4536 2900 4588 vestras
2930 4545 3147 4587 causas
3181 4535 3239 4588 et
3278 4532 3518 4601 negotia
3557 4520 3918 4586 intermittatis.

2327 4627 2387 4676 et
2425 4636 2532 4692 pro
2567 4621 2679 4676 ista
2711 4619 2987 4686 Ecclesia,
3019 4625 3076 4675 et
3115 4635 3224 4691 pro
3258 4636 3373 4684 me,
3415 4625 3472 4675 et
3496 4634 3604 4692 pro
3630 4613 3919 4690 presbytero

2331 4710 2576 4779 Eraclio,
2614 4711 2864 4765 Domino
2891 4724 3128 4780 precem
3165 4708 3456 4764 fundatis.

2794 4797 3129 4854 EPISTOLA
3157 4797 3379 4854 CCXIV'
3410 4797 3517 4868 ta).

2328 4889 2371 4943 A
2385 4888 2700 4957 ugustinus
2723 4887 3033 4942 Valentino
3051 4889 3094 4941 A
3107 4886 3270 4942 bbati
3292 4893 3346 4941 et
3369 4885 3680 4957 Monac/iis
3701 4879 3920 4957 Adrana-

2403 4946 2560 5023 ι’ἱηίε,
2592 4959 2798 5014 oborta
2827 4959 2983 5014 inter
3007 4974 3098 5015 eos
3123 4958 3490 5014 dissensione
3513 4957 3585 5012 de
3613 4955 3779 5011 libero
3803 4946 3918 5024 arb}-

2404 5030 2518 5085 trio
2539 5029 2838 5099 etjustitia
2855 5029 2982 5096 Dei,
3009 5045 3084 5086 ex
3101 5045 3216 5097 pra
3227 5046 3298 5085 ua
3326 5026 3922 5099 interpretatione?”

2402 5102 2536 5157 tota
2547 5091 2896 5168 prolixioris
2909 5091 2990 5156 ad
3000 5091 3429 5164 Sixtum,docet
3443 5091 3616 5168 ﬁdem
3636 5091 3918 5152 catholicam

2400 5173 2589 5248 inilla
2605 5173 2855 5248 ερὶειρια
2870 5179 3316 5248 prapugnatam
3333 5173 3488 5227 hanc
3505 5184 3640 5230 esse.
3655 5179 3772 5248 qui?
3783 5168 3920 5248 ζζζςῇε

2403 5231 2647 5299 liberum
2665 5231 3196 5313 arbitrium'neget,
3211 5258 3398 5315 neque
3422 5247 3648 5298 tantum
3726 5231 3915 5315 tribuet

2405 5324 2469 5370 ut
2498 5315 2623 5371 sine
2651 5316 2852 5384 gratia
2887 5317 2992 5370 Dei
3040 5306 3235 5371 valeat
3268 5306 3591 5386 quidquam
3623 5308 3698 5366 ad
3729 5306 3912 5360 bonum.

2338 5405 2589 5459 Domino
2615 5404 3022 5469 dilectissimo,
3053 5410 3106 5459 et
3137 5405 3194 5458 in
3231 5401 3440 5459 Christi
3487 5394 3752 5456 membris
3774 5392 3912 5446 hono-

2391 5527 2420 5558 δ
2455 5526 2645 5589 Epistt.
2683 5539 2862 5579 ccxxv
2910 5530 2961 5577 et
2993 5538 3150 5579 CCXV
3199 5525 3606 5577 emendavimus
3637 5507 3909 5589 operit}-

2330 5589 2417 5654 bg.
2437 5575 2510 5638 bl:
2540 5575 2593 5654 ος
2613 5575 2889 5639 δεῖέῐῐῖέι.
2919 5575 2976 5637 fl.
3003 5575 3183 5654 ‘g'._gv.
3283 5604 3352 5638 m.
3380 5603 3433 5637 n.
3465 5602 3504 5636 r.
3531 5601 3582 5635 s.
3618 5575 3690 5632 sb".
3714 5584 3747 5627 t.
3768 5575 3827 5624 th.
3853 5581 3907 5615 τι)

2329 5651 2558 5716 duorum
2583 5653 2670 5701 bn.
2699 5657 2934 5716 quatuor
2961 5651 3042 5701 v.'
3103 5651 3122 5653 ⁷
3211 5651 3233 5716 ί
3621 5709 3642 5716 _
3669 5705 3694 5716 ,.
3751 5702 3830 5716 μ.-
3857 5691 3889 5716 ..ς

2392 5718 2459 5773 (a)
2489 5715 2628 5765 Alias
2663 5703 2761 5764 ‘6':
2795 5730 2915 5778 qua
2944 5719 3124 5764 autem
3155 5715 3243 5763 214
3275 5718 3409 5772 erat,
3445 5723 3590 5769 nunc
3617 5709 3644 5760 2
3667 5703 3836 5764 scrip“
3857 5705 3907 5736 ‘1'

2329 5776 2485 5826 detur
2510 5791 2596 5828 an.
2637 5779 2742 5836 £26,
2775 5776 2869 5827 aut
2897 5780 2988 5828 £27
3014 5783 3138 5828 ante
3160 5778 3382 5827 Pascha.
