4118 6164
175 262 366 321 rando
395 259 559 317 fratri
598 254 939 321 VALENTINO,
968 256 1026 310 et
1071 251 1354 310 fratribus
1404 251 1508 324 qui
1560 255 1756 307 tecum

177 357 330 419 sunt,
365 355 739 413 AUGUsrmUS,
770 346 832 401 in
870 343 1121 400 Domino
1153 341 1434 399 salutem.

175 445 230 502 1.
262 443 555 498 Venerunt
579 437 657 494 ad
704 450 816 491 nos
852 433 974 489 duo
1001 432 1273 504 juvenes,
1311 428 1662 487 Cresconius
1701 431 1760 484 et

106 531 280 596 Felix,
301 530 374 585 de
393 532 594 584 vestra
623 521 1090 593 congregatione
1117 535 1178 576 se
1196 535 1324 575 esse
1347 519 1629 588 dicentes,
1654 516 1759 589 qui

105 621 278 679 nobis
319 617 648 676 retulerunt
680 610 1111 669 monasterium
1149 613 1412 664 vestrum
1462 606 1759 663 nonnulla

104 709 475 768 dissensione
527 705 858 770 turbatum,
890 715 961 756 eo
999 699 1164 772 quod
1195 698 1444 770 quidam
1476 695 1538 751 in
1583 695 1757 751 vobis

107 801 190 856 sic
207 798 460 870 gratiam
484 793 830 868 praedicent,
856 795 919 845 ut
943 792 1160 858 negent
1176 785 1440 842 hominis
1464 800 1596 840 esse
1614 783 1758 842 libe-

101 903 240 949 rum
268 886 577 945 arbitrium
615 898 630 950 ;
658 885 735 946 et,
766 878 932 953 quod
954 883 1040 933 est
1067 875 1327 947 gravius,
1355 874 1560 930 dicant
1592 872 1759 946 quod

107 981 168 1036 in
197 978 289 1035 die
315 975 523 1049 judicii
573 987 694 1029 non
725 970 801 1026 sit
846 967 1186 1024 redditurus
1228 965 1381 1019 Deus
1435 963 1758 1035 unicuique

111 1066 441 1125 secundum
460 1077 639 1136 opera
670 1060 798 1131 ejus
828 1055 1071 1129 (Matth.
1095 1069 1216 1122 xv1,
1237 1056 1305 1107 27
1328 1059 1381 1110 et
1405 1053 1646 1116 Rom.11,
1679 1051 1759 1122 6).

111 1157 296 1214 Etiam
331 1154 448 1210 hoc
486 1158 689 1208 tamen
721 1147 1154 1208 indicaverunt,
1195 1140 1361 1215 quod
1399 1141 1598 1213 plures
1631 1156 1762 1196 ves-

116 1253 272 1304 trum
303 1257 423 1300 non
456 1242 538 1298 ita
582 1239 861 1305 sentiant,
893 1235 998 1290 sed
1031 1233 1286 1289 liberum
1317 1231 1626 1288 arbitrium
1657 1228 1762 1285 ad-

107 1333 300 1408 juvari
327 1332 624 1389 fateantur
649 1342 754 1400 per
777 1325 876 1381 Dei
893 1323 1168 1394 gratiam,
1186 1325 1251 1376 ut
1273 1324 1436 1376 recta
1453 1319 1761 1408 sapiamus

115 1407 288 1496 atque
317 1421 611 1477 faciamus
641 1432 655 1484 ;
684 1419 748 1471 ut
769 1429 908 1470 cum
940 1409 1167 1467 venerit
1196 1409 1483 1466 Dominus
1511 1407 1761 1464 reddere

121 1511 434 1583 unicuique
474 1504 811 1562 secundum
843 1516 1027 1573 opera
1058 1499 1208 1570 ejus,
1264 1497 1533 1553 inveniat
1577 1511 1764 1567 opera

116 1605 319 1659 nostra
349 1600 535 1662 bona,
568 1610 704 1667 qum
731 1588 1094 1664 praeparavit
1122 1588 1276 1642 Deus
1307 1592 1372 1642 ut
1400 1587 1460 1641 in
1492 1585 1605 1641 illis
1633 1600 1764 1641 am-

115 1691 391 1748 bulemus
417 1686 597 1758 (Eph.
615 1700 676 1751 11,
711 1682 817 1754 tO).
843 1679 964 1736 Hoc
997 1678 1097 1750 qui
1130 1675 1413 1743 sentiunt,
1447 1675 1601 1731 bene
1627 1689 1766 1731 sen-

119 1781 298 1837 ﬁunL

187 1871 238 1923 2.
271 1867 520 1924 Obsecro
550 1863 751 1935 itaque
786 1874 906 1924 vos,
937 1857 1191 1927 fratres,
1226 1853 1383 1909 sicut
1431 1851 1766 1909 Corinthios

117 1955 446 2015 obsecravit
487 1949 823 2024 Apostolus,
872 1961 982 2016 per
1022 1959 1234 2000 nomen
1288 1941 1524 1998 Domini
1575 1942 1768 1997 nostri

117 2049 253 2104 Jesu
267 2043 511 2109 Christi,
539 2048 601 2097 ut
618 2039 879 2108 idipsum
895 2033 1107 2091 dicatis
1121 2046 1339 2096 omnes,
1357 2035 1410 2087 et
1423 2046 1542 2086 non
1565 2030 1681 2086 sint
1705 2031 1766 2086 in

119 2136 273 2193 vobis
295 2133 617 2191 schismata
637 2129 681 2201 (l
715 2127 851 2184 Cor.
879 2141 917 2190 1,
943 2124 1052 2196 10).
1080 2122 1276 2178 Primo
1298 2121 1457 2176 enim
1481 2119 1770 2175 Dominus

117 2227 309 2290 Jesus,
344 2224 498 2278 sicut
519 2219 811 2291 scriptum
827 2214 986 2272 estin
1005 2209 1583 2280 Evangelioloannis
1599 2224 1772 2278 apos-

120 2314 369 2380 toli,non
383 2311 538 2368 venit
559 2315 625 2364 ut
644 2307 950 2378 judicaret
968 2299 1397 2368 mundum,sed
1419 2305 1484 2354 ut
1507 2299 1774 2354 salvare-

117 2411 216 2460 tur
241 2401 493 2458 mundus
520 2414 629 2469 per
644 2398 837 2467 ipsum
852 2393 1047 2465 (Joan.
1073 2407 1153 2454 111,
1174 2389 1502 2460 t7).Postea
1517 2403 1677 2451 vero,
1695 2387 1772 2442 si-

117 2498 211 2549 cut
225 2491 428 2548 scribit
444 2489 751 2562 apostolus
769 2478 1303 2551 Paulusg’udicabit
1321 2480 1472 2534 Deus
1483 2477 1771 2533 mundum

117 2583 305 2653 (ﬂom.
335 2595 412 2643 111,
435 2579 513 2649 6),
536 2574 786 2649 quando
817 2575 1092 2627 venturus
1117 2574 1221 2633 est,
1245 2566 1399 2622 sicut
1431 2570 1552 2621 tota
1587 2564 1773 2620 Eccle-

118 2671 208 2726 sia
241 2670 302 2725 in
339 2664 631 2738 Symbolo
659 2661 995 2723 conﬁtetur,
1019 2657 1305 2728 judicare
1334 2655 1494 2712 vivos
1534 2661 1588 2711 et
1620 2669 1774 2710 mor-

117 2766 266 2814 tuos.
303 2755 360 2813 Si
389 2756 565 2824 igitur
593 2768 716 2809 non
738 2755 828 2806 est
853 2747 950 2804 Dei
979 2747 1190 2818 gratia,
1241 2744 1553 2817 quomodo
1581 2743 1774 2798 salvat

116 2845 416 2903 mundum
446 2842 474 2898 ‘P
513 2847 572 2898 et
602 2843 649 2897 si
690 2855 812 2897 non
844 2843 932 2894 est
961 2835 1216 2892 liberum
1248 2834 1581 2896 arbitrium,
1621 2848 1774 2904 quo-

118 2936 304 2993 modo
325 2932 554 3004 judicat
583 2927 917 2987 mundum?
932 2924 1180 2981 Proinde
1195 2922 1414 2978 librum
1444 2921 1536 2977 vel
1555 2920 1774 2992 episto-

115 3026 241 3083 lam
268 3038 492 3088 meam,
519 3036 707 3093 quam
742 3033 950 3074 secum
974 3016 1050 3071 ad
1078 3029 1190 3069 nos
1220 3014 1238 3049 ¹
1266 3011 1591 3084 supradicti
1623 3014 1772 3066 attu-

117 3115 338 3178 lerunt,
372 3110 706 3167 secundum
732 3109 889 3164 hanc
920 3104 1101 3159 ﬁdem
1135 3100 1459 3170 intelligite,
1485 3105 1547 3154 ut
1577 3113 1771 3171 neque

113 3203 346 3273 negetis
381 3200 478 3256 Dei
511 3199 788 3271 gratiam,
838 3209 1033 3266 neque
1058 3191 1314 3247 liberum
1342 3188 1656 3245 arbitrium
1687 3189 1770 3243 sic

112 3291 478 3357 defendatis,
510 3294 574 3345 ut
603 3304 638 3344 a
671 3287 768 3342 Dei
786 3283 979 3355 gratia
1004 3280 1311 3353 separetis,
1332 3283 1622 3350 tanquam
1644 3277 1770 3332 sine

111 3381 224 3438 illa
253 3379 344 3436 vel
374 3377 638 3450 cogitare
663 3371 894 3446 aliquid
916 3370 1007 3426 vel
1029 3383 1205 3441 agere
1230 3367 1562 3423 secundum
1583 3367 1769 3420 Deum

112 3470 243 3528 ulla
271 3469 500 3525 ratione
531 3465 836 3538 possimus
867 3480 883 3532 ;
917 3459 1083 3532 quod
1113 3457 1362 3513 omnino
1393 3471 1515 3512 non
1559 3470 1775 3527 possu-

115 3575 278 3617 mus.
297 3558 537 3628 Propter
551 3555 663 3610 hoc
684 3553 844 3608 enim
860 3549 1149 3604 Dominus
1169 3561 1310 3602 cum
1336 3546 1410 3601 de
1435 3545 1629 3602 fructu
1645 3545 1775 3617 jus-

115 3650 262 3707 titim
286 3647 648 3719 loqueretur,
682 3641 762 3697 ait
794 3637 1105 3710 discipulis
1131 3635 1292 3692 suis:
1321 3635 1458 3692 Sine
1495 3650 1586 3692 me
1616 3633 1774 3691 nihil

113 3735 359 3809 potestis
383 3735 588 3802 facere
612 3731 810 3803 (Joan.
843 3743 943 3795 xv,
977 3726 1052 3797 5).

193 3831 246 3882 3.
273 3823 440 3881 Unde
453 3819 864 3893 supradictam
884 3814 1202 3888 epistolam
1221 3813 1299 3870 ad
1312 3813 1543 3868 Sixtum
1557 3815 1776 3868 Roma-

119 3932 216 3974 nae
249 3911 520 3970 Ecclesiae
548 3907 963 3981 presbyterum
989 3904 1319 3974 (a),contra
1333 3917 1520 3957 novos
1543 3901 1779 3956 haereti-

118 4021 228 4063 cos
253 4001 608 4071 Pelagianos
637 3995 918 4052 noveritis
945 4008 1071 4048 esse
1103 3991 1527 4062 conscriptam,
1555 3991 1657 4062 qui
1691 3989 1776 4044 di-

118 4097 267 4152 cunt
297 4092 549 4162 gratiam
570 4086 671 4142 Dei
702 4083 1036 4140 secundum
1059 4081 1272 4137 merita
1300 4085 1506 4135 nostra
1532 4080 1680 4144 dari,
1712 4082 1776 4135 ut

119 4185 230 4257 qui
260 4180 567 4252 gloriatur,
585 4192 704 4232 non
735 4174 796 4229 in
821 4173 1095 4237 Domino,
1120 4170 1225 4225 sed
1251 4170 1310 4225 in
1341 4169 1537 4241 seipso
1562 4168 1779 4239 glorie-

122 4281 243 4336 tur,
271 4269 388 4326 hoc
417 4273 504 4324 est
529 4267 589 4322 in
608 4263 876 4328 homine,
900 4277 1022 4317 non
1052 4261 1108 4315 in
1143 4258 1414 4315 Domino.
1441 4258 1613 4324 Quod
1645 4273 1780 4330 pro-

122 4362 296 4419 hibet
320 4355 662 4430 Apostolus,
694 4353 918 4417 dicens,
941 4350 1123 4406 Nemo
1144 4348 1436 4417 glorietur
1460 4349 1522 4403 in
1547 4348 1782 4404 homine

124 4451 172 4523 (l
206 4452 349 4506 Cor.
382 4462 460 4510 111,
500 4446 592 4516 2t)
623 4460 642 4510 ;
673 4448 729 4498 et
759 4441 878 4498 alio
896 4440 1049 4504 loco,
1084 4437 1192 4506 Qui
1220 4437 1539 4508 gloriatur,
1565 4437 1780 4508 inquit,

123 4540 191 4596 in
225 4536 476 4594 Domino
514 4532 801 4606 glorietur
834 4529 953 4601 (Id.
997 4544 1035 4595 1,
1070 4528 1181 4599 31).
1231 4525 1314 4582 Illi
1345 4541 1484 4581 vero
1523 4526 1785 4581 haeretici

126 4629 369 4701 seipsos
402 4642 438 4682 a
459 4622 670 4696 seipsis
693 4622 884 4693 justos
914 4618 1039 4673 ﬁeri
1061 4614 1552 4694 putantes,quasi
1581 4616 1690 4670 hoc
1704 4615 1785 4669 eis

125 4733 258 4774 non
284 4714 516 4771 dederit
549 4716 725 4776 Deus,
760 4707 867 4764 sed
898 4706 1011 4778 ipsi
1040 4705 1184 4770 sibi;
1217 4719 1338 4759 non
1363 4704 1563 4774 utique
1584 4702 1643 4757 in
1677 4705 1788 4757 Do-

126 4807 330 4873 mino,
359 4803 463 4858 sed
492 4801 550 4856 in
582 4796 919 4868 semetipsis
948 4794 1296 4866 gloriantur.
1345 4791 1584 4847 Talibus
1628 4792 1788 4846 enim

123 4895 284 4954 dicit
308 4889 661 4965 Apostolus:
697 4888 836 4956 Quis
870 4884 1023 4942 enim
1042 4890 1094 4939 te
1117 4881 1442 4937 discernit?
1473 4879 1790 4948 Quodideo

1351 116 1853 182 EPISTOLARUM
1891 113 2184 178 CLASSIS
2224 113 2316 175 Ill.

3416 119 3520 178 970

1867 260 2024 311 mea,
2057 245 2337 302 discernit
2366 260 2462 302 me
2491 246 2684 303 oratio
2717 260 2872 313 mea,
2915 245 3197 303 discernit
3219 262 3312 304 me
3347 247 3520 320 justi-

1868 336 1948 393 tia
1986 351 2120 392 mea
2151 351 2167 402 ;
2200 351 2340 391 mox
2378 335 2700 406 Apostolus
2749 335 3005 393 occurrit
3053 336 3519 405 cogitationibus

1869 425 1996 495 ejus
2017 430 2072 480 et
2102 423 2249 479 dixit
2277 444 2290 478 :
2323 423 2476 491 Quid
2504 427 2657 480 enim
2679 424 2856 482 habes
2885 424 3044 497 quod
3065 440 3177 480 non
3191 425 3472 494 accepisti
3491 425 3520 480 ‘I

1865 513 1932 569 Si
1966 521 2164 569 autem
2195 513 2660 583 accepistitquid
2677 513 2982 584 gloriaris,
3017 512 3190 585 quasi
3217 529 3337 569 non
3367 528 3520 570 acce-

1865 603 2023 672 peris
2049 601 2162 673 (Id.
2195 616 2271 666 ιν,
2310 602 2360 672 7)
2387 601 2414 656 ‘t
2443 601 2536 657 Sic
2567 607 2764 657 autem
2808 601 3139 672 gloriantur
3176 603 3347 674 quasi
3395 618 3519 658 non

1867 691 2222 762 acceperint,
2263 690 2366 762 qui
2417 705 2481 746 se
2512 705 2548 746 a
2579 690 2787 762 seipsis
2817 690 3133 761 iustiﬁcari
3164 695 3379 763 putant
3407 707 3420 746 :
3450 707 3519 748 ac

1868 796 1973 852 per
1997 780 2181 836 hocin
2203 779 2561 851 semetipsis,
2587 795 2706 836 non
2738 779 2799 835 in
2815 779 3066 836 Domino
3097 779 3445 849 gloriantur.

1936 881 1989 934 4.
2026 878 2269 951 Propter
2293 877 2457 950 quod
2487 878 2677 948 egoin
2719 878 2832 934 hac
2871 877 3119 950 epistola
3139 893 3275 950 quae
3302 877 3380 935 ad
3410 895 3519 935 vos

1867 970 2151 1039 pervenit,
2184 967 2434 1039 probavi
2449 982 2553 1038 per
2577 966 2918 1023 testimonia
2948 971 3296 1023 sanctarum
3330 968 3520 1039 Scrip-

1867 1060 2158 1122 turarum,
2189 1072 2325 1128 quae
2354 1056 2436 1111 ibi
2463 1055 2705 1126 potestis
2726 1055 3044 1127 inspicere,
3067 1060 3124 1112 et
3139 1056 3302 1112 bona
3333 1071 3519 1127 opera

1867 1149 2072 1201 nostra
2110 1150 2164 1201 et
2193 1145 2322 1216 pias
2373 1143 2696 1210 orationes,
2742 1148 2798 1199 et
2847 1148 3070 1200 rectam
3120 1145 3302 1200 ﬁdem
3353 1145 3518 1200 nullo

1868 1233 2051 1290 modo
2078 1233 2136 1289 in
2162 1233 2338 1290 nobis
2366 1249 2493 1289 esse
2520 1234 2803 1306 potuisse,
2835 1234 2946 1288 nisi
2960 1234 3088 1289 haec
3115 1234 3520 1306 acciperemus

1870 1321 2064 1380 abillo
2081 1322 2288 1395 dequo
2310 1323 2453 1378 dicit
2483 1323 2792 1394 apostolus
2815 1322 3094 1387 Jacobus,
3119 1321 3300 1380 Omne
3312 1324 3518 1380 datum

1868 1413 2178 1481 optimum,
2200 1416 2249 1466 et
2267 1427 2435 1469 omne
2458 1412 2681 1468 donum
2705 1413 3039 1481 perfectum
3078 1412 3379 1469 desursum
3413 1419 3518 1478 est,

1869 1500 2223 1557 descendens
2268 1515 2305 1556 a
2343 1507 2516 1568 patre
2567 1502 2860 1556 luminum
2921 1499 3144 1570 (Jacobi
3180 1516 3215 1567 1,
3261 1501 3346 1573 t7)
3389 1517 3404 1566 ;
3446 1516 3522 1556 ne

1871 1591 2194 1661 quisquam
2224 1590 2383 1645 dicat
2409 1588 2635 1644 meritis
2666 1604 2915 1660 operum
2949 1603 3216 1655 suorum,
3237 1590 3329 1644 vel
3353 1590 3524 1645 meri-

1871 1678 1946 1736 tis
1977 1678 2317 1735 orationum
2350 1693 2618 1743 suarum,
2653 1677 2748 1733 vel
2785 1678 3007 1732 meritis
3030 1677 3191 1733 ﬁdaei
3233 1695 3380 1745 suae,
3408 1677 3524 1734 sibi

1874 1767 2155 1824 traditam
2188 1768 2284 1823 Dei
2308 1765 2584 1836 gratiam,
2610 1770 2665 1822 et
2697 1770 2934 1838 putetur
2960 1781 3170 1822 verum
3197 1783 3326 1822 esse
3353 1767 3524 1839 quod

1873 1856 1957 1912 illi
1978 1857 2236 1912 haaretici
2262 1855 2490 1924 dicunt,
2523 1855 2777 1926 gratiam
2808 1856 2904 1910 Dei
2933 1856 3267 1910 secundum
3316 1858 3527 1914 merita

1875 1951 2084 2002 nostra
2114 1945 2280 2010 dari;
2315 1944 2481 2016 quod
2516 1943 2760 2000 omnino
2795 1943 3185 1999 falsissimum
3215 1949 3343 2001 est:
3404 1961 3528 2002 non

1877 2035 2022 2107 quia
2050 2034 2279 2090 nullum
2303 2039 2388 2089 est
2409 2034 2710 2099 meritum,
2747 2033 2837 2088 vel
2883 2033 3112 2088 bonum
3144 2033 3406 2104 piorum,
3433 2034 3531 2090 vel

1880 2123 2108 2179 malum
2138 2122 2504 2194 impiorum;
2553 2123 2820 2194 alioquin
2873 2121 3179 2194 quomodo
3232 2122 3530 2193 judicabit

1881 2216 2034 2268 Deus
2056 2212 2348 2268 mundum
2371 2211 2512 2266 ?sed
2531 2210 2936 2266 misericordla
2962 2215 3018 2266 et
3045 2212 3233 2280 gratia
3261 2211 3360 2266 Dei
3390 2227 3529 2268 con-

1880 2301 2396 2366 vertithominem,
2424 2300 2498 2355 de
2529 2315 2651 2371 qua
2683 2299 2950 2355 Psalmus
2981 2299 3323 2370 dicit,‘Deus
3349 2316 3528 2368 meus,

1877 2389 2286 2446 misericordia
2307 2390 2434 2456 ejus
2449 2389 2764 2456 praeveniet
2782 2387 3073 2458 me',(Psal.
3109 2404 3263 2457 Lv111,
3295 2390 3388 2459 11)
3429 2407 3442 2456 ;
3469 2393 3533 2446 ut

1875 2476 2230 2549 justiﬁcetur
2257 2476 2501 2547 impius,
2525 2475 2641 2530 hoc
2671 2479 2759 2530 est
2790 2475 3067 2545 eximpio
3099 2474 3438 2547 ﬁatjustus,
3479 2480 3536 2533 et

1879 2566 2123 2638 incipiat
2160 2565 2380 2621 habere
2414 2565 2696 2620 meritum
2738 2564 2984 2633 bonum,
3016 2565 3183 2636 quod
3237 2566 3524 2622 Dominus

1883 2655 2213 2720 coronabit,
2248 2653 2494 2725 quando
2521 2653 2887 2724 judicabitur
2908 2653 3195 2709 mundus.

1953 2755 2007 2810 5.
2049 2753 2223 2810 Multa
2254 2758 2424 2808 erant
2448 2767 2582 2823 quae
2599 2750 2763 2806 vobis
2787 2751 3016 2806 mittere
3033 2751 3378 2823 cupiebam,
3407 2754 3536 2825 qui-

1881 2841 1996 2899 bus
2026 2843 2213 2907 lectis,
2232 2840 2628 2912 totamipsam
2643 2854 2892 2895 causam
2919 2856 3054 2910 quae
3086 2841 3350 2896 conciliis
3366 2842 3530 2913 epis-

1883 2931 2195 3004 copalibus
2237 2934 2370 2986 acta
2414 2934 2500 2986 est
2530 2929 2820 2984 adversus
2869 2928 3115 2984 eosdem
3168 2929 3529 2998 Pelagianos

1879 3020 2212 3085 hareticos,
2254 3018 2594 3088 diligentius
2633 3021 2689 3073 et
2723 3016 2959 3088 plenius
2998 3031 3174 3071 nosse
3225 3017 3479 3088 possetis
3517 3034 3532 3085 ;

1883 3109 1985 3165 sed
1998 3109 2424 3164 festinaverunt
2448 3106 2678 3173 fratres,
2708 3105 2812 3176 qui
2845 3121 2917 3160 ex
2947 3120 3199 3162 numero
3224 3110 3420 3162 vestro
3451 3107 3532 3164 ad

1880 3213 1993 3255 nos
2016 3203 2434 3268 venerunt,per
2449 3211 2604 3268 quos
2628 3194 2798 3250 vobis
2817 3209 2939 3250 non
2951 3193 3372 3266 rescripsimus
3393 3196 3528 3261 ista,

1881 3288 1988 3343 sed
2019 3284 2603 3358 scripsimus.Nullas
2623 3283 2784 3340 enim
2817 3284 2896 3339 ad
2925 3298 3034 3340 nos
3083 3290 3291 3340 vestrae
3335 3284 3533 3342 Chari-

1881 3376 2014 3433 tatis
2042 3376 2264 3433 litteras
2315 3374 2684 3432 attulerunt:
2735 3378 2937 3429 tamen
2980 3374 3355 3445 suscepimus
3405 3390 3527 3440 eos,

1878 3467 2169 3539 quoniam
2201 3463 2549 3536 simplicitas
2588 3478 2796 3518 eorum
2831 3462 2977 3518 satis
3018 3462 3325 3519 indicabat
3379 3463 3528 3520 nihil

1879 3555 2009 3611 illos
2026 3554 2203 3610 nobis
2216 3553 2483 3625 potuisse
2511 3551 2875 3607 conﬁndere.
2899 3551 3037 3607 Ideo
3059 3557 3260 3608 autem
3293 3552 3530 3609 festina-

1883 3650 2107 3708 verunt,
2143 3648 2204 3698 ut
2245 3641 2409 3714 apud
2439 3656 2546 3696 vos
2577 3645 2820 3710 agerent
2875 3640 3125 3705 Pascha,
3167 3657 3289 3712 quo
3322 3642 3530 3712 possit,

1880 3734 1976 3805 adj
1988 3737 2199 3788 uvante
2225 3732 2497 3795 Domino,
2515 3735 2634 3785 tam
2650 3733 2889 3784 sanctus
2903 3728 3032 3783 dies
3047 3735 3301 3785 vestram
3319 3745 3532 3801 pacem

1880 3839 2067 3896 quam
2097 3820 2530 3877 dissensionem
2561 3817 2758 3890 potius
2791 3817 3073 3874 invenire.

1954 3924 2005 3977 6.
2029 3919 2228 3977 Melius
2258 3922 2460 3975 autem
2491 3916 2678 3972 facitis
2709 3915 2898 3988 (quod
2938 3915 3192 3970 multum
3251 3919 3446 3987 rogo),
3479 3915 3529 3971 si

1882 4009 2082 4083 ipsum
2122 4023 2158 4063 a
2184 4021 2306 4079 quo
2336 4005 2541 4061 dicunt
2571 4020 2631 4059 se
2663 4003 2846 4059 fuisse
2878 4003 3148 4059 turbatos
3172 4002 3249 4059 ad
3283 4020 3379 4060 me
3403 4006 3531 4061 mit-

1881 4103 2003 4155 tere
2033 4112 2154 4152 non
2186 4093 2539 4165 gravemini.
2569 4095 2679 4148 Aut
2705 4092 2864 4147 enim
2885 4108 3004 4147 non
3022 4091 3289 4162 intelligit
3310 4092 3531 4149 librum

1885 4202 2112 4252 meum,
2141 4190 2243 4241 aut
2281 4183 2574 4255 forteipse
2601 4197 2723 4237 non
2755 4181 3118 4251 intelligitur,
3144 4182 3390 4252 quando
3421 4182 3534 4237 dif-

1886 4275 2214 4332 ﬁcillimam
2229 4272 2622 4346 quaestionem
2638 4277 2693 4326 et
2729 4270 3377 4341 paucisintelligibilem
3418 4269 3540 4324 sol-

1887 4380 2022 4421 vere
2036 4369 2248 4435 atquee
2263 4361 2487 4416 nodare
2501 4359 2907 4427 conatur.Ipsa
2921 4362 3006 4412 est
3020 4356 3180 4410 enim
3200 4357 3450 4427 quaestio
3465 4355 3539 4411 de

1891 4453 2084 4525 gratia
2115 4452 2239 4521 Dei,
2278 4465 2415 4521 qua:
2445 4447 2582 4502 fecit
2615 4452 2676 4501 ut
2706 4447 2981 4500 homines
3005 4461 3124 4499 non
3151 4445 3542 4514 intelligentes

1891 4537 2522 4614 putarentapostolum
2539 4535 2784 4589 Paulum
2803 4533 3026 4588 dicere:
3045 4533 3362 4589 Faciamus
3382 4534 3544 4589 mala

1894 4637 1954 4686 ut
1983 4630 2223 4685 veniant
2256 4625 2402 4680 bona
2435 4624 2620 4695 (Rom.
2648 4622 2810 4693 111,8).
2833 4621 2994 4676 Unde
3015 4621 3323 4692 apostolus
3341 4621 3546 4677 Petrus

1897 4719 1956 4774 in
1983 4717 2248 4772 secunda
2275 4712 2536 4785 Epistola
2577 4726 2708 4775 sua,
2740 4710 3124 4778 Quapropter,
3165 4710 3379 4782 inquit,
3412 4711 3548 4766 cha-

1899 4804 2138 4871 rissimi,
2164 4805 2286 4860 ἠως
2308 4806 2682 4870 expectantes
2703 4800 2952 4869 satagite
2975 4799 3244 4855 inviolati
3275 4804 3326 4855 et
3341 4800 3548 4855 imma-

1901 4895 2090 4953 culati
2119 4892 2273 4963 apud
2303 4907 2431 4946 eum
2459 4887 2710 4958 reperiri
2732 4891 2792 4943 in
2816 4903 2964 4956 pace
2987 4908 3009 4958 ;
3035 4895 3086 4944 et
3102 4889 3341 4944 Domini
3368 4886 3554 4942 nostri

124 4982 463 5054 dicit,quia
497 4979 571 5034 de
592 4992 795 5033 massa
811 4973 965 5030 illius
996 4970 1344 5045 perditionis
1376 4985 1511 5042 qua:
1525 4968 1682 5026 facta
1708 4984 1768 5023 es

1897 4983 2251 5056 patientiam
2279 4982 2525 5036 salutem
2567 4978 2902 5034 existimate
2930 4995 2944 5032 :
2978 4978 3127 5033 sicut
3159 4981 3210 5032 et
3242 4975 3554 5032 dilectissi-

124 5091 207 5133 οι
244 5071 461 5134 Adam:
493 5083 616 5124 non
657 5062 942 5120 discernit
972 5061 1300 5124 hominem»
1340 5066 1403 5114 ut
1447 5074 1585 5115 eum
1616 5058 1794 5115 ίδθίᾶί
1902 5074 2077 5132 simus
2099 5069 2754 5141 fraternosterPaulus,
2771 5066 3091 5122 secundum
3118 5081 3242 5122 eam
3258 5081 3384 5135 quae
3412 5066 3555 5120 data

126 5181 249 5222 vas
279 5161 344 5216 in
371 5159 686 5220 honorem,
729 5167 851 5209 non
884 5152 940 5206 in
972 5149 1424 5214 contumeliam,
1470 5149 1584 5204 nisi
1618 5150 1793 5203 Deus.

121 5253 258 5312 Sed
269 5247 562 5322 quoniam
582 5245 762 5300 homo
789 5237 1044 5297 carnalis
1063 5245 1116 5294 et
1133 5238 1384 5294 inaniter
1400 5237 1640 5293 inﬂatus
1658 5252 1796 5293 cum

125 5340 437 5402 audisset,
455 5334 593 5404 Quis
611 5332 761 5390 enim
777 5327 1124 5387 tediscernit
1146 5326 1173 5382 ‘t
1200 5333 1401 5398 posset
1438 5326 1799 5398 respondere

126 5431 241 5490 vel
270 5442 419 5484 voce
443 5424 532 5481 vel
549 5420 911 5494 cogitatione
926 5423 981 5474 et
999 5417 1217 5482 dicere,
1234 5415 1519 5471 Discernit
1535 5431 1627 5471 me
1650 5415 1800 5471 ﬁdes

199 5583 221 5614 ι
258 5575 418 5632 Edd.,
448 5574 515 5622 ad
539 5585 645 5622 vos.
671 5572 737 5621 At
768 5569 892 5619 Mss.
921 5566 1195 5624 tredecim,
1231 5565 1298 5615 ad
1323 5577 1436 5615 nos.

191 5645 285 5709 (a)
316 5639 483 5704 Epist.
507 5638 618 5685 194.

441 5755 686 5812 ΡΑτιιοι..
713 5748 962 5807 XXXIII.

1906 5169 1989 5221 est
2019 5165 2073 5218 ei
2101 5159 2456 5232 sapientiam,
2490 5157 2717 5226 scripsit
2779 5156 2956 5220 vobis,
3000 5161 3136 5209 utet
3187 5153 3250 5208 in
3293 5153 3557 5208 omnibus

1907 5251 2167 5322 epistolis
2201 5251 2444 5320 loquens
2469 5246 2532 5302 in
2558 5247 2639 5301 eis
2666 5246 2737 5301 de
2752 5246 2841 5300 his
2868 5265 2886 5313 ;
2917 5244 2976 5298 in
3010 5242 3219 5314 quibus
3246 5248 3378 5296 sunt
3405 5256 3560 5312 quae-

1910 5341 2047 5398 dam
2070 5337 2349 5408 difﬁcilia
2377 5337 2708 5400 intellectu,
2732 5347 2863 5404 quae
2903 5331 3130 5387 indocti
3158 5336 3212 5387 et
3255 5330 3561 5386 instabiles

1914 5428 2174 5487 homines
2185 5432 2552 5495 pervertunt,
2582 5426 2735 5478 sicut
2765 5428 2818 5478 et
2841 5427 3080 5477 caeteras
3098 5417 3565 5489 Scripturas,ad

1911 5519 2226 5591 proprium
2257 5531 2429 5570 suum
2454 5512 2758 5568 interitum
2795 5511 2866 5581 (II
2907 5511 3071 5566 Petr.
3095 5525 3174 5573 111,
3208 5511 3272 5564 14
3303 5509 3416 5579 16).

1987 5617 2045 5674 ’7.
2080 5617 2288 5671 Cavete
2310 5628 2450 5697 ergo
2471 5611 2636 5702 quod
2658 5614 2870 5684 .tantus
2897 5607 3207 5681 apostolus
3245 5610 3371 5664 tam
3405 5605 3566 5663 terri-

2853 5733 3286 5810 (Trente—unc.)
