4122 6170
546 167 647 224 971

549 291 743 349 biliter
767 291 940 362 dicit;
970 294 1026 348 et
1053 288 1154 344 ubi
1188 286 1413 344 sentitis
1441 301 1550 344 vos
1573 301 1695 343 non
1727 285 2072 357 intelligere,
2112 288 2200 343 in-

549 382 719 437 terim
754 381 969 436 credite
999 378 1218 433 divinis
1239 375 1507 447 eloquiis,
1547 375 1692 448 quia
1712 382 1767 431 et
1809 374 2066 431 liberum
2114 378 2201 432 est

551 469 815 526 hominis
838 467 1172 530 arbitrium,
1191 471 1246 522 et
1272 464 1465 536 gratia
1491 463 1746 530 Dei,sine
1771 464 1942 535 cujus
1964 464 2201 536 adjuto-

551 558 906 624 rio.liberum
928 555 1262 625 arbitrium,
1283 570 1391 609 nec
1409 553 1673 610 converti
1688 559 1880 624 potest
1895 553 1973 609 ad
1993 556 2199 619 Deum,

550 663 660 703 nec
685 645 1043 718 proficerein
1064 644 1203 700 Deo.
1237 647 1300 699 Et
1321 644 1478 716 quod
1511 643 1608 699 die
1647 643 1907 708 creditis,
1933 647 1997 698 ut
2021 643 2202 698 etiam

551 734 1203 808 sapienterintelligatis
1234 739 1418 788 orate.
1445 735 1510 788 Et
1542 732 1620 788 ad
1649 732 1765 788 hoc
1797 732 1992 803 ipsum
2017 731 2201 798 enim,

549 824 609 880 id
642 829 748 889 est,
766 828 830 878 ut
844 823 1158 894 sapientier
1175 821 1602 893 intelligamus,
1623 826 1706 876 est
1721 821 1922 892 utique
1947 819 2203 876 liberum

552 913 882 969 arbitrium.
913 912 1031 967 Nisi
1062 911 1221 966 enim
1245 910 1432 966 libero
1455 908 1701 964 arbitrio
1738 909 2203 979 intelligeremus

550 1008 731 1073 atque
761 1017 1125 1072 saperemus,
1149 1015 1270 1055 non
1310 999 1486 1054 nobis
1520 997 1936 1069 praeciperetur
1969 997 2204 1052 dicente

553 1092 854 1163 Scriptura
883 1107 895 1145 :
934 1090 1260 1159 Intelligite
1285 1103 1423 1158 ergo
1449 1087 1551 1160 qui
1580 1087 1922 1154 insipientes
1967 1085 2099 1142 estis
2140 1087 2204 1142 in

550 1182 789 1252 populo,
814 1185 868 1236 et
884 1180 1055 1238 stulti
1075 1178 1404 1248 aliquando
1423 1177 1611 1245 sapite
1637 1176 1826 1245 (Psal.
1847 1191 2002 1241 xcm,
2027 1175 2101 1247 8).
2123 1178 2202 1231 Eo

551 1272 683 1344 ipso
723 1272 948 1342 quippe
979 1283 1100 1339 quo
1133 1273 1500 1339 praeceptum
1541 1271 1597 1322 et
1640 1264 2001 1337 imperatum
2025 1271 2113 1320 est
2143 1269 2206 1321 ut

552 1359 950 1430 intelligamus
963 1362 1142 1429 atque
1173 1353 1860 1429 sapiamus,obedientia
1891 1358 2093 1410 nostra
2119 1369 2205 1410 re-

552 1449 822 1523 quiritur,
855 1462 990 1518 quae
1022 1445 1187 1502 nulla
1201 1449 1395 1517 potest
1420 1460 1555 1500 esse
1578 1444 1704 1499 sine
1729 1443 1915 1498 libero
1932 1442 2199 1498 arbitrio.

554 1540 664 1597 Sed
688 1537 746 1599 ,si
776 1542 982 1608 posset
1004 1534 1120 1590 hoc
1143 1535 1342 1606 ipsum
1379 1533 1506 1588 sine
1537 1531 1836 1603 adjutorio
1869 1531 1970 1586 Dei
1997 1533 2200 1600 gratias

551 1628 677 1684 ﬁeri
705 1641 812 1698 per
836 1625 1093 1680 liberum
1122 1620 2011 1690 arbitrium,utintelligeremus
2023 1631 2201 1693 atque

551 1729 921 1789 saperemus,
952 1728 1072 1767 non
1087 1712 1380 1767 diceretur
1395 1711 1536 1774 Deo,
1566 1711 1654 1766 Da
1669 1708 1817 1764 mihi
1835 1710 2202 1766 intellectum

551 1813 604 1864 et
642 1805 867 1861 discam
896 1802 1183 1858 mandata
1215 1807 1316 1856 tua
1350 1800 1541 1871 (Psal.
1583 1813 1762 1862 cxvm,
1799 1798 1924 1868 125)
1953 1819 1964 1862 ;
2005 1814 2200 1869 neque

549 1896 610 1951 in
642 1891 962 1962 Evangelio
994 1890 1281 1960 scriptum
1327 1893 1504 1952 esset,
1567 1889 1730 1942 Tunc
1775 1887 2014 1955 aperuit
2075 1886 2200 1943 illis

548 1999 804 2047 sensum,
839 1986 901 2036 ut
931 1979 1336 2048 intelligerent
1361 1977 1710 2047 Scripturas
1737 1977 1897 2047 (Luc.
1914 1977 2201 2048 xxxv,45);

549 2087 658 2130 nec
690 2069 947 2127 Jacobus
997 2067 1302 2140 apostolus
1337 2066 1574 2132 diceret,
1607 2066 1674 2123 Si
1693 2066 1819 2138 quis
1848 2072 2043 2122 autem
2081 2081 2201 2122 ves-

549 2169 708 2219 trum
727 2160 948 2230 indiget
977 2156 1294 2226 sapientia,
1316 2157 1575 2226 postulet
1604 2171 1641 2212 a
1667 2157 1806 2222 Deo,
1836 2155 2054 2227 quidat
2081 2170 2199 2210 om-

546 2252 718 2309 nibus
744 2249 1084 2320 a/ﬂ'uenter,
1103 2252 1154 2303 et
1186 2261 1306 2302 non
1339 2245 1708 2314 improperat
1737 2267 1757 2315 ;
1788 2251 1840 2301 et
1881 2243 2123 2300 dabitur
2146 2243 2200 2301 ei

545 2340 776 2414 (Jacobi
803 2355 840 2404 ι,
871 2339 1167 2407 5).Potens
1181 2340 1271 2391 est
1302 2340 1504 2390 autem
1527 2334 1816 2390 Dominus
1831 2333 1932 2404 qui
1964 2332 2197 2388 etvobis

543 2430 727 2486 donet
754 2426 1018 2488 etnobis,
1036 2431 1098 2480 ut
1126 2425 1199 2480 de
1224 2429 1419 2479 vestra
1437 2439 1584 2495 pace
1615 2428 1669 2478 et
1684 2423 1784 2495 pia
1802 2421 2196 2478 consensione

542 2518 769 2575 nuntiis
803 2513 1126 2571 celerrimis
1140 2512 1543 2584 gaudeamus.
1564 2510 1764 2566 Saluto
1797 2526 1927 2576 vos,
1962 2526 2082 2566 non
2105 2526 2195 2566 so-

541 2608 669 2663 lum
701 2621 836 2662 meo
869 2604 1131 2667 nomine,
1167 2601 1275 2657 sed
1315 2602 1495 2656 etiam
1541 2598 1792 2656 fratrum
1819 2600 1923 2672 qui
1955 2615 2194 2655 mecum

545 2699 702 2762 sunt,
737 2697 794 2748 et
835 2706 984 2760 rogo
1017 2693 1080 2744 ut
1109 2704 1218 2760 pro
1248 2687 1425 2744 nobis
1469 2687 1839 2743 concorditer
1870 2692 2048 2760 atque
2079 2686 2196 2743 ins-

542 2787 734 2842 tanter
774 2781 968 2838 oretis.
1005 2778 1093 2836 Sit
1113 2778 1429 2833 vobiscum
1462 2777 1780 2834 Dominus.

1016 2867 1349 2924 EPISTOLA
1390 2866 1573 2923 ccxv
1612 2867 1716 2937 (a).

547 2958 913 3032 Augustinus
947 2957 1256 3032 Valentino
1285 2958 1529 3032 ejusque
1549 2955 1973 3032 mon_ac]tis_,_de
1997 2955 2195 3032 eodem

616 3027 1192 3104 drgumento,_simul
1221 3027 1802 3104 transmittensjpsis
1853 3027 2068 3083 librum
2125 3028 2197 3084 de

572 3114 580 3120 ‘
618 3099 830 3161 Gratia
860 3108 912 3158 et
945 3101 1154 3156 Libero
1197 3099 1488 3154 Arbitrio.

546 3192 801 3250 Domino
827 3189 1235 3258 dilectissimo,
1269 3193 1326 3243 et
1356 3187 1416 3242 in
1453 3186 1662 3258 Christi
1695 3187 1980 3242 membris
2011 3187 2198 3243 hono-

620 3264 813 3321 rando
845 3263 1007 3318 fratri
1047 3261 1386 3323 VALENTINO,
1420 3263 1476 3331 et
1514 3257 1795 3331 fratribus
1844 3260 1949 3331 qui
2001 3265 2200 3316 tecum

622 3341 783 3401 sunt,
816 3337 1184 3396 Aucusrmus,
1212 3331 1270 3384 in
1289 3330 1540 3385 Domino
1563 3329 1839 3386 salutem.

621 3429 672 3482 1.
702 3424 1110 3485 Cresconium,
1136 3421 1383 3476 Felicem
1397 3425 1452 3477 et
1478 3421 1660 3476 alium
1677 3419 1927 3476 Felicem
1962 3421 2058 3477 Dei
2085 3437 2204 3478 ser-

550 3533 679 3582 vos,
711 3515 812 3588 qui
842 3529 913 3568 ex
942 3516 1141 3566 vestra
1155 3509 1617 3579 congregatione
1648 3509 1726 3565 ad
1750 3524 1862 3565 nos
1891 3515 2203 3581 venerunt,

555 3605 869 3663 nobiscum
895 3601 1088 3672 egisse
1119 3598 1390 3668 Paschal,
1433 3597 1657 3654 noverit
1686 3598 1954 3655 Charitas
1985 3604 2202 3656 vestra.

558 3696 717 3760 Quos
746 3691 880 3746 ideo
895 3691 1194 3746 tenuimus
1215 3687 1524 3760 aliquanto
1537 3687 1778 3753 diutius,
1796 3688 2207 3746 utinstructio-

554 3799 650 3840 res
673 3781 749 3838 ad
783 3796 888 3836 vos
917 3778 1476 3835 redirentadversus
1500 3793 1690 3834 novos
1702 3777 2015 3834 haereticos
2043 3778 2209 3836 Pela-

557 3874 787 3946 gianos,
817 3872 875 3926 in
907 3885 1163 3942 quorum
1193 3883 1454 3924 errorem
1481 3867 1643 3922 cadit
1666 3867 1768 3940 qui
1791 3871 1965 3939 putat
2002 3885 2210 3926 secun-

557 3963 704 4019 dum
735 3962 937 4033 aliqua
950 3959 1162 4015 merita
1185 3957 1595 4014 humanadari
1608 3959 1860 4028 gratiam
1883 3959 1978 4014 Dei
2011 3960 2052 4026 ί,
2071 3976 2208 4032 quae

560 4051 687 4107 sola
713 4050 1018 4105 hominem
1035 4047 1246 4102 liberat
1267 4062 1374 4117 per
1391 4046 1707 4101 Dominum
1723 4052 1991 4104 nostrum
2006 4050 2207 4106 lesum

563 4138 883 4194 Christum.
907 4135 1017 4192 Sed
1050 4150 1284 4188 rursum
1309 4135 1410 4205 qui
1434 4137 1624 4204 putat,
1653 4134 1899 4205 quando
1933 4136 2010 4191 ad
2044 4136 2206 4207 judi-

562 4228 722 4282 cium
754 4225 1041 4282 Dominus
1071 4222 1313 4290 venerit,
1344 4237 1465 4277 non
1482 4221 1741 4293 judicari
1787 4223 2096 4280 hominem
2123 4243 2209 4283 se-

562 4315 828 4371 cundum
860 4328 1045 4384 opera
1075 4327 1203 4376 sua,
1233 4310 1335 4382 qui
1353 4310 1482 4381 jam
1510 4325 1609 4382 per
1639 4315 1872 4367 aetatem
1905 4314 1987 4367 uti
2019 4316 2210 4385 potuit

559 4404 748 4460 libero
777 4401 1097 4459 voluntatis
1117 4398 1380 4465 arbitrio,
1402 4398 1864 4454 nihilominusin
1879 4416 2074 4458 errore
2095 4409 2209 4463 est.

561 4493 849 4550 Solienim
874 4489 1506 4563 parvuliquinondum
1542 4488 1736 4544 solum
1765 4489 2054 4560 originale
2076 4508 2210 4565 pec-

561 4588 760 4639 catum
787 4577 1488 4650 damnabuntur,quibus
1513 4594 1616 4649 per
1642 4577 1946 4634 lavacrum
1962 4596 2206 4650 regene-

559 4671 806 4725 rationis
834 4685 955 4724 non
987 4666 1260 4723 subvenit
1290 4667 1480 4735 gratia
1507 4667 1847 4724 Salvatoris.
1878 4670 2206 4726 Ceeteriau-

557 4761 680 4816 tem
697 4773 908 4815 omnes
937 4757 1039 4830 qui
1059 4757 1187 4827 jam
1217 4755 1645 4811 utenteslibero
1659 4757 1924 4825 arbitrio,
1953 4775 2208 4832 suapro-

557 4847 692 4920 pria
713 4853 957 4919 peccata
977 4844 1250 4914 originali
1278 4851 1522 4916 peccato
1545 4846 1791 4916 insuper
1822 4846 2203 4917 addiderunt,

557 4937 610 4994 si
661 4937 735 4992 de
768 4940 1057 5008 potestate
1098 4933 1472 4989 tenebrarum
1510 4949 1615 5004 per
1650 4935 1903 5003 gratiam
1947 4937 2043 4993 Dei
2085 4955 2204 4996 non

553 5030 860 5089 eruuntur,
893 5039 1002 5080 nec
1058 5022 1496 5078 transferuntur
1529 5022 1606 5078 ad
1661 5038 1916 5094 regnum
1968 5028 2202 5097 Christi,

549 5129 671 5173 non
706 5114 902 5170 solum
934 5111 1265 5168 secundum
1289 5110 1766 5180 originis,verum
1783 5113 1962 5171 etiam
1994 5132 2205 5173 secun-

549 5205 696 5261 dum
725 5203 977 5276 proprias
1004 5200 1322 5257 voluntatis
1366 5201 1593 5262 merita.
1621 5200 1918 5271 judicium
1945 5211 2206 5277 reporta-

550 5293 718 5349 bunt.
756 5292 898 5348 Boni
936 5307 1074 5348 vero
1100 5291 1278 5347 etiam
1303 5290 1416 5362 ipsi
1447 5290 1690 5361 quidem
1729 5293 2202 5354 secundumsuae

547 5383 723 5440 bona
773 5382 1092 5438 voluntatis
1142 5380 1354 5435 merita
1381 5380 1686 5451 premium
1730 5391 2197 5455 consequentur,

608 5496 622 5528 ι
653 5496 735 5563 ξ,ίο
760 5495 854 5563 liis.
888 5493 1180 5563 sexdecim.
1207 5492 1519 5563 Atnvulgati
1555 5493 1783 5544 habent:
1837 5495 1992 5546 Putat
2021 5498 2196 5563 aliqua

545 5557 726 5605 merito
755 5558 983 5620 humano
1009 5557 1232 5620 gratiam
1263 5557 1358 5605 Dei
1392 5557 1533 5605 dari.

608 5622 678 5691 (c)
712 5619 850 5667 Alias
879 5621 937 5668 47
967 5635 978 5667 :
1011 5619 1137 5691 qua:
1155 5623 1334 5691 autem
1361 5621 1451 5669 215
1477 5622 1609 5677 erat,
1649 5633 1790 5671 nunc
1818 5622 1926 5673 268.
1977 5624 2184 5691 Scripta

545 5679 732 5733 eodem
759 5694 919 5730 anno.
953 5679 1075 5744 poiit
1103 5681 1326 5734 Pascha.
2092 5679 2104 5732 ξ

1827 155 1888 217 S.
1927 153 2310 218 AUGUSTINI
2351 153 2674 217 EPISCOPI

3853 155 3956 217 ΩΒ

2311 288 2414 344 sed
2446 287 2626 344 etiam
2666 287 2862 360 ipsam
2895 285 3124 344 bonam
3145 286 3515 345 voluntatem
3566 302 3678 360 per
3718 287 3820 344 Dei
3842 302 3967 358 gra-

2313 377 2458 432 tiam
2490 377 2797 443 consecuti
2818 377 3064 432 sunt.Ac
3095 375 3180 432 sic
3198 376 3479 449 impletur
3497 377 3665 450 quod
3682 379 3967 449 scriptum

2314 469 2438 522 est:
2494 465 2598 522 Ira
2637 471 2689 522 et
2736 465 3093 536 indignatio,
3130 465 3444 523 tribulatio
3469 472 3524 523 et
3576 468 3872 537 angustia
3912 467 3967 521 in

2313 569 2542 611 omnem
2588 553 2853 610 animam
2877 553 3133 610 hominis
3155 555 3454 626 operantis
3483 557 3738 620 malum,
3782 555 3970 610 Judzi

2313 645 2596 713 primum,
2621 649 2673 699 et
2708 643 2935 699 Grzei:
2963 644 3166 714 gloria
3195 649 3414 710 autem,
3439 650 3494 700 et
3525 644 3744 713 honor,
3766 651 3828 701 et
3856 660 3965 714 pa:

2316 733 2476 788 omni
2521 733 2797 800 aperanti
2840 732 3078 799 bonum,
3119 731 3331 789 Judaeo
3364 733 3648 803 primum,
3685 741 3742 790 et
3775 732 3970 790 Graeco

2315 822 2504 893 (Rom.
2535 837 2593 886 ιι,
2619 824 2672 885 9,
2704 820 2815 890 10).

2387 914 2437 964 2.
2472 912 2549 964 De
2563 925 2684 982 qua
2697 908 3055 968 difﬁcillima
3074 911 3424 984 quastione.
3446 911 3559 969 hoc
3577 911 3760 968 estde
3773 910 3981 968 volun-

2317 1003 2434 1055 tate
2465 1004 2524 1054 et
2547 1001 2754 1068 gratia,
2779 1015 2901 1055 non
2926 1016 3080 1072 opus
3109 1000 3480 1057 habuietiam
3512 1001 3571 1056 in
3594 1001 3715 1057 hac
3728 1001 3976 1074 epistola

2316 1088 2540 1160 diutius
2572 1089 2873 1159 disputare
2907 1105 2922 1156 ;
2959 1089 3252 1160 quoniam
3285 1094 3345 1144 et
3372 1089 3554 1146 aliam
3583 1091 3719 1161 jam
3767 1092 3861 1146 eis
3890 1091 3978 1146 de-

2316 1178 2544 1244 deram,
2565 1183 2857 1249 tanquam
2887 1180 3058 1234 citius
3087 1178 3381 1234 redituris.
3417 1182 3483 1234 Et
3512 1180 3738 1251 scripsi
3773 1179 3860 1236 ad
3879 1196 3973 1235 vos

2315 1267 2494 1323 etiam
2520 1266 2863 1337 librum(a),
2895 1283 3077 1339 quem
3109 1268 3159 1322 si
3189 1267 3516 1339 adjuvante
3546 1268 3974 1336 Domino,dili-

2316 1361 2519 1426 genter
2551 1355 2831 1424 legeritis,
2885 1363 2942 1412 et
2993 1356 3271 1414 vivaciter
3311 1356 3743 1423 intellexeritis,
3781 1358 3974 1414 nullas

2314 1443 2584 1501 existimo
2620 1443 2770 1500 inter
2801 1460 2903 1501 vos
2922 1444 2992 1500 de
3028 1444 3139 1501 hac
3177 1461 3239 1501 re
3282 1445 3697 1502 dissensiones
3735 1446 3975 1503 ulterius

2309 1534 2434 1605 jam
2450 1533 2703 1589 futuras.
2738 1536 2978 1590 Portant
3002 1542 3202 1592 autem
3228 1550 3431 1592 secum
3444 1542 3498 1591 et
3528 1535 3671 1605 alia,
3703 1551 3854 1608 quae
3885 1552 3976 1593 vo-

2313 1623 2404 1678 bis
2427 1623 2740 1692 dirigenda
2758 1639 2890 1678 esse
2926 1624 3312 1688 credidimus,
3345 1625 3566 1696 quibus
3587 1627 3978 1695 cognoscatis

2311 1712 2831 1784 quemadmodum
2866 1712 3162 1769 catholica
3205 1712 3485 1780 Ecclesia,
3518 1714 3579 1768 in
3610 1713 3720 1770 Dei
3751 1715 3975 1770 miseri-

2313 1801 2538 1868 cordia,
2565 1800 2893 1872 Pelagianae
2917 1801 3160 1858 haeresis
3195 1817 3430 1858 venena
3460 1802 3776 1875 repulerit.
3809 1805 3975 1870 Quod

2312 1892 2472 1947 enim
2497 1891 2785 1962 scriptum
2809 1890 2978 1946 estad
2996 1906 3221 1963 papam
3241 1893 3654 1948 Innocentium
3679 1891 3972 1950 Romana

2314 1979 2478 2036 urbis
2499 1981 2873 2052 episcopum,
2914 1979 2989 2036 de
3015 1979 3268 2035 concilio
3303 1981 3632 2053 provinciae
3666 1982 3975 2054 Carthagi-

2311 2067 2513 2126 nensis
2542 2073 2600 2124 et
2626 2068 2700 2124 de
2740 2068 2991 2124 concilio
3023 2067 3337 2134 Numidiae,
3385 2075 3440 2126 et
3473 2069 3804 2142 aliquanto
3839 2071 3969 2128 dili-

2311 2159 2546 2227 gentius
2572 2174 2607 2214 a
2637 2157 2906 2229 quinque
2949 2157 3267 2229 episcopis,
3298 2162 3353 2213 et
3390 2173 3526 2230 quae
3556 2159 3696 2230 ipse
3747 2161 3832 2216 ad
3875 2161 3972 2218 tria

2310 2247 2423 2303 ista
2453 2247 2780 2317 rescripsit;
2811 2248 2949 2302 item
2963 2245 3130 2318 quod
3148 2261 3319 2319 papas
3346 2248 3583 2304 Zosimo
3606 2246 3685 2304 de
3699 2247 3970 2306 Africano

2310 2335 2561 2395 concilio
2593 2335 2879 2408 scriptum
2907 2341 3012 2402 est,
3042 2336 3286 2408 eiusque
3313 2336 3685 2407 rescriptum
3741 2338 3827 2394 ad
3858 2340 3968 2394 uni-

2307 2440 2512 2483 versos
2535 2424 2712 2480 totius
2738 2424 2902 2480 orbis
2932 2425 3254 2496 episcopos
3286 2425 3536 2481 missum
3566 2425 3653 2496 (b)
3689 2431 3794 2493 ;et
3822 2428 3969 2501 quod

2307 2513 2618 2587 posteriori
2648 2512 2900 2570 concilio
2938 2512 3208 2585 plenario
3229 2513 3304 2585 (c)
3327 2514 3505 2569 totius
3525 2513 3758 2572 Africa
3779 2525 3971 2574 contra

2306 2604 2508 2675 ipsum
2525 2619 2786 2658 errorem
2801 2602 3055 2658 breviter
3068 2603 3486 2660 constituimus
3507 2625 3528 2674 ,-
3550 2609 3612 2660 et
3636 2621 3842 2678 supra
3869 2623 3971 2663 me-

2307 2691 2845 2748 moratumlibrum
2860 2706 3265 2762 meum,quem
3286 2693 3463 2748 modo
3483 2691 3564 2749 ad
3598 2709 3719 2750 vos
3739 2697 3964 2768 scripsi:

2305 2779 2435 2836 haec
2460 2780 2664 2837 omnia
2703 2785 2759 2836 et
2789 2781 2848 2836 in
2890 2781 3170 2852 praesenti
3197 2779 3453 2852 legimus
3483 2796 3634 2838 cum
3705 2784 3888 2857 ipsis,
3923 2792 3970 2842 et

2306 2885 2414 2943 per
2447 2885 2550 2926 eos
2579 2869 2858 2925 misimus
2897 2869 3090 2926 vobis.

2332 3007 2347 3014 ..
2379 2963 2430 3015 3.
2464 2958 2743 3028 Legimus
2771 2958 2855 3014 eis
2867 2957 3047 3014 etiam
3076 2958 3296 3015 librum
3323 2957 3667 3016 beatissimi
3694 2966 3974 3035 martyris

2309 3047 2587 3120 Cypriani
2605 3047 2682 3102 de
2711 3046 2990 3104 Oratione
3005 3047 3335 3112 Dominica,
3357 3050 3834 3108 etostendimus
3848 3069 3974 3124 que-

2310 3135 2705 3192 madmodum
2735 3134 3011 3192 docuerit
3031 3136 3238 3193 omnia
3259 3152 3394 3208 qua
3416 3136 3494 3194 ad
3508 3153 3727 3194 mores
3757 3149 3978 3198 nostros

2310 3225 2626 3299 pertinent,
2641 3225 2864 3297 quibus
2881 3227 3037 3281 recte
3063 3223 3346 3292 vivimus,
3379 3241 3416 3283 a
3445 3227 3620 3283 Patre
3653 3231 3982 3302 nostroqui

2312 3315 2373 3371 in
2403 3313 2568 3370 oculis
2599 3320 2710 3380 est,
2750 3329 2880 3370 esse
2918 3314 3242 3386 poscenda,
3299 3329 3373 3370 ne
3421 3314 3498 3370 de
3527 3313 3742 3373 libero
3777 3334 3981 3390 pressu-

2313 3407 2547 3460 mentes
2579 3403 2843 3468 arbitrio,
2880 3418 2917 3458 a
2967 3401 3175 3459 divina
3205 3403 3395 3473 gratia
3431 3403 3840 3463 decidamus.
3898 3409 3982 3466 πω

2315 3493 2494 3551 etiam
2514 3491 3063 3549 demonstravimus
3073 3495 3384 3564 quomodo
3397 3492 3812 3552 admonuerit
3840 3498 3982 3555 idem

2317 3581 2781 3654 gloriosissimus
2809 3585 3057 3652 martyr.
3084 3583 3265 3638 etiam
3296 3597 3406 3654 pro
3428 3581 3708 3640 inimicis
3750 3589 3984 3654 nostris,

2317 3672 2420 3745 qui
2447 3670 2717 3727 nondum
2737 3671 2796 3726 in
2827 3669 3125 3726 Christum
3156 3669 3556 3739 crediderunt,
3607 3687 3735 3730 nos
3772 3682 3840 3732 ut
3883 3692 3984 3732 cre-

2318 3762 2465 3817 dant
2478 3775 2650 3816 orare
2680 3758 2898 3814 debere
2925 3776 2941 3814 :
2970 3759 3131 3832 quod
3159 3761 3362 3831 utique
3383 3759 3647 3817 inaniter
3674 3762 3982 3834 ﬁeret,nisi

2322 3850 2582 3910 Ecclesia
2619 3849 2886 3905 crederet
2913 3849 3094 3904 etiam
3125 3847 3318 3905 malas
3358 3852 3538 3920 atque
3567 3849 3871 3910 inﬁdeles
3899 3855 3982 3911 be

2322 3939 2554 3996 minum
2586 3935 2943 4004 voluntates,
2959 3951 3065 4008 per
3077 3936 3178 3992 Dei
3195 3937 3441 4008 gratiam
3458 3937 3520 3993 in
3541 3937 3800 3997 bonum
3822 3958 3982 4015 posse

2319 4027 2603 4085 converti.
2636 4027 2748 4083 Sed
2779 4025 3176 4082 hunclibrum
3189 4026 3378 4083 sancti
3391 4027 3706 4099 Cypriani,
3735 4034 3893 4103 quia
3916 4033 3988 4087 di-

2319 4123 2534 4175 xerunt
2546 4114 2727 4172 etiam
2745 4115 2860 4170 illic
2881 4114 3046 4186 apud
3060 4129 3160 4171 vos
3174 4130 3325 4179 esse,
3341 4130 3462 4171 non
3477 4115 3800 4174 misimus.
3812 4124 3984 4177 leam

2321 4219 2564 4280 quoque
2616 4204 2934 4275 epistolam
2975 4203 3054 4260 ad
3108 4204 3339 4261 Sixtum
3370 4206 3664 4264 Romana
3711 4208 3984 4268 aedes-,2

2405 4314 2455 4376 ᾳ)
2479 4310 2695 4376 Librum
2730 4309 2795 4360 de
2826 4309 3012 4376 Gratia
3031 4312 3084 4376 et
3109 4309 3308 4376 Libero,
3332 4309 3588 4376 Arbitrio.

2405 4315 2455 4376 a)
2479 4315 2695 4360 Librum
2730 4315 2795 4360 de
2826 4315 3003 4360 Gratia
3031 4315 3084 4358 et
3109 4315 3297 4361 Libero
3332 4315 3525 4360 Arbitri

2382 4315 2454 4438 2b)
2473 4374 2595 4438 gYid.
2622 4386 2788 4438 supra
2809 4373 2963 4438 epist.
2996 4374 3109 4438 190,
3121 4385 3256 4438 Acap.
3288 4375 3334 4428 6,
3363 4374 3528 4438 alii.

2381 4434 2448 4500 (ci
2467 4434 2920 4500 Plenariumistud
2943 4434 3229 4500 concilium
3254 4436 3396 4500 apud
3413 4435 3818 4500 Carthaginem
3841 4441 3896 4490 ‘m
3911 4442 3984 4490 ba-

2321 4498 2469 4552 silica
2491 4500 2673 4548 Fausti
2704 4499 2828 4547 diei
2853 4499 2977 4546 maii
3003 4511 3090 4546 an.
3123 4499 3234 4552 418,
3263 4498 3504 4547 habitum
3528 4498 3639 4547 fuit
3658 4501 3733 4549 ab
3775 4505 3980 4554 Aureiie
4066 4505 4067 4544 1

2318 4563 2724 4630 Carthaginensi
2747 4565 2796 4610 et
2821 4561 3119 4630 Donatiano
3138 4560 3436 4630 Teleptensi
3457 4561 3759 4630 Byzacena:
3778 4580 3986 4630 prona-
4066 4581 4067 4630 ξ

2318 4627 2412 4676 ciae
2443 4615 2688 4698 priinate,
2717 4638 2837 4672 cum
2856 4624 2971 4672 aliis
3000 4623 3246 4697 ducentis
3267 4615 3729 4697 'tribusepiscoPis
3755 4615 3830 4678 ἐι
3862 4615 3982 4692 ipn-
4066 4615 4067 4634 ¹

2322 4689 2508 4737 νὶηοιιε
2530 4688 2818 4749 Byzacena,
2845 4686 3164 4749 Maruitania
3193 4690 3422 4749 utraque
3449 4686 3690 4737 Sitifensi
3726 4694 3790 4739 et
3827 4692 3986 4742 Cesa-
4066 4717 4067 4726 ι

2806 4723 2818 4742 ,
2845 4704 3164 4735 maxumum:
3193 4704 3422 4742 Utraque
3449 4704 3690 4737 alluens:
3726 4704 3790 4739 et
3827 4704 3986 4742 uess-
4066 4717 4067 4726 π

2318 4752 2500 4807 riensi,
2520 4747 2585 4800 ei
2609 4749 2954 4814 Tripolitana,
2983 4747 3234 4814 Numidia
3244 4752 3297 4814 et
3314 4747 3584 4814 Hispania.
3611 4755 3677 4800 ut
3696 4754 3982 4814 prater-tn:

2319 4815 2372 4862 in
2404 4816 2613 4862 vetusto
2643 4811 2780 4861 libro
2811 4811 3148 4860 Gandavensi
3179 4814 3232 4859 et
3263 4812 3316 4860 in
3352 4811 3544 4861 Codice
3573 4811 3878 4867 canonum
3910 4819 3984 4866 Ec-

2318 4876 2488 4939 clesia:
2520 4875 2787 4939 Romanis.
2808 4874 2906 4939 Qui
2933 4873 3258 4926 libri.eidem
3286 4874 3849 4939 concilioassignant
3868 4883 3982 4930 cere

2319 4938 2438 5006 bres
2474 4942 2593 5006 octo
2637 4937 2766 5006 illos
2791 4938 2902 5006 sive
2948 4949 3144 4986 novem
3179 4949 3429 5006 canones
3460 4937 3736 5006 adversus
3793 4942 3982 5006 PeJagi:

2317 5001 3064 5063 hmresimconstitutosquos
3091 4999 3336 5049 nonnulli
3365 4999 3433 5049 ad
3459 4999 3982 5055 Milevitanumain;

2316 5066 2722 5127 litiperperam
2752 5062 3277 5127 retulere.‘Assignat
3302 5063 3464 5127 etiam
3481 5062 3667 5114 Codex
3703 5079 3982 5118 canona-:2

2316 5124 2513 5199 .Ecclés-
2540 5124 2702 5202 λξςία
2725 5138 2937 5202 sese“!
2960 5124 3179 5202 iisiiss
3209 5125 3262 5202 in
3288 5125 3413 5202 9°4-
3451 5126 3528 5182 ⁵³»
3549 5129 3606 5202 ,εί
3629 5127 3983 5202 ﬁdem!

2315 5189 2368 5238 in
2403 5189 2702 5260 appendice_
2728 5188 2890 5251 Epist.
2917 5187 2984 5259 ad
3000 5187 3183 5237 Galliae
3217 5189 3516 5259 episcopos.
3547 5188 3705 5260 Enim
3734 5206 3880 5244 vero
3909 5196 3984 5242 tri-

2315 5251 2424 5322 bus.
2450 5255 2736 5315 postremis
2772 5249 3071 5322 canonrbus
3119 5254 3390 5322 sententia
3434 5251 3869 5322 Pelagianorum
3927 5255 3982 5304 de

2311 5311 2588 5365 Justorum
2625 5311 2973 5362 anamartesia
3007 5312 3410 5377 proscribiturig
3431 5311 3592 5377 atque
3637 5315 3774 5366 hinc
3832 5319 3894 5367 ﬁt
3935 5323 3983 5365 at

2313 5377 2456 5427 illam
2484 5391 2669 5426 eorum
2702 5375 3024 5442 sententiam
3054 5376 3328 5442 deinceps,
3362 5375 3416 5442 id
3445 5375 3526 5425 est
3545 5382 3676 5442 post.

2310 5453 2533 5489 nensem
2562 5439 2852 5503 synodum,
2870 5439 3163 5503 insectatur
3185 5439 3519 5503 Augustinus
3551 5439 3612 5488 ut
3631 5439 3980 5503 hmreticam;

2309 5505 2399 5566 qui
2436 5500 2614 5552 tamen
2637 5505 2797 5566 antea
2826 5502 2877 5550 in
2897 5500 3101 5566 aliquot
3139 5500 3569 5566 opusculispost
3599 5502 3978 5555 Milevitana!!!

2309 5564 2640 5638 conscriptis,
2674 5564 2876 5613 scilicet
2895 5564 2955 5636 _in
2988 5564 3214 5637 epistola
3237 5577 3357 5676 quin
3389 5565 3470 5636 hic
3491 5569 3574 5614 est
3597 5565 3708 5620 177,
3734 5580 3795 5639 n.
3845 5570 3904 5617 16
3931 5571 3978 5638 et

2309 5627 2385 5679 17.
2404 5633 2455 5677 et
2484 5642 2537 5676 in
2564 5629 2653 5679 lib.
2677 5627 2743 5677 de
2765 5627 2937 5677 Gestis
2963 5627 3162 5679 Petam:
3181 5639 3227 5676 c.
3283 5628 3330 5679 0.
3348 5625 3414 5678 de
3439 5631 3879 5679 istaauinstwno
3902 5643 3972 5678 εις

2373 5665 2385 5683 ,
2404 5642 2455 5677 ΘΙ.
2484 5642 2537 5676 ll]
2564 5642 2653 5679 IID.
2677 5642 2743 5677 ae
2765 5642 2937 5677 υθεῐιε
2963 5642 3162 5683 return
3181 5642 3227 5676 c.
3251 5642 3330 5682 δυ.
3348 5642 3414 5678 αθ
3439 5642 3879 5683 ιεῑιαυωειιοιιο
3902 5643 3972 5678 επ

2309 5639 2385 5683 17,
2404 5639 2455 5677 et
2484 5642 2537 5676 in
2564 5639 2653 5679 nn.
2677 5639 2743 5677 ae
2765 5639 2937 5677 uestis
2963 5639 3162 5692 reiagn
3181 5639 3227 5676 c.
3251 5639 3330 5682 ao.
3348 5639 3414 5678 ae
3439 5639 3879 5692 istaquinstwno
3902 5643 3972 5678 si:

2307 5689 2912 5756 loquebatur,tanquam
2926 5690 3150 5742 deﬁnita
3164 5689 3408 5741 nondum
3419 5689 3616 5744 fuisset
3627 5706 3662 5743 a
3673 5692 3710 5744 δ
3729 5693 3976 5746 Secta-il
