4118 6164
87 169 212 236 973

87 304 525 376 presbyterum
557 302 762 361 datam
787 304 893 376 (a),
926 319 1111 377 quam
1138 320 1342 363 secum
1369 307 1446 362 ad
1468 322 1579 363 nos
1597 311 1748 363 attu-

83 392 309 463 lerunt,
339 392 595 463 legimus
628 409 766 450 cum
800 395 915 461 eis;
962 399 1019 450 et
1049 395 1426 452 ostendimus
1457 396 1748 452 adversus

85 497 198 538 eos
211 496 342 538 esse
363 481 898 554 conscriptam,qui
917 483 1124 539 dicunt
1144 484 1398 553 gratiam
1419 485 1519 540 Dei
1541 501 1749 540 secun-

81 571 238 627 dum
270 571 690 627 meritanostra
731 570 887 636 dari,
918 571 1032 628 hoc
1065 576 1156 627 est
1181 572 1474 628 adversus
1499 573 1746 630 eosdem

87 660 464 730 Pelagianos.

158 744 222 798 4.
261 742 566 807 Quantum
589 755 732 810 ergo
755 740 1084 811 potuimus,
1113 741 1352 812 egimus
1381 758 1521 798 cum
1553 742 1748 800 istiset

85 831 304 886 vestris
333 835 390 886 et
415 829 946 894 nostrisfratribus,
981 834 1041 885 ut
1067 830 1127 884 in
1156 829 1262 885 ﬁde
1281 847 1430 887 sana
1450 831 1747 890 catholica

84 925 506 990 perseverent:
531 934 668 990 qum
698 933 894 990 neque
922 917 1176 974 liberum
1203 919 1516 977 arbitrium
1545 925 1744 991 negat,

75 1011 214 1065 sive
246 1010 304 1065 in
330 1008 513 1064 vitam
542 1008 764 1064 malam
795 1008 918 1063 sive
949 1007 1008 1062 in
1038 1007 1494 1082 bonam,neque
1515 1015 1744 1067 tantum

82 1098 142 1154 ei
173 1098 398 1165 tribuit,
433 1102 492 1152 ut
522 1097 650 1152 sine
681 1097 870 1164 gratia
893 1096 989 1152 Dei
1021 1097 1214 1154 valeat
1237 1097 1485 1170 aliquid,
1528 1100 1650 1156 sive
1683 1105 1747 1158 ut

85 1203 158 1244 ex
185 1186 345 1243 malo
358 1189 737 1242 convertatur
761 1185 821 1240 in
845 1184 1238 1251 bonum,sive
1267 1192 1331 1242 ut
1359 1186 1420 1242 in
1447 1187 1604 1245 bono
1616 1205 1746 1261 per-

85 1280 433 1333 severanter
445 1274 735 1346 proﬁciat.
754 1274 875 1329 sive
899 1274 1048 1331 utad
1064 1275 1294 1331 bonum
1310 1277 1746 1348 sempiternum

91 1364 416 1438 perveniat,
451 1364 550 1418 ubi
577 1363 703 1433 jam
721 1378 842 1418 non
876 1363 1080 1419 timeat
1098 1376 1174 1419 ne
1192 1364 1447 1421 deficiat.
1469 1367 1586 1421 Vos
1599 1383 1746 1439 quo-

81 1469 228 1527 que,
258 1452 613 1518 charissimi,
645 1452 824 1508 etiam
873 1452 932 1507 in
964 1452 1076 1508 hac
1131 1453 1387 1524 epistola
1439 1453 1740 1521 exhortor,

85 1543 254 1615 quod
277 1557 387 1598 nos
415 1556 628 1597 omnes
653 1541 1000 1597 exhortatur
1026 1542 1371 1614 Apostolus,
1405 1560 1506 1598 non
1517 1542 1645 1614 plus
1661 1560 1744 1599 sa-

88 1648 224 1704 pere
235 1648 396 1703 quam
422 1637 634 1702 oportet
652 1647 867 1701 sapere;
889 1629 978 1685 sed
1006 1647 1194 1702 sapere
1223 1631 1293 1686 ad
1305 1634 1740 1703 temperantiam,

85 1721 226 1776 sicut
250 1721 545 1791 unicuique
568 1719 712 1775 Deus
731 1721 975 1791 partitus
996 1727 1072 1776 est
1093 1736 1404 1778 mensuram
1423 1721 1739 1795 ﬁdei(Rom.

90 1825 200 1867 xu.
231 1814 303 1867 3).

160 1829 212 1945 l5’.
231 1811 524 1945 Qltendite
547 1888 691 1960 quid
717 1903 822 1960 per
834 1888 1220 1945 Salomonem
1237 1891 1742 1962 moneatSpiritus

87 1984 370 2035 sanctus:
397 1979 588 2034 Rectos
614 1994 833 2044 cursus,
868 1978 1080 2050 inquit,
1148 1980 1245 2050 fac
1269 1979 1495 2049 pedibus
1525 1979 1660 2047 tuis,
1693 1987 1742 2035 et

88 2085 208 2122 vias
235 2075 364 2124 tuas
400 2067 580 2138 dirige
609 2081 628 2119 :
674 2083 736 2121 ne
767 2065 996 2121 declines
1034 2068 1094 2121 in
1150 2067 1453 2134 dexteram,
1486 2085 1649 2140 neque
1685 2085 1744 2123 in

88 2157 408 2225 sinistram;
437 2163 615 2211 averte
634 2162 814 2211 autem
843 2155 1021 2226 pedem
1044 2162 1194 2210 tuum
1225 2174 1259 2210 a
1287 2157 1379 2211 via
1407 2157 1571 2212 mala.
1617 2158 1744 2212 Vias

87 2247 231 2301 enim
272 2260 392 2317 quae
419 2262 452 2300 a
476 2245 689 2300 dextris
732 2251 877 2308 sunt,
935 2245 1084 2299 novit
1116 2245 1377 2300 Dominus
1422 2268 1440 2308 ς
1480 2263 1743 2318 perversae

87 2350 212 2392 vero
234 2343 358 2391 sunt
382 2351 500 2406 quae
529 2351 564 2388 a
581 2334 832 2389 sinistris
861 2341 1006 2389 sunt.
1040 2334 1160 2405 Ipse
1187 2341 1372 2391 autem
1390 2344 1564 2392 rectos
1577 2336 1743 2407 faciet

89 2441 275 2480 cursus
295 2427 418 2480 tuos
446 2440 465 2488 ;
491 2423 698 2478 itinera
717 2429 896 2478 autem
920 2429 1013 2478 tua
1044 2423 1104 2476 in
1121 2439 1251 2494 pace
1281 2424 1540 2495 producet
1556 2426 1742 2496 (Prov.

87 2529 164 2580 ιν,
196 2517 284 2580 26,
315 2515 431 2580 27).
464 2513 527 2568 In
561 2513 651 2568 his
667 2514 868 2568 verbis
887 2517 1102 2568 sanctas
1129 2514 1441 2585 Scripturaa
1469 2514 1740 2570 conside-

81 2609 227 2670 rate,
261 2602 492 2670 fratres,
518 2602 663 2673 quia
693 2603 739 2655 si
773 2617 895 2657 non
921 2607 1077 2656 esset
1107 2601 1360 2658 liberum
1402 2603 1740 2668 arbitrium,

78 2707 205 2749 non
229 2691 540 2755 diceretur,
580 2691 764 2746 Rectos
791 2706 984 2746 cursus
1013 2691 1108 2762 fac
1132 2691 1353 2762 pedibus
1379 2693 1510 2762 tuis,
1550 2701 1598 2748 et
1627 2693 1743 2747 vias

82 2789 211 2848 tuas
236 2781 448 2853 dirige;
473 2779 781 2836 nedeclines
793 2780 852 2834 in
871 2779 1168 2846 dexteram,
1186 2797 1353 2852 neque
1364 2782 1422 2835 in
1434 2782 1741 2838 sinistram.

79 2873 151 2925 Et
177 2877 379 2926 tamen
409 2871 535 2926 sine
568 2870 665 2926 Dei
705 2870 916 2939 gratia,
964 2871 1012 2924 si
1046 2875 1245 2940 posset
1276 2871 1389 2926 hoc
1421 2871 1569 2935 ﬁeri,
1620 2887 1742 2928 non

80 2964 296 3031 postea
323 2961 634 3030 diceretur,
668 2959 974 3031 Ipseautem
1006 2966 1174 3014 rectos
1201 2960 1369 3030 [aciet
1399 2968 1739 3028 cursustuos,

83 3056 137 3105 et
168 3049 376 3104 itinera
396 3056 491 3104 tua
531 3050 588 3103 in
623 3063 761 3119 pace
786 3048 1064 3120 producet.

157 3132 214 3187 6.
246 3127 432 3185 Nolite
457 3143 598 3200 ergo
628 3128 1006 3185 declinarein
1032 3130 1335 3185 dexteram
1368 3145 1563 3202 neque
1596 3131 1656 3185 in
1670 3130 1742 3186 si-

85 3218 339 3274 nistram
364 3218 673 3290 ;quamvis
691 3217 1012 3274 laudentur
1032 3218 1142 3274 vim
1153 3234 1289 3292 quae
1302 3219 1570 3276 adextris
1582 3227 1738 3287 sunt,

78 3313 142 3364 et
173 3307 580 3379 vituperantur
608 3323 743 3380 qua:
770 3311 910 3362 sunt
944 3323 980 3363 a
1011 3308 1285 3364 sinistris.
1318 3311 1436 3364 Hoc
1466 3314 1556 3363 est
1580 3311 1739 3364 enim

76 3396 496 3469 propterquod
521 3395 773 3466 addidit,
805 3396 1192 3469 Avertiautem
1215 3396 1402 3468 pedem
1433 3404 1585 3454 tuum
1607 3399 1742 3453 avia

75 3485 246 3552 mala,
277 3485 390 3541 hoc
416 3491 503 3541 est
534 3502 568 3540 a
598 3485 863 3542 sinistra:
887 3486 1052 3558 quod
1085 3487 1426 3543 manifestat
1447 3488 1510 3544 in
1536 3503 1742 3546 conse-

75 3574 430 3650 quentibus,
463 3574 687 3640 dicens,
736 3575 860 3630 Vias
915 3575 1057 3630 enim
1105 3593 1222 3647 qum
1257 3592 1291 3630 a
1329 3575 1541 3632 dextris
1590 3586 1740 3646 sunt,

77 3663 232 3718 novit
265 3662 552 3719 Dominus:
565 3680 828 3734 perversae
843 3680 963 3719 vero
991 3671 1116 3720 sunt
1147 3680 1267 3736 qua:
1283 3683 1316 3719 a
1331 3665 1576 3721 sinistris
1589 3673 1744 3728 sunt.

80 3756 197 3809 Eas
231 3753 572 3824 utiquevias
601 3752 912 3809 ambulare
934 3753 1248 3820 debemus,
1283 3771 1436 3826 quas
1452 3758 1613 3811 novit
1633 3757 1742 3814 Do-

81 3842 324 3897 minus:
356 3842 430 3897 de
455 3842 678 3914 quibus
708 3843 765 3897 in
800 3843 1272 3913 Psalmolegitur,
1293 3843 1742 3902 NovitDominus

81 3932 234 3986 viam
277 3931 570 4002 justorum,
599 3934 648 3984 et
686 3931 777 3984 via
822 3933 1113 4003 impiorum
1159 3932 1364 4003 peribit
1391 3933 1564 4003 (Psat.
1591 3951 1629 3999 1,
1663 3935 1738 4003 6).

85 4021 252 4076 Hanc
281 4020 441 4075 enim
467 4035 587 4075 non
617 4019 777 4075 novit
807 4021 1115 4086 Dominus,
1140 4021 1286 4093 quia
1315 4022 1554 4078 sinistra
1576 4028 1663 4078 est
1686 4024 1737 4080 ¹;

82 4109 170 4165 sic
181 4109 513 4165 utdicturus
536 4113 622 4165 est
642 4110 823 4165 etiam
836 4109 953 4165 illis
967 4111 1045 4166 ad
1059 4112 1362 4167 sinistram
1379 4112 1740 4184 constitutis,

83 4198 214 4255 Non
238 4200 362 4254 novi
408 4216 495 4253 vos
524 4197 733 4270 (Matth.
762 4215 897 4265 xxv,
935 4204 1017 4265 l2,
1052 4208 1100 4255 et
1126 4201 1260 4256 Luc.
1299 4218 1416 4268 xm,
1447 4201 1555 4270 27),
1587 4202 1739 4268 Quid

85 4293 173 4343 est
203 4293 405 4343 autem
435 4287 600 4359 quod
630 4286 724 4343 ille
747 4303 866 4344 non
886 4289 1067 4353 novit,
1087 4289 1191 4361 qui
1220 4289 1422 4362 utique
1439 4291 1740 4347 novitom-

84 4376 191 4432 nia
218 4375 342 4432 sive
371 4375 531 4432 bona
560 4376 898 4443 hominum,
928 4379 1047 4434 sive
1078 4377 1236 4436 mala
1259 4377 1287 4434 ‘f
1317 4379 1431 4434 Sed
1449 4380 1596 4452 quid
1629 4385 1737 4450 est,

83 4464 213 4524 Non
241 4481 330 4520 vos
367 4465 510 4534 novi,
544 4465 654 4521 nisi
676 4465 824 4522 tales
854 4482 959 4522 vos
988 4483 1097 4538 ego
1124 4484 1243 4524 non
1268 4467 1419 4525 feci?
1445 4471 1742 4535 Quemad-

83 4552 340 4610 modum
363 4552 510 4609 illud
539 4553 1044 4622 quoddictumest
1070 4556 1146 4612 de
1176 4557 1308 4628 ipso
1342 4559 1742 4615 DominoJesu

86 4643 339 4710 Christo,
371 4642 515 4715 quia
541 4659 645 4698 non
689 4652 910 4700 noverat
936 4653 1207 4716 peccatum
1251 4647 1320 4718 (ll
1369 4647 1496 4703 Cor.
1531 4664 1588 4713 v,
1620 4649 1740 4718 2i);

87 4733 239 4807 quid
267 4736 480 4788 estnon
508 4741 753 4800 noverat,
789 4735 899 4790 nisi
922 4737 1064 4807 quia
1091 4752 1212 4792 non
1237 4736 1509 4793 fecerat?
1528 4747 1605 4792 Ac
1639 4753 1744 4808 per

89 4822 208 4878 hoc
236 4822 402 4893 quod
424 4821 653 4877 dictum
684 4827 791 4888 est,
835 4822 958 4878 Vias
982 4841 1098 4895 quae
1125 4842 1159 4879 a
1181 4824 1401 4880 dextris
1423 4833 1570 4894 sunt,
1598 4825 1744 4881 novit

92 4909 377 4977 Dominus,
397 4909 707 4983 quomodo
723 4911 1171 4984 intelligendum
1195 4920 1305 4980 est,
1331 4914 1444 4970 nisi
1467 4917 1745 4987 quiaipse

92 4999 233 5058 fecit
253 4999 381 5056 vias
410 5001 670 5066 dextras,
715 5000 772 5056 id
799 5007 885 5058 est
917 5004 1038 5060 vias
1064 5002 1384 5073 justorum,
1446 5021 1580 5078 quae
1611 5009 1750 5062 sunt

95 5090 304 5162 utique
333 5104 516 5161 opera
547 5089 726 5156 bona,
760 5107 877 5162 quae
907 5093 1244 5164 preparavit
1277 5093 1435 5160 Deus,
1480 5095 1631 5150 sicut
1652 5094 1752 5150 di-

94 5179 174 5235 cit
203 5178 545 5250 Apostolus,
562 5186 619 5236 ut
645 5181 701 5236 in
716 5179 828 5235 illis
844 5181 1349 5254 ambulemus(Eph.
1379 5199 1439 5250 ιι,
1463 5185 1546 5255 10)
1568 5183 1595 5239 ‘l
1617 5184 1752 5240 Vias

94 5273 305 5326 autem
361 5267 633 5325 sinistras
662 5285 992 5342 perversas,
1023 5272 1084 5327 id
1112 5278 1199 5328 est
1249 5276 1374 5328 vias
1405 5274 1751 5344 impiorum,

94 5371 225 5417 non
255 5357 460 5430 utique
489 5358 675 5426 novit,
708 5360 852 5432 quia
878 5376 1001 5417 non
1031 5377 1134 5418 eas
1165 5363 1291 5433 ipse
1341 5362 1473 5418 fecit
1506 5363 1753 5430 homini,

95 5447 208 5504 sed
235 5447 421 5503 homo
446 5447 589 5503 sibi:
627 5455 869 5520 propter
888 5450 1055 5522 quod
1080 5450 1242 5517 dicit,
1278 5450 1436 5506 0divi
1461 5458 1637 5507 autem
1666 5468 1756 5522 ego

91 5551 379 5611 perversas
408 5537 528 5592 vias
555 5537 840 5606 malorum,
869 5539 999 5612 ipsae
1029 5546 1155 5595 sunt
1179 5557 1212 5594 a
1239 5539 1501 5596 sinistris.

158 5641 329 5710 {iis}
350 5642 449 5710 βξ..
470 5643 740 5710 Dominus,
779 5659 886 5710 qua
906 5661 939 5696 a
970 5647 1187 5697 sinistra
1216 5652 1310 5702 est.

163 5705 238 5772 (α)
269 5704 436 5772 Epist.
462 5707 574 5759 iss.

1327 173 1832 240 EPI-S-TOLARUM
1869 179 2166 246 CLASSIS
2185 182 2304 249 ἸΙΙ.
2405 239 2412 241 _

3411 205 3518 263 974

1938 312 1988 368 7.
2020 313 2133 370 Sed
2165 319 2561 390 respondetur
2591 321 2787 388 nobis,
2820 323 2934 380 Cur
2963 340 3105 397 ergo
3136 327 3308 397 dixit,
3332 331 3412 387 Ne
3434 333 3520 387 de-

1862 398 2027 456 clines
2052 406 2110 458 in
2135 405 2431 474 dexteram,
2459 426 2623 482 neque
2649 411 2709 466 in
2732 414 3015 485 sinistras;
3046 431 3184 472 cum
3216 420 3412 490 potius
3433 422 3520 477 di-

1865 502 1996 545 cere
2022 492 2301 553 debuisse
2330 498 2617 567 videatur,
2641 503 2794 557 Tene
2812 502 3143 571 dexteram,
3171 510 3320 564 etne
3343 510 3520 567 decli-

1866 580 2043 636 nesin
2056 584 2380 645 sinistram.
2399 590 2448 644 si
2462 589 2638 646 bonas
2652 592 2906 648 suntvias
2923 609 3058 665 quae
3074 595 3521 656 adextrissunt?

1865 668 1996 735 Cur,
2023 675 2329 742 putamus,
2359 677 2470 732 nisi
2492 678 2634 749 quia
2656 679 2739 735 ita
2791 681 2902 736 vise
2951 688 3089 739 sunt
3114 684 3289 741 boum
3325 702 3460 758 qua:
3484 704 3520 745 a

1863 757 2084 814 dextris
2097 768 2254 828 sunt,
2271 769 2335 820 ut
2354 765 2413 820 in
2427 767 2735 824 dexteram
2763 774 2964 826 tamen
2979 770 3279 830 declinare
3305 791 3424 832 non
3443 779 3520 834 sit

1864 847 2087 906 bonum
2125 850 2155 906 ‘2
2188 853 2486 911 Declinare
2517 857 2738 929 quippe
2767 858 2859 914 ille
2890 865 2976 915 est
3007 861 3427 933 intelligendus
3458 866 3518 923 in

1859 936 2299 1014 dexteram,qui
2327 943 2488 1000 bona
2511 945 2644 1017 ipsa
2667 962 2871 1018 opera,
2899 963 3035 1020 quas
3053 949 3131 1006 ad
3163 951 3289 1008 vias
3319 954 3520 1011 dexte-

1859 1041 1959 1083 ras
1984 1029 2296 1100 pertinent,
2331 1034 2446 1090 sibi
2475 1035 2601 1091 vult
2633 1038 2963 1107 assignare,
2991 1055 3111 1095 non
3133 1043 3270 1097 Deo.
3297 1046 3358 1098 Et
3382 1044 3518 1102 ideo

1860 1131 1998 1172 cum
2021 1119 2287 1187 dixisset,
2329 1122 2454 1179 Vias
2474 1125 2616 1180 enim
2629 1142 2746 1196 quae
2768 1143 2801 1180 a
2831 1126 3050 1183 dextris
3076 1138 3223 1197 sunt,
3244 1135 3392 1187 novit
3413 1135 3520 1191 Do-

1860 1206 2073 1263 minus:
2099 1224 2367 1278 perversae
2396 1219 2580 1270 autem
2597 1222 2858 1287 suntquae
2878 1226 2912 1271 α
2931 1217 3179 1274 sinistris
3202 1229 3335 1277 sunt
3350 1235 3374 1294 ,'
3389 1228 3517 1279 tan-

1858 1310 2046 1367 quam
2071 1297 2366 1356 dicereiur
2385 1301 2454 1371 ei,
2491 1303 2808 1368 Quomodo
2835 1320 2978 1376 ergo
2991 1323 3113 1364 non
3136 1310 3224 1364 vis
3249 1317 3310 1366 ut
3341 1312 3518 1368 decli-

1857 1398 2070 1440 nemus
2102 1388 2177 1442 ad
2205 1388 2511 1446 dexteram
2541 1407 2554 1456 ;
2590 1398 2828 1448 secutus
2859 1395 3154 1465 adjunxit,
3196 1398 3315 1470 Ipse
3339 1408 3516 1457 autem

1856 1480 2030 1529 rectos
2056 1475 2222 1545 faciet
2249 1494 2443 1534 cursus
2494 1487 2610 1535 tuos
2652 1503 2671 1550 ,-
2723 1482 2934 1538 itinera
2961 1491 3144 1542 autem
3175 1494 3266 1543 tua
3300 1490 3357 1544 in
3380 1507 3517 1562 pace

1855 1562 2128 1632 producet.
2161 1564 2256 1621 Sic
2282 1581 2423 1637 ergo
2452 1569 2729 1639 intellige,
2772 1573 2936 1643 quod
2992 1574 3096 1629 tibi
3146 1585 3515 1650 praeceptum

1855 1655 1964 1716 est,
1998 1655 2188 1708 Rectos
2207 1671 2402 1710 cursus
2424 1659 2515 1725 fac
2537 1658 2759 1728 pedibus
2783 1661 2915 1729 tuis,
2947 1667 2997 1716 et
3020 1665 3138 1717 vias
3163 1671 3283 1720 tuas
3313 1667 3514 1740 dirige,

1856 1745 1919 1795 ut
1942 1744 2352 1807 noveris,cum
2377 1745 2493 1801 hoc
2513 1746 2677 1814 facis,
2708 1764 2744 1804 a
2777 1751 3028 1807 Domino
3062 1752 3178 1810 Deo
3203 1755 3306 1810 tibi
3337 1771 3516 1827 praes-

1855 1831 1964 1887 tari
1996 1839 2059 1888 ut
2087 1832 2201 1888 hoc
2225 1834 2445 1905 facias;
2465 1840 2520 1892 et
2558 1852 2679 1893 non
2711 1838 3044 1897 declinabis
3081 1843 3158 1899 ad
3182 1846 3512 1915 dexteram,

1854 1922 2134 1991 quamvis
2168 1923 2441 1979 ambules
2470 1924 2531 1979 in
2557 1925 2670 1980 viis
2701 1927 2946 1997 dextris,
2976 1946 3098 1986 non
3121 1934 3429 1991 conﬁdens
3458 1937 3515 1992 in

1855 2010 2067 2065 virtute
2101 2016 2240 2066 tua:
2275 2017 2329 2067 et
2360 2012 2487 2083 ipse
2521 2014 2630 2070 erit
2660 2015 2838 2071 virtus
2865 2022 2988 2084 tua,
3022 2020 3126 2092 qui
3153 2027 3322 2079 rectos
3345 2025 3513 2095 faciet

1855 2115 2040 2154 cursus
2065 2106 2200 2166 tuos,
2225 2107 2274 2155 et
2300 2102 2505 2157 itinera
2527 2111 2626 2158 tua
2651 2104 2708 2158 in
2739 2121 2865 2176 pace
2882 2108 3168 2178 producet.

1927 2191 1984 2243 8.
2017 2190 2412 2261 Quapropter,
2437 2192 2827 2262 dilectissimi,
2847 2197 3218 2270 quicumque
3231 2200 3520 2268 dicit,Vo-

1855 2275 2053 2333 luntas
2067 2293 2202 2334 mea
2231 2279 2606 2337 mihisufﬁcit
2630 2283 2707 2338 ad
2722 2283 2998 2341 facienda
3019 2302 3201 2359 opera
3228 2289 3519 2351 bona.de-

1855 2365 2110 2422 clinatin
2126 2367 2453 2425 dexteram.
2485 2370 2599 2426 Sed
2621 2373 2923 2428 rursusilli
2940 2377 3040 2446 qui
3067 2380 3518 2448 putantbonam

1857 2456 2040 2511 vitam
2054 2472 2189 2511 esse
2202 2457 2620 2525 deserendam,
2646 2461 2895 2532 quando
2911 2464 3163 2521 audiunt
3178 2468 3260 2523 sic
3274 2468 3373 2525 Dei
3388 2485 3522 2540 gra-

1855 2543 2001 2599 tiam
2031 2546 2432 2616 praedicarunt
2457 2551 3170 2625 credaturetintelligatur
3183 2557 3519 2617 voluntates

1854 2632 2169 2690 hominum
2202 2636 2333 2708 ipsa
2362 2652 2432 2692 ex
2490 2638 2659 2694 malis
2690 2639 2882 2696 bonas
2906 2641 3118 2714 facere,
3155 2646 3290 2714 ipsa
3337 2649 3518 2706 etiam

1854 2737 2010 2794 quas
2050 2723 2251 2779 fecerit
2280 2725 2600 2795 custodire,
2637 2734 2693 2783 et
2724 2736 3040 2801 propterea
3071 2733 3290 2801 dicunt,
3328 2736 3522 2793 Facia-

1854 2827 1970 2866 mus
2000 2811 2162 2877 mala,
2188 2819 2245 2867 ut
2276 2814 2495 2869 veniant
2526 2816 2661 2869 bona
2693 2816 2866 2887 (Rom.
2901 2835 2984 2885 ιιι,
3004 2821 3086 2892 8);
3121 2822 3179 2877 in
3212 2824 3517 2883 sinistram

1854 2899 2175 2956 declinant.
2204 2901 2342 2957 ideo
2378 2903 2550 2958 vobis
2572 2904 2740 2969 dixit,
2769 2907 2888 2962 Non
2921 2909 3206 2965 declinatis
3255 2914 3313 2967 in
3342 2914 3520 2971 dexte-

1854 3006 1996 3055 ram,
2021 3006 2186 3061 neque
2217 2991 2276 3044 in
2295 2991 2607 3058 sinistram,
2641 2994 2754 3049 hoc
2781 3001 2889 3060 est,
2919 3012 3040 3052 non
3065 2998 3148 3054 sic
3179 3001 3516 3059 defendatis

1853 3079 2107 3135 liberum
2139 3079 2470 3146 arbitrium,
2493 3087 2553 3137 ut
2579 3083 2632 3138 ei
2657 3083 2818 3139 bona
2841 3099 3025 3156 opera
3050 3087 3179 3144 sine
3203 3089 3514 3161 Deigratia

1853 3168 2163 3236 tribuatis;
2199 3184 2307 3225 nec
2333 3169 2416 3225 sic
2447 3171 2784 3228 defendatis
2835 3175 3112 3243 gratiam,
3147 3182 3208 3234 ut
3237 3181 3412 3251 quasi
3441 3181 3516 3237 de

1852 3257 1953 3314 illa
1983 3260 2193 3327 securi,
2227 3259 2384 3315 mala
2409 3275 2593 3332 opera
2622 3261 2910 3333 diligatis:
2943 3266 3110 3337 quod
3141 3267 3274 3338 ipsa
3319 3271 3510 3338 gratia

1853 3346 1954 3402 Dei
1981 3352 2209 3403 avertat
2238 3363 2274 3403 a
2301 3347 2499 3404 vobis.
2537 3349 2763 3405 Talium
2778 3351 3200 3424 quippeverba
3233 3356 3345 3412 sibi
3377 3373 3510 3428 pro-

1851 3451 2084 3508 ponens
2115 3438 2431 3507 Apostolus
2460 3438 2560 3503 ait,
2590 3439 2732 3504 Quid
2762 3457 2884 3512 ergo
2913 3442 3193 3502 dicemus?
3226 3461 3511 3516 permane-

1854 3523 2026 3580 bimus
2056 3525 2115 3578 in
2145 3531 2371 3595 peccato,
2403 3533 2464 3580 ut
2492 3528 2678 3597 gratia
2699 3528 2969 3585 abundet?
2997 3537 3173 3604 atque
3199 3533 3293 3589 his
3313 3535 3510 3591 verbis

1852 3613 2167 3670 hominum
2189 3614 2535 3683 errantium,
2556 3616 2727 3672 etDei
2748 3620 3000 3687 gratiam
3031 3637 3152 3678 non
3181 3623 3511 3693 intelligen-

1852 3702 2022 3766 tium,
2039 3702 2421 3773 responditut
2445 3703 2671 3771 debuit,
2696 3706 2920 3773 dicens,
2953 3710 3351 3770 Absit.sienim
3364 3731 3512 3769 mor-

1855 3792 1942 3848 tui
1965 3807 2146 3847 sumus
2171 3799 2395 3862 peccato,
2427 3794 2679 3864 quomodo
2701 3796 3010 3853 vivemusin
3028 3816 3085 3854 eo
3113 3800 3217 3870 (Id.
3243 3819 3320 3870 v1,
3354 3805 3507 3872 1,2)?

1853 3880 2003 3936 Nihil
2033 3882 2220 3952 potuit
2243 3880 2360 3936 dici
2389 3882 2618 3936 brevius
2649 3891 2704 3939 et
2725 3884 2954 3940 melius.
2991 3887 3136 3952 Quid
3153 3890 3312 3944 enim
3327 3891 3502 3946 nobis

1852 3969 2045 4039 gratia
2063 3970 2160 4024 Dei
2186 3969 2381 4025 utilius
2404 3971 2629 4027 confert
2650 3973 2709 4026 in
2730 3971 2845 4028 hoc
2868 3976 3142 4044 praesenti
3166 3978 3368 4034 seculo
3383 3995 3508 4034 ma-

1853 4056 2033 4127 ligno,
2069 4058 2180 4113 nisi
2211 4063 2272 4114 ut
2302 4059 2631 4116 moriamur
2663 4063 2946 4132 peccato?
2977 4065 3058 4118 Ac
3089 4081 3195 4136 per
3240 4068 3353 4124 hoc
3385 4068 3502 4141 ipsi

1851 4147 2054 4216 gratiae
2090 4147 2420 4205 invenietur
2446 4148 2734 4219 ingratus,
2780 4151 2884 4223 qui
2916 4159 3159 4224 propter
3190 4156 3349 4213 illam
3383 4159 3508 4216 vult

1851 4236 2044 4291 vivere
2068 4236 2127 4291 in
2144 4241 2410 4308 peccato,
2434 4253 2738 4312 perquam
2765 4244 3056 4298 morimur
3069 4252 3329 4317 peccato.
3351 4249 3508 4303 Deus

1851 4331 2049 4382 autem
2078 4328 2180 4398 qui
2208 4327 2373 4382 dives
2404 4332 2492 4384 est
2537 4329 2596 4383 in
2631 4330 3058 4398 misericordia,
3118 4335 3215 4390 det
3254 4337 3425 4391 vobis
3452 4342 3509 4394 et

1851 4430 2066 4471 sanum
2099 4430 2331 4486 sapere,
2366 4421 2420 4470 et
2451 4433 2644 4488 usque
2699 4419 2759 4475 in
2807 4419 2988 4475 ﬁnem
3045 4424 3420 4492 proficienter
3450 4425 3510 4481 in

1850 4502 2013 4559 bono
2044 4504 2351 4574 proposito
2374 4520 2749 4574 permanere.
2784 4509 2902 4564 Hoc
2925 4523 3031 4580 pro
3060 4511 3378 4576 vobis,hoc
3398 4529 3508 4584 pro

1853 4592 2052 4656 nobis,
2085 4591 2199 4647 hoc
2226 4607 2334 4663 pro
2355 4593 2640 4648 omnibus
2664 4595 2767 4666 qui
2797 4612 2903 4652 vos
2922 4597 3198 4669 diligunt,
3223 4606 3278 4656 et
3306 4618 3414 4672 pro
3431 4602 3512 4657 eis

1853 4680 1958 4752 qui
1990 4694 2096 4734 vos
2121 4679 2391 4745 oderunt,
2417 4681 2702 4736 instanter
2729 4684 2784 4738 in
2818 4700 2966 4755 pace
2997 4685 3256 4744 fraterna
3281 4695 3335 4746 et
3363 4691 3515 4761 vigi-

1854 4772 2047 4825 lanter
2077 4773 2263 4823 orate.
2301 4771 2417 4824 Deo
2443 4769 2674 4826 vivatis.
2703 4773 2760 4828 Si
2781 4774 2926 4846 quid
2950 4775 3025 4832 de
3056 4777 3226 4834 vobis
3260 4795 3511 4848 mereor,

1855 4859 2054 4914 veniat
2086 4859 2162 4914 ad
2196 4874 2291 4913 me
2323 4857 2503 4914 frater
2534 4860 2760 4917 Florus.

2311 4949 2642 5005 EPISTOLA
2677 4953 2878 5008 ccxvr
2922 4956 2936 4971 '
2988 4957 3087 5026 (a).

1868 5035 2190 5094 Valentinus
2218 5038 2547 5107 Augustino,
2578 5042 2911 5098 renuntians
2940 5060 3057 5115 quae
3071 5046 3340 5102 exstiterit
3355 5063 3521 5104 causa

1930 5125 2170 5191 dissidii,
2199 5125 2352 5195 quive
2371 5131 2615 5182 auctores
2642 5132 2902 5186 tumultus
2928 5134 2987 5186 in
3006 5150 3100 5187 suo
3126 5135 3386 5203 ca'nobio;
3406 5143 3519 5191 tum

1931 5213 2219 5270 declarans
2244 5215 2405 5285 ﬁdem
2431 5233 2580 5271 suam
2606 5217 2670 5272 de
2701 5219 2864 5274 libero
2876 5220 3114 5276 arbitrio
3136 5230 3184 5277 et
3205 5223 3266 5276 de
3284 5225 3518 5294 justitia

1936 5303 2036 5358 Dei
2074 5306 2527 5375 remunerantis;
2559 5323 2619 5361 ac
2657 5307 2880 5379 denique
2931 5309 3185 5378 Florum,
3226 5329 3377 5382 quem
3417 5315 3520 5386 ipsi

1936 5393 2130 5462 mittit,
2164 5393 2229 5447 ab
2260 5394 2467 5449 erroris
2499 5397 2802 5467 suspicione
2835 5398 3092 5453 liberans.

1869 5482 2121 5536 Domino
2148 5498 2283 5537 vere
2315 5488 2542 5550 sancto,
2576 5500 2644 5540 ac
2677 5488 2850 5542 nobis
2900 5490 3313 5547 venerabiliter
3343 5508 3524 5565 super

1883 5622 1888 5634 .
1930 5586 1949 5604 ‘
1975 5585 2270 5636 Emendala
2293 5587 2360 5638 ad
2385 5587 2448 5636 cl.
2481 5587 2520 5650 j.
2543 5589 2626 5642 sb.
2667 5604 2714 5638 v.
2754 5593 2805 5639 et
2840 5591 2968 5641 Lov.

1935 5650 2004 5761 (α)
2029 5650 2170 5698 Alias
2199 5651 2290 5697 256
2325 5665 2476 5720 :qum
2509 5655 2690 5701 autem
2717 5655 2809 5704 216
2853 5659 2985 5715 erat,
3020 5670 3164 5709 nunc
3197 5660 3273 5709 85.
3312 5659 3522 5728 Scripta

1935 5725 1979 5761 ιιι
2003 5725 2035 5761 o
2071 5714 2193 5761 nost
2225 5726 2556 5761 superiores-

1871 5714 2035 5779 paulo
2069 5714 2193 5777 post
2225 5718 2528 5778 superiores
2540 5754 2557 5772 .
