4118 6164
564 70 671 127 975

641 193 849 251 omnia
875 191 1266 265 praeferendo,
1298 196 1355 250 et
1391 193 1493 265 pia
1521 192 1913 251 exsultatione
1960 193 2215 252 colendo

640 282 993 340 beatissimo
1033 297 1207 354 papas
1261 284 1597 351 Aucusrmo,
1639 282 1984 340 Vnum-mus
2011 300 2218 340 servus

643 377 757 429 tuae
772 371 1125 438 Sanctitatis,
1140 376 1196 428 et
1207 372 1405 429 omnis
1417 374 1797 443 congregatio
1808 389 1943 445 quin
1961 378 2015 431 tl:
2026 373 2075 429 is
2087 389 2218 433 ora-

638 460 898 517 tionibus
928 475 1167 518 mecum
1198 468 1396 535 sperat
1422 463 1483 518 in
1514 462 1790 527 Domino,
1816 464 2098 519 salutem.

641 550 693 603 1.
734 549 1090 606 Venerabilia
1108 552 1334 623 scripta,
1352 559 1401 607 et
1424 551 1625 607 librum
1651 558 1759 607 tua
1779 553 2126 620 Sanctitatis,
2142 552 2223 609 ita

567 638 918 694 tremebundo
945 640 1101 695 corde
1129 643 1474 712 suscepimus,
1521 650 1581 697 ut
1617 641 1757 697 sicut
1812 640 1991 698 beatus
2042 641 2220 713 Elius,

565 744 687 784 cum
707 728 768 783 in
784 728 1045 800 speluncae
1076 730 1269 786 limine
1292 735 1486 795 staret,
1511 731 1705 802 faciem
1724 747 1877 786 suam
1904 732 2091 801 gloria
2115 732 2222 786 Do-

565 817 708 873 mini
734 825 1043 875 transeunte
1072 819 1265 875 velavit
1296 836 1313 885 ;
1338 820 1419 875 ita
1445 836 1536 874 nos
1557 821 1863 891 objurgatos
1883 820 2059 875 oculos
2088 821 2225 875 texi-

566 923 699 972 mus,
732 908 859 978 quia
894 924 995 979 per
1019 909 1382 964 rusticitatem
1412 910 1666 981 fratrum
1706 916 2013 964 nostrorum
2042 916 2225 965 nostro

566 996 772 1066 iudicio
786 996 1117 1063 erubuimus,
1140 1015 1368 1069 quorum
1392 999 1708 1053 inordinata
1726 998 2060 1068 profectione
2073 1004 2221 1053 tuam

566 1087 862 1142 meruimus
872 1087 1277 1142 Beatitudinem
1288 1087 1530 1143 salutare
1546 1088 1709 1158 ;quia
1723 1094 1927 1159 tempus
1949 1087 2220 1160 loquendi,

566 1182 617 1231 et
650 1181 856 1247 tempus
879 1176 1110 1242 tacendi,
1145 1194 1209 1231 ne
1236 1177 1365 1232 dum
1381 1193 1479 1248 per
1499 1176 1813 1231 dubitantes
1832 1183 1880 1231 et
1910 1176 1973 1231 de
1996 1179 2226 1233 veritate

566 1267 887 1336 fluctuantes
902 1266 1274 1331 scriberemus,
1292 1266 1354 1321 de
1369 1266 1532 1322 dictis
1551 1266 1835 1337 sapientiae
1859 1273 1988 1331 tuae,
2011 1283 2129 1339 quae
2145 1274 2226 1323 est

562 1355 702 1410 sicut
730 1355 910 1426 angeli
934 1354 1055 1422 Dei,
1086 1355 1338 1410 dubitare
1356 1372 1480 1411 cum
1500 1355 1874 1411 dubitantibus
1891 1354 2223 1413 videremur.

566 1444 691 1501 Non
703 1444 844 1499 enim
863 1451 981 1498 erat
1001 1444 1149 1499 nobis
1168 1445 1521 1500 necessarium
1544 1445 1884 1515 interrogare
1906 1444 1974 1500 de
1994 1444 2224 1501 beatitu-

564 1533 711 1599 dine,
742 1532 878 1587 etde
931 1533 1203 1604 sapientia
1228 1540 1342 1603 tua,
1391 1550 1508 1605 quae
1534 1539 1611 1588 est
1648 1534 1805 1588 nobis
1832 1540 1958 1588 nota
1991 1549 2095 1605 per
2119 1535 2225 1590 Dei

562 1622 819 1693 gratiam.
853 1622 996 1677 Nam
1019 1622 1089 1676 ad
1120 1622 1318 1677 librum
1348 1622 1726 1677 dulcissimum
1754 1622 2078 1678 Sanctitatis
2114 1630 2223 1679 tum

564 1712 649 1766 ita
676 1728 858 1767 sumus
884 1711 1145 1767 alacriter
1170 1711 1471 1782 iucundati,
1502 1719 1563 1767 ut
1590 1712 1731 1768 sicut
1766 1712 2017 1783 Apostoli
2037 1712 2225 1769 Domi-

564 1818 691 1856 num
715 1808 833 1872 post
863 1802 1307 1856 resurrectionem
1332 1800 1687 1872 prandentem
1711 1817 1883 1857 secum
1909 1818 2015 1856 non
2053 1802 2223 1858 aude-

563 1889 690 1945 bant
711 1891 1051 1960 interrogare
1073 1891 1192 1961 quis
1212 1897 1338 1944 esset
1356 1910 1379 1961 ,-
1400 1889 1635 1944 sciebant
1660 1892 1804 1944 enim
1821 1890 1951 1962 quia
1968 1890 2123 1946 Iesus
2142 1898 2221 1947 est

564 1978 746 2050 (Joan.
775 1995 896 2041 xxx,
934 1980 1045 2049 t2):
1080 1980 1161 2034 ita
1180 1987 1228 2035 et
1261 1996 1355 2035 nos
1377 1995 1470 2034 nec
1487 1978 1772 2045 voluimus,
1790 1995 1885 2034 nec
1907 1980 2222 2037 ausisumus

560 2069 903 2139 interrogare
929 2067 992 2123 de
1015 2067 1172 2136 libro,
1208 2075 1397 2123 utrum
1426 2075 1533 2124 tum
1562 2066 1880 2123 Sanctitatis
1904 2075 2039 2125 esset
2060 2091 2080 2139 ,-
2101 2084 2219 2125 cum

562 2157 685 2229 ipsa
710 2158 954 2229 ﬁdelium
970 2158 1163 2228 gratia
1180 2174 1298 2228 quae
1322 2159 1338 2193 ¹
1374 2158 1438 2213 in
1466 2174 1523 2213 eo
1554 2157 1863 2213 liberaliter
1887 2158 2220 2215 commenda-

561 2255 676 2314 tur,
715 2246 868 2302 nobis
896 2254 1069 2315 tuum,
1098 2247 1309 2303 domine
1330 2253 1506 2302 sancte
1532 2263 1697 2319 papa,
1729 2247 1953 2319 eloquiis
1992 2247 2219 2304 vivacis-

558 2336 717 2402 simis
743 2342 1087 2393 contestatur.

632 2425 685 2479 2.
718 2426 1057 2497 Incipiamus
1076 2432 1275 2491 autem,
1306 2424 1518 2481 domine
1540 2425 1839 2482 beatissime
1856 2442 2019 2498 papa,
2047 2428 2221 2499 ipsius

558 2515 805 2570 ordinem
843 2514 1273 2586 perturbationis
1324 2531 1602 2585 exponere.
1636 2516 1996 2572 Charissimus
2034 2516 2219 2588 frater

564 2612 742 2660 noster
753 2605 954 2659 Florus
966 2620 1149 2659 servus
1162 2604 1529 2659 Paternitatis
1547 2610 1798 2670 tuw,cum
1809 2605 1878 2660 ad
1909 2606 2217 2663 Uzalensem

559 2694 805 2765 patriam
848 2693 1044 2765 fuisset
1073 2693 1328 2749 suadente
1359 2693 1628 2749 charitate
1659 2695 1953 2766 profectus,
1984 2695 2219 2767 eulogias

562 2783 887 2839 monasterii
916 2788 936 2819 ²
964 2784 1111 2838 inter
1136 2799 1249 2838 suae
1292 2784 1542 2839 civitatis
1598 2800 1799 2850 morus,
1833 2783 1895 2839 de
1946 2785 2219 2856 opusculis

561 2874 711 2929 nobis
734 2880 843 2929 tum
869 2874 1060 2929 attulit
1090 2872 1425 2939 Sanctitatis,
1458 2889 1564 2928 uno
1589 2874 1776 2942 fratre
1802 2874 2000 2939 Felice,
2036 2876 2139 2946 qui
2148 2874 2219 2930 ad

561 2971 711 3019 tuam
739 2963 1089 3019 Sanctitatem
1118 2963 1273 3018 tarde
1286 2969 1405 3034 post
1426 2962 1641 3018 comites
1660 2979 1781 3019 suos
1806 2965 2008 3018 venisse
2031 2964 2219 3036 digno-

558 3054 750 3123 scitur,
775 3052 1013 3109 eumdem
1034 3051 1236 3107 librum
1265 3051 1444 3106 devote
1471 3051 1751 3123 dictante;
1798 3058 2010 3108 ventum
2042 3060 2117 3108 est
2143 3053 2219 3109 ad

558 3143 943 3198 monasterium
968 3158 1087 3196 cum
1114 3140 1289 3195 eodem
1320 3139 1525 3209 libello,
1554 3141 1734 3211 fratre
1771 3140 1935 3196 Floro
1962 3142 2035 3196 ad
2076 3143 2217 3199 Car-

560 3231 833 3303 thaginem
861 3231 923 3285 de
951 3229 1207 3285 Usalensi
1235 3230 1454 3283 civitate
1479 3230 1737 3301 profecto.
1771 3230 1918 3286 Mihi
1941 3247 2047 3285 non
2070 3248 2215 3287 mon-

557 3328 729 3377 strato
760 3319 922 3388 libro,
946 3320 1218 3389 imperitis
1240 3318 1514 3389 fratribus
1537 3320 1771 3375 recitare
1796 3327 2102 3390 coeperunt;
2121 3320 2216 3393 qui

558 3408 910 3482 quorumdam
938 3424 1045 3463 non
1105 3407 1527 3479 intelligentiam
1552 3407 1723 3463 corda
1756 3410 2054 3475 commovit,
2084 3411 2216 3482 quia

560 3516 679 3555 cum
706 3499 904 3554 diceret
938 3498 1204 3553 Dominus
1226 3518 1253 3547 ‹‹
1286 3497 1390 3564 Qui
1415 3512 1522 3553 non
1558 3498 1965 3555 manducaverit
1994 3517 2215 3556 carnem

560 3588 669 3659 ﬁlii
691 3588 946 3655 hominis,
978 3604 1140 3659 neque
1162 3586 1354 3642 biberit
1375 3587 1694 3659 sanguinem
1722 3588 1976 3660 ejus,non
2002 3588 2214 3647 habebit

559 3678 734 3732 vitam
746 3677 808 3731 in
818 3678 1093 3749 semetipso
1118 3696 1147 3728 »
1171 3676 1287 3749 (Id.
1310 3677 1509 3749 v1,54),
1533 3676 1889 3732 discesserunt
1905 3679 2000 3750 qui
2012 3680 2034 3714 ³
2051 3680 2212 3752 impie

559 3768 965 3835 intellexerunt,
993 3784 1105 3839 npn
1142 3768 1301 3839 culpa
1331 3767 1552 3822 Domini
1602 3767 1853 3833 dicentis,
1884 3768 1973 3823 sed
1996 3767 2213 3825 duritia

558 3857 874 3931 impiissimi
900 3858 1097 3912 cordis.

628 3948 681 4001 3.
707 3947 1000 4017 Cmperunt
1024 3944 1306 4000 memorati
1349 3945 1576 4016 fratres,
1607 3944 1701 4016 qui
1729 3946 1913 4000 omnia
1939 3945 2209 4003 subverte-

556 4043 715 4101 runt,
764 4036 1101 4089 innocentum
1147 4035 1361 4089 animas
1410 4050 1750 4101 commovere,
1798 4051 1912 4089 mea
1936 4036 2210 4106 parvitate

550 4123 1061 4195 penitusignorante
1078 4144 1098 4193 ,-
1120 4122 1180 4177 in
1195 4129 1409 4177 tantum
1428 4130 1711 4178 conventus
1722 4122 1948 4178 illorum
1962 4141 2210 4181 murmu-

555 4213 736 4268 rantis
768 4212 949 4279 nescii,
980 4218 1041 4267 ut
1065 4212 1179 4266 nisi
1203 4211 1384 4283 frater
1403 4211 1683 4266 Florusde
1712 4212 2049 4285 Carthagine
2062 4231 2208 4287 repe-

552 4301 689 4357 dans
719 4302 760 4367 ‘,
806 4317 991 4356 eorum
1014 4299 1445 4372 perturbationes
1473 4314 1780 4370 agnoscens,
1812 4300 1955 4355 mihi
1979 4301 2207 4358 sollicite

553 4391 877 4457 nuntiasset,
908 4390 1124 4460 furtiva
1151 4395 1201 4444 et
1231 4388 1711 4460 tanquamservilis
1739 4396 1857 4444 erat
1889 4388 2035 4444 inter
2050 4390 2205 4447 eosde

552 4496 658 4535 non
672 4478 1024 4551 intelligenda
1036 4478 1264 4534 veritate
1282 4478 1565 4533 contentio.
1582 4477 1933 4549 Proposuiad
1950 4480 2207 4551 auferen-

550 4568 650 4624 dus
674 4568 866 4640 impias
889 4571 1224 4640 quaestiones,
1252 4573 1311 4622 ut
1329 4569 1399 4621 ad
1428 4567 1702 4622 dominum
1724 4574 1967 4623 sanctum
1989 4576 2204 4640 patrem

552 4658 815 4713 Evodium
838 4660 1193 4722 mitteremus,
1219 4665 1279 4712 ut
1310 4658 1417 4728 ipse
1458 4657 1603 4711 nobis
1629 4659 1690 4712 de
1729 4658 1820 4712 hoc
1868 4666 2204 4715 sacrosancto

549 4745 689 4802 libro
732 4754 956 4819 propter
984 4749 1204 4818 ignaros
1226 4745 1443 4817 aliquid
1465 4747 1671 4801 certius
1712 4747 2073 4818 rescripsisset
2099 4748 2199 4821 (a).

544 4838 657 4895 Nec
678 4837 773 4893 hoc
790 4836 1094 4908 patientius
1112 4837 1351 4907 accipere
1380 4836 1697 4903 voluerunt;
1722 4835 1812 4891 sed
1835 4837 2202 4908 arripuerunt

538 4929 929 5002 profectionem
952 4924 1101 4980 nobis
1131 4926 1329 4980 taliter
1354 4941 1459 4979 non
1482 4932 1755 4997 optatam:
1808 4926 1992 4997 fratre
2026 4926 2199 4983 Floro

539 5020 730 5093 furore
760 5016 979 5073 illorum
1008 5014 1381 5087 propemodum
1409 5013 1736 5071 conturbata
1761 5017 1804 5086 ⁵,
1833 5016 1895 5070 in
1920 5032 2071 5088 quem
2095 5033 2200 5073 εεε-

604 5166 618 5195 ¹
653 5164 737 5212 Sic
768 5161 949 5213 Gallic.
969 5162 1093 5211 Mss.
1114 5163 1179 5211 At
1209 5161 1371 5211 editio
1389 5161 1518 5212 Lov.
1548 5160 1763 5218 omittit,
1787 5175 1917 5225 quas,
1950 5162 2196 5222 ethabet,

538 5228 687 5275 nobis
722 5228 841 5283 tuis,
871 5226 1092 5282 domine,
1130 5228 1228 5274 etc.

601 5290 618 5318 ³
649 5290 744 5338 Ms.
778 5289 1041 5345 Julianus,
1074 5288 1402 5337 monasterio.
1427 5285 1490 5336 Et
1521 5300 1643 5337 mox
1678 5285 1818 5336 idem
1866 5286 2035 5338 codex
2067 5301 2192 5339 cum

538 5361 646 5400 uno
683 5365 710 5400 θ
744 5352 907 5401 Vatic.
938 5352 1113 5408 habet,
1150 5351 1340 5400 nostris
1371 5356 1469 5400 tute
1497 5349 1689 5408 attulit,
1718 5354 1817 5399 etc.

600 5412 617 5487 ξ
651 5413 736 5487 Sic
769 5414 865 5463 ΜΒ.
897 5416 962 5464 cl.
986 5414 1303 5487 _[quoniam].

603 5474 620 5540 ξ
648 5473 801 5540 μὴ..
856 5473 1116 5540 repetitas,
1158 5478 1251 5526 sed
1267 5473 1468 5527 'melius
1498 5476 1679 5540 Gallic.
1734 5476 1879 5535 Mss.,
1906 5476 2184 5540 repedans.

603 5492 620 5503 -
654 5492 801 5531 μον..
856 5492 912 5525 re
953 5492 1116 5533 emas,
1158 5492 1251 5526 seu
1279 5492 1468 5527 melius
1498 5492 1591 5526 uat

600 5531 731 5609 :Sig
755 5537 869 5609 Mss
994 5539 1229 5609 [illorum
1252 5539 1593 5609 conturbata].

602 5594 671 5656 la)
699 5594 1143 5663 Rescripsit'sane
1163 5602 1394 5653 Evodius
1417 5617 1431 5662 ;
1454 5602 1498 5667 ej
1507 5594 1678 5669 usique
1690 5615 1852 5669 super
1871 5601 1971 5654 hac
1987 5602 2105 5669 ipse.
2130 5614 2186 5663 re

1790 126 1793 131 λ
1868 66 1931 127 S.
1969 66 2361 126 AUGUSTINI
2398 65 2727 127 EPISCOPI

3866 65 3967 126 πα

2334 193 2566 261 viebant,
2578 194 2707 267 quia
2727 194 2841 266 ipse
2869 191 3011 259 illis,
3032 197 3096 248 ut
3110 190 3398 265 putabant,
3424 191 3657 249 vulnera
3686 190 3825 248 libri
3840 191 3982 266 hujus

2333 284 2601 340 attulisset
2617 300 2631 350 ;
2647 283 2703 337 in
2717 298 2819 355 quo
2828 288 3079 354 poterant
3095 282 3417 337 medicinam
3434 282 3651 354 inﬁrmi
3662 298 3982 354 cognoscere.

2345 372 2495 429 Unde
2524 377 2575 428 et
2601 379 2845 427 sanctum
2870 369 3249 443 presbyterum
3300 370 3569 428 Sabinum
3614 371 3691 426 ad
3737 373 3985 442 majorem

2336 463 2714 519 auctoritatem
2743 461 3070 532 rogavimus,
3102 468 3153 516 et
3167 461 3339 533 ipsius
3363 460 3636 517 Sanctitas
3649 460 3865 516 librum
3893 480 3976 517 csa

2340 552 2560 623 liquidis
2572 549 3121 622 interpretationibus
3142 549 3308 622 legit,-
3335 567 3427 606 nec
3445 552 3523 606 sic
3541 552 3735 605 anima
3758 552 3985 607 sauciata

2337 648 2534 698 curata
2561 647 2662 697 est.
2699 638 2903 706 Quibus
2928 645 3153 710 propter
3181 638 3355 710 ipsam
3376 639 3636 710 pietatem
3652 647 3904 711 sumptus
3921 642 3989 695 de-

2337 730 2535 798 dimus,
2564 746 2628 784 ne
2654 728 2883 784 vulnera
2911 727 3156 799 ipsorum
3200 728 3616 794 cumularemus,
3680 745 3809 801 quae
3841 739 3991 801 posset

2338 836 2533 875 sanare
2559 818 2694 874 libri
2722 818 2881 890 hujus
2924 818 3131 889 gratia,
3160 818 3223 873 in
3248 834 3355 889 qua
3408 818 3653 891 refulget
3692 824 3795 874 tua
3824 829 3989 875 sancta

2336 910 2648 981 praesentio.
2684 907 2887 973 Quibus
2905 906 3184 979 profectis,
3197 908 3347 979 quies
3368 913 3420 962 st
3438 924 3553 980 pas:
3557 923 3669 979 per
3692 924 3877 962 omnes
3892 909 3992 980 fra-

2341 1001 2451 1053 tres
2477 997 2771 1053 exsultavit
2800 998 2861 1050 in
2888 996 3134 1052 Domino.
3170 996 3415 1068 Quinque
3438 998 3606 1062 enim,
3634 997 3723 1052 vel
3774 998 3989 1071 amplius

2338 1088 2580 1159 fratrum
2601 1087 2946 1142 animositate
2976 1088 3081 1141 ista
3101 1093 3177 1141 est
3208 1086 3403 1142 innata
3428 1088 3731 1143 contentio.

2412 1178 2466 1231 4.
2496 1175 2598 1231 Sed
2623 1177 2754 1248 quia
2778 1174 3073 1243 interdum,
3104 1174 3315 1231 domine
3350 1192 3499 1248 papa
3524 1178 3563 1240 ¹,
3594 1178 3862 1249 provenit
3883 1195 3987 1250 gau-

2340 1265 2492 1321 dium
2506 1282 2573 1320 ea:
2592 1264 2847 1332 tristitia,
2862 1280 2967 1319 non
2977 1263 3106 1319 adeo
3128 1265 3558 1337 maestiﬁcamur,
3572 1266 3711 1338 quia
3737 1283 3844 1338 per
3862 1267 3988 1339 igna-

2341 1372 2433 1411 ros
2458 1362 2507 1411 et
2522 1355 2761 1410 curiosos
2787 1354 3126 1410 suavissimis
3150 1354 3533 1410 monitionibus
3553 1362 3665 1411 tua
3678 1354 3990 1411 Sanctitatis

2341 1444 2658 1501 illuminari
2684 1444 2999 1500 meruimus.
3061 1444 3205 1499 Nam
3232 1451 3283 1499 et
3311 1443 3583 1500 dubitatio
3609 1443 3766 1500 beati
3799 1446 3987 1502 Tum

2338 1534 2565 1607 apostoli
2580 1534 2860 1605 foramina
2901 1533 3177 1589 clavorum
3204 1534 3499 1605 quaerentis
3526 1533 3726 1607 (Idem.
3763 1551 3862 1603 xx,
3891 1539 3987 1607 25),

2336 1623 2674 1694 conﬁrmatio
2686 1623 2796 1695 fuit
2817 1623 3077 1678 Ecclesiae
3098 1622 3448 1678 universalis.
3462 1623 3793 1695 Accepimus
3808 1625 3988 1696 igitur,
4074 1644 4075 1649 η

2335 1712 2551 1767 domine
2556 1729 2721 1785 papa,
2736 1711 3177 1767 medicamentum
3186 1712 3277 1784 pie
3290 1711 3615 1769 curantium
3631 1720 3866 1768 tuarum
3886 1729 3988 1769 eam

2333 1803 2518 1874 gratia
2537 1802 2870 1867 litterarum,
2893 1808 2943 1856 et
2965 1800 3305 1857 contudimus
3316 1808 3532 1872 pectora
3546 1810 3745 1857 nostra
3766 1808 3877 1868 hut
3894 1804 3992 1858 sal-

2335 1894 2447 1947 tem
2467 1893 2545 1947 sic
2573 1897 2798 1946 sanetur
2824 1891 3147 1947 conscientia
3172 1898 3360 1946 nostra
3386 1907 3406 1947 :
3431 1908 3591 1964 quam
3633 1909 3736 1963 per
3772 1892 3988 1949 liberum

2333 1980 2630 2036 arbitrium
2659 1987 2923 2049 nostrum,
2953 1980 3092 2053 quod
3127 1980 3292 2035 donat
3319 1980 3725 2046 misericordia,
3761 1991 3921 2039 curat
3948 1992 3986 2039 et

2332 2069 2569 2141 viviﬁcat
2596 2070 2783 2143 gratia
2805 2086 2823 2136 ;
2854 2069 2945 2125 sed
2977 2070 3036 2124 in
3069 2068 3160 2125 hoc
3184 2075 3437 2141 tempore,
3468 2070 3686 2142 quando
3712 2070 3988 2127 adhaesi.

2329 2158 2685 2214 sericordiam
2712 2175 2832 2214 cum
2843 2157 3105 2213 dilatione
3129 2164 3433 2213 cantamus.
3464 2159 3610 2215 Nam
3639 2162 3987 2232 Μαῖρα-ἕο

2330 2263 2448 2303 mus
2460 2245 2735 2319 judicium
2753 2252 2975 2302 cantare
2996 2246 3245 2313 Domino,
3273 2248 3619 2319 reportaturi
3639 2263 3839 2303 sumus
3863 2266 3985 2305 mer-

2328 2337 2501 2393 cedem
2544 2353 2648 2409 pro
2706 2352 2863 2409 opere
2910 2343 3110 2402 nostro,
3166 2337 3295 2408 quia
3356 2337 3673 2392 misericors
3708 2346 3762 2393 et
3811 2342 3987 2410 justus
4074 2352 4075 2359 ‘

2336 2426 2618 2493 Dominus,
2636 2427 2931 2481 miserator
2958 2434 3008 2481 et
3030 2431 3208 2481 rectus
3229 2425 3406 2499 (Psal.
3444 2442 3553 2493 cn,
3584 2427 3665 2495 4).
3693 2427 3986 2493 Quiasicut

2328 2516 2473 2570 docet
2486 2532 2580 2571 nos
2599 2515 2870 2571 Sanctitas
2881 2516 3403 2586 tua,reprwsentari
3413 2531 3507 2570 nos
3519 2523 3744 2587 oportet
3757 2525 3887 2574 ante
3901 2519 3988 2572 tri-

2329 2604 2493 2661 bunal
2506 2604 2809 2671 Christi,ut
2822 2603 3060 2675 recipiat
3078 2605 3443 2676 unusquisque
3475 2611 3735 2661 nostrum
3773 2609 3988 2678 propria

2327 2696 2597 2766 corporis,
2618 2700 2785 2766 prout
2809 2694 2989 2765 gessit,
3014 2694 3124 2748 sive
3154 2693 3366 2760 bonum,
3393 2694 3506 2749 sive
3536 2694 3747 2751 malum
3782 2697 3988 2768 (IlCor.
4074 2722 4075 2768 ;

2330 2800 2383 2851 v,
2420 2786 2540 2855 10):
2568 2784 2698 2855 quia
2724 2781 2895 2838 veniet
2926 2782 3216 2851 Dominus,
3244 2790 3297 2837 et
3327 2799 3524 2839 merces
3552 2784 3675 2856 ejus
3704 2802 3831 2841 cum
3888 2788 3988 2857 ipso

2329 2873 2487 2945 (Isai.
2516 2889 2609 2939 XL,
2670 2874 2795 2941 10):
2833 2871 2965 2943 quia
3008 2871 3171 2927 stabit
3206 2872 3356 2927 homo
3379 2880 3428 2929 et
3488 2876 3665 2946 opus'
3698 2876 3822 2946 ejus
3871 2886 3987 2931 ante

2328 2964 2505 3035 ipsum
2538 2980 2555 3017 :
2583 2963 2713 3034 quia
2733 2966 2905 3017 veniet
2936 2962 3200 3018 Dominus
3227 2964 3368 3019 sicut
3391 2962 3643 3019 clibanus
3670 2966 3903 3033 ardens,
3939 2978 3986 3022 ut

2328 3053 2579 3108 incendat
2610 3051 2803 3123 impios
2833 3058 3090 3124 tanquam
3139 3052 3399 3124 stipulam
3429 3052 3586 3123 (Joel.
3635 3069 3702 3122 ιι,
3738 3059 3795 3122 3,
3831 3056 3914 3129 5);
3943 3064 3985 3111 et

2327 3140 2640 3199 timentibus
2668 3156 2855 3196 nomen
2882 3140 3105 3196 Domini
3130 3141 3342 3196 orietur
3377 3141 3457 3196 sol
3470 3137 3747 3212 justitia,
3780 3146 3980 3217 quando

2327 3232 2492 3303 impii
2515 3231 2817 3303 punientur
2832 3229 3047 3302 judicio
3076 3231 3584 3302 iustitiwwlalach.
3618 3248 3700 3299 iv,
3734 3240 3755 3291 1
3790 3236 3981 3307 3).Hac

2317 3324 2518 3395 justus,
2550 3321 2701 3392 cujus
2726 3329 2786 3377 tu
2813 3325 3101 3387 amicuses,
3124 3320 3334 3376 domine
3358 3338 3520 3394 papa,
3548 3323 3983 3391 exclamat,cou~

2324 3413 2612 3479 tremiscit,
2629 3417 2678 3466 et
2700 3410 3024 3482 suppliciter
3043 3410 3182 3465 dicit
3206 3427 3220 3466 :
3245 3429 3275 3462 α
3294 3410 3538 3477 Domine,
3562 3413 3834 3470 neintres
3847 3417 3984 3486 ἐκάετο

2323 3501 2527 3557 dicium
2551 3516 2671 3555 cum
2699 3514 2849 3555 servo
2880 3508 2972 3555 tuo
3004 3518 3032 3552 ιο
3067 3496 3235 3569 (Psal.
3254 3514 3426 3567 cxuu,
3448 3500 3526 3572 2).
3558 3502 3625 3557 Si
3650 3505 3980 3574 gratiaesset
4074 3554 4075 3557 η

2322 3589 2744 3657 remunerantis,
2774 3605 2881 3644 non
2904 3590 3118 3644 timeret
3118 3590 3307 3661 justus
3329 3591 3696 3647 secretarium
3708 3594 3980 3664 judicium

2320 3680 2638 3753 majestatis.
2667 3679 2924 3734 Servitui
2953 3678 3112 3734 Flori
3140 3679 3250 3735 haec
3274 3678 3403 3750 ﬁdes
3420 3686 3517 3743 est,
3539 3687 3746 3751 pater;
3771 3700 3880 3739 non
3892 3685 3983 3739 sic

2321 3781 2380 3825 ut
2405 3772 2611 3840 fratres
2630 3767 2724 3823 isti
2750 3773 2878 3823 sunt
2909 3766 3096 3823 locuti.
3133 3767 3204 3823 In
3221 3768 3649 3840 praesentian
3682 3764 3982 3829 audierunt

2319 3860 2384 3916 ab
2412 3860 2508 3915 illo
2543 3858 2768 3923 dictum,
2818 3874 2923 3913 non
2944 3859 3117 3929 juxta
3153 3859 3352 3914 merita
3381 3866 3570 3915 nostra
3609 3859 3754 3917 dari
3784 3862 3975 3919 donum

2315 3950 2559 4022 pietatis,
2578 3948 2667 4003 sed
2682 3964 2782 4019 per
2809 3947 3051 4019 gratiam
3073 3948 3478 4020 Redemptoris:
3508 3966 3639 4005 nam
3660 3950 3730 4007 de
3758 3952 3862 4008 illo
3883 3952 3978 4021 die,

2316 4040 2439 4112 quis
2461 4038 2665 4094 dubitet
2676 4038 2829 4109 longe
2848 4053 2951 4093 esse
2977 4039 3367 4109 gratiam,cum
3377 4041 3611 4112 caper-it
3625 4040 3981 4113 irascijusti-
4074 4042 4075 4097 ἢ

2378 4245 2396 4312 ξ
2430 4245 2513 4312 Sic
2548 4246 2643 4312 bis.
2680 4244 2745 4312 cl.
2776 4244 3161 4312 [contundimus
3178 4244 3384 4309 pectora
3411 4244 3635 4312 nostra].

2378 4307 2397 4336 ⁸
2433 4307 2518 4357 Sic
2550 4308 2648 4357 Ms.
2684 4306 2749 4357 cl.
2783 4306 3030 4370 [corpus].

2312 4405 2383 4457 ad
2408 4405 2715 4469 Valentiam
2733 4404 2957 4469 epistola
2972 4405 3027 4454 in
3048 4405 3230 4456 codice
3242 4405 3292 4456 S.
3312 4406 3525 4457 Maximi
3538 4407 3905 4463 Treverensis
3915 4427 3983 4463 re-

2313 4472 2465 4542 perta
2489 4472 2613 4518 esta
2632 4468 3166 4540 lacobqb‘irmondo,
3184 4471 3276 4533 qni
3300 4470 3423 4519 inde
3442 4470 3833 4542 fragmentum
3848 4478 3979 4526 istud

2312 4546 2368 4581 in
2386 4532 2760 4595 Praedestinat.
2797 4531 2989 4580 Hister.
3010 4544 3136 4595 cap.
3155 4532 3209 4595 Δί,
3238 4532 3539 4582 transtulit:
3566 4553 3595 4578 ι
3620 4536 3980 4590 Honorabiles

2749 4566 2760 4581 ο
2797 4566 2989 4580 ισιυῠνιο
3011 4566 3136 4589 νυν.
3168 4566 3209 4589 δ’
3240 4566 3539 4582 “motu-Ii.

2314 4611 2340 4641 α
2374 4593 2565 4663 fratres
2588 4594 2886 4663 retulerunt
2904 4593 3203 4663 nopisguia
3222 4598 3399 4663 nescio
3415 4610 3532 4663 qua:
3550 4597 3623 4663 itii
3641 4606 3979 4663 quaestiones

2312 4674 2339 4704 α
2374 4658 2514 4722 inter
2536 4670 2630 4706 vos
2660 4656 3023 4722 nauesuntde
3043 4656 3220 4722 libero
3246 4656 3466 4709 arbitrio
3490 4656 3977 4722 eidejiistitianei

2314 4738 2339 4768 α
2374 4719 2679 4769 Laudamus
2694 4719 2915 4783 quidem
2933 4719 3172 4768 studium
3187 4724 3440 4776 vestrum.
3459 4720 3553 4771 sed
3575 4719 3856 4776 nolumus
3876 4741 3981 4778 esse

2311 4800 2338 4830 α
2372 4783 2767 4847 contentiosnm
2790 4783 3086 4847 gcontentio
3106 4783 3250 4847 enim
3263 4785 3738 4847 perturbationem
3760 4793 3975 4846 excitat.

2312 4863 2339 4893 α
2373 4844 2467 4894 sed
2496 4845 2735 4914 studium
2752 4845 3006 4914 pietatem
3032 4844 3476 4914 requiriL'_Liberi
3493 4848 3704 4898 arbitrii
3732 4844 3981 4914 plenissi

2311 4925 2338 4957 ι
2373 4921 2523 4973 mum
2544 4908 2796 4973 allectum
2828 4908 3012 4973 habuit
3043 4908 3773 4973 ho’moprimoiprocreatus.
3806 4917 3980 4965 Adam

2310 4988 2336 5019 α
2373 4970 2511 5035 dico.
2546 4971 2643 5019 Sed
2676 4972 3079 5035 ubieauciatum
3096 4976 3179 5035 est
3198 4970 3376 5035 ipsum
3402 4970 3636 5022 liberum
3658 4976 3977 5035 arbitrium,

2310 5050 2337 5082 ι
2372 5033 2821 5096 inﬁrmatumest.
2854 5032 2991 5096 Ergo
3016 5033 3175 5082 estin
3206 5032 3423 5084 nomine
3453 5048 3600 5085 nunc
3624 5036 3877 5090 liberum
3906 5032 3979 5092 at;

2309 5114 2335 5144 ι
2370 5096 2606 5152 bitrium,
2638 5095 2734 5145 sed
2767 5095 3086 5145 sauciatam.
3120 5096 3247 5146 Inde
3276 5097 3479 5146 dictum
3510 5103 3589 5149 est
3615 5114 3625 5148 :
3660 5100 3981 5153 Inﬁt-nutus

2306 5176 2333 5209 ι
2369 5164 2437 5207 est
2459 5160 2515 5207 in
2540 5164 2752 5221 egestate
2784 5159 2934 5222 vigor
2956 5173 3112 5217 meus,
3139 5164 3185 5208 et
3224 5160 3395 5209 lumen
3426 5162 3700 5213 oculorum
3738 5179 3979 5216 meorum

2305 5240 2331 5271 α
2360 5237 2466 5291 non
2478 5227 2547 5271 est
2570 5220 2761 5291 mecum
2778 5220 2934 5291 (Psal.
2952 5234 3161 5291 gravii.
3180 5224 3283 5291 ii).
3306 5223 3385 5291 ᾼά
3406 5223 3507 5274 hoc
3525 5230 3976 5291 recuperandum

2304 5302 2330 5333 ι
2367 5286 2563 5357 missus
2577 5289 2677 5357 est
2689 5286 2928 5357 medicus
2949 5284 3193 5357 Saluator
3206 5284 3465 5357 Christus,
3490 5291 3549 5357 ut
3564 5284 3813 5357 satiaret
3826 5292 3972 5357 quod

2303 5365 2329 5396 α
2363 5349 2613 5417 perierat,
2632 5352 2684 5398 et
2707 5347 3075 5417 curaretgupd
3089 5349 3333 5417 vitiatum
3351 5347 3580 5417 (aetatu.
3595 5351 3658 5401 Et
3683 5358 3815 5417 post
3837 5347 3969 5403 alia:

2300 5427 2327 5459 s
2361 5410 2900 5478 Legantergo‘eancti
2926 5410 3016 5460 Dei
3048 5410 3313 5478 majorum
3346 5412 3507 5478 dicta.
3537 5410 3819 5478 sicut'jam
3839 5418 3966 5471 dixi,

2298 5491 2325 5522 ι
2359 5473 2460 5537 qui
2477 5473 2676 5544 nabant
2701 5473 2869 5544 divini
2898 5473 3147 5544 muneris
3160 5474 3311 5544 pium
3333 5473 3588 5544 allectum
3615 5491 3627 5535 ;
3655 5473 3716 5544 et'
3738 5480 3965 5544 quando

2297 5553 2325 5584 ι
2359 5550 2468 5587 non
2497 5537 2823 5601 intelligunt,
2849 5550 2958 5588 non
2990 5537 3095 5588 cito
3141 5537 3556 5603 reprehendant,
3589 5540 3687 5591 sed
3716 5537 3882 5594 orent
3912 5546 3962 5591 ut

2297 5616 2323 5647 α
2358 5600 2664 5651 intelligant
2693 5615 2738 5649 ι.
3492 5642 3504 5651 .

2297 5616 2323 5647 α
2358 5601 2664 5665 intelligant
2693 5615 2738 5649 ι.

2378 4185 2394 4216 ί
2420 4181 2504 4254 Sic
2538 4181 2635 4231 Ms.
2675 4180 2741 4233 cl.
2773 4181 2999 4371 Edonii“
3028 4182 3310 4255 provenit].

2378 4245 2396 4274 '
2430 4245 2513 4294 Sic
2548 4246 2643 4293 Ms.
2680 4244 2745 4294 cl.
2804 4244 3161 4294 contundimus
3178 4250 3310 4309 pecte

2378 4307 2397 4336 ⁸
2433 4307 2518 4357 Sic
2550 4308 2648 4357 Ms.
2684 4306 2749 4357 cl.
2809 4306 3030 4370 corpus].
