4118 6164
133 175 244 231 977

133 286 220 339 tia
248 284 278 340 ?
306 282 417 338 Hoc
435 281 733 350 clamanus,
760 282 1050 353 pater,hoe
1075 289 1126 338 te
1154 283 1366 340 docente
1394 285 1658 349 canimus,
1690 299 1796 338 non

129 372 336 439 securi,
358 371 449 426 sed
477 370 684 442 trepidi
702 391 722 428 ,ο
750 373 1044 441 «Domine,
1066 390 1130 428 ne
1161 373 1219 428 in
1247 374 1437 444 furore
1476 381 1567 430 tuo
1595 388 1795 444 arguas

133 480 237 530 me,
261 479 422 534 neque
445 461 504 516 in
526 461 615 516 ira
639 467 734 515 tua
752 462 1025 533 corripias
1047 480 1167 518 me»
1188 463 1359 532 (Psal.
1379 480 1458 530 v1,
1485 464 1562 535 2).
1589 464 1694 518 Hoc
1706 462 1794 517 di-

129 553 308 607 cimus
335 568 354 608 :
387 549 604 606 emenda
632 567 744 615 nos,
776 551 1022 618 Domine,
1051 559 1100 607 et
1147 552 1209 607 de
1241 552 1346 624 lege
1375 559 1469 608 tua
1496 553 1654 608 erudi
1678 567 1790 616 nos,

131 648 196 696 ut
226 641 443 712 mitiges
472 656 613 695 nosa
635 638 820 694 diebus
844 640 1002 696 malis
1023 641 1194 711 (Psal,
1226 656 1383 710 xcm,
1418 643 1503 707 12,
1535 641 1652 710 13).
1683 641 1794 694 Hoc

127 729 404 786 credimus
427 728 640 785 docente
668 735 736 792 te,
768 729 1090 785 venerabilis
1111 736 1283 802 pater,
1307 731 1438 802 quia
1457 730 1598 784 Deus
1619 731 1790 783 inter-

128 827 288 892 rogat
305 820 522 891 justum
551 824 602 874 et
632 818 886 891 impium,
916 821 1048 891 quia
1067 838 1100 874 a
1129 821 1367 876 dexteris
1396 827 1445 874 et
1483 837 1517 873 a
1541 818 1792 874 sinistris

125 909 323 982 positis
356 908 506 963 bonis
530 915 580 963 et
609 909 792 974 malis,
817 909 1049 980 imputat
1070 908 1468 964 remuneranda
1491 924 1655 980 opera
1676 908 1789 979 pie-

130 999 284 1060 tatis,
314 1003 592 1052 enumerat
614 996 943 1068 puniendam
966 998 1304 1054 tenacitatem
1331 997 1653 1068 impietatis.
1690 996 1788 1054 Ubi

127 1088 239 1144 erit
251 1088 456 1158 gratia,
471 1085 683 1158 quando
703 1102 804 1158 pro
831 1087 1786 1159 suiqualitatedispungenturopera,

129 1179 242 1233 sive
272 1176 425 1246 bona,
464 1177 577 1231 sive
613 1176 758 1230 mala
789 1177 817 1230 i’

203 1267 262 1321 5.
295 1265 402 1324 Sed
440 1282 542 1321 cur
575 1281 676 1320 non
717 1265 980 1320 directum
1002 1282 1109 1320 non
1134 1265 1284 1322 timet
1305 1264 1548 1338 proferri
1578 1264 1790 1320 menda-

131 1357 278 1412 cium
307 1359 333 1410 ?
348 1355 604 1410 Liberum
625 1353 934 1410 arbitrium
953 1354 1056 1410 Dei
1065 1356 1251 1424 gratia
1266 1362 1513 1410 curatum
1535 1356 1552 1391 ¹
1579 1371 1686 1410 non
1701 1371 1789 1408 ne-

138 1461 324 1516 gamus
363 1461 382 1509 ;
408 1444 497 1498 sed
517 1461 616 1516 per
647 1443 857 1500 Christi
871 1444 1240 1516 quotidianam
1269 1445 1506 1515 gratiam
1529 1444 1787 1514 proﬁcere

135 1534 423 1599 credimus,
445 1533 710 1606 adjuvari
732 1533 1067 1607 conﬁdimus.
1118 1533 1260 1599 Quid
1293 1533 1529 1589 homines
1573 1533 1778 1595 dicunt,

131 1625 201 1679 In
229 1641 345 1678 mea
363 1629 437 1678 est
447 1628 702 1694 potestate
727 1629 785 1678 ut
798 1623 999 1693 faciam
1017 1623 1250 1678 bonum?
1277 1623 1327 1678 si
1346 1631 1521 1678 tamen
1543 1621 1787 1677 homines

126 1714 373 1785 facerent
399 1711 610 1768 bonum.
643 1711 886 1768 Oinanis
901 1712 1160 1784 gloriatio
1186 1711 1785 1783 miserorumlquotidie

129 1809 345 1875 peccata
382 1807 645 1872 arguunt,
678 1807 728 1856 et
762 1801 872 1874 ipsi
895 1801 1002 1856 sibi
1019 1808 1299 1856 assumunt
1324 1801 1526 1856 nudum
1559 1799 1784 1855 liberum

129 1894 396 1963 iactantes
440 1891 740 1946 arbitrium
778 1913 797 1960 ,-
847 1908 953 1946 non
1011 1891 1352 1947 discutientes
1407 1890 1785 1946 conscientiam

128 1999 306 2046 suam,
339 1997 456 2052 qua
482 1997 588 2036 non
610 1986 779 2052 potest
809 1981 1006 2035 curari
1025 1981 1136 2035 nisi
1162 1997 1264 2052 per
1289 1980 1544 2050 gratiam,
1561 1985 1622 2034 ut
1641 1979 1787 2034 dior

130 2077 259 2127 rent
283 2087 305 2126 :
322 2093 343 2121 ι
377 2071 633 2127 Miserere
653 2071 758 2125 mei
783 2086 945 2137 ;sana
955 2069 1192 2126 animam
1215 2087 1404 2137 meam,
1427 2070 1556 2141 quia
1574 2068 1787 2140 peccavi

131 2161 241 2218 tibi
271 2182 296 2212 ι
335 2160 508 2231 (Psal,
531 2160 714 2231 x1.,5).
735 2159 881 2226 Quid
891 2161 1130 2232 facerent
1154 2159 1250 2231 qui
1268 2159 1330 2214 de
1359 2159 1526 2214 libero
1546 2159 1654 2214 sibi
1675 2159 1788 2229 glo~

132 2251 368 2308 riantur
387 2249 628 2305 arbitrio
653 2249 811 2321 (quod
828 2266 928 2304 non
958 2255 1195 2321 negatur
1218 2251 1241 2285 ³
1262 2266 1380 2304 cum
1399 2248 1500 2304 Dei
1519 2248 1788 2304 duntamat

133 2340 456 2412 adjutorio),
484 2339 530 2394 si
542 2339 661 2410 jam
696 2338 949 2410 absorpta
979 2347 1105 2394 esset
1139 2356 1281 2394 mors
1315 2339 1375 2394 in
1404 2338 1711 2404 victoriam,
1738 2337 1789 2392 si

131 2431 248 2503 iam
265 2429 495 2485 mortale
522 2435 766 2484 nostrum
791 2427 1042 2484 indueret
1072 2428 1561 2493 immortalitatem,
1591 2435 1640 2482 et
1669 2444 1790 2482 cor-

135 2518 404 2588 ruptibile
434 2525 677 2574 nostrum
705 2517 958 2573 indueret
983 2517 1442 2588 incorruptionem
1469 2517 1511 2576 (I
1539 2517 1666 2574 Cor.
1688 2532 1787 2581 xv,

139 2613 229 2673 53,
255 2611 344 2677 54)
376 2609 403 2664 ‘l
424 2609 558 2664 Ecce
577 2607 767 2678 faetent
788 2607 1039 2673 vulnera,
1067 2613 1120 2662 et
1147 2606 1368 2678 superbe
1393 2606 1607 2678 petitur
1627 2605 1793 2661 medi-

137 2699 286 2754 cina.
317 2696 441 2754 Non
453 2696 640 2752 dicunt
664 2696 800 2753 sicut
821 2697 1022 2767 justus,
1047 2718 1074 2746 «ι
1098 2695 1233 2753 Nisi
1262 2696 1528 2751 Dominus
1552 2695 1795 2765 adjuvis-

136 2793 221 2842 set
246 2802 351 2853 me,
383 2785 546 2855 paulo
574 2785 752 2841 minus
773 2785 1061 2840 habitasset
1084 2785 1143 2840 in
1174 2785 1391 2854 inferno
1415 2784 1604 2838 anima
1627 2800 1743 2839 mea
1764 2802 1793 2834 »

136 2876 316 2946 (Psal.
364 2891 517 2944 xcul,
563 2877 700 2946 l7):
757 2892 862 2930 non
909 2875 1096 2930 dicunt
1147 2875 1288 2929 sicut
1327 2881 1562 2939 sanctus,
1599 2895 1626 2922 «
1667 2873 1801 2930 Nisi

140 2968 406 3024 Dominus
437 2965 755 3022 custodierit
771 2965 1071 3028 civitatem,
1103 2963 1328 3034 frustra
1344 2963 1542 3034 vigilat
1567 2963 1662 3035 qui
1685 2979 1801 3018 cus-

139 3056 286 3112 todit
323 3072 439 3111 eam
469 3053 643 3126 (Psal.
679 3069 874 3120 cxxvr,
920 3054 991 3124 l).

213 3149 268 3200 6.
312 3144 411 3199 Sed
434 3161 550 3214 ora,
582 3143 822 3215 piissime
851 3150 1027 3214 pater,
1057 3149 1117 3198 ut
1127 3143 1245 3213 jam
1286 3159 1388 3197 non
1430 3158 1618 3196 curam
1639 3157 1802 3211 gera-

135 3252 278 3304 mus,
308 3234 416 3289 nisi
441 3250 544 3306 pro
567 3240 778 3305 peccato
807 3239 990 3288 nostro
1019 3233 1274 3302 lacrymis
1303 3231 1588 3302 expianda,
1620 3237 1669 3286 et
1702 3222 1804 3285 Dei

130 3327 324 3399 gratia
353 3322 793 3379 commendanda.
829 3322 958 3387 Ora,
991 3321 1200 3376 domine
1238 3329 1415 3392 pater,
1460 3327 1519 3376 ut
1556 3337 1662 3374 non
1709 3332 1805 3374 ur‘

131 3420 256 3486 geat
285 3430 446 3484 super
470 3429 566 3468 nos
588 3420 788 3482 putens
819 3428 874 3466 os
915 3429 1070 3466 suum
1119 3411 1296 3482 (Psal.
1345 3425 1545 3474 vanl,
1597 3410 1708 3478 16),
1741 3411 1806 3464 ut

133 3503 406 3559 salvemur
431 3519 463 3556 a
495 3499 931 3555 descendentibus
963 3500 1026 3554 in
1059 3499 1232 3554 lacum
1253 3498 1423 3569 (Psal.
1444 3514 1597 3563 xxix,
1629 3497 1706 3569 4),
1741 3501 1803 3552 ut

134 3610 244 3648 non
273 3597 453 3663 pereat
482 3607 597 3646 cum
627 3590 815 3661 impiis
844 3589 1034 3644 anima
1051 3596 1240 3644 nostra
1264 3587 1584 3658 (Psal.xxv,
1618 3587 1672 3658 9)
1698 3603 1800 3657 per

133 3680 444 3752 superbiam
473 3687 735 3744 nostram,
776 3678 864 3733 sed
893 3685 1120 3733 sanetur
1140 3694 1241 3749 per
1279 3676 1502 3732 Domini
1534 3677 1793 3746 gratiam.

134 3771 288 3826 Sicut
312 3785 436 3841 ergo
460 3768 792 3840 praecepisti,
824 3767 1038 3824 domine
1070 3784 1235 3839 papa,
1258 3765 1438 3836 frater
1453 3770 1638 3819 noster
1663 3764 1796 3819 Flo-

133 3877 254 3926 rus,
268 3875 451 3913 servus
462 3857 782 3913 Sanctitatis
798 3864 927 3920 tuae,
947 3858 1096 3912 omni
1115 3855 1400 3911 alacritate
1416 3854 1687 3924 perrexit,
1703 3854 1796 3908 cui

133 3965 245 4003 non
272 3946 512 4017 impedit,
543 3945 631 4000 sed
651 3946 869 4017 proﬁcit
895 3945 1171 4016 fatigatio,
1196 3949 1255 3998 ut
1280 3941 1494 3997 accedat
1517 3942 1570 3996 ei
1595 3940 1792 3996 diluci-

130 4039 267 4093 data
290 4035 464 4091 cordis
483 4036 774 4091 instructio
802 4058 820 4105 ,-
848 4051 997 4107 quem
1028 4042 1136 4090 tuae
1166 4033 1548 4088 Sanctimonia’
1576 4031 1789 4102 suppli-

131 4129 276 4182 citer
291 4125 726 4188 commendamus,
742 4124 1056 4195 pariterque
1068 4122 1413 4193 deposcimus,
1430 4126 1548 4175 utet
1573 4120 1790 4190 ignaros

135 4215 253 4272 tuis
268 4213 606 4270 orationibus
632 4214 860 4268 Domino
870 4212 1191 4268 commendes
1213 4210 1638 4265 mansuetissime
1652 4225 1790 4264 com-

133 4305 420 4379 ponendos.
454 4306 587 4369 Ora,
617 4304 834 4360 domine
871 4311 920 4359 et
951 4302 1261 4358 dulcissime
1300 4307 1478 4372 pater,
1508 4307 1568 4356 ut
1608 4299 1788 4371 fugiat

133 4393 384 4450 diabolus
410 4393 473 4449 de
487 4393 890 4465 congregatione
913 4399 1120 4454 nostra,
1145 4399 1193 4447 et
1215 4398 1394 4446 amota
1412 4389 1560 4445 omni
1582 4389 1790 4445 aliena-

134 4501 266 4539 rum
280 4483 631 4555 quastionum
654 4481 910 4554 procella,
942 4482 1097 4536 navis
1116 4479 1378 4552 propositi
1408 4479 1587 4534 nostri
1605 4477 1786 4549 epiba-

137 4573 211 4628 tis
234 4573 310 4644 (a)
335 4573 534 4645 quietis
551 4578 740 4626 onusta
758 4573 909 4626 intra
923 4572 1208 4624 stationem
1223 4567 1486 4624 tutissimi
1505 4575 1697 4638 portus
1714 4584 1789 4622 se-

133 4678 268 4718 cure
295 4663 567 4726 consistat,
599 4661 724 4715 dum
756 4660 976 4731 navigat
1011 4676 1111 4730 per
1150 4658 1241 4713 hoc
1271 4673 1419 4712 mare
1466 4672 1715 4726 magnum
1741 4662 1790 4711 et

135 4753 472 4817 immensum,
505 4751 623 4806 etin
638 4750 927 4822 illoportu,
959 4748 1112 4802 intra
1140 4763 1287 4818 quem
1308 4744 1790 4816 jamnoneritme-

135 4839 392 4896 tuendum
419 4841 540 4894 vitae
553 4838 864 4909 navigium,
885 4836 1139 4892 mercium
1154 4833 1529 4904 indiscrepans
1552 4833 1789 4904 accipiat

132 4929 380 5002 pretium
389 4929 739 5001 placiturum.
769 4928 880 4983 Hoc
905 4934 1012 4982 tum
1038 4924 1367 4982 Sanctitatis
1393 4924 1788 4993 impetraturos

133 5037 234 5074 nos
256 5019 570 5089 conﬁdimus
591 5017 888 5089 adjutorio,
912 5033 1010 5087 per
1027 5015 1267 5087 gratiam
1295 5029 1412 5084 qua
1432 5019 1506 5067 est
1532 5012 1592 5065 in
1623 5011 1790 5068 Chri-

131 5115 218 5163 sto
257 5107 386 5162 Jesu
424 5107 654 5162 Domino
707 5113 905 5161 nostro.
941 5103 1130 5159 Omnes
1159 5102 1307 5170 ﬁlios
1334 5102 1671 5173 apostolatus
1701 5100 1791 5156 tui

131 5198 378 5253 dominos
421 5203 633 5252 nostros
657 5195 892 5260 clericos,
943 5209 1005 5248 ac
1031 5199 1237 5248 sanctos
1286 5191 1344 5246 in
1385 5190 1790 5262 congregatione

202 5371 214 5397 ¹
245 5366 368 5417 Lov.
390 5366 605 5422 omittit,
641 5369 874 5414 curatum
901 5375 1099 5426 :quam
1146 5373 1331 5410 vocem
1366 5359 1566 5409 habent
1610 5358 1790 5408 Gallic.

136 5431 314 5542 Μῗέι
344 5493 436 5540 Ms.
465 5490 755 5541 Sorbonico
771 5488 1104 5539 restituimus
1121 5487 1204 5535 hic
1227 5491 1452 5550 negatur
1475 5484 1621 5548 quod
1647 5483 1797 5534 deest

133 5556 286 5678 “pilis?
312 5555 558 5678 Egi/baut
581 5616 833 5668 dicuntur
854 5613 1048 5664 milites
1078 5610 1353 5668 classiarii,
1373 5609 1464 5676 qui
1495 5609 1550 5659 in
1567 5609 1797 5660 navibus

133 5683 436 5736 merentur.

1389 170 1891 230 EPISTOLARUM
1928 168 2344 228 CLASSlS-Ill.

3448 171 3560 227 978

1905 281 2174 352 propositi
2199 281 2488 337 servientes
2514 281 2866 354 deprecamur
2895 290 2954 339 ut
2973 281 3215 353 digneris
3243 289 3424 337 nostra
3443 276 3560 350 ofﬁ'

1905 370 1988 425 cio
2015 369 2276 434 salutare,
2318 377 2378 426 ut
2408 387 2525 426 cum
2575 378 2669 427 tua
2699 373 3052 428 Beatitudine
3080 388 3255 426 omnes
3285 387 3384 440 pro
3413 369 3564 424 nobis

1905 475 2067 514 orare
2090 458 2400 530 dignentur.
2425 461 2813 533 Indiscrepans
2839 461 3086 516 Trinitas
3109 459 3336 515 Domini
3353 459 3454 513 Dei
3471 475 3563 512 no-

1904 548 2014 602 stri
2041 547 2395 618 apostolatum
2421 557 2592 614 tuum,
2625 567 2777 622 quem
2815 550 2977 621 elegit
3015 566 3117 620 per
3145 549 3410 619 gratiam,
3435 563 3560 600 con-

1902 645 2073 692 servet
2099 637 2254 692 nobis
2280 638 2340 692 in
2369 638 2609 693 Ecclesia
2633 656 2751 702 sua,
2775 646 2825 693 et
2852 639 3027 694 nostri
3050 654 3327 693 memorem
3348 639 3559 690 coronet

1904 727 1966 780 in
1995 725 2235 780 Ecclesia
2260 743 2454 797 magna
2477 742 2501 792 ,'
2519 727 2655 797 quod
2676 735 2940 797 optamus,
2964 727 3192 782 domine.
3227 726 3281 780 Si
3305 724 3436 796 quid
3464 740 3560 778 au-

1902 821 2005 870 tem
2032 814 2271 885 famulus
2300 822 2408 870 tum
2432 816 2751 870 Sanctitatis
2776 817 2959 886 frater
2990 814 3304 886 suggesserit
3338 814 3554 877 Florus,

1895 921 1998 975 pro
2026 904 2216 975 regula
2245 905 2593 970 monasterii,
2621 905 2864 976 digneris
2875 911 3049 976 pater,
3062 902 3558 974 petimus,;libenter

1899 995 2156 1064 accipere,
2179 999 2228 1048 et
2251 1010 2354 1065 per
2381 993 2564 1048 omnia
2600 1010 2692 1048 nos
2719 994 2960 1064 inﬁrmos
2982 994 3277 1051 instruere.

2339 1116 2672 1173 EPISTOLA
2712 1118 2966 1172 CCXVll'
2999 1117 3098 1189 (a).

1893 1239 2242 1311 Augustinus
2289 1240 2463 1297 Vitali
2500 1241 2936 1314 Carthaginensi,
2962 1240 3137 1296 delato
3165 1239 3302 1312 quod
3347 1238 3554 1294 doceret

1970 1329 2192 1384 initium
2230 1330 2361 1398 ﬁdei
2377 1348 2480 1386 non
2507 1349 2609 1386 esse
2638 1331 2833 1386 donum
2855 1331 2974 1398 Dei,
3008 1332 3269 1385 reclamat
3296 1329 3550 1399 fortiter,

1968 1418 2248 1489 ipsumque
2272 1419 2591 1490 exprecibus
2604 1420 2853 1475 Ecclesia
2866 1419 3108 1489 con/atat
3137 1442 3155 1487 ,-
3186 1434 3252 1475 ac
3276 1416 3552 1472 duodecim

1967 1505 2182 1576 regulas
2204 1508 2464 1577 proponit
2495 1508 2565 1562 ad
2583 1509 2741 1578 ﬁdem
2770 1508 3024 1564 Ecclesiae
3051 1507 3380 1578 pertinentes
3402 1505 3551 1561 circa

1965 1595 2310 1664 qumstionem
2335 1594 2397 1649 de
2423 1595 2613 1665 gratia
2639 1596 2762 1650 Dei.

1892 1719 2247 1774 Aucusrisus
2278 1719 2599 1792 episcopus
2632 1736 2841 1776 servus
2879 1719 3109 1786 Christi,
3135 1724 3193 1776 et
3218 1734 3324 1791 per
3346 1719 3546 1790 ipsum

1966 1823 2172 1863 servus
2204 1823 2507 1864 servorum
2529 1809 2739 1882 ipsius,
2778 1811 2963 1864 Vrum
2991 1807 3174 1876 fratri,
3207 1809 3267 1864 in
3294 1809 3425 1881 ipso
3458 1823 3552 1865 sa-

1966 1894 2153 1952 lutem
2167 1938 2181 1952 .

1969 2021 2189 2076 CAPUT
2217 2020 2502 2077 PRIMUM.
2544 2052 2598 2062 -
2618 2022 2669 2077 i.
2692 2024 2840 2078 Cum
2853 2021 2922 2080 de
2946 2021 3159 2080 temihi
3183 2024 3380 2078 essent
3401 2037 3554 2077 nun-

1895 2109 2038 2165 tiata
2070 2125 2189 2165 non
2211 2109 2393 2176 bona,
2424 2114 2478 2166 et
2503 2111 2708 2180 rogavi
2738 2113 3080 2177 Dominum,
3105 2116 3160 2170 et
3187 2111 3379 2168 donec
3405 2110 3552 2167 mihi

1898 2197 2060 2254 bona
2089 2199 2453 2264 nuntientur,
2487 2200 2686 2257 adhuc
2724 2217 2872 2271 rogo
2900 2207 2960 2258 ut
2990 2203 3213 2258 litteras
3245 2216 3410 2257 meas
3442 2215 3552 2257 nec

1897 2293 2286 2360 aspernanter
2299 2305 2526 2356 sumas,
2542 2293 2598 2345 et
2611 2289 3122 2361 salubriterlegas.
3140 2291 3196 2348 Si
3208 2290 3362 2346 hanc
3377 2305 3555 2346 exau-

1898 2376 1982 2432 dit
2012 2391 2119 2448 pro
2152 2381 2205 2431 te
2236 2377 2568 2433 orationem
2593 2393 2811 2445 meam,
2836 2380 3013 2436 etiam
3045 2380 3118 2436 de
3150 2384 3204 2434 te
3225 2379 3554 2450 gratiarum

1898 2464 2192 2521 actionem
2215 2464 2758 2522 donatutoﬂ'eram.
2785 2468 2952 2533 Quod
2979 2469 3027 2524 si
3047 2469 3322 2539 impetro,
3347 2467 3557 2539 procul

1901 2553 2087 2609 dubio
2109 2569 2230 2609 non
2252 2555 2627 2611 contradices
2657 2556 2797 2612 huic
2827 2557 2941 2628 ipsi
2965 2556 3258 2628 principio
3288 2556 3553 2628 epistolas

1905 2658 2074 2700 mete.
2095 2645 2213 2698 Hoc
2235 2644 2393 2698 enim
2423 2659 2532 2717 pro
2563 2648 2620 2700 te
2645 2661 2772 2712 oro,
2797 2652 2861 2702 ut
2886 2647 2965 2701 sis
2984 2650 3157 2702 rectae
3180 2645 3341 2702 ﬁdei.
3369 2645 3426 2701 Si
3448 2645 3564 2701 hoc

1906 2748 2045 2802 ergo
2071 2747 2179 2803 pro
2193 2732 2393 2787 charis
2413 2733 2629 2788 nostris
2650 2749 2769 2788 non
2792 2734 2895 2790 tibi
2919 2735 3192 2806 displicet
3213 2738 3276 2789 ut
3299 2749 3562 2800 oremus,

1909 2820 1956 2876 si
1978 2820 2135 2876 hanc
2166 2819 2500 2876 orationem
2528 2821 2906 2890 recognoscis
2931 2837 3063 2878 esse
3085 2822 3496 2887 christianam,
3516 2821 3564 2878 si

1909 2913 1963 2964 et
1996 2913 2055 2964 tu
2087 2924 2196 2980 pro
2228 2907 2425 2963 charis
2457 2908 2572 2963 tuis
2614 2909 2756 2966 talia
2791 2908 2884 2965 vel
2912 2925 3078 2965 orare
3122 2914 3178 2964 te
3208 2909 3439 2976 recolis,
3471 2909 3562 2966 vel

1911 3012 2081 3053 orare
2104 3000 2157 3051 te
2173 2995 2390 3052 debere
2424 2996 2732 3068 cognoscis
2762 3012 2776 3063 ;
2805 2997 3117 3070 quomodo
3141 2995 3293 3051 dicis
3325 2996 3487 3067 quod
3510 2999 3568 3053 te

1912 3085 2092 3142 audio
2116 3084 2334 3149 dicere,
2374 3084 2600 3140 Utrecte
2624 3086 2903 3141 credamus
2921 3087 2980 3140 in
3012 3088 3182 3141 Deum
3200 3091 3248 3140 et
3263 3085 3562 3156 Evangelio

1911 3176 2325 3240 consentiamus,
2350 3191 2456 3229 non
2469 3191 2575 3230 esse
2588 3174 2783 3230 donum
2797 3176 2917 3240 Dei,
2936 3175 3025 3230 sed
3038 3175 3130 3230 hoc
3144 3173 3292 3229 nobis
3305 3191 3408 3229 esse
3424 3192 3456 3228 a
3477 3191 3570 3229 no-

1915 3260 2016 3326 bis,
2053 3261 2196 3317 idest
2243 3280 2307 3317 ea:
2329 3265 2566 3334 propria
2591 3263 2888 3331 voluntate;
2925 3281 3089 3337 quam
3110 3263 3260 3318 nobis
3291 3264 3350 3318 in
3387 3269 3568 3319 nostra

1913 3350 2068 3405 corde
2098 3367 2202 3406 non
2221 3359 2468 3422 operatus
2494 3359 2569 3408 est
2600 3353 2708 3425 ipse
2730 3352 2758 3409 ?
2780 3355 2844 3410 Et
2876 3355 2955 3410 ad
2977 3353 3112 3422 hoc,
3133 3368 3272 3408 cum
3285 3351 3567 3420 audieris,

1915 3439 2067 3504 Quid
2092 3445 2176 3495 est
2199 3456 2340 3512 ergo
2370 3442 2535 3513 quod
2556 3443 3134 3514 aitapostolus,Deus
3147 3443 3204 3496 in
3225 3441 3367 3496 vobis
3385 3458 3568 3512 opera-

1914 3533 2006 3581 tur
2025 3534 2074 3582 et
2103 3528 2255 3591 velle,
2279 3536 2325 3583 et
2350 3531 2599 3600 perﬁcere
2632 3530 2886 3602 (Philipp
2921 3547 2981 3598 ιι,
3031 3531 3120 3602 13)
3156 3531 3185 3585 7
3213 3530 3563 3602 respondes,

1909 3616 2017 3670 Per
2043 3615 2201 3688 legem
2229 3633 2380 3672 suam
2401 3633 2505 3687 per
2533 3617 2852 3690 Scripturas
2884 3635 3029 3684 suas,
3069 3618 3239 3674 Deum
3263 3619 3484 3690 operari
3505 3625 3564 3674 ut

1906 3705 2290 3778 velimus,quas
2313 3706 2396 3761 vel
2418 3707 2641 3779 legimus
2667 3708 2746 3762 vel
2767 3707 3048 3763 audimus:
3062 3708 3150 3762 sed
3169 3710 3245 3762 eis
3266 3709 3565 3763 consentire

1905 3795 2106 3850 velnon
2126 3796 2422 3852 consentire
2445 3797 2523 3852 ita
2545 3802 2790 3852 nostrum
2808 3805 2904 3862 est,
2933 3805 3012 3867 ut,
3034 3799 3082 3852 si
3094 3798 3336 3863 velimus,
3355 3798 3489 3868 ﬁat;
3517 3798 3567 3852 si

1903 3891 2082 3939 autem
2116 3885 2372 3950 nolimus,
2405 3886 2551 3941 nihil
2576 3889 2638 3941 in
2677 3887 2831 3942 nobis
2860 3889 3227 3960 operationem
3259 3887 3361 3941 Dei
3384 3886 3566 3943 valere

1899 3973 2183 4044 faciamus.
2213 3974 2487 4045 Operatur
2519 3977 2710 4048 quippe
2734 3976 2846 4042 ille,
2875 3977 3044 4042 dicis,
3073 3983 3335 4048 quantum
3364 3975 3421 4030 in
3453 3976 3565 4047 ipso

1900 4070 1975 4119 est
2006 4070 2068 4118 ut
2097 4063 2344 4131 velimus,
2376 4082 2492 4120 cum
2527 4065 2676 4121 nobis
2709 4073 2834 4121 nota
2861 4067 3001 4138 ﬁunt
3031 4067 3144 4138 ejus
3179 4065 3387 4136 eloquia
3417 4083 3436 4120 :
3469 4065 3566 4120 sed

1898 4153 1950 4208 si
1973 4153 2050 4207 eis
2078 4154 2409 4226 acquiescere
2432 4155 2698 4221 nolumus,
2735 4173 2825 4211 nos
2856 4165 2914 4212 ut
2936 4156 3177 4228 operatio
3198 4156 3313 4227 ejus
3342 4153 3484 4209 nihil
3504 4154 3562 4209 in

1898 4242 2051 4298 nobis
2079 4244 2251 4314 prosit
2281 4244 2561 4316 efﬁcimus.
2597 4247 2737 4312 Quae
2769 4246 2819 4301 si
2851 4245 3012 4316 dicis,
3060 4244 3324 4318 profecto
3342 4243 3561 4300 nostris

1899 4333 2271 4388 orationibus
2309 4334 2690 4390 contradicis.

1969 4425 2021 4476 2.
2058 4421 2158 4476 Dic
2181 4436 2321 4492 ergo
2353 4423 2728 4494 apertissime
2754 4436 2864 4477 nos
2895 4436 3003 4494 pro
3025 4421 3094 4476 iis
3119 4420 3340 4493 quibus
3371 4422 3560 4476 Evan-

1901 4509 2120 4579 gelium
2151 4511 2573 4582 praedicamus,
2607 4525 2728 4566 non
2759 4509 2977 4566 debere
2997 4524 3168 4566 orare
3197 4513 3261 4565 ut
3290 4507 3554 4574 credant,

1901 4599 2004 4654 sed
2057 4599 2142 4654 eis
2197 4599 2616 4655 tantummodo
2663 4599 3014 4672 praedicare.
3050 4599 3261 4653 Exsere
3300 4598 3318 4634 ¹
3348 4600 3558 4654 contra

1900 4689 2202 4745 orationes
2233 4688 2504 4744 Ecclesiae
2537 4687 2972 4761 disputationes
3015 4693 3144 4744 tuas
3178 4703 3191 4743 :
3225 4691 3281 4743 et
3309 4686 3555 4760 quando

1900 4777 2074 4834 audis
2100 4777 2464 4833 sacerdotem
2492 4777 2591 4833 Dei
2618 4777 2695 4834 ad
2718 4777 2902 4834 altare
2934 4777 3345 4834 exhortantem
3367 4791 3556 4848 popu-

1898 4866 2023 4923 lum
2054 4867 2152 4923 Dei
2182 4882 2352 4923 orare
2384 4882 2492 4938 pro
2530 4867 2871 4934 incredulis,
2905 4873 2968 4924 ut
2992 4883 3094 4924 eos
3125 4869 3275 4922 Deus
3315 4880 3557 4922 conver-

1901 4960 1979 5011 tat
2007 4955 2083 5012 ad
2103 4956 2304 5022 ﬁdem,
2322 4962 2375 5011 et
2397 4971 2504 5029 pro
2523 4956 2993 5020 catechumenis,
3010 4960 3070 5012 ut
3084 4956 3166 5012 eis
3183 4953 3553 5012 desiderium

1899 5046 2362 5115 regenerationis
2405 5047 2669 5119 inspiret,
2704 5051 2758 5103 et
2789 5062 2898 5118 pro
2938 5045 3235 5111 ﬁdelibus,
3279 5047 3342 5100 ut
3379 5045 3440 5099 in
3481 5058 3552 5100 eo

1899 5134 2064 5207 quod
2079 5151 2206 5191 esse
2228 5140 2554 5206 coeperunt,
2588 5136 2718 5206 ejus
2751 5151 2993 5191 munere
3032 5136 3426 5206 perseverent;
3447 5131 3550 5188 ab-

1902 5239 2094 5280 sanna
2115 5224 2245 5296 pias
2260 5240 2456 5291 voces;
2486 5229 2541 5282 et
2562 5225 2656 5281 die
2682 5229 2732 5280 te
2746 5239 2867 5280 non
2885 5224 3076 5281 facere
3097 5222 3264 5296 quod
3283 5221 3554 5279 hortatur

1965 5418 2377 5483 {Edd,,e:cerce.
2422 5421 2490 5470 At
2505 5419 2634 5483 Mss.
2675 5419 3090 5483 prmsrtantiores,
3129 5433 3313 5468 exsere.

1967 5482 1986 5500 ’
2018 5482 2164 5530 Hanc
2198 5483 2526 5532 correximus
2553 5482 2620 5531 ad
2642 5480 2691 5531 aI
2724 5482 2775 5531 bl
2796 5482 2855 5537 Π.
2885 5482 2970 5537 sb.
2998 5484 3028 5530 2
3049 5496 3128 5532 vc.
3148 5484 3176 5530 4
3206 5496 3262 5537 v.
3291 5483 3408 5531 Am.
3428 5480 3556 5533 Bad.

1907 5545 2342 5674 §r('a)LXIVias_197,
2375 5621 2494 5672 qua:
2547 5610 2728 5659 autem
2753 5606 2844 5657 217
2892 5612 3024 5668 erat,
3065 5620 3210 5660 nunc
3239 5608 3317 5657 59.
3353 5607 3561 5674 Scripta

1909 5671 2050 5722 circa
2077 5681 2165 5720 an.
2196 5669 2306 5720 {27.
