4118 6164
537 191 646 250 979
1817 187 1877 245 S.
1916 179 2301 244 AUGUSTINI
2342 179 2666 238 EPISCOPI
3843 179 3946 237 εδδ

540 317 602 376 id
633 321 739 382 est,
775 319 958 374 Deum
983 331 1095 389 pro
1127 313 1487 380 inﬁdelibus,
1545 316 1614 369 ut
1657 327 1759 370 eos
1789 311 1994 368 ﬁdeles
2019 309 2196 366 faciat
2305 322 2462 372 mus,
2495 321 2681 379 quam
2711 304 3211 378 pectorequidem
3224 303 3378 371 ﬁcto,
3406 303 3512 361 sed
3525 308 3737 361 tamen
3765 303 3970 360 catho—

543 424 666 464 non
687 422 919 476 rogare,
946 420 1014 461 eo
1036 404 1201 478 quod
1223 419 1344 460 non
1360 403 1480 460 sint
1499 398 2197 459 istadivinasmiseratio-
2305 396 2449 452 licos
2472 395 2704 467 judices
2735 395 2953 451 timens
2987 394 3256 466 Pelagius
3295 393 3422 468 ipse
3459 394 3788 450 damnavit
3829 392 3845 447 ι

545 497 639 554 nis
676 494 992 562 beneﬁcia,
1023 494 1128 549 sed
1180 493 1462 550 humanae
1511 492 1710 548 ofﬁcia
1748 489 2093 547 voluntatis.
2136 489 2202 543 Et
2382 502 2842 576 amquomodo,
2863 499 3632 576 inquies,respondebitur7
3654 499 3966 566 Quomodo

545 587 730 641 homo
769 584 829 638 in
878 582 1335 653 Carthaginensi
1384 582 1652 638 eruditus
1699 580 1980 645 Ecclesia,
2021 577 2202 633 etiam
2311 608 2518 648 senses
2544 591 2774 648 facilius
2800 600 2855 648 οι
2895 593 3177 664 apertius,
3212 607 3398 663 quam
3427 596 3492 646 ιη
3521 590 3674 646 ίιιυά
3705 588 3886 662 quod
3911 589 3970 644 de

544 673 872 728 beatissimi
899 672 1183 745 Cypriani
1217 672 1440 728 librum
1487 671 1560 727 de
1591 671 1897 726 Dominica
1927 666 2204 724 Oratione
2314 681 2544 739 orando
2558 682 2676 737 Deo
2707 680 2982 753 superius
3015 681 3271 750 egimus,
3300 680 3383 736 sic
3410 679 3891 751 amplectamur,
3923 684 3975 732 ω

546 761 886 818 condemna
919 778 1142 834 ;quam
1178 761 1388 816 doctor
1435 761 1531 816 ille
1572 776 1711 815 cum
1762 762 2099 830 exponeret,
2136 771 2207 811 ea

2329 787 2428 826 aoc
2448 771 2630 826 menti
2645 775 2861 826 nostrae
2875 769 3037 825 nulla
3051 768 3362 824 subtrahat
3374 768 3700 824 oblivionis
3718 768 3840 823 irre
3846 767 3972 838 ptio,

546 851 810 924 Petenda
852 866 982 906 esse
1036 849 1293 906 Ostendit
1323 865 1359 905 ἃ
1404 850 1522 905 θθο
1552 854 1741 921 Patre:
1789 863 1923 920 (Ῐυω
1955 851 2018 903 ιη
2057 843 2209 900 dic“
2317 859 2788 916 nullacalliditas
2805 855 3980 931 argumentationisextorqueat?Sienim

549 955 684 996 esse
706 940 935 995 homini
966 940 1044 995 ab
1069 939 1334 1004 homine,
1375 938 1490 993 hoc
1522 946 1611 993 est
1641 954 1677 993 a
1707 937 1922 1008 seipso.

2329 949 2486 1022 quod
2517 950 2805 1021 scriptum
2840 953 2946 1015 est,
2987 948 3030 1003 Α
3067 949 3296 1004 Domino
3327 963 3541 1018 gressus
3575 946 3836 1002 homini:
3864 945 3982 999 din-

623 1033 673 1084 3.
709 1029 879 1093 Quod
913 1029 960 1083 si
991 1027 1065 1082 de
1116 1027 1393 1099 precibus
1427 1026 1707 1082 Ecclesia;
1746 1036 1802 1080 et
1842 1025 1916 1079 de
1949 1027 2213 1094 martyro

2329 1044 2548 1111 guntur,
2571 1042 2622 1095 et
2649 1041 2794 1094 viam
2821 1040 2939 1110 ejus
2966 1038 3107 1094 volet
3129 1055 3148 1103 ;
3179 1042 3256 1102 et,
3278 1040 3652 1109 Prwparatur
3678 1036 3934 1091 voluntas
3957 1052 3980 1088 τι

551 1118 848 1190 Cypriano
861 1133 1076 1188 parum
1093 1121 1266 1188 putas
1279 1132 1410 1172 esse
1425 1115 1587 1188 quod
1603 1115 1942 1180 dixi,aude‘
1965 1113 2212 1182 majora,

2329 1128 2745 1198 Domino(Prov.
2763 1144 2878 1195 vm,
2911 1129 3000 1193 35,
3020 1143 3122 1183 sec.
3154 1127 3340 1198 LXX);
3368 1131 3445 1193 et,
3475 1127 3616 1181 Deus
3633 1129 3721 1180 est
3744 1127 3986 1196 enimquz'

489 1282 494 1286 _
551 1206 923 1277 reprehende
953 1205 1328 1276 Apostolum,
1355 1205 1458 1276 qui
1481 1205 1649 1271 dixit,
1683 1204 1916 1258 Oramus
1940 1203 2007 1256 ad
2024 1202 2215 1289 Deum,

2329 1222 2588 1289 aperatur
2615 1220 2672 1272 in
2707 1217 2858 1272 vobis
2885 1220 2936 1271 et
2962 1216 3132 1272 velle:
3159 1221 3217 1271 et
3249 1215 3437 1271 multa
3458 1213 3854 1286 hujusmodi,
3875 1215 3984 1284 qui-

552 1311 615 1349 ne
647 1294 776 1366 quid
793 1294 1011 1365 faciatis
1037 1292 1267 1365 mali(ll
1295 1295 1426 1348 Cor.
1468 1309 1589 1357 xm,
1623 1295 1695 1359 7).
1723 1295 1924 1363 Neque
1953 1289 2111 1345 enim
2132 1288 2217 1344 diu

2329 1288 2442 1363 bus
2492 1306 2952 1362 commendatur
2983 1321 3123 1360 vera
3172 1305 3270 1360 Dei
3309 1305 3521 1374 gratia,
3554 1303 3677 1359 hoc
3716 1306 3836 1367 est,
3867 1318 3982 1374 quae

553 1388 756 1440 cturus
797 1399 860 1438 es
889 1382 1032 1438 nihil
1055 1383 1204 1437 mali
1243 1398 1380 1437 eum
1423 1382 1618 1438 facere
1655 1380 1756 1453 qui
1792 1396 1910 1436 non
1946 1378 2130 1434 credit
2157 1379 2217 1434 in

552 1473 874 1537 Christum,
908 1477 1009 1527 aut
1034 1471 1137 1543 qui
1165 1471 1346 1526 ﬁdem
1374 1471 1598 1526 deserit
1618 1470 1826 1526 Christi
1856 1486 1869 1536 ;
1893 1485 1962 1525 ac
1980 1483 2084 1540 per
2101 1467 2218 1523 hoc

552 1562 653 1634 qui
693 1562 855 1626 dicit,
891 1577 954 1615 ne
976 1560 1115 1631 quid
1155 1561 1378 1631 faciatis
1409 1559 1565 1624 mali,
1611 1576 1720 1614 nec
1749 1558 1862 1613 ista
1893 1557 2015 1612 vult
2039 1557 2162 1612 ﬁeri
2199 1575 2211 1615 :

553 1650 820 1720 satisque
846 1648 930 1703 illi
961 1664 1085 1704 non
1117 1655 1206 1704 est
1258 1648 1607 1719 praecipere,
1656 1648 1762 1702 sed
1811 1646 2125 1701 conﬁtetur
2154 1660 2215 1700 se

552 1740 738 1794 Deum
773 1753 984 1808 rogare
1028 1752 1102 1792 ne
1133 1737 1300 1804 ﬁant,
1337 1738 1538 1792 sciens
1563 1736 1826 1792 hominis
1846 1735 2214 1790 voluntatem

553 1827 766 1897 corrigi
792 1843 862 1883 ac
893 1826 1088 1895 dirigi,
1113 1831 1176 1881 ut
1198 1825 1312 1882 ista
1338 1842 1459 1882 non
1494 1826 1694 1882 faciat.
1722 1827 1767 1880 Α
1802 1825 2031 1879 Domino
2054 1825 2212 1879 enim

551 1933 768 1989 gressus
813 1916 1047 1970 hominis
1077 1915 1408 1985 diriguntur
1436 1922 1486 1969 et
1537 1915 1680 1968 viam
1721 1915 1834 1986 ejus
1877 1914 2008 1968 volet
2035 1912 2210 1984 (Psal.

549 2021 746 2071 xxxvi,
767 2005 858 2076 23)
891 2021 905 2070 ;
932 2020 1052 2058 non
1079 2003 1248 2070 dixit,
1275 2006 1341 2059 Et
1368 2003 1520 2060 viam
1541 2004 1669 2074 ejus
1682 2003 1892 2068 discet,
1911 2008 2032 2067 aut,
2056 2008 2214 2056 tene-

547 2093 607 2151 bi
620 2098 656 2160 t,
672 2098 792 2160 aut,
810 2091 1279 2159 ambulabit,aut
1294 2093 1523 2164 aliquid
1538 2092 1889 2163 hujusmodi
1903 2090 2067 2163 quod
2083 2106 2212 2163 pos-

549 2199 641 2238 ses
671 2182 866 2239 dicere
893 2199 929 2238 a
961 2182 1211 2237 Domino
1236 2181 1488 2253 quidem
1521 2181 1672 2247 dari,
1706 2181 1809 2236 sed
1835 2180 2064 2236 homini
2085 2181 2214 2250 jam

546 2272 796 2327 volenti:
815 2270 1111 2326 utscilicet
1131 2269 1509 2326 beneﬁcium
1530 2269 1622 2326 Dei
1637 2286 1757 2342 quo
1775 2267 2215 2339 gressushomi-

545 2361 638 2416 nis
651 2360 868 2431 dirigit,
889 2360 1118 2416 utviam
1142 2360 1266 2431 ejus
1283 2360 1500 2426 discat,
1530 2364 1746 2427 teneat,
1763 2358 2090 2430 gradiatur,
2106 2373 2216 2414 sua

545 2450 730 2506 homo
756 2449 1056 2504 voluntate
1085 2448 1405 2519 praecedat,
1434 2455 1489 2503 et
1509 2448 1623 2504 hoc
1639 2449 2216 2519 Deidonumprasce—

546 2539 724 2595 dente
743 2555 856 2594 sua
877 2537 1182 2593 voluntate
1207 2552 1301 2591 me
1317 2543 1539 2592 reatur.
1572 2537 1683 2593 Sed
1713 2536 1848 2592 ideo
1869 2537 2034 2602 dixit,
2053 2538 2092 2591 Α
2114 2539 2212 2593 Do-

546 2630 697 2683 mino
722 2642 941 2698 gressus
982 2626 1221 2681 hominis
1258 2625 1604 2696 diriguntur,
1642 2632 1693 2681 et
1734 2628 1878 2680 viam
1908 2627 2025 2698 ejus
2057 2625 2210 2690 volet,

552 2720 617 2770 ut
638 2714 1105 2786 intelligeremus
1124 2713 1323 2785 ipsam
1346 2714 1722 2770 voluntatem
1743 2715 1971 2770 bonam
1991 2731 2113 2787 qua
2129 2715 2214 2770 in-

553 2805 808 2877 cipimus
823 2804 963 2860 velle
979 2803 1216 2860 credere
1240 2803 1553 2877 (quoniam
1577 2805 1676 2860 Dei
1700 2804 1788 2861 via
1809 2805 1954 2877 quid
1969 2809 2074 2871 est,
2100 2805 2212 2860 nisi

550 2895 701 2951 ﬁdes
722 2899 882 2950 recta
912 2893 960 2967 ‘?)
981 2893 1136 2949 illius
1159 2910 1290 2949 esse
1314 2894 1544 2949 donum
1566 2894 1670 2967 qui
1704 2910 1944 2965 gressus
1976 2901 2211 2950 nostros

547 2991 867 3057 propterea
893 2983 1097 3052 dirigit
1146 2983 1426 3054 primitus
1473 2988 1534 3038 ut
1577 2983 1852 3038 velimus.
1887 2984 2019 3039 Non
2050 2983 2212 3040 enim

550 3075 630 3130 ait
663 3073 988 3144 Scriptura,
1019 3073 1065 3127 Α
1100 3073 1326 3128 Domino
1356 3089 1568 3140 gressus
1598 3073 1835 3129 hominis
1867 3072 2210 3144 diriguntur,

556 3163 699 3235 quia
715 3162 868 3218 viam
882 3162 933 3233 ej
945 3179 1012 3216 us
1026 3162 1210 3218 voluit
1227 3179 1240 3228 ;
1257 3162 1360 3217 sed
1373 3204 1385 3226 ,
1400 3162 1722 3233 diriguntur
1742 3162 1952 3235 inquit,
1977 3167 2027 3217 et
2053 3161 2208 3217 volet.

557 3256 686 3310 Non
721 3253 896 3322 igitur
926 3253 1068 3325 quia
1096 3252 1299 3323 voluit,
1333 3252 1673 3323 diriguntur
1697 3272 1715 3323 ;
1755 3251 1859 3309 sed
1889 3253 2032 3325 quia
2070 3252 2211 3308 diri-

551 3347 798 3416 guntur,
831 3342 1007 3397 volet.

621 3432 845 3487 CAPUT
871 3432 934 3485 Il.
985 3462 1037 3472 —
1059 3434 1113 3485 4.
1153 3430 1255 3486 Hic
1283 3434 1345 3486 tu
1365 3445 1578 3486 rursus
1602 3429 1855 3487 fortasse
1881 3430 2129 3487 dicturis
2152 3445 2214 3486 es

551 3520 668 3577 hoc
696 3519 821 3576 ﬁeri
851 3535 886 3577 a
921 3519 1193 3586 Domino,
1226 3518 1375 3575 dum
1417 3520 1689 3576 doctrina
1727 3520 1854 3591 ejus
1886 3519 2097 3588 legitur
2123 3518 2217 3574 vel

555 3609 816 3675 auditur,
851 3609 897 3664 si
924 3608 1109 3665 homo
1135 3609 1367 3664 veritati
1391 3625 1577 3682 quam
1607 3608 1748 3678 legit
1769 3609 1858 3664 vel
1885 3609 2073 3675 audit,
2108 3623 2218 3664 sua

555 3697 887 3754 consentiat
911 3697 1237 3755 voluntate.
1272 3699 1333 3754 Si
1375 3699 1524 3754 enim
1572 3698 1764 3753 lateret
1803 3715 1948 3769 eum,
1995 3698 2215 3770 inquis,

555 3786 812 3844 doctrina
831 3789 945 3855 Dei,
976 3803 1088 3843 non
1111 3787 1485 3858 dirigerentur
1513 3803 1728 3858 gressus
1747 3790 1885 3860 ejus,
1920 3788 2118 3859 quibus
2139 3787 2219 3842 di-

554 3878 718 3933 rectis
746 3877 906 3934 vellet
934 3878 1082 3932 viam
1123 3878 1232 3932 Dei.
1265 3881 1346 3932 Ac
1377 3892 1482 3949 per
1514 3876 1628 3933 hoc
1658 3877 1740 3932 sic
1779 3882 2012 3934 tantum
2044 3882 2220 3949 putas

559 3983 596 4024 a
621 3965 861 4022 Domino
886 3966 1396 4038 gressushominis
1409 3966 1583 4037 dirigi
1606 3965 1684 4022 ad
1701 3966 2038 4039 eligendam
2062 3967 2222 4023 viam

558 4055 680 4120 Dei,
715 4056 856 4125 quia
896 4055 1024 4110 sine
1051 4055 1323 4111 doctrina
1357 4054 1454 4110 Dei
1488 4070 1612 4110 non
1645 4055 1697 4110 ei
1730 4061 1923 4127 potest
1959 4056 2220 4112 innotes-

562 4157 693 4197 cere
725 4142 969 4208 veritas,
987 4142 1081 4198 cui
1114 4143 1353 4213 propria
1373 4143 1681 4198 voluntate
1698 4145 2159 4200 consentiat.Cui
2176 4149 2225 4203 si

562 4232 858 4299 consentit,
898 4231 1096 4303 inquis
1129 4231 1375 4302 (quodin
1407 4231 1526 4302 ejus
1554 4232 1725 4287 libero
1761 4233 1992 4288 arbitrio
2020 4234 2224 4288 consti-

563 4324 739 4376 tutum
768 4322 889 4390 est),
930 4323 1074 4377 recte
1096 4322 1283 4391 utique
1307 4320 1580 4375 dicuntur
1605 4321 1672 4376 ab
1698 4321 1793 4376 illo
1813 4323 1985 4393 dirigi
2011 4340 2226 4393 gressus

563 4409 678 4481 ejus
703 4414 763 4466 ut
793 4411 952 4466 viam
969 4411 1088 4481 ejus
1108 4409 1782 4481 velit,cujusdoctrinam,
1809 4414 2060 4467 suasione
2086 4428 2228 4481 prce-

561 4492 799 4567 eedente,
831 4500 1188 4572 subsequente
1212 4503 1569 4556 consensione
1593 4503 1835 4555 sectatur
1861 4517 1876 4554 :
1909 4501 2048 4572 quod
2069 4501 2229 4557 liber-

566 4591 679 4643 tate
719 4587 992 4654 naturali,
1021 4589 1070 4643 si
1097 4588 1233 4654 vult,
1275 4590 1435 4658 facit,
1469 4591 1519 4643 si
1551 4606 1647 4644 nec
1678 4591 1698 4624 ²
1742 4590 1874 4655 vult,
1910 4606 2014 4645 non
2047 4591 2179 4658 facit
2207 4611 2230 4660 ,-

561 4692 664 4747 pro
703 4693 762 4732 eo
792 4678 931 4748 quod
958 4679 1172 4746 fecerit,
1199 4679 1518 4749 premium.
1547 4680 1630 4734 vel
1647 4680 1972 4752 supplicium
1991 4683 2227 4750 receptu-

566 4780 683 4820 rus.
704 4767 837 4819 Hsec
854 4770 940 4820 est
954 4764 1053 4820 illa
1071 4765 1534 4835 Pelagianorum
1549 4766 1727 4831 mala,
1748 4767 1902 4822 male
1916 4766 2227 4823 diffamata

564 4854 896 4926 meritaque
921 4853 1268 4925 reprobate,
1306 4859 1363 4909 et
1395 4854 1473 4910 ab
1505 4854 1633 4927 ipso
1661 4855 1837 4911 etiam
1872 4856 2124 4925 Pelagio,
2165 4856 2228 4911 ti-

565 4948 765 5001 mente
786 4943 1063 4999 damnari
1082 4943 1140 4998 in
1157 4943 1536 4999 orientalium
1559 4944 1978 5017 episcoporum
1999 4945 2224 5016 judicio

565 5034 855 5090 damnata
879 5032 1172 5088 sententia
1197 5033 1296 5104 (a),
1315 5049 1439 5104 qua
1467 5032 1677 5088 dicunt
1694 5034 1947 5103 gratiam
1974 5033 2069 5089 Dei
2102 5049 2223 5089 non

564 5124 642 5182 ad
670 5123 942 5196 singulos
969 5127 1135 5180 actus
1167 5122 1317 5186 dari,
1350 5121 1458 5178 sed
1493 5121 1553 5177 in
1585 5122 1772 5178 libero
1798 5123 2040 5179 arbitrio
2068 5139 2218 5186 esse,

562 5215 652 5270 vel
681 5215 740 5269 in
771 5214 900 5284 lege
950 5217 1130 5284 atque
1161 5210 1433 5267 doctrina
1467 5227 1478 5266 :
1509 5215 1560 5266 et
1592 5227 1782 5284 usque
1814 5212 1985 5274 adeo,
2019 5211 2218 5279 frater,

567 5305 787 5360 erimus
816 5319 1027 5374 graves
1060 5302 1259 5359 corde.
1299 5305 1359 5357 ut
1390 5301 1464 5356 de
1499 5303 1689 5372 gratia
1717 5302 1836 5366 Dei,
1872 5302 1994 5357 imo
2012 5302 2220 5358 adver-

567 5409 666 5449 sus
681 5395 934 5465 gratiam
950 5392 1074 5459 Dei,
1094 5408 1228 5449 eam
1243 5391 1625 5464 pelagianam
1646 5392 1997 5448 sententiam
2028 5396 2221 5449 tenea-

627 5576 1008 5638 {Antiquiores
1046 5576 1194 5633 Edd.,
1228 5576 1356 5625 adde
1387 5575 1532 5633 Lov.,
1564 5575 1705 5625 audi.

627 5636 945 5708 "nissaduo‘
976 5640 1138 5708 vatim
1175 5643 1398 5708 etugus
1419 5654 1445 5689 e
1477 5639 1680 5708 Gallic,
1708 5638 1752 5688 si
1781 5638 1905 5698 vult,
1937 5653 2043 5692 non
2066 5639 2214 5703 facit.

635 5699 705 5770 (ὸ)
736 5696 858 5748 Vid-
894 5697 984 5754 lib.
1016 5700 1081 5756 de
1104 5699 1272 5753 Gestis
1305 5701 1499 5770 Pelag,
1523 5716 1568 5754 c.
1607 5702 1682 5757 tt.

2327 1411 2449 1453 non
2479 1394 2812 1451 secundum
2839 1394 3052 1450 merita
3081 1398 3282 1450 nostra
3309 1393 3494 1459 datui,
3516 1393 3626 1448 sed
3658 1392 3772 1448 dat
3790 1392 3984 1447 merita

2326 1486 2460 1558 ipsa
2485 1501 2622 1541 cum
2645 1483 2825 1540 datur
2843 1500 2856 1549 ;
2876 1484 3020 1555 quia
3034 1481 3596 1554 praevenithominis
3615 1480 3983 1537 voluntatem

2325 1575 2572 1641 bonam,
2604 1589 2714 1630 nec
2745 1589 2867 1629 eam
2901 1572 3262 1644 cujusquam
3281 1572 3512 1627 invenit
3538 1571 3605 1627 in
3635 1569 3852 1634 corde,
3895 1568 3983 1624 sed

2325 1663 2459 1719 facit
2489 1680 2501 1718 :
2528 1661 2579 1717 si
2609 1677 2751 1733 ergo
2783 1661 2861 1717 ita
2892 1666 3258 1733 praepararet
3309 1665 3487 1732 atque
3519 1661 3598 1715 ita
3641 1665 3984 1731 operaretur

2327 1755 2477 1808 Deus
2519 1750 2780 1807 hominis
2811 1749 3202 1819 voluntatem,
3251 1754 3314 1805 ut
3341 1748 3776 1806 tantummodo
3809 1747 3983 1817 legem

2323 1857 2494 1897 suam
2509 1847 2688 1912 atque
2700 1840 3034 1896 doctrinam
3049 1838 3234 1894 libero
3250 1839 3299 1910 ej
3309 1855 3376 1894 us
3389 1837 3708 1894 adhiberet
3723 1837 3983 1900 arbitrio,

2322 1945 2432 1987 nec
2458 1931 2770 1986 vocatione
2800 1928 2899 1984 illa
2917 1929 3036 1985 alta
3064 1934 3245 2000 atque
3277 1934 3503 1984 secreta
3529 1929 3617 1983 sic
3633 1927 3776 1998 ejus
3804 1931 3988 1996 ageret

2323 2035 2589 2084 sensum,
2623 2024 2684 2074 ut
2713 2018 2907 2074 eidem
2953 2017 3065 2088 legi
3109 2022 3289 2090 atque
3326 2017 3621 2072 doctrinm
3653 2031 3983 2072 accommo-

2322 2109 2492 2165 daret
2513 2123 2830 2163 assensum
2873 2125 2886 2175 ;
2922 2106 3124 2177 procul
3152 2106 3341 2162 dubio
3369 2121 3502 2161 eam
3526 2105 3762 2176 legere,
3799 2105 3890 2160 vel
3918 2107 3986 2160 in-

2321 2197 2580 2268 telligere
2604 2196 2882 2266 legendo,
2902 2195 2996 2251 vel
3017 2196 3196 2252 etiam
3229 2210 3526 2269 exponere
3553 2211 3629 2251 ac
3664 2195 3984 2266 praedicam

2324 2287 2638 2352 sufﬁceret,
2666 2302 2776 2342 nec
2800 2301 2954 2357 opus
2976 2289 3140 2341 esset
3178 2300 3347 2341 orare
3392 2288 3457 2339 ut
3503 2284 3665 2340 Deus
3708 2284 3792 2339 ad
3823 2283 3986 2339 ﬁdem

2325 2392 2500 2432 suam
2516 2375 2838 2430 inﬁdelium
2856 2375 3040 2430 corda
3052 2378 3439 2440 converteret,
3457 2379 3513 2429 et
3526 2375 3852 2430 conversis
3872 2389 3986 2445 pro-

2322 2465 2619 2521 ﬁcientem
2653 2464 3163 2536 perseverantiam
3195 2463 3468 2534 ejusdem
3495 2463 3712 2532 gratiae
3741 2463 3984 2518 sueslar-

2324 2555 2501 2624 gitate
2520 2553 2792 2611 donaret.
2816 2552 2873 2608 Si
2897 2569 3039 2623 ergo
3058 2553 3184 2608 haec
3206 2569 3242 2608 a
3260 2552 3514 2608 Domino
3533 2551 3855 2624 poscenda
3876 2567 3983 2605 esse

2323 2658 2444 2698 non
2469 2644 2689 2707 renuis,
2724 2642 2870 2715 quid
2889 2647 3092 2708 restat,
3125 2643 3303 2698 frater
3322 2641 3542 2706 Vitalis,
3566 2641 3694 2696 nisi
3727 2640 3982 2696 utabillo

2322 2747 2394 2789 ea
2421 2732 2633 2788 donari
2658 2732 2920 2801 fatearis,
2949 2749 2982 2787 a
3004 2747 3126 2804 quo
3149 2731 3452 2803 poscenda
3475 2745 3614 2785 esse
3640 2729 3986 2786 consentis?

2324 2821 2379 2878 Si
2394 2826 2594 2877 autem
2608 2837 2791 2893 negas
2813 2820 2890 2877 ab
2914 2820 3013 2876 illo
3030 2837 3141 2876 nos
3158 2836 3402 2891 poscere
3416 2821 3531 2876 ista
3542 2819 3989 2885 debere,eidem

2321 2910 2605 2966 doctrinm
2634 2911 2822 2982 ipsius
2845 2910 3206 2966 contradicis
3239 2927 3252 2976 ;
3295 2911 3440 2982 quia
3468 2913 3526 2965 et
3550 2909 3674 2965 hoc
3707 2909 3776 2964 in
3810 2924 3882 2964 ea
3921 2908 3990 2962 di-

2321 2999 2594 3065 dicimus,
2630 3003 2693 3055 ut
2722 2999 2800 3055 ab
2829 2999 2931 3055 illo
2962 3001 3078 3056 ista
3107 3014 3454 3071 poscamus.

2393 3111 2444 3163 6.
2479 3107 2815 3163 Orationem
2840 3106 3204 3162 dominicam
3225 3106 3401 3172 nosti,
3430 3105 3788 3162 necdubito
3801 3109 3858 3161 te
3888 3105 3985 3159 Deo

2321 3196 2519 3260 dicere
2547 3199 2757 3251 :Pater
2784 3200 2987 3261 noster,
3012 3198 3107 3267 qui
3131 3212 3184 3251 es
3212 3198 3270 3250 in
3289 3197 3455 3261 catis,
3492 3200 3604 3252 etc.
3636 3197 3798 3266 Sege
3826 3210 3985 3264 expo-

2325 3286 2568 3342 sitorem
2599 3287 2729 3357 ejus
2760 3285 3172 3341 beatissimum
3205 3285 3595 3358 Cyprianum,
3616 3291 3678 3340 et
3699 3283 3989 3356 quemad-

2319 3376 2572 3458 modum
2593 3374 2934 3446 exposuerit
2953 3374 3116 3446 quod
3133 3374 3211 3430 ibi
3225 3375 3458 3438 dicitur,
3474 3374 3988 3439 Fiatvoluntastua,

2323 3467 2464 3520 sicut
2505 3466 2561 3519 in
2592 3463 2740 3531 caelo,
2772 3468 2822 3518 et
2856 3465 2914 3519 in
2948 3464 3091 3519 terra
3122 3464 3337 3532 (Matth.
3364 3480 3438 3534 vx,
3465 3463 3643 3534 9,t0),
3681 3462 3992 3533 diligenter

2326 3553 2584 3622 attende,
2606 3553 3021 3608 etobedienter
3042 3551 3304 3622 intellige
3337 3568 3350 3608 :
3382 3552 3657 3624 profecto
3679 3552 3927 3609 docebit
3945 3557 3988 3606 te

2326 3658 2497 3699 orare
2529 3658 2635 3714 pro
2668 3641 3008 3698 inﬁdelibus
3038 3641 3292 3697 inimicis
3327 3641 3618 3705 Ecclesiae,
3657 3642 3988 3698 secundum

2326 3739 2688 3805 praeceptum
2712 3731 3521 3802 Don1ini,dicentis,0ratepro
3537 3733 3796 3786 inimicis
3813 3734 3984 3787 vestris

2330 3821 2437 3894 (Id.
2470 3838 2528 3886 v,
2562 3821 2651 3893 44)
2691 3839 2706 3891 ;
2746 3825 2800 3876 et
2831 3820 2946 3876 hoc
2967 3835 3160 3878 orare.
3187 3820 3367 3876 utﬁat
3389 3818 3671 3876 voluntas
3700 3823 3830 3885 Dei,
3857 3822 3986 3875 sicut

2331 3911 2389 3966 in
2411 3911 2494 3966 eis
2506 3911 2606 3983 qui
2619 3910 2746 3981 jam
2760 3909 2965 3965 ﬁdeles
2980 3915 3116 3966 sunt
3138 3914 3194 3966 et
3211 3914 3451 3982 portant
3469 3910 3811 3980 imaginem
3837 3910 3990 3966 coale-

2332 4001 2435 4056 stis
2449 3999 2730 4066 hominis,
2746 4003 3124 4070 etpropterea
3138 3999 3270 4055 caeli
3284 3999 3527 4055 nomine
3541 3998 3714 4072 digni
3742 3998 3990 4063 sunt;ita

2332 4094 2391 4147 et
2421 4089 2480 4144 in
2505 4088 2588 4144 eis
2617 4086 3262 4160 quiperinﬁdelitatem
3279 4088 3515 4144 nonnisi
3534 4088 3883 4157 imaginem
3899 4094 3990 4143 ter-

2333 4179 2460 4235 reni
2489 4176 2753 4234 hominis
2782 4182 3020 4249 portant
3047 4179 3091 4248 (l
3118 4177 3245 4233 Cor.
3281 4193 3372 4241 xv,
3417 4177 3628 4248 47-49),
3662 4181 3725 4232 et
3759 4178 3841 4232 ob
3886 4178 3985 4232 hoc

2335 4273 2487 4325 terra
2504 4266 2709 4322 merito
2723 4269 3394 4338 nuncupanturﬁempe
3407 4266 3498 4320 isti
3515 4282 3624 4338 pro
3648 4266 3883 4338 quibus
3901 4267 3988 4319 ini-

2337 4355 2510 4413 micis
2543 4357 2830 4411 Dominus
2845 4371 2955 4410 nos
2981 4355 3160 4425 jussit
3184 4371 3378 4421 orare,
3426 4360 3481 4410 et
3511 4355 3990 4424 gloriosissimus

2339 4444 2658 4518 martyrsic
2686 4444 2962 4515 exposuit
2991 4442 3232 4515 quodin
3257 4443 3523 4499 oratione
3553 4442 3852 4509 dicimus,
3884 4445 3990 4498 Fiat

2337 4535 2584 4589 voluntas
2613 4537 2728 4596 tua,
2752 4533 2894 4589 sicut
2927 4533 2985 4587 in
3010 4534 3153 4598 cwlo,
3182 4537 3234 4588 et
3257 4534 3311 4588 in
3342 4537 3511 4600 terra,
3541 4537 3604 4587 ut
3626 4532 3785 4605 ipsis
3816 4533 3987 4589 etiam

2340 4639 2665 4696 poscamus
2689 4621 2866 4677 ﬁdem
2887 4638 3070 4694 quam
3091 4621 3295 4678 ﬁdeles
3318 4621 3542 4677 habent
3567 4637 3581 4686 ;
3604 4636 3833 4692 nempe
3859 4636 3988 4691 ergo

2336 4713 2430 4769 isti
2456 4711 2796 4769 christiana:
2825 4711 3056 4782 pietatis
3079 4710 3323 4776 inimici,
3351 4710 3541 4782 legem
3567 4710 3668 4765 Dei
3687 4717 3882 4783 atque
3903 4711 3992 4765 do-

2336 4803 2586 4859 ctrinam
2609 4817 2726 4874 qua
2753 4800 3330 4872 Christiprmdicatur
3342 4799 3507 4864 ﬁdes,
3525 4798 3892 4856 velomnino
3907 4817 3992 4855 au-

2334 4891 2460 4947 dire
2489 4892 2716 4947 nolunt;
2733 4890 2822 4945 vel
2851 4890 2926 4945 ad
2949 4890 3062 4946 hoc
3085 4888 3474 4945 audiuntsive
3502 4888 3686 4944 etiam
3705 4889 3921 4959 legunt
3945 4893 3994 4941 ut

2334 4981 2614 5037 irrideant
2632 4984 2686 5034 et
2703 4979 3085 5045 detestentur,
3103 4983 3158 5034 et
3175 4982 3400 5050 quanta
3417 4983 3675 5050 possunt
3695 4977 3993 5034 contradi-

2333 5071 2525 5126 ctione
2555 5067 3268 5140 blasphementJnaniter
3296 5068 3473 5137 igitur
3503 5072 3557 5124 et
3586 5067 3991 5139 perfunctorie

2334 5159 2528 5233 potius
2553 5174 2728 5230 quam
2745 5159 3027 5213 veraciter
3049 5173 3157 5228 pro
3171 5158 3272 5222 eis,
3291 5156 3653 5212 utdoctrinm
3669 5158 3768 5212 cui
3785 5159 3862 5213 ad
3875 5172 3992 5212 ver-

2333 5252 2562 5312 santur,
2580 5246 2880 5301 credendo
2893 5246 3415 5311 consentiant,Deo
3432 5246 3748 5300 fundimus
3766 5263 3988 5318 preces,

2332 5336 2378 5391 si
2413 5335 2486 5390 ad
2503 5333 2631 5404 ejus
2646 5349 2762 5388 non
2790 5334 3306 5403 pertinetgratiam
3331 5338 3678 5388 convertere
3703 5334 3785 5388 ad
3814 5334 3987 5388 ﬁdem

2333 5420 2630 5492 suamipsi
2649 5420 3126 5476 tideicontrarias
3140 5420 3453 5476 hominum
3480 5421 3844 5476 voluntates.
3870 5424 3988 5477 lna-

2329 5513 2479 5568 niter
2491 5511 2660 5567 etiam
2677 5515 2730 5564 et
2748 5508 3144 5578 perfunctorie
3160 5510 3556 5582 potiusquam
3575 5512 3865 5566 veraciter
3880 5527 3982 5563 ma-

2329 5617 2477 5672 gnas
2493 5617 2628 5656 cum
2647 5599 3046 5655 exsultatione
3069 5603 3307 5670 agimus
3323 5601 3440 5656 Deo
3467 5600 3716 5668 gratias,
3732 5600 3972 5674 quando

2215 5744 2219 5747 .
2328 5691 2512 5770 aliqui
2542 5705 2753 5748 eorum
2779 5691 3045 5758 credunt,
3083 5689 3130 5746 si
3159 5688 3273 5749 hoc
3313 5688 3373 5747 in
3404 5690 3485 5746 eis
3509 5689 3641 5765 ipse
3670 5706 3801 5748 non
3827 5689 3958 5749 facit
