4118 6164
133 180 258 256 ἒθθι

221 329 275 383 7.
297 327 424 382 Non
449 324 728 383 fallamus
747 327 1056 398 homines;
1086 345 1228 386 nam
1253 332 1437 386 Deum
1466 328 1669 387 fallere
1686 339 1808 383 non

136 413 435 472 valemus.
469 414 724 472 Prorsus
742 433 862 474 non
885 434 1131 475 oramus
1162 415 1373 485 Deum,
1381 419 1486 475 sed
1500 433 1672 474 orare
1697 431 1806 471 nos

139 503 456 574 ﬁngimus,
481 504 527 560 si
559 521 670 561 nos
703 506 888 579 ipsos,
923 524 1043 564 non
1071 508 1261 574 illum,
1285 507 1588 564 credimus
1615 505 1806 562 facere

137 591 308 665 quod
331 607 603 650 oramus.
632 593 878 651 Prorsus
914 612 1034 653 non
1056 598 1280 667 gratias
1296 599 1414 653 Deo
1435 592 1807 666 agimus,sed

137 694 254 738 nos
282 695 459 752 agere
485 681 798 754 ﬁngimus,
823 685 872 740 si
897 685 1057 742 unde
1078 685 1160 742 illi
1184 685 1405 757 gratias
1436 684 1692 754 agimus,
1716 684 1809 754 ip-

137 785 280 828 sum
309 770 504 827 facere
531 786 648 829 non
674 777 981 844 putamus.
1021 776 1202 831 Labia
1221 775 1435 832 dolosa
1456 774 1504 829 si
1529 773 1587 829 in
1617 771 1807 828 homi-

131 873 292 916 num
322 859 814 935 quibuscumque
845 863 1230 919 sermonibus
1273 867 1430 927 sunt,
1485 861 1696 916 saltem
1743 859 1804 915 in

135 947 515 1005 orationibus
540 965 663 1006 non
692 949 834 1006 sint.
851 951 1017 1008 Absit
1041 956 1102 1007 ut
1117 951 1279 1024 quod
1305 951 1496 1007 facere
1509 950 1696 1024 Deum
1713 965 1806 1005 ro-

136 1049 361 1106 gamus
394 1037 600 1094 oribus
617 1044 673 1095 et
692 1039 946 1096 vocibus
978 1041 1223 1107 nostris,
1253 1056 1390 1096 eum
1411 1040 1604 1097 facere
1632 1054 1805 1110 nege-

134 1140 276 1181 mus
292 1125 574 1183 cordibus
590 1129 837 1185 nostris:
873 1133 949 1194 et,
980 1129 1145 1202 quod
1181 1129 1632 1200 estgravius,ad
1655 1128 1804 1185 alios

133 1214 320 1271 etiam
350 1214 760 1288 decipiendos,
791 1216 907 1273 hoc
937 1232 1060 1273 non
1107 1222 1413 1274 taceamus
1452 1217 1804 1289 disputatio-

133 1301 322 1359 nibus
337 1305 558 1360 nostris
579 1309 657 1371 ;et
671 1305 821 1362 dum
843 1305 1125 1362 volumus
1146 1307 1314 1379 apud
1326 1307 1599 1363 homines
1610 1306 1806 1362 defen-

135 1392 281 1449 dere
313 1392 569 1450 liberum
628 1395 964 1461 arbitrium,
1011 1395 1176 1467 apud
1223 1399 1410 1453 Deum
1477 1396 1804 1468 perdamus

137 1481 428 1540 orationis
472 1480 784 1549 auxilium,
838 1489 893 1541 et
947 1485 1276 1554 gratiarum
1328 1485 1627 1542 actionem
1681 1498 1804 1540 non

138 1569 474 1627 habeamus
530 1587 757 1639 veram,
816 1573 966 1630 dum
1014 1586 1222 1631 veram
1264 1589 1386 1631 non
1415 1573 1805 1645 agnoscimus

144 1660 427 1729 gratiam.

207 1765 432 1824 CAPUT
456 1767 549 1824 llI.
584 1796 654 1812 --
681 1769 735 1824 8.
763 1768 821 1825 Si
844 1783 978 1826 vere
1011 1769 1152 1826 volu
1168 1785 1303 1826 mus
1318 1769 1636 1826 defendere
1664 1769 1807 1827 libe-

131 1869 275 1911 rum
306 1855 641 1924 arbitrium,
667 1873 789 1914 non
816 1874 1246 1932 oppugnemus
1276 1859 1436 1914 unde
1449 1858 1804 1916 ﬁtliberum.

131 1946 288 2002 Nam
317 1946 421 2017 qui
451 1953 766 2018 oppugnat
795 1949 1206 2021 gratiam,qua
1230 1953 1504 2004 nostrum
1531 1949 1608 2004 ad
1633 1948 1810 2005 decli-

135 2034 415 2092 nandum
445 2037 657 2093 aman
681 2041 738 2093 et
767 2037 1110 2093 faciendum
1137 2037 1380 2094 bonum
1411 2037 1697 2094 liberatur
1724 2053 1812 2094 ar-

142 2121 415 2191 bitrium,
441 2125 890 2197 ipsearbitrium
905 2142 1082 2182 suum
1109 2126 1313 2183 adhuc
1345 2126 1812 2200 vultessecapti-

142 2225 318 2269 vum.
334 2215 669 2286 Responde,
692 2215 968 2281 obsecro,
984 2215 1296 2287 quomodo
1315 2216 1456 2272 dicit
1469 2217 1810 2288 Apostolus,

150 2301 396 2359 Gratias
426 2311 665 2372 agentes
691 2305 883 2370 Patri,
908 2305 1144 2362 idoneos
1173 2305 1414 2366 facienti
1439 2321 1538 2360 nos
1562 2306 1625 2361 in
1639 2311 1815 2374 parte

147 2392 324 2447 sortis
337 2399 675 2449 sanctorum
689 2394 752 2450 in
766 2393 1135 2466 luminejqui
1152 2395 1307 2450 eruit
1328 2410 1435 2451 nos
1444 2394 1511 2451 de
1534 2400 1817 2463 potestate

149 2481 620 2550 tenebrarum,et
649 2484 954 2540 transtulit
984 2484 1047 2539 in
1079 2499 1333 2554 regnum
1348 2483 1815 2540 Filiioharitatis

146 2584 271 2626 sua
299 2572 544 2640 (Coloss.
559 2587 598 2638 1,
628 2574 829 2639 t2,13);
845 2573 892 2628 si
909 2587 1027 2628 non
1042 2572 1169 2644 ipse
1184 2571 1498 2628 arbitrium
1515 2577 1809 2640 nostrum,

140 2657 257 2714 sed
273 2658 472 2732 ipsum
487 2660 804 2718 arbitrium
821 2677 884 2717 se
897 2661 1109 2718 liberat
1122 2662 1150 2718 ?
1165 2661 1522 2717 Mendaciter
1533 2676 1673 2732 ergo
1687 2662 1816 2732 agi-

151 2764 292 2804 mus
318 2749 540 2818 gratias
554 2749 729 2816 Patri,
746 2755 1033 2823 tanquam
1050 2751 1175 2822 ipse
1190 2749 1364 2806 faciat
1378 2750 1532 2823 quod
1550 2750 1678 2822 ipse
1692 2766 1814 2807 non

151 2836 324 2894 facit:
342 2839 624 2895 eterravit
643 2840 745 2912 qui
766 2839 1092 2913 dixitquod
1113 2839 1238 2910 ipse
1252 2854 1362 2894 nos
1388 2839 1815 2896 faciatidoneos

149 2927 213 2982 in
238 2933 411 2996 parte
439 2928 618 2984 sortis
637 2934 981 2986 sanctorum
1010 2929 1074 2985 in
1115 2928 1361 2994 lumine,
1393 2929 1536 3000 quia
1565 2929 1692 3000 ipse
1710 2943 1814 2985 nos

151 3016 304 3073 eruit
317 3017 391 3073 de
404 3023 683 3086 potestate
694 3018 1156 3084 tenebrarum,et
1170 3018 1478 3074 transtulit
1490 3017 1552 3073 in
1567 3033 1812 3088 regnum

150 3105 622 3164 Filiicharitatis
636 3107 1095 3180 suaJtesponde
1107 3106 1407 3178 quomodo
1421 3107 1498 3162 ad
1512 3106 1813 3162 declinan-

147 3194 299 3251 dum
320 3210 357 3251 a
388 3199 568 3261 malo,
590 3200 646 3251 et
665 3195 1003 3252 faciendum
1019 3195 1250 3250 bonum
1273 3195 1529 3251 liberum
1550 3195 1815 3252 habeba-

147 3299 284 3340 mus
316 3284 913 3358 arbitrium,quando
941 3288 1068 3340 erat
1090 3284 1203 3340 sub
1223 3287 1514 3355 potestate
1538 3283 1812 3342 tenebra-

151 3387 288 3428 rum
312 3373 340 3430 ?
369 3373 529 3430 unde
560 3388 671 3429 nos
700 3373 769 3439 si,
797 3373 1316 3446 quemadmodum
1335 3371 1474 3429 dicit
1496 3373 1816 3445 Apostolus

155 3464 312 3517 Deus
339 3462 514 3528 eruit,
534 3463 664 3533 ipse
683 3462 888 3534 utique
911 3462 1052 3518 illud
1068 3461 1325 3518 liberum
1340 3462 1674 3529 fecit.Quod
1691 3466 1813 3519 tam

153 3565 449 3621 magnum
479 3557 751 3608 nostrum
765 3551 1016 3617 bonum,
1043 3551 1090 3606 si
1105 3565 1212 3623 per
1225 3567 1348 3606 suae
1361 3551 1648 3608 doctrinm
1664 3566 1817 3622 prm-

153 3638 520 3696 dicationem
551 3640 973 3696 tantummodo
1003 3639 1142 3696 facit
1157 3657 1170 3706 ;
1186 3639 1332 3713 quid
1345 3640 1420 3695 de
1434 3640 1504 3694 iis
1516 3640 1811 3703 dicemus,

154 3741 310 3799 quos
339 3728 412 3782 de
431 3727 563 3800 ipsa
589 3728 974 3784 tenebrarum
997 3733 1287 3800 potestate
1315 3727 1587 3784 nondum
1613 3728 1762 3784 eruit
1787 3725 1817 3782 ἵ

155 3815 545 3888 praedicanda
559 3821 791 3873 tantum
807 3816 918 3872 illis
931 3816 1620 3882 estdoctrinadivina,an
1634 3817 1815 3872 etiam

155 3905 456 3962 orandum
485 3921 595 3977 pro
613 3906 717 3973 eis,
734 3905 882 3962 utde
897 3906 1278 3961 tenebrarum
1294 3910 1585 3976 potestate
1597 3904 1817 3960 divini-

156 3999 256 4050 tus
285 3999 572 4051 eruantur
597 3995 626 4050 i’
645 3996 701 4051 Si
735 3994 1158 4052 tantummodo
1185 3993 1643 4066 praedicandum
1682 4008 1814 4050 esse

155 4081 330 4148 dicis,
357 4082 616 4154 jussioni
649 4084 880 4140 Domini
912 4083 1350 4140 etorationibus
1382 4082 1654 4138 Ecclesiae
1677 4098 1816 4139 con-

157 4171 401 4228 tradicis
421 4171 468 4227 si
489 4179 689 4229 autem
717 4173 916 4229 fateris
950 4188 1054 4244 pro
1073 4174 1157 4228 eis
1172 4171 1495 4240 orandum,
1528 4171 1589 4227 id
1614 4172 1815 4243 utique

156 4260 460 4317 orandum
493 4255 715 4328 fateris,
749 4267 812 4318 ut
836 4262 1031 4318 eidem
1057 4262 1358 4329 doctrinae,
1393 4260 1641 4317 arbitrio
1671 4260 1816 4317 libe-

153 4354 291 4406 rato
323 4365 358 4406 a
389 4350 770 4408 tenebrarum
803 4356 1111 4424 potestate,
1144 4351 1631 4407 consentiant.lta
1662 4351 1728 4406 ﬁt
1755 4355 1817 4408 ut

155 4453 356 4511 neque
383 4439 585 4496 ﬁdeles
615 4439 780 4507 ﬁant,
815 4441 926 4497 nisi
975 4440 1163 4496 libero
1195 4440 1458 4505 arbitrio,
1500 4444 1557 4496 et
1613 4443 1814 4496 tamen

157 4528 319 4584 illius
360 4529 550 4599 gratia
608 4529 815 4587 ﬁdeles
867 4531 1036 4595 ﬁant,
1076 4529 1178 4601 qui
1210 4543 1417 4584 eorum
1456 4544 1491 4584 a
1519 4532 1813 4600 potestate

155 4617 547 4675 tenebrarum
577 4619 849 4675 liberavit
878 4619 1211 4674 arbitrium.
1272 4617 1366 4673 Sic
1398 4622 1455 4673 et
1482 4617 1582 4673 Dei
1626 4618 1818 4687 gratia

158 4721 284 4763 non
307 4713 579 4777 negatur,
601 4708 708 4763 sed
731 4708 860 4763 sine
881 4707 1014 4763 ullis
1031 4707 1315 4762 humanis
1339 4704 1817 4778 praecedentibus

161 4795 387 4852 meritis
427 4812 568 4852 vera
595 4801 960 4853 monstratur
1002 4813 1015 4863 ;
1047 4800 1101 4851 et
1141 4795 1396 4850 liberum
1446 4795 1528 4851 ita
1553 4793 1815 4850 defendi-

159 4888 276 4950 tur,
311 4889 374 4940 ut
397 4883 730 4941 humilitate
756 4885 1062 4951 solidetur,
1098 4899 1217 4939 non
1263 4882 1518 4939 elatione
1552 4883 1820 4956 praecipi-

159 4979 318 5030 tetur
346 4975 681 5041 arbitrium,
733 4981 787 5031 et
831 4975 932 5047 qui
969 4973 1276 5046 gloriatur,
1313 4988 1433 5028 non
1461 4972 1519 5027 in
1553 4972 1820 5045 homine,

159 5063 255 5118 vel
307 5065 577 5136 quolibet
614 5064 752 5128 alio,
805 5062 900 5119 vel
931 5064 1151 5135 seipso,
1184 5062 1289 5118 sed
1322 5061 1381 5117 in
1417 5060 1668 5117 Domino
1699 5059 1822 5132 glo-

159 5151 344 5208 rietur
365 5153 409 5224 (ἰ
431 5154 572 5209 Cor.
606 5171 642 5221 1,
674 5155 785 5223 31).

221 5237 291 5314 \9‘.
328 5259 757 5314 Potestasenim
782 5258 1166 5314 tenebrarum
1199 5255 1345 5330 quid
1372 5260 1484 5324 est,
1519 5257 1629 5312 nisi
1665 5261 1824 5327 pote-

164 5353 292 5402 stas
332 5346 558 5402 diaboli
584 5347 1000 5416 etangelorum
1021 5346 1069 5416 ej
1083 5346 1280 5418 us,qui
1300 5362 1434 5401 cum
1456 5344 1825 5400 fuissentan-

164 5436 281 5506 geli
297 5435 534 5500 lncis,in
553 5436 794 5491 veritate
810 5435 1181 5507 perliberum
1200 5433 1511 5489 arbitrium
1532 5449 1653 5489 non
1673 5441 1828 5488 stan-

161 5532 251 5582 tes
286 5525 481 5595 (Joan.
507 5525 749 5595 νιιι,44),
768 5523 874 5579 sed
892 5524 1028 5579 inde
1045 5522 1825 5587 cadentes,factisunttene-

163 5612 331 5693 brae?
357 5617 482 5670 Non
500 5619 554 5669 te
582 5615 698 5669 ista
714 5613 926 5679 doceo,
957 5613 1060 5668 sed
1083 5628 1218 5685 qum
1235 5614 1386 5667 nosti
1415 5617 1477 5667 ut
1502 5611 1828 5668 recorderis

171 5703 499 5764 admoneo.
535 5703 680 5767 Huic
719 5702 900 5776 igitur
946 5702 1224 5776 potestati
1266 5699 1671 5771 tenebrarum,
1722 5715 1829 5775 per

1371 195 1875 260 EPISTOLARUM
1915 197 2214 256 CLASSIS
2247 197 2346 259 III.

3454 197 3571 258 982

1911 323 2068 381 illius
2092 327 2331 382 ruinam
2353 325 2446 382 cui
2469 325 2667 398 primo
2679 325 2909 382 homini
2929 323 3005 380 ab
3019 340 3088 382 ea
3109 329 3402 396 potestate
3425 341 3572 398 prae-

1910 415 2196 471 varicatio
2228 431 2519 486 persuasa
2537 419 2644 479 est,
2676 419 2730 471 et
2750 415 2812 470 in
2837 430 2961 486 quo
2984 429 3194 469 omnes
3220 414 3569 484 cecidimus,

1912 504 2250 575 subjectum
2264 509 2552 575 estgenus
2565 505 3176 576 humanum:propter
3187 506 3352 576 quod
3365 504 3438 559 de
3455 504 3569 561 hac

1911 597 2202 665 potestate
2218 593 2599 650 tenebrarum
2613 600 2901 649 eruuntur
2913 599 2969 649 et
2983 593 3235 664 parvuli,
3255 608 3392 648 eum
3404 609 3569 663 rege-

1910 687 2197 738 nerantur
2229 683 2288 737 in
2330 682 2579 739 Christo.
2614 685 2814 754 Neque
2843 682 2957 738 hoc
2984 686 3236 754 apparet
3266 682 3328 738 in
3360 697 3568 738 eorum

1911 770 2156 828 arbitrio
2181 771 2452 835 liberato,
2478 772 2588 828 nisi
2608 787 2745 826 cum
2765 771 2842 826 ad
2857 786 3052 826 annos
3079 772 3452 843 pervenerint
3472 787 3568 827 ra-

1913 860 2068 917 tione
2101 861 2316 916 utentis
2346 861 2559 929 tetatis,
2599 860 2890 916 habentes
2923 860 3395 915 consentientem
3423 860 3563 916 doc-

1911 949 2078 1005 trina
2108 949 2372 1014 salutari,
2399 950 2460 1005 in
2481 965 2603 1021 qua
2625 948 2827 1004 nutriti
2847 951 3003 1013 sunt,
3020 948 3410 1013 voluntatem,
3439 949 3564 1004 etin

1909 1053 1982 1094 ea
2007 1039 2278 1095 ﬁnientes
2308 1039 2486 1095 istam
2517 1037 2723 1106 vitam,
2754 1038 2800 1093 si
2841 1037 3007 1092 electi
3056 1041 3194 1092 sunt
3238 1037 3300 1091 in
3337 1037 3565 1092 Christo

1909 1132 2045 1184 ante
2076 1128 2562 1184 constitutionem
2593 1127 2805 1182 mundi
2835 1130 2897 1182 ut
2918 1130 3115 1182 essent
3144 1126 3332 1181 sancti
3364 1130 3417 1182 et
3443 1126 3563 1181 im-

1909 1216 2195 1273 maculati
2221 1217 2281 1272 in
2313 1221 2636 1288 conspectu
2668 1216 2798 1285 ejus
2826 1215 2885 1270 in
2915 1214 3224 1282 cbaritate,
3257 1214 3564 1285 praedesti—

1909 1306 2032 1362 nati
2060 1307 2120 1361 in
2152 1305 2541 1378 adoptionem
2577 1304 2838 1360 ﬁliorum
2868 1304 3047 1374 (Eph.
3085 1320 3121 1374 1,
3151 1307 3206 1373 4,
3239 1303 3313 1376 5).

1985 1414 2067 1468 to.
2091 1413 2226 1468 Haec
2254 1416 2454 1468 autem
2469 1415 2734 1484 potestas
2747 1409 3159 1476 tenebrarum,
3181 1409 3241 1465 id
3258 1415 3342 1465 est
3359 1409 3567 1466 diabo-

1907 1501 2130 1574 lus,qui
2157 1501 2371 1557 dicitur
2395 1501 2572 1557 etiam
2602 1500 2880 1571 princeps
2903 1499 3209 1571 potestatis
3227 1500 3398 1566 aeris,
3423 1514 3568 1571 ope-

1909 1591 2144 1646 raturin
2159 1589 2296 1644 ﬁliis
2310 1589 2656 1644 difﬁdentiae
2672 1588 2785 1658 (Id.
2803 1589 2942 1657 11,2),
2960 1587 3239 1659 princeps
3253 1587 3361 1643 iste
3375 1593 3567 1643 rector

1910 1679 2292 1735 tenebrarum
2317 1678 2431 1749 (Id.
2465 1693 2541 1747 v1,
2584 1677 2689 1747 l2),
2724 1676 2786 1730 id
2810 1676 2896 1730 e‘st
2925 1675 3197 1747 ipsorum
3217 1674 3567 1732 difudentite

1912 1768 2191 1832 ﬁliorum,
2206 1781 2418 1836 regens
2432 1781 2536 1822 eos
2551 1765 2628 1822 ad
2648 1764 2958 1821 arbitrium
2983 1765 3352 1837 suum,quod
3373 1779 3569 1836 neque

1912 1857 2040 1929 ipse
2062 1856 2244 1912 habet
2261 1856 2517 1912 liberum
2536 1855 2608 1910 ad
2625 1853 3146 1920 benefaciendum,
3177 1853 3285 1909 sed
3309 1853 3387 1909 ad
3410 1869 3564 1909 max-

1903 1960 2079 2002 ‘mam
2111 1945 2591 2004 malevolentiam
2610 1959 2792 2016 poena
2809 1943 2898 1997 sui
2919 1942 3154 1998 sceleris
3169 1941 3287 1998 obd
3297 1947 3568 1998 uratum:

1917 2035 2270 2103 undeﬁnemo
2289 2049 2451 2089 sanie
2475 2032 2611 2088 ﬁdei
2633 2032 2839 2097 credit,
2854 2030 3127 2096 autdicit,
3143 2031 3254 2086 hos
3267 2035 3573 2101 apostatas

1917 2123 2158 2194 angelos
2187 2123 2262 2178 ad
2291 2121 2603 2194 pristinam
2639 2120 2919 2193 pietatem
2954 2124 3218 2175 correcta
3243 2118 3573 2190 aliquando

1919 2213 2222 2270 voluntate
2243 2210 2526 2267 converti.
2542 2209 2693 2276 Quid
2708 2224 2850 2279 ergo
2863 2215 3144 2280 operatur
3162 2207 3290 2264 hinc
3306 2211 3574 2279 potestas

1919 2302 1979 2360 in
2006 2301 2146 2357 ﬁliis
2159 2300 2528 2364 diffidentiae,
2553 2299 2665 2353 nisi
2686 2313 2872 2371 opera
2885 2313 2996 2354 sua
3010 2297 3193 2364 mala,
3214 2297 3340 2352 etin
3363 2295 3575 2369 primis

1921 2391 2304 2460 maximeque
2330 2389 2524 2461 ipsam
2545 2387 2707 2443 difﬁd
2716 2387 2938 2443 entiam
2953 2391 3009 2441 et
3032 2385 3441 2442 inﬁdelitatem
3456 2401 3579 2458 qua

1922 2484 2059 2534 sunt
2091 2478 2313 2534 inimici
2338 2477 2475 2532 ﬁdei
2511 2493 2526 2543 ;
2568 2491 2672 2546 per
2695 2491 2883 2548 quam
2915 2474 3025 2530 scit
3055 2490 3158 2529 eos
3191 2489 3369 2546 posse
3406 2488 3582 2530 mun-

1923 2568 2274 2637 dari,’posse
2293 2565 2514 2630 sanari,
2530 2581 2707 2637 posse
2723 2563 3153 2636 perfectissime
3167 2562 3580 2636 liberos,quod

1922 2658 2006 2714 eis
2020 2657 2401 2712 vehementer
2418 2654 2727 2721 invidet,in
2741 2654 3065 2709 aeternitate
3082 2652 3363 2723 regnare?
3377 2653 3581 2724 Itaque

1925 2746 2161 2818 aliquos
2182 2759 2414 2808 eorum,
2447 2757 2552 2814 per
2572 2758 2725 2815 quos
2749 2741 3010 2813 amplius
3024 2741 3300 2813 decipere
3324 2740 3583 2805 affectat,

1925 2834 2064 2890 sinit
2089 2834 2311 2890 habere
2336 2830 2625 2887 nonnulla
2665 2830 3024 2901 velutopera
3056 2830 3232 2895 bona,
3265 2830 3328 2885 in
3358 2829 3582 2900 quibus

1921 2923 2374 2993 laudantur,per
2386 2935 2659 2992 quasque
2673 2923 2900 2989 gentes,
2911 2917 3326 2989 praecipueque
3340 2917 3397 2972 in
3411 2921 3585 2986 gente

1923 3016 2216 3075 Romana,
2239 3009 2343 3082 qui
2367 3008 2649 3081 praeclare
2691 3005 3252 3077 gloriosissimeque
3283 3005 3580 3063 vixerunt.

1925 3102 2038 3157 Sed
2070 3100 2384 3173 quoniam,
2443 3097 2596 3152 sicut
2651 3094 3036 3151 veracissima
3070 3094 3376 3166 Scriptura
3413 3094 3579 3160 dicit,

1925 3191 2108 3247 Omne
2118 3189 2278 3262 quod
2287 3203 2407 3243 non
2422 3193 2506 3242 est
2519 3199 2594 3242 ea:
2603 3185 2738 3254 ﬁde,
2746 3188 3047 3253 peccatum
3059 3189 3140 3239 est
3155 3183 3580 3254 (Rom.x1v,23);

1923 3285 2000 3345 et,
2013 3279 2150 3336 Sine
2161 3278 2277 3347 ﬁde
2289 3275 2652 3346 impossibile
2663 3281 2748 3331 est
2764 3273 2966 3339 utique
2978 3273 3223 3342 placere
3237 3273 3358 3327 Deo
3372 3272 3573 3336 (Hebr.

1922 3386 2004 3434 ιι,
2033 3370 2112 3439 6),
2146 3383 2265 3423 non
2297 3365 2639 3422 hominibus
2673 3381 2687 3432 ;
2712 3361 2858 3419 nihil
2887 3361 2971 3417 sic
3001 3360 3124 3431 agit
3144 3361 3244 3416 hic
3272 3360 3573 3432 princeps,

1922 3473 2110 3531 quam
2129 3462 2193 3512 ut
2210 3471 2332 3513 non
2346 3454 2623 3510 credatur
2646 3454 2704 3508 in
2731 3455 2937 3516 Deum,
2953 3465 3063 3506 nec
3076 3450 3152 3506 ad
3177 3448 3576 3513 Mediatorem,

1924 3563 1960 3604 a
1979 3562 2102 3619 quo
2133 3545 2447 3602 solvuntur
2476 3557 2662 3614 opera
2687 3541 2837 3611 ejus,
2875 3538 3178 3594 credendo
3217 3537 3507 3594 veniatur.

1996 3654 2084 3709 ll.
2117 3650 2230 3706 Sed
2273 3649 2401 3721 ipse
2455 3647 2736 3704 Mediator
2768 3645 2950 3701 intrat
3006 3643 3066 3699 in
3115 3643 3368 3701 domum
3415 3643 3582 3701 fortis

1923 3737 2463 3812 (Matth.xu,29),id
2485 3742 2572 3793 est
2587 3737 2645 3792 in
2664 3736 2778 3791 hoc
2793 3733 3080 3790 saeculum
3100 3733 3438 3790 mortalium
3467 3733 3582 3792 sub

1922 3833 2216 3904 potestate
2242 3825 2487 3896 diaboli,
2505 3827 2800 3897 quantum
2816 3823 2893 3878 ad
2907 3823 3106 3893 ipsum
3122 3821 3582 3892 pertinet,cons-

1923 3919 2195 3983 titulum;
2222 3915 2296 3971 de
2327 3916 2457 3987 ipso
2471 3912 2695 3985 quippe
2715 3911 3003 3983 scriptum
3017 3908 3581 3981 est,quodpotesta-
3679 3909 3684 3912 ’

1922 4013 2040 4065 tem
2053 4006 2269 4062 habeat
2284 4001 2702 4074 mortis(Hebr.
2721 4016 2780 4070 11,
2812 3999 3108 4072 tt).lntrat
3123 3998 3184 4054 in
3198 3998 3448 4054 domum
3462 3995 3580 4054 for-

1926 4096 2119 4163 tis,ide
2134 4095 2389 4161 st,insuo
2403 4091 2718 4148 dominatu
2732 4089 3009 4145 habentis
3025 4103 3211 4158 genus
3226 4087 3578 4155 humanum;

1924 4194 1979 4242 et
2007 4185 2172 4259 prius
2195 4183 2396 4252 alligat
2415 4197 2577 4246 eum,
2601 4180 2660 4236 id
2694 4184 2802 4248 est,
2837 4178 2966 4250 ejus
2998 4182 3229 4234 coercet
3257 4183 3312 4234 et
3343 4177 3584 4234 cohibet

1924 4280 2302 4350 potestatem,
2335 4270 2642 4345 potestatis
2671 4285 2794 4346 sum
2824 4267 3171 4325 fortioribus
3194 4266 3446 4323 vinculis
3478 4283 3493 4333 ;
3525 4271 3584 4322 et

1925 4365 2008 4421 sic
2039 4364 2211 4436 eripit
2242 4378 2390 4418 vasa
2412 4360 2564 4431 ejus,
2593 4372 2995 4430 quaecumque
3019 4355 3583 4428 prmdestinaviteri-

1924 4469 2087 4526 pere,
2121 4451 2429 4507 arbitrium
2458 4463 2667 4503 eorum
2694 4446 2771 4500 ab
2819 4445 2946 4515 ejus
2977 4447 3266 4514 potestate
3294 4442 3582 4510 liberans,

1928 4543 2101 4597 utillo
2118 4555 2236 4596 non
2252 4538 2613 4609 impediente
2628 4533 2944 4589 credantin
2962 4532 3141 4586 istum
3159 4531 3348 4586 libera
3369 4530 3586 4586 volun-

1927 4634 2064 4686 tate.
2091 4626 2338 4684 Proinde
2361 4626 2473 4680 hoc
2497 4639 2650 4694 opus
2677 4621 3000 4693 estgratiae,
3026 4636 3146 4674 non
3170 4620 3582 4690 naturai.0pus

1927 4726 2034 4783 est,
2064 4719 2337 4789 inquam,
2371 4713 2592 4784 gratiae,
2621 4727 2802 4783 quam
2842 4708 3020 4766 nobis
3053 4708 3248 4765 attulit
3279 4709 3582 4764 secundus

1919 4809 2122 4865 ‘Adam
2151 4825 2164 4873 ;
2194 4820 2313 4861 non
2338 4809 2587 4866 naturae,
2615 4803 2800 4873 quam
2830 4803 3014 4856 totam
3035 4798 3294 4871 perdidit
3316 4799 3376 4854 in
3401 4815 3583 4853 seme-

1931 4898 2085 4969 tipso
2103 4895 2329 4967 primus
2346 4892 2560 4948 Adam.
2583 4892 2745 4961 Opus
2766 4893 2852 4944 est
2873 4889 3070 4959 gratiae
3100 4887 3355 4943 tollentis
3379 4901 3585 4958 pecca-

1933 4991 2056 5042 tum
2068 5028 2081 5052 ,
2097 4990 2152 5040 et
2171 4981 2521 5039 viviﬁcantis
2546 4984 2848 5035 mortuum
2862 4981 3236 5048 peccatorem
3261 4992 3275 5042 ;
3298 4990 3417 5030 non
3431 4990 3585 5046 opus

1932 5075 2080 5145 legis
2109 5071 2478 5129 ostendentis
2509 5073 2843 5141 peccatum,
2859 5070 3270 5137 necapeccato
3288 5062 3586 5120 viviﬁcan-

1930 5167 2029 5221 tis.
2059 5167 2206 5220 Nam
2235 5161 2326 5216 ille
2358 5176 2613 5229 magnus
2627 5158 2829 5228 gratiae
2845 5155 3216 5227 praedicator,
3250 5156 3583 5220 Peccatum,

1935 5255 2146 5327 inquit,
2180 5267 2298 5307 non
2331 5248 2597 5319 cognovi,
2633 5247 2749 5303 nisi
2793 5260 2900 5314 per
2931 5244 3109 5312 legem
3143 5243 3330 5314 (Rom.
3363 5258 3460 5311 v11,
3483 5243 3538 5315 7)
3567 5258 3583 5299 :

1930 5351 2010 5406 et,
2036 5342 2093 5397 Si
2123 5343 2266 5397 data
2294 5345 2456 5403 esset,
2499 5337 2708 5409 inquit,
2744 5336 2842 5390 lex
2874 5347 3008 5404 quas
3035 5338 3224 5399 posset
3267 5332 3586 5400 viviﬁcare,

1936 5434 2176 5489 omnino
2214 5444 2288 5485 ex
2318 5429 2443 5498 lege
2479 5432 2622 5483 esset
2645 5423 2883 5493 justitia
2917 5421 3145 5491 (Galat.
3175 5435 3254 5486 111,
3288 5420 3399 5493 2t).
3431 5422 3591 5492 Opus

1939 5527 2026 5578 est
2075 5519 2190 5575 hoc
2243 5518 2470 5588 gratiae,
2517 5530 2700 5586 quam
2760 5513 2865 5584 qui
2923 5510 3243 5583 accipiunt,
3304 5510 3592 5567 doctrinae

1938 5607 2181 5665 salutari
2213 5607 2652 5677 Scripturarum
2685 5605 3053 5666 sanctarum,
3089 5599 3196 5654 etsi
3231 5596 3450 5654 fuerint
3481 5596 3586 5653 ini-

1939 5696 2104 5769 mici,
2142 5695 2296 5753 ﬁunt
2349 5691 2569 5761 amici;
2625 5705 2736 5749 nos
2787 5704 2943 5763 opus
2981 5687 3254 5764 ejusdem
3284 5686 3572 5747 doctrina
