4118 6164
552 165 660 225 983

551 307 742 366 quam
773 290 877 364 qui
908 289 1162 348 audiunt
1213 292 1267 346 et
1304 289 1510 359 legunt
1539 289 1665 347 sine
1706 289 1896 361 gratia
1927 289 2049 360 Dei,
2098 304 2196 362 pe-

550 383 711 455 jores
749 381 879 450 ejus
910 379 1247 435 efﬁciuntur
1268 378 1516 437 inimici.

626 485 849 543 CAPUT
878 485 968 538 IV.
998 514 1063 524 —
1091 485 1178 540 12.
1203 484 1330 540 Non
1353 490 1440 542 est
1460 485 1638 555 igitur
1666 485 1857 557 gratia
1884 485 1985 541 Dei
2006 485 2066 541 in
2097 499 2202 541 na-

555 573 869 631 turaliberi
899 572 1123 628 arbitrii
1145 574 1271 629 etin
1289 574 1416 644 lege
1429 579 1606 646 atque
1628 574 2079 638 doctrina,sicut
2099 588 2206 644 pe-

553 663 792 733 lagiana
826 663 1182 734 perversitas
1203 662 1417 734 desipit
1447 680 1461 729 ;
1488 664 1592 718 sed
1633 663 1710 719 ad
1737 663 2006 732 singulos
2033 666 2202 718 actus

555 751 898 808 daturillius
914 752 1234 820 voluntate,
1249 752 1455 825 dequo
1471 753 1758 824 scriptum
1781 757 1887 818 est,
1917 753 2203 808 Pluviam

555 841 957 898 voluntariam
981 842 1868 913 segregabis,Deus,ha9reditati
1888 849 2003 897 tua?
2022 841 2201 914 (Psal.

557 947 625 985 Lx
638 946 730 996 vu,
761 930 843 987 10)
865 951 878 990 ;
908 931 1050 1002 quia
1063 937 1116 986 et
1143 932 1394 986 liberum
1410 931 1718 988 arbitrium
1740 931 1816 987 ad
1834 930 2206 1000 diligendum

556 1019 745 1074 Deum
760 1019 934 1090 primi
951 1021 1174 1092 peccati
1191 1021 1524 1090 granditate
1539 1020 1823 1092 perdidim
1835 1018 2087 1088 us,etlex
2110 1016 2208 1074 Dei

559 1113 740 1179 atque
752 1109 1324 1180 doctrina,quamvis
1338 1115 1545 1165 sancta
1556 1110 1775 1180 etjusta
1787 1115 1839 1164 et
1854 1108 2205 1176 bona(Rom.

559 1212 659 1263 vn,
695 1198 802 1266 l2),
843 1201 1042 1252 tamen
1066 1199 1302 1263 occidit,
1333 1198 1383 1253 si
1411 1213 1532 1254 non
1565 1197 1818 1253 viviﬁcet
1865 1197 2115 1269 Spiritus
2135 1195 2208 1267 (ll

563 1287 704 1342 Cor.
740 1303 818 1351 IIl,
851 1287 924 1358 6),
959 1302 1063 1358 per
1093 1303 1274 1358 quem
1293 1289 1376 1351 ﬁt,
1410 1304 1530 1344 non
1564 1292 1626 1343 ut
1654 1287 1975 1357 audiendo,
2003 1286 2108 1341 sed
2147 1289 2212 1340 ut

562 1375 924 1441 obediendo,
950 1391 1145 1448 neque
1177 1382 1235 1433 ut
1265 1377 1532 1443 lectione,
1567 1377 1671 1432 sed
1703 1381 1765 1432 ut
1794 1375 2108 1432 dilectione
2135 1379 2212 1430 te-

561 1469 792 1520 neatur.
819 1466 1192 1537 Quapropter
1212 1471 1274 1522 ut
1292 1466 1351 1521 in
1373 1467 1567 1524 Deum
1587 1466 1924 1532 credamus,
1944 1469 1999 1520 et
2020 1465 2114 1536 pie
2133 1464 2210 1519 vi-

562 1569 700 1609 vam
712 1571 795 1619 us,
814 1569 932 1609 non
959 1555 1208 1609 volentis
1231 1571 1425 1626 neque
1439 1555 1861 1620 currentis,sed
1876 1553 2211 1610 miserentis

565 1647 656 1697 est
689 1642 785 1696 Dei
809 1642 996 1713 (Rom.
1030 1643 1214 1711 1x,l6)
1257 1659 1270 1700 :
1301 1659 1420 1699 non
1443 1645 1584 1715 quia
1610 1643 1754 1698 velle
1778 1659 1898 1698 non
1921 1642 2212 1698 debemus

564 1735 621 1787 et
643 1746 876 1786 currere
907 1748 920 1797 ;
954 1732 1057 1786 sed
1089 1733 1231 1803 quia
1251 1733 1378 1805 ipse
1405 1733 1463 1788 in
1493 1732 1668 1788 nobis
1693 1739 1750 1788 et
1768 1731 1909 1788 velle
1932 1737 2214 1803 operatur

563 1824 617 1875 et
642 1835 895 1875 currere.
929 1819 1093 1875 Unde
1125 1827 1179 1876 et
1208 1822 1336 1892 ipse
1366 1822 1650 1878 Dominus
1685 1822 1855 1877 Jesus
1907 1821 2212 1877 credentes

563 1925 600 1965 a
625 1924 746 1964 non
773 1909 1170 1974 credentibus,
1199 1909 1258 1964 id
1291 1916 1397 1976 est,
1439 1911 1511 1966 ab
1544 1911 1643 1966 irae
1683 1911 1844 1966 vasis
1872 1926 2013 1966 vasa
2035 1910 2212 1965 mise-

561 1997 831 2054 ricordiae
862 1997 1227 2065 discernens,
1267 2000 1476 2065 Nemo,
1510 1999 1721 2072 inquit,
1757 2000 1914 2056 venit
1973 2000 2052 2055 ad
2098 2014 2210 2069 me,

561 2086 679 2142 nisi
704 2086 961 2156 fueritei
982 2088 1188 2144 datum
1222 2104 1258 2144 a
1291 2090 1472 2145 Patre
1497 2105 1621 2145 meo
1651 2090 1849 2160 (Joan.
1884 2105 1960 2154 vn,
1995 2090 2123 2158 65):
2156 2090 2213 2143 et

564 2175 786 2246 utique,
821 2180 884 2230 ut
913 2175 1026 2232 hoc
1066 2177 1305 2242 diceret,
1361 2177 1421 2233 in
1481 2181 1610 2248 ejus
1654 2177 1927 2234 doctrina
1977 2177 2212 2233 fuerant

561 2263 940 2320 scandalizati
989 2265 1261 2337 discipuli
1321 2267 1472 2338 ejus,
1503 2267 1606 2338 qui
1655 2282 1794 2323 eum
1832 2271 2040 2338 postea
2088 2281 2209 2321 non

561 2357 698 2408 sunt
724 2352 928 2409 secuti.
962 2357 1090 2409 Non
1113 2370 1252 2426 ergo
1271 2356 1524 2427 gratiam
1549 2355 1818 2412 dicamus
1853 2371 1984 2410 esse
1998 2353 2211 2410 doctri-

536 2458 725 2507 -nam,
783 2441 887 2496 sed
943 2458 1350 2512 agnoscamus
1407 2445 1684 2514 gratiam,
1735 2461 1870 2516 quas
1911 2443 2048 2499 facit
2076 2459 2209 2515 pro-

559 2532 732 2588 desse
762 2530 1097 2588 doctrinam
1131 2549 1144 2587 :
1177 2549 1312 2604 quis
1353 2533 1546 2605 gratia
1601 2533 1649 2589 si
1696 2533 1870 2601 desit,
1932 2533 2206 2588 videmus

559 2623 741 2679 etiam
768 2624 982 2679 obesse
1012 2623 1366 2679 doctrinam.

620 2727 706 2781 13.
731 2727 1047 2796 Propterea
1077 2723 1232 2776 Deus
1257 2725 1320 2775 ut
1347 2719 1552 2776 omnia
1577 2719 1777 2776 futura
1805 2735 1990 2792 opera
2010 2736 2120 2777 sua
2140 2720 2201 2777 in

548 2813 1072 2886 praedestinatione
1125 2809 1506 2881 praesciverit,
1550 2809 1635 2865 sic
1659 2809 1760 2866 illa
1789 2810 2105 2882 disposuit,
2138 2816 2202 2867 ut

547 2904 848 2977 quosdam
880 2917 1003 2958 non
1031 2899 1338 2956 credentes
1370 2900 1446 2956 ad
1470 2899 1650 2955 ﬁdem
1677 2915 1872 2967 suam,
1899 2903 2201 2958 orationes

543 2993 920 3051 credentium
949 3006 1059 3064 pro
1089 2990 1174 3045 eis
1214 2989 1618 3059 exaudiendo,
1650 2996 1957 3046 convertat
1991 3007 2004 3058 ;
2039 2991 2200 3048 unde

545 3084 893 3151 refutentur,
924 3085 1000 3146 et,
1040 3080 1090 3135 si
1116 3079 1210 3136 ille
1236 3084 1324 3134 est
1372 3081 1455 3134 eis
1477 3079 1794 3152 propitius,
1826 3081 2201 3152 corrigantur

546 3175 650 3246 qui
676 3175 889 3244 putant
911 3170 1163 3241 gratiam
1183 3169 1282 3225 Dei
1298 3184 1428 3224 esse
1439 3174 1720 3224 naturam
1745 3168 1916 3225 liberi
1948 3171 2195 3236 arbitrii,

546 3279 687 3319 cum
715 3278 838 3335 qua
867 3261 1210 3326 nascimur;
1236 3263 1338 3314 aut
1367 3258 1620 3327 gratiam
1671 3259 1767 3313 Dei
1815 3274 1946 3314 esse
1984 3259 2199 3316 doctri-

546 3367 712 3421 nam,
742 3349 1018 3423 quamvis
1047 3347 1275 3414 utilem,
1309 3362 1444 3418 quae
1492 3362 1598 3417 per
1623 3345 1861 3415 linguas
1893 3353 1948 3403 et
1972 3348 2196 3405 litteras

545 3439 928 3512 praedicatur.
959 3439 1086 3492 Non
1111 3435 1271 3490 enim
1285 3434 1398 3490 hoc
1419 3450 1666 3490 oramus
1691 3451 1801 3507 pro
1826 3435 2193 3502 inﬁdelibus,

545 3524 1256 3589 utﬁateorumnatura,id
1269 3524 1973 3592 estuthominessint;aut
1988 3527 2197 3582 utdoc-

549 3617 704 3674 trina
729 3617 812 3671 eis
832 3614 1394 3687 praedicetur,quam
1413 3613 1575 3670 malo
1597 3631 1705 3671 suo
1728 3615 2055 3680 audiunt,si
2072 3632 2195 3672 non

547 3705 1235 3776 credunt;etplerumque
1247 3718 1356 3774 pro
1369 3702 1451 3759 eis
1465 3705 1981 3776 oramus,quicum
1995 3705 2198 3776 legant

547 3794 641 3851 vel
664 3794 928 3859 audiant,
944 3793 1402 3850 noluntcredere
1424 3809 1436 3846 :
1455 3793 1560 3849 sed
1572 3809 1818 3850 oramus
1836 3798 1896 3850 ut
1915 3795 2192 3852 voluntas

546 3883 896 3954 corrigatur,
922 3883 1208 3940 doctrinae
1225 3883 1647 3948 consentiatur,
1692 3887 1905 3940 natura
1935 3890 2193 3941 sanetur.

624 3977 707 4030 14.
734 3975 1011 4030 Jamvero
1032 3977 1095 4028 ut
1111 3979 1489 4043 perseverent
1507 3973 1567 4028 in
1585 3988 1655 4029 eo
1677 3974 1839 4046 quod
1858 3990 1985 4030 esse
2004 3989 2196 4046 coepe-

546 4066 704 4126 runt,
720 4062 898 4117 etiam
921 4076 1030 4132 pro
1045 4060 1266 4131 seipsis
1288 4059 1849 4117 orantﬁdeles.Utile
1863 4066 1952 4117 est
1971 4063 2194 4134 quippe

548 4149 831 4206 omnibus
857 4149 950 4204 vel
980 4163 1133 4220 pene
1173 4147 1456 4203 omnibus
1506 4153 1746 4220 propter
1796 4150 2193 4207 humilitatem

547 4238 1020 4303 saluberrimam,
1052 4241 1114 4292 ut
1145 4236 1352 4307 quales
1383 4237 1561 4292 futuri
1587 4238 1721 4302 sint,
1746 4239 1893 4293 scire
1913 4255 2033 4295 non
2060 4255 2197 4312 pos-

548 4327 684 4384 sint.
717 4327 805 4382 Ad
829 4327 944 4382 hoc
974 4324 1192 4381 dicitur
1219 4341 1231 4381 :
1267 4325 1380 4392 Qui
1410 4325 1647 4382 videtur
1683 4333 1864 4392 stare,
1895 4329 2088 4384 videat
2124 4345 2196 4386 ne

539 4416 725 4496 tcadat
748 4416 792 4488 (Ι
827 4415 965 4474 Cor.
1000 4432 1059 4480 x,
1100 4418 1207 4485 12).
1242 4414 1485 4486 Pr0pter
1513 4415 1694 4488 hujus
1726 4416 1951 4474 timoris
1982 4418 2197 4476 utilita-

537 4510 688 4574 tem,
715 4521 790 4562 ne
810 4504 1140 4578 regenerati
1187 4508 1243 4560 et
1298 4506 1392 4576 pie
1431 4504 1630 4560 vivere
1661 4505 2031 4579 incipientes,
2065 4512 2196 4564 tan-

545 4612 732 4668 quam
764 4595 955 4652 securi
987 4594 1106 4651 alta
1119 4594 1704 4667 sapiamus,quidam
1719 4611 1837 4652 non
1856 4613 2196 4669 persevera-

546 4685 659 4741 turi
684 4684 1149 4756 perseveraturis
1178 4684 1275 4740 Dei
1307 4684 1702 4754 permissione
1729 4686 1820 4742 vel
1853 4688 2196 4758 provisione

545 4789 616 4831 ac
645 4773 1036 4844 dispositione
1060 4773 1386 4828 miscentur
1415 4788 1430 4839 ;
1460 4774 1681 4846 quibus
1695 4775 2046 4832 cadentibus
2078 4783 2199 4833 ter-

542 4863 636 4920 riti
666 4878 804 4918 cum
828 4862 1036 4917 timore
1050 4866 1104 4918 et
1129 4867 1382 4918 tremore
1400 4863 1752 4931 gradiamur
1772 4864 1928 4920 viam
1938 4867 1958 4936 j
1973 4871 2192 4935 ustam,

541 4953 736 5010 donec
763 4967 836 5008 ex
870 4951 983 5007 hac
1011 4950 1150 5019 vita,
1183 4967 1318 5023 quae
1350 4952 1592 5008 tentatio
1623 4958 1712 5009 est
1755 4969 1935 5026 super
1973 4961 2189 5014 terram

542 5043 698 5114 (Job.
745 5057 839 5107 vu,
875 5042 949 5110 -l),
983 5044 1366 5096 transeamus
1417 5041 1494 5096 ad
1524 5041 1724 5107 aliam,
1759 5043 1862 5098 ubi
1909 5044 2036 5114 jam
2067 5061 2190 5103 non

540 5132 616 5189 sit
646 5131 821 5189 elatio
843 5129 1322 5203 comprimenda,
1365 5144 1474 5185 nec
1535 5136 1742 5188 contra
1778 5133 1908 5204 eius
1939 5149 2188 5205 sugges-

541 5224 732 5280 tiones
762 5221 1239 5293 tentationesque
1277 5220 1652 5276 luctandum.

613 5327 695 5377 15.
733 5321 844 5377 Sed
875 5320 1075 5376 deliac
1089 5334 1169 5384 re,
1198 5318 1258 5374 id
1272 5319 1761 5391 est,curquidam
1775 5336 1893 5377 non
1910 5337 2189 5392 perman-

538 5410 662 5464 suri
690 5409 878 5464 inﬁde
902 5414 956 5464 et
981 5408 1291 5465 sanctitate
1304 5407 1644 5475 christiana,
1665 5412 1870 5465 tamen
1888 5412 2188 5483 accipiant

535 5497 615 5552 ad
645 5502 882 5569 tempus
913 5499 1068 5555 hanc
1091 5498 1366 5568 gratiam,
1393 5502 1448 5554 et
1476 5497 1851 5555 dimittantur
1868 5499 1962 5557 hic
1993 5501 2186 5558 vivere

537 5583 730 5639 donec
759 5586 996 5652 cadant,
1014 5603 1152 5642 cum
1187 5587 1420 5657 possint
1445 5589 1572 5659 rapi
1588 5589 1661 5643 de
1681 5587 1794 5644 hac
1810 5590 1950 5656 vita,
1971 5606 2044 5647 ne
2064 5609 2186 5649 ma-

534 5671 661 5737 litia
675 5673 1235 5736 mutetintellectum
1247 5677 1644 5752 eorum,quod
1656 5677 1730 5738 de
1745 5684 1952 5740 sancto
1972 5681 2184 5744 imma-

1844 160 1908 221 S.
1950 159 2336 222 AUGUSTINI
2377 161 2694 221 EPISCOPI

3868 161 3974 220 981

2311 293 2446 346 tura
2473 292 2647 346 aetate
2675 286 2960 345 defuncto
2991 285 3286 360 scriptum
3299 285 3458 343 estin
3480 285 3633 344 libro
3655 287 3971 360 Sapientia:

2311 378 2467 450 (Sap.
2503 394 2579 444 iv,
2611 379 2700 449 H)
2734 394 2750 444 ;
2779 381 3013 450 quaerat
3047 376 3302 449 quisque
3329 379 3395 432 ut
3422 376 3703 448 potuerit,
3728 383 3790 432 et
3819 376 3872 432 si
3898 377 3979 432 in-

2310 468 2535 523 venerit
2566 472 2779 540 praeter
2802 467 2960 523 hanc
3001 481 3136 537 quae
3187 481 3224 521 a
3267 481 3361 520 me
3388 465 3624 521 reddita
3651 471 3766 531 est,
3801 465 3976 523 aliam

2310 556 2690 628 probabilem
2721 555 3037 620 rationem,
3071 571 3107 610 a
3135 558 3310 610 recta
3341 554 3482 610 ﬁdei
3507 555 3718 624 regula
3744 569 3879 610 non
3906 570 3978 610 re-

2312 645 2550 712 cedens,
2581 650 2773 702 teneat
2804 660 2958 708 eam,
2989 647 3047 698 et
3072 657 3184 712 ego
3211 658 3349 699 cum
3392 642 3512 709 illo,
3539 645 3587 698 si
3619 659 3720 698 me
3755 658 3886 700 non
3911 644 3982 700 la-

2313 736 2485 791 tuerit
2517 752 2530 791 :
2563 739 2979 790 verumtamen
3035 734 3094 788 in
3155 733 3320 804 quod
3375 733 3792 803 pervenimus,
3829 733 3891 788 in
3920 749 3980 790 eo

2314 824 2695 880 ambulemus
2724 824 2917 879 donec
2946 821 3124 878 nobis
3163 822 3317 877 Deus
3343 820 3581 888 revelet,
3617 823 3671 877 si
3699 821 3854 894 quid
3885 822 3979 879 ali-

2314 917 2402 968 ter
2432 914 2722 984 sapimus,
2754 913 2903 968 sicut
2935 910 3281 982 apostolicis
3314 909 3540 967 Litteris
3571 910 3977 967 admonemur

2314 1002 2598 1073 (Philipp.
2635 1017 2714 1067 m,
2752 1002 2836 1067 15,
2870 1001 2985 1068 16).
3018 999 3403 1055 l’ervenimus
3435 1005 3639 1056 autem
3667 1000 3729 1055 in
3749 1016 3826 1056 ea
3851 1016 3975 1072 quae

2316 1091 2394 1148 ad
2421 1091 2601 1146 ﬁdem
2633 1106 2838 1146 veram
2859 1096 2914 1146 et
2933 1088 3290 1145 catholicam
3313 1087 3608 1160 pertinere
3621 1089 3972 1147 ﬁrmissime

2318 1182 2562 1245 scimus,
2583 1181 2640 1236 in
2669 1181 2889 1252 quibus
2913 1180 2994 1235 ita
3016 1179 3191 1234 nobis
3207 1177 3651 1234 ambulandum
3681 1183 3800 1242 est,
3817 1179 3976 1250 adju~

2317 1276 2490 1325 vante
2519 1269 2619 1325 illo
2649 1274 2826 1341 atque
2853 1268 3193 1332 miserante,
3221 1268 3316 1322 cui
3338 1266 3614 1332 dicimus,
3644 1269 3864 1324 Deduc
3877 1285 3973 1336 me,

2320 1360 2588 1425 Domine,
2615 1362 2677 1415 in
2712 1360 2805 1415 via
2851 1365 2975 1424 tua,
3029 1363 3082 1413 et
3131 1357 3447 1414 ambulabo
3478 1358 3536 1412 in
3589 1357 3854 1414 veritate
3883 1366 3975 1414 tua

2321 1449 2504 1520 (Psal.
2537 1465 2746 1514 Lxxxv,
2778 1449 2887 1519 11),
2923 1452 2985 1502 ut
3013 1446 3091 1502 ab
3118 1447 3201 1503 eis
3232 1445 3396 1502 nullo
3427 1447 3610 1502 modo
3634 1447 3976 1503 deviemus.

2586 1573 2837 1608 υσοῡεαυί
2865 1572 3144 1606 ΒΕῙΠἘΝἸἹΒ
3171 1571 3364 1605 CONTRA
3389 1571 3714 1606 PELAGIANOS.

2394 1654 2612 1710 CAPUT
2642 1657 2702 1708 V.
2737 1685 2802 1694 -—
2840 1654 2923 1709 16.
2959 1653 3254 1718 Quoniam
3281 1667 3424 1722 ergo
3454 1653 3712 1724 propitio
3744 1653 3980 1710 Christo

2323 1741 2640 1797 Christiani
2669 1741 2944 1798 catholici
2967 1757 3178 1798 sumus
3207 1742 3300 1795 ε1⁰
3323 1742 3552 1798 Scimus
3567 1741 3854 1798 nondum
3882 1759 3979 1800 na-

2323 1834 2413 1887 tos
2445 1831 2594 1886 nihil
2619 1831 2809 1901 egisse
2840 1831 2900 1886 in
2930 1831 3053 1887 vita
3081 1829 3322 1902 propria
3356 1829 3502 1886 boni
3534 1846 3640 1887 seu
3675 1831 3854 1897 mali,
3883 1847 3981 1888 nec

2320 1920 2652 1976 secundum
2675 1920 2886 1976 merita
2921 1920 3133 1992 prioris
3163 1917 3416 1990 alicujus
3439 1919 3594 1984 vitae,
3638 1935 3839 1991 quam
3863 1921 3982 1976 nul-

2319 2007 2440 2064 lam
2468 2009 2770 2081 propriam
2797 2010 2814 2045 ¹
2850 2007 3070 2078 singuli
3097 2007 3321 2064 habere
3337 2013 3676 2079 potuerunt,
3700 2009 3763 2064 in
3807 2009 3980 2080 hujus

2319 2097 2452 2152 vitae
2474 2098 2672 2153 venire
2696 2098 2965 2154 miserias
2993 2112 3006 2153 :
3037 2097 3141 2153 sed
3176 2102 3375 2153 tamen
3404 2097 3752 2153 secundum
3792 2098 3978 2154 Adam

2319 2187 2633 2243 carnaliter
2653 2193 2827 2243 natos
2869 2186 3218 2256 contagium
3249 2185 3460 2242 mortis
3479 2187 3751 2260 antiquae
3793 2189 3980 2260 prima

2318 2275 2628 2332 nativitate
2659 2275 3032 2341 contrahere,
3051 2291 3160 2332 nec
3184 2275 3418 2332 liberari
3445 2291 3480 2331 a
3507 2275 3819 2348 supplicio
3836 2293 3976 2332 mor-

2319 2366 2390 2419 tis
2422 2369 2672 2434 aeternae,
2695 2365 2863 2436 quod
2892 2364 3153 2420 trahitex
3187 2379 3306 2420 uno
3337 2363 3398 2420 in
3429 2379 3646 2420 omnes
3679 2365 3976 2421 transiens

2311 2452 2477 2522 justa
2501 2453 2829 2518 damnatio,
2864 2453 2974 2509 nisi
3032 2469 3138 2525 per
3168 2453 3421 2524 gratiam
3480 2459 3889 2510 renascantur
3917 2454 3970 2510 in

2315 2541 2565 2598 Christo.
2596 2569 2658 2584 —-
2691 2545 2748 2597 2°
2782 2542 3012 2598 Scimus
3041 2544 3296 2612 gratiam
3319 2541 3418 2596 Dei
3451 2557 3561 2597 nec
3585 2543 3973 2612 parvulisnec

2314 2630 2647 2702 majoribus
2677 2631 3006 2686 secundum
3033 2631 3246 2687 merita
3270 2635 3474 2686 nostra
3494 2630 3651 2686 dari.
3673 2663 3744 2672 —
3769 2634 3828 2688 3°
3862 2633 3976 2689 Sci-

2313 2733 2448 2773 mus
2476 2718 2805 2791 majoribus
2823 2719 2900 2775 ad
2916 2719 3186 2789 singulos
3209 2723 3378 2774 actus
3402 2719 3554 2775 dari.
3569 2750 3640 2760 —
3661 2721 3723 2775 4°
3741 2720 3970 2777 Scimus

2310 2822 2432 2864 non
2453 2807 2738 2864 omnibus
2762 2808 3110 2864 hominibus
3141 2808 3291 2874 dari,
3316 2812 3372 2864 et
3398 2809 3622 2880 quibus
3637 2809 3967 2876 datur,non

2311 2896 2504 2952 solum
2528 2897 2857 2954 secundum
2874 2899 3086 2955 merita
3111 2913 3363 2970 operum
3395 2913 3518 2955 non
3549 2899 3706 2965 dari,
3735 2899 3847 2955 sed
3867 2915 3966 2955 nec

2310 2986 2642 3043 secundum
2685 2988 2896 3044 merita
2926 2987 3245 3044 voluntatis
3274 3003 3483 3044 eorum
3502 2988 3737 3060 quibus
3763 2988 3968 3046 datur:

2306 3075 2471 3147 quod
2503 3077 2759 3132 maxime
2785 3082 3036 3149 apparet
3055 3077 3113 3132 in
3147 3077 3512 3149 parvulis.—
3535 3081 3592 3133 5°
3619 3078 3867 3135 Scimus
3888 3078 3966 3134 eis

2306 3164 2525 3236 quibus
2572 3165 2762 3234 datur,
2796 3165 3203 3223 misericordia
3257 3167 3355 3221 Dei
3394 3167 3655 3236 gratuita
3710 3167 3872 3224 dari.
3903 3199 3965 3208 —

2307 3255 2363 3308 6°
2393 3253 2626 3310 Scimus
2653 3255 2736 3310 eis
2773 3255 2995 3327 quibus
3028 3271 3149 3311 non
3181 3255 3378 3321 datur,
3401 3256 3567 3326 justo
3598 3256 3842 3326 judicio
3870 3256 3960 3312 Dei

2305 3357 2426 3397 non
2443 3342 2596 3398 dari.
2618 3345 2754 3400 -—7°
2783 3345 3017 3400 Scimus
3043 3343 3211 3416 quod
3237 3359 3448 3400 omnes
3468 3344 3818 3400 astabimus
3834 3354 3964 3401 ante

2302 3431 2565 3488 tribunal
2595 3433 2822 3499 Christi,
2840 3438 2902 3488 ut
2929 3433 3078 3490 ferat
3098 3433 3514 3506 unusquisque
3528 3434 3880 3491 secundum
3899 3451 3962 3491 ea

2304 3535 2438 3592 quas
2461 3537 2566 3592 per
2604 3537 2822 3594 corpus
2847 3523 3050 3592 gessit.
3084 3538 3206 3578 non
3243 3523 3578 3578 secundum
3609 3538 3688 3578 ea
3726 3540 3896 3596 qua,
3922 3524 3964 3579 si

2304 3608 2530 3664 diutius
2553 3609 2795 3676 viveret,
2827 3616 3101 3680 gesturus
3132 3610 3260 3675 fuit.
3285 3610 3658 3667 sivebonum
3687 3612 3818 3666 sive
3840 3629 3966 3669 ma-

2302 3697 2450 3755 lum.
2480 3701 2619 3755 —8°
2636 3700 2867 3755 Scimus
2880 3700 3061 3756 etiam
3077 3699 3359 3771 parvulos
3378 3700 3718 3755 secundum
3745 3717 3823 3758 ea
3835 3718 3960 3774 quae

2304 3803 2410 3859 per
2438 3804 2656 3860 corpus
2687 3793 3021 3860 gesserunt,
3053 3794 3400 3861 recepturos
3434 3788 3524 3845 vel
3578 3789 3824 3846 bonum
3875 3791 3958 3846 vel

2304 3878 2556 3935 malum.
2587 3879 2906 3934 Gesserunt
2926 3883 3127 3935 autem
3153 3894 3272 3934 non
3305 3894 3410 3950 per
3441 3879 3699 3950 seipsos,
3730 3880 3841 3936 sed
3864 3896 3961 3952 per

2302 3983 2405 4022 eos
2434 3967 2652 4040 quibus
2699 3983 2808 4040 pro
2838 3967 2950 4024 illis
2979 3966 3480 4040 respondentibus
3530 3971 3587 4024 et
3615 3971 3958 4025 renuntiare

2302 4055 2546 4112 diabolo
2575 4055 2857 4112 dicuntur
2891 4062 2945 4113 et
2977 4056 3216 4113 credere
3242 4058 3302 4113 in
3333 4056 3521 4112 Deum
3557 4073 3572 4123 ;
3629 4059 3794 4114 unde
3826 4065 3880 4114 et
3905 4059 3958 4114 in

2304 4159 2556 4202 numero
2587 4145 2857 4201 ﬁdelium
2883 4150 3326 4217 computantur,
3343 4145 3706 4216 pertinentes
3737 4147 3820 4202 ad
3839 4162 3961 4202 sen-

2304 4235 2544 4291 tentiam
2561 4235 2792 4292 Domini
2806 4234 3080 4293 dicentis:
3101 4234 3213 4302 Qui
3223 4234 3539 4292 crediderit
3559 4240 3610 4292 et
3625 4236 3958 4304 baptizatus

2297 4323 2508 4395 fuerit,
2540 4325 2741 4381 salvus
2765 4325 2896 4380 erit.
2927 4323 3169 4395 PrOpter
3191 4324 3348 4396 quod
3369 4329 3425 4379 et
3453 4324 3564 4379 illis
3590 4325 3832 4396 quihoc
3861 4327 3960 4382 Sa-

2304 4417 2679 4469 cramentum
2700 4428 2818 4469 non
2836 4412 3459 4485 accipiunt,contingit
3477 4413 3641 4482 quod
3656 4415 3956 4486 sequitur:

2306 4502 2418 4570 Qui
2451 4509 2645 4559 autem
2692 4519 2809 4559 non
2836 4502 3178 4567 crediderit,
3209 4502 3710 4558 condemnabitur
3740 4504 3955 4574 (Marc.

2305 4593 2529 4664 xv1,l6).
2583 4591 2747 4648 Unde
2797 4597 2852 4647 et
2881 4591 3019 4664 ipsi,
3055 4592 3207 4647 sicut
3235 4591 3377 4657 dixi,
3434 4591 3482 4645 si
3525 4591 3584 4646 in
3618 4591 3718 4648 illa
3773 4607 3961 4665 parva

2303 4687 2474 4738 aetate
2490 4683 2844 4748 moriuntur,
2869 4683 3072 4755 utique
3099 4681 3433 4737 secundum
3455 4696 3676 4753 eaquaa
3705 4697 3818 4754 per
3839 4698 3960 4738 cor-

2304 4787 2418 4842 pus
2431 4771 2832 4841 gesserunt.id
2846 4776 2931 4826 est
2947 4776 3209 4842 tempore
3222 4771 3416 4842 quoin
3431 4785 3682 4842 corpore
3697 4770 3960 4832 fuerunt,

2302 4861 2550 4933 quando
2577 4876 2682 4932 per
2711 4860 2895 4917 corda
2933 4864 2989 4916 et
3018 4876 3125 4915 ora
3156 4860 3518 4929 gestantium
3570 4859 3963 4916 crediderunt

2302 4949 2390 5005 vel
2407 4965 2523 5005 non
2541 4949 2938 5013 crediderunt,
2953 4949 3199 5021 quando
3213 4947 3490 5020 baptizati
3509 4947 3602 5003 vel
3625 4964 3752 5005 non
3773 4949 3964 5022 bapti-

2301 5039 2407 5094 zati
2422 5038 2831 5108 sunt,quando
2845 5053 3086 5094 carnem
3105 5037 3312 5092 Christi
3329 5036 3963 5095 manducaveruntvei

2299 5142 2421 5183 non
2463 5125 2998 5192 manducaverunt,
3025 5125 3272 5198 quando
3308 5130 3361 5181 et
3394 5126 3756 5194 sanguinem
3791 5127 3968 5182 bibe-

2299 5219 2433 5272 runt
2452 5215 2538 5270 vel
2567 5231 2685 5270 non
2709 5215 2988 5271 biberunt
3005 5232 3018 5282 ;
3035 5214 3370 5270 secundum
3389 5215 3515 5269 haec
3530 5229 3676 5284 ergo
3690 5232 3833 5288 quae
3859 5232 3964 5288 per

2299 5320 2519 5376 corpus
2553 5309 2881 5373 gesserunt,
2914 5319 3032 5359 non
3068 5303 3402 5359 secundum
3457 5319 3526 5358 ea
3552 5320 3712 5375 quae,
3770 5305 3822 5359 si
3857 5305 3960 5359 diu

2296 5395 2392 5450 hic
2419 5395 2697 5459 viverent,
2721 5394 2939 5462 gesturi
2969 5392 3608 5460 fuerant,judicantur.
3643 5423 3715 5434 —
3746 5395 3810 5447 9°
3841 5395 3952 5451 Sci~

2297 5500 2432 5540 mus
2454 5482 2649 5539 felices
2676 5498 2802 5537 esse
2817 5488 3085 5537 mortuos
3114 5481 3291 5554 quiin
3320 5481 3566 5536 Domino
3591 5482 3955 5540 moriuntur.

2357 5630 2372 5661 ί
2402 5627 2485 5677 Sic
2514 5627 2637 5676 Mss.
2658 5626 2764 5676 duo
2795 5625 2959 5675 Vatic.
2995 5628 3047 5675 et
3071 5625 3253 5675 Gallic.
3291 5638 3727 5682 omnes,necnon
3753 5626 3889 5680 Bad.
3904 5629 3951 5675 et

2301 5690 2421 5744 Δω.
2464 5693 2548 5743 At.
2581 5691 2668 5744 Er.
2704 5693 2757 5741 et
2788 5689 2923 5746 ιον.
2962 5688 3180 5748 habent,
3212 5703 3323 5754 quc
3345 5690 3491 5739 nulla
3518 5690 3775 5755 prapria.
