4118 6164
252 171 362 230 985

255 311 366 356 nec
412 295 491 354 ad
543 311 646 354 eos
684 297 977 368 pertinere
1015 296 1313 370 quidquid
1357 298 1544 354 acturi
1574 297 1825 364 fuerant,
1862 295 1910 351 si

252 391 522 460 tempore
542 386 910 445 diuturniore
964 388 1268 444 vixissent.
1322 419 1390 429 —
1422 389 1515 444 10°
1549 388 1784 444 Scimus
1806 401 1909 442 eos

251 477 354 550 qui
386 476 567 532 corde
597 477 839 550 proprio
870 477 1121 533 credunt
1146 479 1204 533 in
1229 478 1574 544 Dominum,
1607 493 1720 533 sua
1745 477 1804 531 id
1829 476 1910 531 fa-

249 580 381 623 cere
411 566 716 622 voluntate
744 581 815 623 ac
843 566 1031 624 libero
1058 567 1328 624 arbitrio.
1349 597 1418 609 —
1438 568 1529 622 11°
1555 566 1786 623 Scimus
1803 581 1908 637 pro

249 656 334 713 eis
359 655 463 728 qui
479 655 689 712 nolunt
705 655 966 723 credere,
993 671 1105 712 nos
1134 656 1233 728 qui
1250 656 1378 728 jam
1400 656 1720 719 credimus,
1745 660 1908 710 recta

249 744 370 800 ﬁde
409 759 608 816 agere,
642 761 780 800 cum
808 746 997 802 Deum
1015 761 1262 802 oramus
1276 749 1340 802 ut
1363 745 1562 802 velint.
1593 746 1766 799 —t2°
1791 743 1908 800 Sci-

249 849 386 892 mus
416 849 526 906 pro
557 834 641 890 eis
671 835 774 907 qui
795 850 868 890 ex
895 833 1008 890 illis
1042 834 1442 903 crediderunt,
1500 839 1787 907 tanquam
1830 833 1906 889 de

247 922 573 991 beneﬁciis,
608 929 761 980 recte
791 928 971 996 atque
1002 923 1285 981 veraciter
1310 928 1368 980 et
1392 923 1610 980 debere
1643 940 1753 980 nos
1786 926 1905 982 Deo

251 1025 426 1084 agere
453 1011 695 1083 gratias,
720 1019 775 1068 ct
801 1013 1009 1068 solere.

325 1119 411 1173 17.
439 1119 835 1189 Recognoscis
852 1135 968 1188 me,
997 1124 1057 1176 ut
1080 1120 1324 1191 puto,in
1351 1120 1423 1176 iis
1454 1136 1588 1193 quae
1619 1136 1730 1177 nos
1753 1121 1902 1178 scire

251 1206 396 1272 dixi,
411 1223 530 1263 non
546 1207 750 1264 omnia
762 1223 900 1280 qua
919 1209 994 1265 ad
1016 1209 1198 1265 ﬁdem
1227 1210 1584 1266 catholicam
1601 1211 1904 1282 pertinent

250 1311 728 1352 commemorare
756 1296 1038 1365 voluisse,
1068 1298 1171 1354 sed
1187 1304 1502 1356 eatantnm
1550 1315 1687 1371 qua;
1727 1300 1804 1355 ad
1829 1299 1902 1354 is-

250 1387 396 1448 tam,
419 1400 550 1456 quae
589 1384 743 1441 inter
770 1402 881 1441 nos
903 1387 1117 1455 agitur,
1152 1387 1226 1443 de
1259 1388 1362 1444 Dei
1409 1389 1602 1460 gratia
1625 1389 1902 1460 quaestio-

248 1489 413 1539 nem,
439 1480 637 1531 utrum
678 1475 979 1546 praecedat
997 1476 1127 1532 haec
1156 1478 1369 1546 gratia,
1393 1493 1471 1533 an
1499 1477 1902 1549 subsequatur

247 1561 511 1620 hominis
525 1563 892 1621 voluntatem
919 1581 932 1632 ;
955 1564 1070 1622 hoc
1096 1571 1204 1631 est,
1224 1572 1284 1622 ut
1297 1566 1538 1638 planius
1560 1566 1612 1622 id
1627 1566 1896 1640 eloquar,

249 1657 448 1709 utrum
466 1652 602 1709 ideo
619 1653 794 1710 nobis
825 1654 1017 1720 detur,
1051 1656 1195 1726 quia
1233 1655 1534 1722 volumus,
1567 1672 1644 1713 an
1679 1672 1787 1728 per
1814 1656 1900 1728 ip-

247 1757 376 1799 sam
401 1742 557 1799 Deus
572 1743 752 1800 etiam
765 1742 878 1800 hoc
893 1743 1182 1801 efﬁciatut
1214 1744 1483 1801 velimus.
1518 1747 1730 1816 Siergo
1752 1745 1896 1801 istas

245 1830 567 1888 duodecim
595 1836 941 1898 sententias,
966 1850 1120 1907 quas
1150 1850 1260 1890 nos
1285 1834 1405 1890 dixi
1435 1835 1585 1890 scire
1613 1834 1690 1890 ad
1713 1835 1897 1890 ﬁdem

242 1926 471 1978 rectam
496 1926 554 1978 et
581 1921 935 1979 catholicam
977 1924 1292 1996 pertinere,
1352 1924 1532 1981 etiam
1571 1928 1652 1991 tu,
1695 1924 1894 1989 frater,

244 2009 566 2067 nobiscum
596 2017 780 2075 tenes,
814 2026 929 2082 ago
967 2015 1085 2069 Deo
1128 2014 1352 2085 gratias
1387 2029 1400 2080 ;
1435 2029 1587 2086 quas
1626 2014 1895 2086 profecto

244 2113 369 2156 non
382 2100 671 2156 veraciter
690 2115 952 2170 agerem,
982 2100 1097 2156 nisi
1127 2101 1428 2172 gratiaDei
1455 2102 1620 2158 ﬁeret
1647 2107 1709 2158 ut
1741 2107 1895 2157 tene-

243 2203 359 2245 res.
387 2187 526 2257 Quae
541 2189 647 2244 tibi
676 2191 892 2245 tenenti
920 2189 1155 2246 nullum
1185 2190 1435 2246 omnino
1466 2195 1738 2248 remanet
1785 2206 1896 2248 no-

242 2275 480 2334 biscum
518 2277 592 2333 de
623 2277 735 2334 hac
759 2278 1093 2350 quaestione
1119 2283 1447 2336 certamen.

315 2385 542 2442 CAPUT
577 2385 666 2442 Vl.
704 2417 763 2427 -
806 2388 890 2443 18.
909 2388 976 2443 Ut
991 2386 1148 2442 enim
1165 2387 1711 2444 eademduodecim
1726 2387 1894 2443 brevi

244 2475 614 2545 expositione
628 2489 977 2545 percurram
993 2492 1012 2531 :
1025 2476 1336 2548 quomodo
1350 2476 1672 2533 voluntatis
1686 2477 1896 2532 huma-

243 2576 338 2618 nm
355 2564 632 2619 meritum
662 2564 926 2636 sequitur
938 2565 1129 2634 gratia
1145 2581 1159 2630 ;
1176 2580 1314 2620 cum
1337 2565 1508 2620 detur
1534 2570 1589 2621 et
1611 2565 1892 2636 parvulis,

245 2652 349 2724 qui
378 2652 493 2709 hoc
517 2653 786 2708 nondum
803 2653 1211 2725 possuntvelle
1231 2669 1337 2710 seu
1350 2654 1506 2710 nolle
1537 2655 1894 2720 ?Quomodo

245 2741 498 2810 gratiam
530 2741 624 2797 vel
644 2742 702 2797 in
736 2742 1070 2813 majoribus
1095 2743 1374 2799 dicuntur
1401 2744 1738 2815 praecedere
1780 2760 1896 2800 me-

245 2830 359 2886 rita
385 2829 736 2896 voluntatis;
765 2831 811 2885 si
843 2832 1053 2901 gratia,
1083 2838 1146 2887 ut
1171 2848 1307 2889 vera
1339 2835 1415 2888 sit
1439 2834 1787 2903 gratia,non
1803 2848 1894 2888 se-

246 2919 513 2974 cundum
536 2919 750 2976 merita
767 2920 992 2988 [nostra
1042 2920 1218 2977 datur
1239 2922 1270 2975 ‘?
1314 2924 1504 2988 Quam
1538 2923 1893 2978 sententiam

247 3007 604 3065 catholicam
627 3009 900 3080 Pelagius
926 3009 1058 3082 ipse
1092 3011 1178 3065 sic
1201 3010 1412 3077 timuit,
1456 3016 1519 3066 ut
1547 3026 1650 3066 eos
1684 3011 1786 3082 qui
1810 3010 1895 3066 di-

246 3102 391 3154 cunt
420 3097 672 3170 gratiam
700 3098 1894 3164 Deisecundummeritanostradari,sine

249 3185 624 3243 dubitatione
657 3186 986 3254 damnaret,
1028 3203 1103 3244 ne
1147 3205 1184 3245 a
1239 3188 1544 3245 catholicis
1591 3188 1895 3260 judicibus

245 3275 653 3332 damnaretur.
688 3277 1005 3342 Quomodo
1034 3277 1247 3333 dicitur
1272 3279 1461 3348 gratia
1486 3278 1588 3333 Dei
1610 3278 1669 3333 in
1684 3282 1895 3334 natura

243 3378 378 3420 esse
406 3363 577 3420 liberi
606 3364 831 3421 arbitrii
862 3366 953 3421 vel
982 3366 1042 3422 in
1072 3365 1202 3437 lege
1224 3372 1401 3439 atque
1418 3367 1690 3423 doctrina
1714 3385 1730 3437 ;
1756 3382 1895 3422 cum

243 3460 303 3510 et
344 3453 522 3509 istam
538 3455 890 3511 sententiam
907 3455 1179 3525 Pelagius
1197 3456 1326 3528 ipse
1338 3456 1736 3523 damnaverit,
1762 3472 1894 3528 pro-

244 3541 343 3599 cul
361 3542 548 3599 dubio
565 3544 857 3600 conﬁtens
881 3544 1133 3614 gratiam
1158 3545 1259 3600 Dei
1296 3545 1374 3602 ad
1405 3546 1676 3616 singulos
1729 3551 1897 3602 actus

241 3631 396 3698 dari,
430 3632 514 3687 eis
549 3631 750 3704 utique
779 3633 882 3705 qui
905 3633 1034 3703 jam
1073 3633 1258 3690 libero
1289 3634 1534 3691 arbitrio
1593 3639 1839 3691 utuntur
1867 3636 1897 3692 7

323 3742 405 3794 19.
427 3739 743 3803 Quomodo
769 3738 984 3795 dicitur
1005 3754 1215 3796 omnes
1239 3740 1514 3795 homines
1551 3755 1683 3796 eam
1709 3741 1895 3797 fuisse

243 3828 681 3900 accepturos,si
701 3827 1153 3900 nonilliquibus
1182 3844 1301 3884 non
1317 3829 1595 3896 donatur,
1623 3845 1760 3885 eam
1786 3846 1897 3887 sua

243 3915 549 3974 voluntate
565 3922 934 3989 respuerent,
949 3917 1240 3990 quoniam
1257 3917 1410 3974 Deus
1423 3919 1553 3974 vult
1580 3933 1778 3975 omnes
1792 3919 1894 3976 ho-

243 4006 431 4063 mines
451 4007 647 4063 salvos
662 4007 845 4077 ﬁeri(l
867 4007 1011 4062 Tim.
1029 4025 1084 4072 ιι,
1099 4007 1153 4079 4)
1174 4025 1186 4075 ;
1209 4024 1347 4062 cum
1366 4007 1568 4063 multis
1585 4023 1705 4063 non
1723 4007 1898 4064 detur

244 4095 531 4166 parvulis,
551 4101 606 4151 et
622 4095 857 4151 sineilla
875 4095 1134 4168 plerique
1151 4095 1502 4162 moriantur,
1533 4095 1639 4168 qui
1660 4113 1781 4153 non
1794 4098 1898 4153 ha-

244 4184 391 4241 bent
427 4184 786 4240 contrariam
812 4184 1202 4251 voluntatem,
1233 4189 1287 4241 et
1315 4184 1898 4258 aliquandocupien-

243 4273 404 4330 tibus
432 4273 973 4346 festinantibusque
1006 4274 1372 4346 parentibus,
1426 4274 1712 4330 ministris
1750 4291 1896 4347 quo-

246 4379 365 4435 que
395 4363 731 4420 volentibus
762 4379 832 4419 ac
862 4363 1109 4435 paratis,
1145 4365 1262 4420 Deo
1284 4363 1518 4421 nolente
1545 4380 1666 4420 non
1703 4367 1895 4435 detur,

246 4468 387 4508 cum
413 4458 676 4525 repente,
696 4457 1023 4524 antequam
1037 4453 1231 4518 detur,
1252 4454 1533 4525 exspirat,
1560 4470 1664 4526 pro
1677 4471 1820 4527 quo,
1837 4461 1900 4510 ut

246 4542 564 4614 acciperet,
591 4542 940 4598 currebatur
967 4541 995 4596 ?
1017 4542 1181 4598 Unde
1229 4543 1614 4598 manifestum
1670 4548 1759 4599 est
1794 4560 1898 4600 eos

246 4631 350 4704 qui
379 4631 518 4686 huic
548 4631 826 4687 resistunt
851 4637 966 4686 tam
1001 4631 1334 4702 perspicuae
1361 4631 1613 4696 veritati,
1643 4647 1763 4688 non
1816 4633 1900 4688 in-

247 4719 510 4790 telligere
536 4720 786 4776 omnino
833 4735 956 4790 qua
1010 4719 1311 4776 locutione
1351 4721 1423 4775 sit
1453 4719 1680 4775 dictum
1733 4721 1899 4793 quod

247 4824 447 4866 omnes
499 4808 760 4865 homines
787 4811 917 4865 vult
972 4810 1124 4864 Deus
1173 4810 1370 4865 salvos
1421 4809 1745 4879 ﬁeri;cum
1776 4814 1896 4866 tam

245 4899 416 4954 multi
441 4898 591 4954 salvi
622 4913 743 4954 non
766 4897 932 4963 ﬁant,
964 4913 1080 4953 non
1115 4899 1527 4970 quiaipsi,sed
1549 4899 1694 4971 quia
1749 4903 1901 4955 Deus

248 5002 371 5044 non
396 4989 541 5056 vult,
574 4986 738 5060 quod
771 4987 896 5043 sine
929 4987 1049 5042 ulla
1089 4986 1344 5056 caligine
1391 4987 1806 5043 manifestatur
1841 4989 1900 5044 in

250 5075 543 5150 parvulis.
587 5076 699 5134 Sed
731 5077 884 5132 sicut
930 5076 1076 5132 illud
1100 5076 1264 5149 quod
1296 5077 1522 5133 dictum
1554 5081 1662 5144 est,
1699 5078 1904 5134 Omne:

250 5168 315 5223 in
349 5165 578 5223 Christo
600 5166 1064 5235 viviﬁcabuntur
1094 5166 1136 5235 (l
1170 5167 1307 5222 Cor.
1338 5183 1436 5231 xv,
1477 5171 1590 5236 22),
1611 5183 1747 5223 cum
1780 5172 1902 5224 tam

250 5255 419 5312 multi
433 5261 859 5312 eternamorte
877 5255 1221 5327 puniantur,
1243 5255 1379 5312 ideo
1395 5256 1621 5312 dictum
1640 5261 1744 5321 est,
1761 5257 1904 5329 quia

249 5361 464 5402 omnes
488 5345 855 5417 quicumque
880 5347 1061 5400 vitam
1090 5349 1373 5401 aeternam
1408 5345 1757 5417 percipiunt.
1782 5361 1902 5400 non

252 5434 590 5507 percipiunt
637 5434 743 5489 nisi
777 5435 835 5489 in
885 5433 1161 5490 Christo:
1197 5436 1275 5490 ita
1305 5435 1469 5507 quod
1517 5435 1742 5490 dictum
1796 5442 1902 5499 est,

253 5539 452 5581 omnes
491 5524 750 5580 homines
783 5524 910 5580 vult
948 5525 1096 5580 Deus
1147 5526 1342 5580 salvos
1401 5526 1551 5595 ﬁeri,
1611 5541 1749 5579 cum
1781 5529 1904 5580 tam

254 5612 476 5670 multos
493 5613 639 5668 nolit
665 5613 1022 5678 salvosﬁeri,
1053 5615 1187 5669 ideo
1211 5613 1438 5669 dictum
1473 5621 1578 5679 est,
1607 5614 1754 5686 quia
1781 5630 1906 5669 om-

250 5717 362 5762 nes
393 5704 496 5776 qui
529 5702 679 5760 salvi
702 5704 867 5775 tiunt,
889 5703 1000 5759 nisi
1018 5704 1153 5777 ipso
1176 5703 1405 5762 volente
1435 5719 1556 5762 non
1581 5703 1736 5762 ﬁunt
1757 5703 1908 5772 ;etsi

1470 168 1988 228 EPISTOLARUM
2020 169 2311 232 CLASSIS
2336 172 2441 232 III.

3558 176 3664 238 986

2023 312 2146 369 quo
2159 297 2274 354 alio
2288 299 2469 356 modo
2481 297 2579 356 illa
2591 299 2776 358 verba
2788 302 3116 374 apostolica
3131 302 3374 374 intelligi
3390 307 3663 375 possunt,

2017 390 2083 440 ut
2118 391 2317 443 tamen
2338 388 2479 444 huic
2493 391 2887 460 apertissima:
2901 392 3224 461 veritati,in
3250 393 3664 464 quavidemus

2015 479 2135 530 tam
2154 476 2394 543 multos,
2410 477 2745 534 volentibus
2764 480 3130 545 hominibus,
3150 481 3255 536 sed
3273 484 3388 536 Deo
3402 482 3661 550 nolente,

2016 564 2215 619 salvos
2249 580 2369 620 non
2397 565 2539 632 ﬁeri,
2579 570 3023 626 contrariaesse
3055 586 3174 626 non
3215 571 3478 641 possint.

2084 647 2172 700 20.
2208 646 2516 711 Quomodo
2541 653 2602 702 ut
2639 648 2812 704 detur
2868 650 3061 720 gratia
3108 651 3332 714 divina,
3389 651 3664 708 voluntas

2013 739 2273 790 meretur
2302 735 2666 802 humana;si
2682 738 2766 792 eis
2797 738 3020 810 quibus
3054 739 3250 809 datur,
3281 741 3538 810 gratuita
3559 742 3666 796 mi-

2013 822 2334 880 sericordia
2372 823 2565 888 datur,
2601 830 2665 881 ut
2696 841 2836 882 vera
2864 826 2936 881 sit
2967 829 3158 897 gratia
3182 828 3210 882 *ἲ
3240 828 3555 892 Quomodo
3604 830 3665 886 in

2008 911 2123 967 hac
2136 927 2196 967 re
2211 914 2418 969 merita
2432 921 2761 986 pensantur
2787 915 3108 972 voluntatis
3124 916 3407 971 humanae
3438 933 3450 981 ;
3477 932 3665 988 quan-

2010 1002 2338 1073 doquidem
2371 1001 2483 1058 illis
2503 1003 2726 1074 quibus
2752 1005 2942 1074 gratia
2970 1005 3084 1060 ista
3115 1020 3236 1060 non
3267 1004 3463 1070 datur,
3502 1005 3664 1062 nullo

2009 1090 2364 1163 plerumque
2423 1092 2652 1163 merito,
2697 1093 2861 1148 nulla
2915 1094 3220 1150 voluntate
3277 1093 3663 1160 distantibus,

2009 1179 2113 1234 sed
2135 1195 2316 1235 unam
2349 1197 2485 1236 cum
2513 1180 2598 1236 eis
2628 1182 2848 1252 quibus
2878 1183 3073 1247 datur,
3117 1182 3481 1238 habentibus
3526 1198 3669 1238 cauv

2009 1270 2338 1340 sam,justo
2373 1275 2570 1326 tamen
2598 1271 2824 1341 judicio
2858 1271 2955 1327 Dei
2983 1287 3102 1327 non
3131 1272 3304 1327 datur
3329 1274 3473 1339 (non
3505 1272 3664 1328 enim

2009 1362 2095 1413 est
2117 1358 2397 1430 iniquitas
2430 1361 2594 1430 apud
2627 1363 2812 1416 Deum
2852 1360 3042 1434 [Rom
3072 1378 3149 1424 Ix,
3197 1360 3318 1434 14])
3350 1379 3364 1429 ;
3397 1365 3458 1416 ut
3496 1360 3666 1417 intel-

2007 1447 2194 1520 ligant
2220 1450 2442 1521 quibus
2470 1450 2662 1515 datur,
2682 1467 2864 1523 quam
2886 1453 3067 1524 gratis
3087 1453 3169 1507 eis
3183 1453 3379 1518 detur,
3409 1451 3657 1524 quando

2003 1536 2160 1607 juste
2187 1539 2389 1609 utique
2413 1555 2532 1594 non
2561 1540 3132 1612 daretur,quoniam
3168 1540 3424 1596 similem
3442 1541 3666 1596 haben-

2007 1625 2166 1680 tibus
2196 1642 2440 1682 causam
2465 1628 2622 1698 juste
2649 1643 2768 1682 non
2802 1629 2977 1683 datur
2997 1630 3024 1683 ‘I

2078 1706 2166 1758 2t.
2201 1707 2516 1772 Quomodo
2549 1723 2667 1761 non
2683 1708 2888 1777 gratiae
2917 1707 3016 1762 Dei
3048 1713 3157 1772 est,
3192 1723 3312 1764 non
3334 1707 3528 1764 solum
3544 1725 3665 1765 cre-

2007 1793 2186 1849 dendi
2219 1795 2494 1850 voluntas
2531 1795 2607 1852 ab
2640 1796 2830 1863 initio,
2886 1813 3096 1852 verum
3154 1798 3331 1853 etiam
3393 1814 3666 1868 perseve-

2001 1883 2175 1938 randi
2209 1899 2397 1955 usque
2429 1883 2488 1938 in
2519 1883 2700 1939 ﬁnem
2736 1901 2749 1949 ;
2777 1900 2916 1940 cum
2943 1885 3078 1939 ﬁnis
3108 1885 3234 1957 ipse
3295 1887 3427 1941 vita:
3479 1886 3662 1957 hujus

2001 1972 2198 2027 nonin
2221 1971 2501 2042 hominis,
2542 1973 2643 2027 sed
2672 1972 2734 2028 in
2774 1973 2873 2028 Dei
2906 1974 2979 2028 sit
3020 1978 3333 2044 potestate,
3364 1979 3420 2030 et
3465 1976 3660 2045 possit

2001 2060 2204 2132 utique
2243 2061 2394 2116 Deus
2424 2062 2603 2116 etiam
2641 2061 2756 2118 hoc
2796 2061 3158 2117 beneﬁcium
3203 2078 3320 2117 non
3379 2078 3656 2134 perseve-

1999 2154 2202 2205 raturo
2233 2150 2520 2215 conferre,
2563 2155 2625 2205 ut
2653 2151 2921 2222 rapiatur
2949 2167 3021 2206 ex
3048 2167 3314 2222 corpore,
3333 2167 3404 2206 ne
3431 2152 3654 2208 malitia

2001 2243 2187 2293 mutet
2215 2239 2577 2295 intellectum
2606 2239 2764 2295 illius
2795 2239 2823 2294 ἳ
2847 2242 2973 2296 Non
2999 2241 3160 2295 enim
3199 2241 3442 2312 recipiet
3470 2240 3653 2296 homo

2001 2335 2106 2374 seu
2150 2319 2378 2374 bonum
2433 2335 2536 2376 seu
2566 2322 2818 2387 malum,
2853 2322 2966 2376 nisi
3024 2322 3357 2377 secundum
3389 2337 3460 2377 ea
3517 2337 3652 2393 quae

2000 2423 2104 2480 per
2128 2423 2345 2480 corpus
2368 2409 2569 2475 gessit,
2603 2425 2726 2466 non
2749 2409 3084 2466 secundum
3116 2425 3186 2467 ea
3230 2426 3386 2483 quae,
3446 2410 3496 2465 si
3525 2410 3654 2466 diu-

2000 2497 2115 2552 tius
2138 2497 2375 2563 viveret,
2405 2503 2682 2567 gesturus
2721 2499 2850 2556 fuit.

2070 2581 2158 2633 22.
2186 2578 2500 2643 Quomodo
2526 2578 2740 2634 dicitur
2772 2584 3086 2651 propterea
3133 2577 3500 2650 quibusdam
3532 2593 3655 2635 non

2000 2666 2150 2732 dari,
2174 2667 2543 2738 quibusdam
2585 2668 2883 2724 morituris
2909 2667 3173 2740 parvulis
3204 2668 3302 2722 Dei
3334 2667 3528 2737 gratia
3553 2667 3654 2722 da-

2000 2756 2070 2823 ri,
2092 2757 2235 2828 quia
2256 2774 2465 2813 eorum
2495 2757 2724 2814 futuras
2750 2759 3033 2829 praevidet
3086 2757 3446 2826 voluntates,
3501 2773 3655 2829 quas

1999 2845 2260 2901 habituri
2282 2851 2480 2901 essent
2508 2848 2556 2901 si
2590 2847 2875 2917 viverentj;
2907 2863 3045 2901 cum
3074 2847 3405 2901 secundum
3432 2862 3652 2919 eaqum

2000 2949 2106 3005 per
2131 2950 2348 3008 corpus
2375 2936 2578 3005 gessit,
2609 2951 2729 2991 non
2761 2935 3091 2990 secundum
3108 2951 3177 2990 ea
3211 2951 3346 3007 quae
3378 2943 3653 3004 gesturus

2000 3029 2178 3086 esset,
2208 3025 2256 3079 si
2303 3025 2523 3080 diutius
2561 3023 2767 3080 fuisset
2813 3024 2874 3079 in
2922 3039 3190 3094 corpore,
3239 3024 3652 3095 unusquisque

1998 3115 2244 3185 recipiat
2266 3113 2386 3169 sive
2411 3114 2639 3170 bonum
2681 3113 2803 3169 sive
2834 3112 3083 3178 malum,
3131 3113 3282 3167 sicut
3334 3111 3653 3184 Apostolus

2002 3203 2202 3259 deﬁnit
2231 3205 2296 3274 (ll
2319 3203 2450 3260 Cor.
2483 3220 2539 3270 v,
2567 3203 2654 3274 10)
2675 3203 2702 3257 ?
2727 3202 3044 3269 Quomodo
3079 3201 3415 3257 secundum
3444 3200 3652 3256 volun-

2002 3300 2151 3351 tates
2178 3310 2318 3350 suas
2360 3293 2587 3349 futuras
2616 3293 2891 3348 homines
2912 3292 3274 3364 iudicantur,
3307 3307 3460 3364 quas
3483 3291 3654 3346 habi-

2002 3382 2116 3439 turi
2143 3382 2325 3438 fuisse
2356 3382 2652 3448 dicuntur,
2685 3382 2970 3438 sidiutius
2993 3386 3332 3438 tenerentur
3348 3381 3407 3436 in
3431 3395 3608 3435 carne
3632 3397 3650 3451 ;

2002 3489 2139 3529 cum
2172 3472 2330 3528 dicat
2349 3471 2669 3543 Scriptura,
2697 3472 2909 3527 Felices
2933 3470 3157 3528 mortui
3174 3470 3277 3542 qui
3305 3470 3369 3525 in
3399 3470 3652 3525 Domino

2003 3562 2342 3618 moriuntur
2371 3561 2569 3633 (Apoc.
2630 3578 2738 3626 xxv,
2802 3560 2892 3630 13)
2928 3561 2956 3616 τ
2997 3575 3257 3633 quorum
3309 3559 3435 3614 sine
3466 3557 3653 3615 dubio

2003 3656 2160 3706 certa
2189 3655 2246 3706 et
2285 3665 2496 3706 secura
2527 3649 2770 3705 felicitas
2799 3664 2920 3705 non
2947 3654 3054 3713 est,
3083 3649 3128 3704 si
3168 3653 3224 3705 et
3263 3664 3334 3705 ea
3363 3664 3498 3720 quas
3531 3661 3654 3703 non

2003 3743 2271 3812 egerunt,
2303 3739 2409 3795 sed
2440 3738 2625 3795 acturi
2653 3739 2905 3807 fuerant,
2935 3738 2985 3793 si
3014 3742 3173 3794 esset
3218 3738 3302 3792 eis
3352 3738 3480 3793 haec
3532 3736 3654 3792 vita

2003 3829 2305 3901 prolixior,
2332 3827 2794 3899 judicabitDeus
2820 3827 3203 3899 :nullumque
3235 3826 3449 3896 accipit
3473 3825 3653 3880 bene-

2002 3919 2229 3982 ﬁcium,
2277 3917 2380 3990 qui
2411 3917 2639 3985 rapitur
2669 3931 2743 3971 ne
2796 3915 3024 3972 malitia
3065 3920 3252 3971 mutet
3289 3913 3654 3970 intellectum

2003 4008 2133 4079 ejus
2169 4029 2180 4072 ;
2216 4007 2360 4078 quia
2383 4010 2439 4060 et
2469 4021 2577 4077 pro
2631 4005 2731 4061 illa
2763 4004 3012 4071 malitia,
3046 4006 3139 4060 cui
3163 4003 3414 4060 forsitan
3462 4002 3658 4058 immi-

2003 4096 2165 4153 nenti
2192 4096 2530 4151 subtractus
2547 4099 2651 4164 est,
2683 4110 2891 4166 poenas
2923 4095 3031 4150 luit
3058 4111 3072 4150 :
3122 4109 3231 4149 nec
3263 4091 3657 4164 gaudendum

2004 4191 2090 4242 est
2115 4185 2189 4242 de
2221 4185 2292 4240 iis
2320 4200 2474 4257 quos
2505 4184 2563 4240 in
2595 4183 2711 4239 ﬁde
2735 4188 2898 4240 recta
2943 4187 2998 4240 et
3035 4183 3153 4239 vita
3181 4182 3344 4239 bona
3375 4182 3659 4238 novimus

2004 4291 2136 4334 esse
2172 4275 2506 4340 defunctos,
2541 4289 2615 4328 ne
2642 4272 2977 4328 secundum
3009 4272 3212 4345 aliqua
3236 4271 3463 4327 scelera
3501 4270 3661 4341 judi-

2004 4372 2227 4430 centur,
2261 4380 2397 4437 quae
2427 4363 2679 4426 fuerant,
2701 4363 2747 4417 si
2778 4362 3062 4425 viverent,
3097 4361 3344 4417 fortasse
3393 4359 3605 4416 facturi
3640 4375 3656 4417 :

2005 4471 2115 4511 nec
2135 4452 2376 4510 dolendi
2400 4451 2487 4506 vel
2534 4451 2868 4506 detestandi
2899 4455 3036 4505 sunt
3061 4450 3100 4504 ii
3125 4449 3227 4520 qui
3269 4449 3453 4504 vitam
3480 4449 3657 4504 istam

2006 4544 2066 4600 in
2097 4541 2440 4598 inﬁdelitate
2470 4553 2539 4595 ac
2563 4538 2805 4609 perditis
2855 4537 3128 4594 moribus
3180 4536 3479 4601 ﬁnierunt,
3513 4536 3658 4608 quia

2005 4633 2175 4695 forte,
2203 4631 2250 4684 si
2291 4631 2571 4691 viverent,
2593 4627 2775 4683 acturi
2807 4627 3041 4683 fuerant
3071 4626 3501 4698 paenitentiam,
3534 4624 3661 4698 pie-

2007 4736 2123 4794 que
2180 4719 2409 4781 victuri,
2460 4721 2516 4772 et
2559 4717 2891 4771 secundum
2948 4716 3057 4771 ista
3110 4721 3246 4770 sunt
3291 4713 3657 4785 judicandi:

2009 4814 2288 4881 totusque
2319 4807 2414 4863 ille
2445 4805 2876 4862 deMortalitate
2903 4804 3049 4860 liber
3070 4802 3662 4875 gloriosissimimar-

2008 4901 2153 4973 tyris
2179 4896 2461 4970 Cypriani
2491 4894 2909 4967 reprobandus
2938 4900 2995 4950 et
3037 4892 3416 4964 abjiciendus
3460 4895 3564 4960 est,
3598 4890 3659 4946 in

2009 5005 2130 5062 quo
2163 4994 2282 5045 tota
2316 4987 2445 5057 ejus
2472 4985 2721 5041 intentio
2761 4989 2874 5048 est,
2903 4987 2968 5039 ut
2998 4983 3262 5038 sciamus
3317 4980 3491 5036 bonis
3520 4978 3662 5035 ﬁde-

2008 5079 2167 5134 libus
2181 5075 2607 5149 gratulandum
2621 5090 2748 5130 esse
2769 5072 3182 5136 morientibus,
3202 5069 3450 5143 quando
3477 5067 3661 5139 hujus

2010 5164 2578 5224 vitaatentationibus
2603 5163 2972 5226 auferuntur,
3002 5160 3284 5230 deinceps
3315 5159 3373 5213 in
3391 5157 3665 5213 beatissi-

2012 5273 2113 5313 ma
2133 5256 2441 5312 securitate
2476 5253 2762 5309 mansuri.
2800 5252 2910 5308 Sed
2959 5249 3247 5323 quoniam
3280 5248 3393 5304 hoc
3441 5246 3663 5302 falsum

2012 5362 2131 5402 non
2151 5352 2255 5410 est,
2284 5345 2476 5399 etsine
2495 5342 2864 5398 dubilatione
2876 5340 3076 5410 felices
3091 5338 3581 5409 suntmortuiqui
3594 5336 3655 5393 in

2013 5435 2256 5490 Domino
2290 5429 2980 5496 moriuntur;ridendus
3033 5433 3202 5484 estet
3251 5427 3659 5481 exsecrandus

2014 5540 2178 5580 error
2224 5539 2344 5595 quo
2385 5526 2624 5593 putatur
2653 5519 2817 5593 quod
2851 5519 3128 5575 homines
3161 5516 3491 5572 secundum
3520 5531 3662 5571 suas

2014 5613 2264 5677 futuras,
2297 5628 2432 5683 quae
2460 5611 2838 5666 morientium
2873 5624 2996 5666 non
3039 5612 3184 5666 sunt
3245 5604 3663 5677 futuraa,judi-

2021 5701 2198 5761 candi
2224 5707 2362 5758 sunt
2381 5698 2743 5759 voluntates.
