4118 6164
467 180 582 237 987

473 343 477 349 -
545 310 636 363 23.
670 303 987 375 Quomodo
999 304 1278 360 dicuntur
1291 317 1510 372 negare
1534 301 1793 358 liberum
1808 300 2128 358 voluntatis

475 396 806 459 arbitrium,
842 395 942 466 qui
970 391 1584 449 conﬁtenturomnem
1601 391 1934 450 hominem.
1965 389 2129 460 quis-

475 486 610 557 quis
637 501 746 539 suo
785 482 965 538 corde
1000 481 1184 538 credit
1205 482 1264 538 in
1295 485 1500 547 Deum,
1537 480 1775 536 nonnisi
1805 497 1914 536 sua
1940 480 2129 536 libera

475 573 712 628 credere
728 571 1031 627 voluntate
1057 589 1070 638 ;
1096 587 1233 627 cum
1261 571 1460 642 potius
1487 570 1568 626 illi
1598 574 1953 642 oppugnent
1975 569 2130 625 arbi-

473 662 650 718 trium
693 661 968 724 liberum,
1018 660 1122 733 qui
1152 667 1510 734 oppugnant
1556 660 1654 716 Dei
1686 660 1962 730 gratiam,
2007 674 2130 730 qua

471 766 608 805 vere
639 751 715 806 ad
742 749 1192 820 bonaeligenda
1211 755 1268 806 et
1295 750 1532 820 agenda
1561 750 1624 805 ﬁt
1650 749 1903 805 liberum
1931 748 1959 802 7
1979 749 2129 814 Quo-

472 840 655 895 modo
673 840 887 895 dicitur
909 840 1074 912 quod
1101 856 1206 911 per
1235 840 1428 912 legem
1459 839 1555 895 Dei
1577 845 1756 912 atque
1789 838 2128 894 doctrinam

473 929 917 1000 Scripturarum
933 929 1226 1000 ﬁat,quod
1243 929 1453 984 eadem
1480 928 1782 1000 Scriptura
1797 927 2132 992 dixit,Prw-

468 1017 1058 1086 pa‘raturvoluntasa
1082 1018 1554 1088 Domino(Drov.
1583 1033 1694 1084 vin,
1711 1021 1925 1079 35,sec.
1942 1015 2126 1086 LXX);

472 1123 540 1162 ac
567 1123 688 1162 non
717 1107 917 1178 potius
951 1122 1061 1178 per
1090 1107 1390 1162 occultam
1440 1105 1893 1177 inspirationem
1927 1103 2130 1174 gratias

470 1197 575 1250 Dei
610 1195 1147 1268 :quandoquidem
1205 1212 1314 1266 pro
1346 1195 1429 1250 eis
1461 1196 1563 1267 qui
1598 1194 1795 1250 eidem
1843 1193 2130 1249 doctrinae

471 1284 947 1341 contradicentes
981 1283 1194 1340 nolunt
1233 1285 1284 1339 ei
1337 1284 1601 1350 credere,
1671 1285 1872 1357 ipsum
1945 1285 2132 1338 Deum

472 1374 592 1429 ﬁde
625 1378 785 1429 recta
806 1388 1093 1443 rogamus
1123 1381 1185 1428 ut
1218 1373 1451 1430 velint?

546 1483 634 1535 24.
675 1481 991 1546 Quomodo
1035 1481 1188 1536 Deus
1228 1483 1534 1550 exspectat
1566 1479 1900 1535 voluntates
1942 1476 2132 1534 homi-

475 1585 646 1633 num,
671 1573 732 1624 ut
759 1569 1125 1641 praeveniunt
1144 1585 1279 1625 eum
1308 1569 1529 1641 quibus
1555 1569 1654 1624 det
1677 1569 1965 1638 gratiam;
1996 1582 2134 1623 cum

478 1658 700 1728 gratias
731 1659 781 1712 ei
814 1674 933 1712 non
961 1658 1257 1713 immerito
1289 1673 1540 1727 agamus
1571 1657 1644 1711 de
1671 1657 1740 1711 iis
1763 1656 1983 1728 quibus
2016 1671 2132 1711 non

478 1746 534 1802 ei
569 1747 967 1812 credentibus,
999 1751 1053 1802 et
1075 1747 1205 1817 ejus
1238 1746 1574 1802 doctrinam
1615 1745 1919 1801 voluntate
1950 1744 2136 1816 impia

476 1835 992 1907 persequentibus,
1014 1835 1486 1891 misericordiam
1511 1833 1894 1906 prrerogavit,
1911 1848 2135 1904 eosque

476 1923 553 1979 ad
587 1924 854 1994 seipsum
881 1923 1468 1996 omnipotentissima
1498 1923 1776 1979 facilitate
1825 1921 2134 1994 convertit,

474 2028 545 2069 ac
588 2012 851 2068 volentes
905 2030 976 2069 ex
1008 2013 1349 2069 nolentibus
1402 2013 1539 2068 fecit
1569 2012 1597 2068 ‘l
1631 2011 1849 2084 thuid
1897 2011 1948 2066 ei
1995 2010 2135 2066 inde

475 2101 699 2171 gratias
728 2102 1050 2171 agimus,si
1087 2103 1346 2175 hocipse
1377 2118 1498 2158 non
1521 2100 1698 2157 fecit?
1722 2100 1936 2173 thuid
1970 2105 2134 2156 tanto

476 2190 666 2261 magis
693 2206 832 2246 eum
859 2191 1342 2261 magniﬁcamus,
1377 2195 1606 2264 quanto
1638 2190 1834 2260 magis
1850 2187 2135 2245 nolebant

478 2278 738 2343 credere,
774 2295 928 2351 quos
961 2280 1288 2335 credidisse
1319 2279 1678 2347 gaudemus,
1710 2278 1758 2333 si
1787 2277 2135 2347 gratiadivi-

475 2368 922 2424 navoluntasin
939 2369 1153 2424 melius
1179 2385 1300 2425 non
1325 2368 1875 2425 mutaturhumana
1902 2367 2135 2437 ?Apos-

477 2457 635 2512 tolus
666 2457 906 2523 Panlus,
940 2458 1148 2520 Eram,
1181 2457 1392 2530 inquit.
1423 2458 1659 2528 ignotus
1681 2455 2132 2526 facieEcclesiis

474 2545 716 2610 Judzew,
752 2562 878 2617 qua:
908 2553 1041 2600 sunt
1087 2547 1149 2602 in
1201 2547 1433 2601 Christo
1466 2549 1742 2614 ;tantum
1796 2551 1994 2600 autem
2025 2559 2136 2600 au-

477 2634 712 2690 diebant
727 2635 866 2704 quia
884 2634 988 2705 qui
998 2635 1330 2705 aliquando
1351 2651 1454 2690 nos
1473 2634 1958 2706 persequebatur,
1972 2649 2134 2690 nunc

475 2722 845 2792 evangelisal
881 2722 1049 2790 ﬁdem
1066 2737 1243 2793 quam
1276 2723 1609 2794 aliquando
1640 2721 1912 2778 vastabat
1942 2743 1962 2789 ,-
1991 2729 2042 2776 et
2074 2723 2134 2776 in

477 2829 570 2870 me
596 2813 1058 2884 magniﬁcabant
1089 2817 1272 2870 Deum
1322 2815 1548 2880 (Galat.
1582 2833 1616 2880 ι,
1650 2817 1852 2881 22-24).
1913 2812 2133 2885 thuid

475 2902 954 2972 magniﬁcabant
987 2905 1193 2969 Deum,
1229 2903 1278 2958 si
1308 2919 1428 2959 non
1448 2901 1603 2959 Deus
1644 2904 1720 2958 ad
1735 2902 2000 2973 seipsum
2031 2918 2134 2959 cor

474 2991 629 3047 illius
661 2991 902 3046 virisuae
919 2991 1122 3061 gratiae
1153 2992 1421 3047 bonitate
1445 2996 1836 3060 converterat,
1862 2991 2130 3065 quando,

477 3084 540 3137 ut
563 3081 689 3153 ipse
728 3081 1061 3146 conﬁtetur,
1119 3081 1592 3137 misericordiam
1617 3086 1980 3137 consecutus
2019 3085 2129 3146 est,

477 3175 542 3226 ut
561 3169 753 3226 ﬁdelis
779 3176 935 3226 esset
962 3171 1004 3241 (Ι
1054 3172 1188 3226 Cor.
1225 3187 1326 3234 vn,
1357 3171 1470 3242 25),
1504 3186 1575 3227 ea
1620 3170 1735 3226 ﬁde
1793 3186 1978 3242 quam
2030 3169 2134 3226 ali-

475 3261 720 3333 quando
771 3259 1112 3316 vastabat?
1163 3260 1365 3330 Ipsum
1426 3259 1604 3316 etiam
1662 3259 1912 3315 verbum
1964 3259 2132 3331 quod

474 3350 698 3421 posuit,
726 3365 908 3422 quem
941 3348 1051 3404 nisi
1072 3349 1260 3403 Deum
1286 3347 1400 3404 hoc
1427 3352 1548 3404 tam
1578 3363 1869 3419 magnum
1902 3347 2132 3404 bonum

477 3438 691 3494 fecisse
731 3438 996 3493 declarat
1025 3437 1054 3492 ‘l
1083 3437 1233 3503 Quid
1256 3442 1344 3494 est
1372 3437 1554 3503 enim,
1574 3438 1636 3494 in
1669 3453 1756 3494 me
1785 3438 2134 3508 magniﬁca-

478 3528 620 3584 bant
656 3529 861 3595 Deum,
893 3527 1194 3582 nisiin'me
1209 3528 1395 3583 Deum
1419 3527 1810 3596 magniﬁcum
1842 3527 2134 3598 praedica-

475 3616 623 3672 bant
652 3617 678 3671 ‘I
703 3615 1012 3682 Quomodo
1035 3621 1232 3673 autem
1259 3632 1394 3672 eum
1430 3617 1820 3688 magniﬁcum
1848 3616 2134 3687 praedica-

475 3705 703 3772 bant,si
737 3705 1195 3776 magnumillud
1217 3705 1439 3762 factum
1470 3706 1543 3761 de
1567 3705 2133 3762 Pauliconversione

476 3797 604 3869 ipse
627 3811 748 3852 non
766 3794 1020 3851 fecerat?
1036 3799 1089 3851 et
1106 3811 1228 3868 quo
1250 3801 1425 3868 pacto
1441 3796 1563 3868 ipse
1576 3796 1814 3864 fecerat,
1854 3795 1902 3851 si
1932 3795 2136 3852 volen-

475 3891 594 3944 tem
609 3886 848 3942 credere
862 3901 928 3941 ex
946 3885 1183 3941 nolente
1216 3887 1345 3958 ipse
1367 3902 1489 3942 non
1519 3884 1778 3941 fecerat?

545 3987 873 4055 25.Nempe
906 3983 1294 4039 manifestum
1317 3989 1408 4040 est
1435 3983 1630 4040 exillis
1657 3983 1980 4040 duodecim
2001 3998 2134 4039 sen-

476 4074 696 4140 tentiis,
727 4087 880 4143 quas
909 4073 1207 4142 pertinere
1235 4073 1311 4128 ad
1332 4073 1691 4128 catholicam
1711 4073 1889 4128 ﬁdem
1913 4088 2132 4142 negare

476 4176 600 4218 non
633 4159 863 4226 sineris,
911 4174 1028 4214 non
1087 4159 1282 4215 solum
1339 4161 1644 4229 omnibus,
1694 4177 1900 4217 verum
1952 4161 2131 4218 etiam

479 4247 726 4320 singulis
753 4247 810 4303 id
845 4247 1080 4314 conﬁci,
1113 4253 1174 4304 ut
1204 4249 1598 4304 conﬁteamus
1624 4249 1814 4318 gratia
1853 4249 1950 4305 Dei
1988 4265 2133 4321 prae-

477 4338 658 4410 veniri
687 4338 1004 4394 hominum
1033 4337 1386 4402 voluntates,
1407 4345 1461 4393 et
1482 4353 1587 4409 per
1603 4338 1760 4394 hanc
1795 4354 1897 4394 eas
1933 4339 2133 4410 potius

476 4427 824 4501 praaparari.
875 4443 1062 4498 quam
1119 4433 1359 4498 propter
1406 4443 1611 4483 earum
1657 4428 1931 4484 meritum
1978 4427 2129 4484 dari.

476 4519 589 4574 Aut
617 4518 664 4573 si
686 4516 913 4590 aliquid
936 4533 1145 4574 earum
1166 4517 1486 4573 duodecim
1519 4533 1651 4573 esse
1684 4532 1891 4572 verum
1921 4533 2130 4588 negas,

477 4623 737 4679 quarum
779 4611 1094 4678 propterea
1117 4607 1478 4662 commendo
1495 4607 1674 4662 etiam
1702 4621 2044 4671 numerum,
2069 4609 2135 4660 ut

477 4694 711 4767 facilius
742 4693 1046 4749 memorias
1075 4695 1454 4759 mandentur,
1478 4693 1936 4765 distinctiusque
1977 4699 2134 4749 tene-

475 4788 691 4850 antur;
724 4798 845 4838 non
878 4788 931 4838 te
972 4782 1173 4854 pigeat
1224 4783 1547 4839 rescribere
1600 4789 1663 4839 ut
1708 4783 1917 4848 sciam,
1977 4788 2034 4838 et
2064 4797 2135 4839 ea

477 4889 658 4947 quam
675 4871 816 4928 mihi
836 4871 1125 4928 Dominus
1138 4872 1388 4938 dederit,
1405 4870 1682 4928 facultate
1709 4871 2128 4943 respondeam.

477 4966 598 5037 Ego
625 4962 785 5020 enim
826 4961 1169 5018 hmreticum
1198 4962 1442 5034 quidem
1475 4961 1858 5034 pelagianum
1893 4967 1945 5018 te
1997 4977 2132 5018 esse

472 5069 595 5110 non
626 5051 807 5110 credo
837 5070 855 5124 ;
892 5050 999 5106 sed
1036 5051 1116 5106 ita
1158 5055 1209 5106 te
1236 5066 1367 5106 esse
1402 5050 1557 5116 volo,
1589 5056 1652 5105 ut
1684 5050 1824 5106 nihil
1861 5049 2016 5106 illius
2055 5049 2134 5106 ad

475 5148 530 5200 te
562 5147 842 5207 transeat,
877 5141 967 5197 vel
997 5140 1133 5196 inte
1165 5140 1576 5211 relinquantur
1607 5140 1846 5196 erroris.

551 5243 776 5298 CAPUT
799 5240 997 5295 VIl.-
1025 5243 1110 5294 26.
1148 5239 1260 5294 Sed
1287 5239 1439 5292 inter
1469 5237 1595 5293 haec
1621 5237 1943 5294 duodecim
1973 5252 2134 5306 repe-

477 5329 589 5384 ries
628 5331 880 5386 fortasse
933 5329 1181 5400 aliquid,
1223 5328 1385 5399 quod
1444 5328 1791 5399 negandum
1835 5326 1922 5381 vel
1963 5325 2135 5380 dubi-

479 5418 725 5475 tandum
758 5427 953 5491 putes,
1001 5422 1059 5473 et
1087 5417 1242 5472 unde
1294 5432 1405 5471 nos
1453 5416 1768 5489 Operosius
1823 5416 2133 5486 disputare

482 5509 825 5573 compellas.
844 5508 1138 5581 Numquid
1173 5512 1229 5562 et
1251 5522 1420 5562 orare
1449 5505 1791 5577 prohibebis
1817 5504 2133 5560 Ecclesiam

486 5607 594 5664 pro
616 5591 977 5660 inﬁdelibus,
1013 5601 1074 5653 ut
1107 5597 1224 5652 sint
1264 5595 1469 5650 ﬁdeles
1503 5611 1516 5661 ;
1549 5611 1654 5666 pro
1681 5595 1751 5649 iis
1780 5594 1882 5666 qui
1926 5594 2136 5651 nolunt

487 5679 748 5747 credere,
779 5688 841 5737 ut
879 5683 1058 5740 velint
1083 5685 1324 5741 credere
1350 5700 1491 5757 ;pro
1522 5684 1593 5742 iis
1622 5684 1730 5757 qui
1758 5682 1839 5741 ab
1858 5684 1987 5757 ejus
2003 5683 2134 5755 lege

1694 209 1701 216 -
1753 174 1821 233 S.
1865 169 2249 232 AUGUS'I‘INI
2287 171 2607 234 EPISCOPI

3784 176 3896 234 ωε

2236 302 2630 376 doctrinaque
2660 304 3040 375 dissentiunt,
3063 308 3126 362 ut
3142 304 3260 374 legi
3307 303 3439 376 ejus
3485 302 3898 375 doctrinaque

2235 393 2630 462 consentiant,
2664 399 2726 451 ut
2763 395 2863 452 det
2888 394 3003 451 illis
3030 395 3184 451 Deus
3213 393 3378 466 quod
3399 408 3506 466 per
3534 391 3899 465 prophetam

2235 482 2529 552 promisit,
2559 497 2662 539 cor
2689 483 3102 554 cognoscendi
3121 498 3284 552 eum,
3317 486 3373 539 et
3403 497 3580 538 aures
3605 479 3905 537 audiendi

2235 570 2510 639 (Baruch
2540 588 2598 639 ιι,
2623 573 2910 646 3t),quas
2923 573 3130 646 utique
3162 576 3544 644 acceperant,
3568 569 3644 626 de
3675 570 3904 643 quibus

2234 659 2504 716 Salvator
2539 661 2668 732 ipse
2713 662 2973 729 dicebat,
3007 662 3119 730 Qui
3153 662 3331 718 habet
3366 674 3540 717 aures
3592 657 3901 726 audiendi,

2236 749 2439 806 audiat
2464 751 2700 822 (Matth.
2732 768 2853 819 xm,
2880 752 2934 824 9)
2982 753 3012 810 ι
3043 750 3350 823 Numquid
3380 749 3484 806 ubi
3513 747 3782 805 audieris
3807 762 3904 804 sa-

2236 838 2539 896 cerdotem
2573 841 2668 897 Dei
2698 842 2776 897 ad
2799 843 2929 912 ejus
2985 841 3169 898 altare
3212 839 3507 911 populum
3557 837 3900 894 hortantem

2237 929 2316 984 ad
2351 932 2531 986 Deum
2562 931 2883 998 orandum,
2918 931 3011 987 vel
3039 931 3242 1003 ipsum
3261 929 3585 986 claravoce
3601 932 3898 992 orantem,

2239 1025 2301 1074 ut
2338 1019 2678 1076 incredulas
2725 1026 2932 1091 gentes
2966 1021 3044 1077 ad
3079 1020 3259 1077 ﬁdem
3291 1034 3466 1076 suam
3498 1017 3702 1074 venire
3735 1031 3896 1072 com~

2237 1105 2436 1178 pellat,
2469 1123 2591 1164 non
2623 1108 3039 1181 respondebis,
3078 1110 3267 1164 Amen
3305 1107 3336 1164 τ
3363 1111 3450 1163 An
3502 1106 3687 1162 etiam
3720 1104 3904 1176 hujus

2237 1194 2374 1251 ﬁdei
2407 1196 2644 1253 sanitati
2669 1198 2972 1254 contraria
2995 1196 3330 1270 disputabis
3357 1197 3386 1254 ?
3407 1194 3717 1267 Numquid
3768 1192 3904 1250 bea-

2239 1285 2538 1342 tissimum
2565 1286 2939 1359 Cyprianum
2966 1286 3026 1343 in
3070 1287 3185 1343 hoc
3216 1299 3448 1341 errasse
3473 1282 3782 1340 clamabis
3815 1281 3906 1338 vel

2241 1374 2602 1441 susurrabis,
2637 1375 2739 1432 ubi
2794 1391 2903 1448 pro
2945 1374 3201 1432 inimicis
3246 1373 3386 1429 ﬁdei
3433 1372 3799 1441 christiana,
3844 1376 3907 1426 ut

2238 1463 2422 1520 etiam
2452 1464 2564 1535 ipsi
2605 1465 2683 1521 ad
2713 1481 2848 1521 eam
2875 1467 3319 1528 convertantur,
3361 1477 3534 1519 orare
3546 1476 3660 1518 nos
3682 1459 3911 1516 docet?

2309 1564 2398 1616 27.
2431 1561 2735 1635 Numquid
2765 1568 3072 1635 postremo
3109 1560 3452 1634 apostolum
3484 1559 3738 1616 Paulum
3792 1571 3906 1629 pro

2239 1650 2460 1706 Iudaeis
2491 1651 2831 1708 inﬁdelibus
2855 1651 3178 1708 habentem
3225 1650 3367 1706 talia
3394 1655 3539 1706 vota
3567 1647 3854 1719 culpabis
3877 1645 3906 1702 9

2241 1739 2316 1796 de
2345 1740 2568 1812 quibus
2591 1742 2704 1798 ait:
2737 1743 2899 1799 Bona
2929 1741 3200 1798 voluntas
3242 1739 3477 1812 quidem
3521 1738 3722 1795 cordis
3768 1736 3906 1800 mei,

2240 1828 2302 1887 et
2332 1829 2670 1898 deprecatio
2683 1831 2765 1887 ad
2784 1829 2969 1888 Deum
2995 1832 3064 1898 ﬁt
3073 1843 3185 1900 pro
3206 1828 3332 1886 illis
3354 1829 3414 1884 in
3429 1829 3684 1884 salutem
3700 1826 3894 1898 (Rom.

2241 1933 2298 1982 ι,
2347 1918 2416 1990 t).
2451 1917 2562 1984 Qui
2592 1919 2771 1974 etiam
2797 1917 3432 1975 Thessalonicensibus
3462 1915 3606 1972 dicit
3640 1932 3654 1971 :
3685 1916 3776 1971 De
3799 1929 3905 1970 cz-

2241 2013 2385 2071 tero,
2414 2007 2659 2076 fratres,
2689 2015 2854 2065 orate
2875 2023 2988 2077 pro
3026 2007 3215 2071 nobis,
3258 2013 3321 2062 ut
3372 2005 3616 2062 verbum
3661 2003 3906 2059 Domini

2241 2100 2448 2152 currat
2477 2102 2527 2151 et
2550 2098 2944 2168 gloriﬁcetur,
2975 2097 3124 2152 sicut
3155 2097 3324 2152 etiam
3350 2095 3509 2165 apud
3547 2109 3652 2151 vos
3680 2111 3704 2158 ;
3732 2099 3787 2148 et
3831 2099 3900 2147 ut

2239 2199 2523 2241 eruamur
2550 2186 2626 2242 ab
2659 2186 2881 2258 iniquis
2902 2191 2958 2243 et
2987 2185 3165 2242 malis
3195 2184 3530 2242 hominibus
3550 2203 3569 2241 .-
3587 2199 3710 2240 non
3733 2181 3893 2240 enim

2241 2275 2498 2332 omnium
2530 2281 2613 2332 est
2640 2276 2788 2345 ﬁdes
2812 2276 2882 2349 (ll
2923 2275 3115 2331 Thess.
3142 2290 3220 2341 ιιι,
3249 2275 3301 2339 1,
3328 2273 3747 2345 2).Quomodo
3769 2286 3897 2327 cur-

2239 2364 2904 2433 reretetlgloriﬁcaretur
2916 2363 3170 2420 verbum
3190 2364 3310 2428 Dei,
3326 2362 3442 2418 nisi
3457 2361 3538 2417 ad
3553 2361 3742 2418 ﬁdem
3755 2375 3897 2416 con-

2239 2453 2424 2506 versis
2442 2453 2529 2508 eis
2543 2453 2765 2524 quibus
2778 2453 3206 2525 prmdicaretur
3221 2471 3234 2521 ;
3249 2450 3757 2524 quandoquidem
3767 2449 3896 2519 jam

2239 2541 2618 2597 credentibus
2661 2541 2822 2608 dicit,
2866 2542 3362 2615 quemadmodum
3407 2549 3459 2597 et
3521 2539 3690 2609 apud
3731 2553 3833 2595 vos
3869 2538 3897 2592 Υ

2242 2630 2356 2685 Scit
2384 2635 2540 2686 certe
2560 2631 2674 2686 hoc
2705 2631 2784 2687 ab
2815 2631 2915 2686 illo
2944 2630 3092 2697 ﬁeri,
3120 2646 3307 2702 quem
3324 2628 3448 2685 vult
3463 2628 3663 2698 rogari
3687 2630 3756 2683 ut
3780 2626 3894 2682 hoc

2238 2718 2533 2785 faciat,'ut
2562 2719 2741 2776 etiam
2768 2725 3012 2776 eruatur
3039 2720 3118 2777 ab
3160 2718 3379 2792 iniquis
3411 2722 3466 2775 et
3496 2716 3674 2773 malis
3703 2715 3898 2772 11οωὶ-

2238 2807 2452 2874 nibus;
2490 2809 2594 2880 qui
2626 2808 2891 2880 profecto
2929 2813 2986 2866 et
3017 2809 3129 2866 illis
3177 2806 3492 2866 orantibus
3548 2821 3673 2862 non
3727 2808 3898 2861 erant

2238 2896 2536 2952 credituri.
2563 2900 2801 2969 Propter
2830 2897 2998 2970 quod
3029 2897 3282 2963 addidit,
3315 2912 3436 2954 non
3460 2894 3620 2952 enim
3655 2900 3741 2951 est
3775 2909 3895 2950 om-

2237 2987 2404 3041 nium
2434 2986 2574 3053 ﬁdes
2591 3008 2612 3056 ,-
2637 2995 2930 3059 tanquam
2959 2988 3199 3054 diceret,
3241 2990 3368 3043 Non
3393 2985 3554 3041 enim
3583 2983 3755 3054 apud
3771 2997 3897 3039 om-

2237 3090 2345 3131 nes
2377 3076 2556 3132 etiam
2595 3075 2769 3132 vobis
2815 3076 3129 3132 orantibus
3186 3075 3616 3146 gloriﬁoabitur
3646 3072 3901 3129 verbum

2239 3165 2338 3220 Dei
2372 3179 2386 3220 :
2425 3165 2571 3237 quia
2609 3165 2720 3236 ipsi
2777 3165 2979 3238 utique
3013 3164 3246 3222 fuerant
3284 3162 3561 3221 credituri
3587 3161 3694 3235 qui
3741 3160 3902 3218 ordi-

2238 3254 2361 3309 nati
2391 3254 2635 3310 erantin
2661 3254 2848 3310 vitam
2869 3259 3180 3320 mternam,
3198 3250 3603 3325 praedestinati
3618 3252 3678 3307 in
3711 3250 3902 3321 adop-

2239 3343 2459 3399 tionem
2499 3342 2759 3399 ﬁliorum
2787 3358 2892 3414 per
2920 3343 3130 3399 Jesum
3155 3341 3453 3399 Christum
3495 3341 3556 3397 in
3583 3341 3816 3411 ipsum,
3845 3343 3905 3394 et

2238 3432 2406 3488 electi
2436 3431 2492 3486 in
2514 3433 2645 3503 ipso
2675 3436 2813 3488 ante
2840 3432 3054 3488 mundi
3087 3430 3576 3488 constitutionem
3621 3428 3801 3499 (Eph.
3847 3431 3900 3491 1,

2237 3524 2291 3586 4,
2322 3520 2377 3592 5)
2427 3541 2443 3588 ς
2485 3519 2591 3575 sed
2633 3520 2768 3576 ideo
2828 3523 2981 3576 Deus
3022 3536 3127 3593 per
3182 3521 3482 3577 orationes
3525 3517 3902 3574 credentium

2238 3609 2510 3665 nondum
2537 3608 2847 3665 credentes
2876 3609 3117 3666 credere
3141 3608 3304 3675 facit,
3335 3613 3399 3664 ut
3424 3605 3706 3663 ostendat
3759 3604 3904 3677 quia

2237 3699 2364 3771 ipse
2391 3697 2546 3753 facit.
2581 3701 2763 3754 Nemo
2784 3701 2874 3753 est
2903 3698 3065 3754 enim
3099 3704 3222 3754 tam
3254 3695 3596 3769 imperitus,
3629 3699 3758 3750 tam
3774 3709 3900 3749 car-

2238 3787 2409 3851 nalis,
2444 3791 2564 3842 tam
2613 3786 2818 3842 tardus
2847 3787 3116 3857 ingenio,
3147 3787 3250 3860 qui
3291 3801 3413 3842 non
3452 3784 3650 3841 videat
3711 3784 3902 3840 Deum

2237 3871 2431 3932 facere
2457 3874 2622 3948 quod
2647 3875 2845 3946 rogari
2871 3891 2934 3931 se
2961 3875 3229 3948 praecipit
3263 3879 3326 3931 ut
3354 3872 3554 3930 faciat.

2309 3975 2398 4028 28.
2433 3975 2566 4029 Haec
2589 3977 2646 4028 et
2674 3971 2790 4029 alia
2817 3973 3154 4030 testimonia
3175 3973 3401 4040 divina,
3453 3986 3590 4044 quas
3636 3985 3900 4026 comme-

2237 4077 2474 4119 morare
2501 4062 2750 4131 longum
2782 4066 2888 4128 est,
2937 4062 3263 4118 ostendunt
3297 4063 3480 4117 Deum
3538 4061 3734 4130 gratia
3787 4075 3899 4115 sua

2240 4151 2471 4207 auferre
2497 4149 2841 4206 inﬁdelibus
2870 4166 2971 4207 cor
3004 4150 3338 4223 lapideum,
3377 4155 3435 4205 et
3473 4148 3805 4222 prmvenire
3842 4147 3900 4202 in

2239 4240 2590 4297 hominibus
2636 4239 2935 4296 bonarum
2977 4240 3192 4296 merita
3239 4238 3662 4308 voluntatum;
3698 4239 3782 4294 ita
3843 4242 3906 4292 ut

2237 4328 2519 4385 voluntas
2571 4345 2673 4401 per
2697 4328 3151 4385 antecedentem
3205 4328 3461 4397 gratiam
3505 4330 3901 4399 praeparetur,

2238 4433 2360 4474 non
2393 4421 2454 4472 ut
2483 4417 2676 4487 gratia
2710 4416 2918 4472 merito
2959 4415 3284 4472 voluntatis
3315 4413 3905 4471 antecedentedone-

2238 4511 2352 4561 tur.
2379 4506 2496 4561 Hoc
2516 4512 2571 4560 et
2587 4507 2914 4577 gratiarum
2929 4505 3082 4561 actio
3100 4504 3322 4560 indicat
3337 4502 3502 4576 quod
3515 4500 3711 4558 oratio
3733 4518 3747 4569 ;
3769 4517 3906 4558 ora-

2239 4596 2319 4651 tio
2335 4611 2442 4667 pro
2463 4594 2827 4661 inﬁdelibus,
2844 4594 3171 4666 gratiarum
3187 4594 3341 4649 actio
3354 4608 3462 4665 pro
3477 4590 3906 4656 ﬁdelibus.Qui

2240 4685 2397 4740 enim
2422 4685 2786 4740 estorandus
2821 4689 2882 4739 ut
2909 4682 3108 4749 faciat,
3141 4682 3224 4737 illi
3262 4689 3349 4737 est
3374 4682 3530 4738 actio
3569 4681 3905 4751 gratiarum

2238 4773 2548 4830 reddenda
2567 4789 2705 4828 cum
2736 4773 2934 4828 fecerit
2960 4789 2974 4827 :
3007 4771 3166 4826 unde
3195 4771 3355 4826 idem
3397 4770 3540 4826 dicit
3590 4769 3905 4842 apostolus

2239 4863 2317 4919 ad
2333 4862 2642 4935 Ephesios,
2671 4863 2928 4931 PrOpter
2956 4861 3066 4917 hoc
3094 4866 3148 4918 et
3179 4860 3537 4932 ego,audita
3555 4859 3675 4929 ﬁde
3707 4866 3906 4916 vestra

2238 4952 2300 5007 in
2322 4952 2569 5007 Domino
2593 4952 2751 5016 Jesu,
2784 4957 2836 5007 et
2867 4950 3171 5006 dilectione
3195 4950 3259 5005 in
3290 4964 3483 5005 omnes
3511 4955 3770 5014 sanctos,
3790 4963 3904 5003 non

2237 5056 2387 5098 cesso
2409 5041 2627 5112 gratias
2641 5055 2814 5109 agere
2835 5055 2942 5108 pro
2974 5038 3126 5094 vobis
3145 5038 3318 5109 (Ibid.
3355 5038 3463 5110 l5).

2309 5152 2397 5203 29.
2435 5147 2754 5219 Loquimur
2780 5152 2977 5201 autem
3001 5143 3621 5216 nuncdeipsisinitiis,
3645 5159 3786 5200 cum
3803 5146 3906 5201 ho-

2241 5237 2429 5292 mines
2459 5237 2746 5308 quierant
2776 5235 2962 5290 aversi
2991 5233 3314 5298 etadversi,
3351 5237 3782 5289 convertuntur
3829 5237 3904 5290 ad

2243 5329 2447 5393 Deum,
2465 5323 3162 5395 etvelleincipiuntquod
3189 5322 3496 5390 nolebant,
3515 5326 3572 5377 et
3598 5321 3819 5378 habere
3845 5324 3908 5377 ﬁ-

2240 5415 2376 5470 dem
2401 5431 2584 5486 quam
2615 5429 2734 5469 non
2766 5412 3108 5476 habebant;
3141 5411 3305 5483 quod
3339 5416 3400 5466 ut
3421 5410 3598 5466 ﬁatin
3627 5410 3738 5475 eis,
3776 5429 3904 5467 ora-

2242 5508 2334 5559 tur
2365 5520 2472 5574 pro
2491 5504 2599 5567 eis,
2632 5501 2914 5574 quamvis
2938 5517 3059 5556 non
3099 5508 3298 5556 oretur
3317 5500 3394 5556 ab
3433 5499 3555 5556 eis:
3594 5500 3712 5570 ipsi
3745 5502 3902 5555 enim

2239 5593 2550 5664 quomodo
2601 5591 2990 5654 invocabunt,
3019 5590 3077 5645 in
3122 5605 3304 5662 quem
3363 5604 3480 5644 non
3522 5589 3906 5645 crediderunt

2242 5682 2437 5754 (Rom.
2465 5698 2518 5749 ι,
2558 5680 2686 5755 14)ἳ
2715 5682 2862 5739 Cum
2880 5695 3018 5739 vero
3039 5678 3265 5737 factum
3291 5677 3464 5736 fuerit
3486 5678 3656 5751 quod
3679 5684 3906 5754 oratur.
