4118 6164
271 200 383 258 989

265 327 318 383 ei
347 327 450 401 qui
478 326 620 386 fecit
650 331 914 400 aguntur
935 330 1164 400 gratias,
1193 334 1252 388 et
1279 345 1390 403 pro
1412 329 1496 387 eis
1508 330 1653 388 etab
1666 329 1774 388 eis.
1798 330 1919 386 Deo

261 417 595 473 rationibus
640 422 843 474 autem
866 419 994 490 jam
1023 419 1314 484 ﬁdelium,
1344 437 1498 492 quas
1530 425 1586 477 et
1628 437 1732 492 pro
1774 435 1835 487 se
1866 424 1922 476 et

262 509 372 578 pro
412 505 544 562 aliis
562 505 844 562 ﬁdelibus
875 507 1120 573 faciunt,
1153 512 1218 563 ut
1238 507 1554 579 proﬁciant
1573 509 1632 564 in
1659 523 1729 564 eo
1754 506 1919 580 quod

263 609 398 650 esse
425 599 754 667 coeperunt,
792 601 847 652 et
884 595 960 652 de
1000 596 1331 666 gratiarum
1376 591 1734 663 actionibus,
1778 596 1922 668 quia

263 683 605 754 proﬁciunt,
657 684 1104 755 conﬂigendum
1156 701 1284 742 esse
1316 689 1514 742 tecum
1559 701 1681 742 non
1726 689 1918 758 puto;

261 775 472 830 contra
501 773 850 843 Pelagianos
871 779 959 829 est
995 774 1103 830 iste
1142 774 1454 830 conﬂictus
1478 775 1582 831 tibi
1623 774 1920 847 nobisque

262 862 623 918 communis.
659 862 742 918 [lli
785 864 1011 936 quippe
1041 863 1246 919 omnia
1267 863 1346 919 ad
1367 863 1604 920 ﬁdelem
1635 865 1921 936 piamque

258 950 446 1007 vitam
478 951 795 1007 hominum
818 951 1178 1024 pertinentia
1202 953 1279 1008 ita
1312 952 1577 1008 tribuunt
1605 953 1796 1009 libero
1816 968 1922 1008 vo-

259 1039 504 1096 luntatis
535 1041 805 1106 arbitrio,
824 1046 886 1098 ut
908 1041 1190 1098 habenda
1208 1058 1277 1097 ex
1300 1041 1496 1107 nobis,
1527 1058 1646 1098 non
1663 1058 1700 1098 a
1729 1041 1919 1098 Domi-

261 1143 341 1185 no
374 1133 728 1200 putantesse
751 1130 1054 1202 poscenda
1085 1145 1097 1184 :
1131 1136 1194 1185 tu
1227 1134 1451 1197 autem,
1494 1132 1542 1187 si
1572 1147 1643 1188 ea
1672 1147 1805 1204 qua:
1845 1131 1920 1186 de

262 1221 316 1274 te
346 1218 531 1274 audio
553 1233 696 1274 vera
723 1223 882 1283 sunt,
907 1218 1140 1274 initium
1173 1218 1342 1286 ﬁdei,
1378 1220 1480 1274 ubi
1513 1221 1795 1276 estetiam
1815 1220 1919 1275 ini-

262 1307 407 1363 tium
439 1307 636 1372 bonaa,
669 1307 783 1363 hoc
814 1311 902 1363 est
925 1308 1038 1379 pia!
1063 1308 1411 1374 voluntatis,
1435 1324 1556 1364 non
1574 1309 1662 1364 vis
1691 1309 1920 1365 donum

260 1410 389 1452 esse
418 1395 541 1461 Dei,
571 1396 672 1452 sed
701 1412 771 1452 ex
800 1396 975 1453 nobis
996 1411 1111 1453 nos
1137 1397 1365 1453 habere
1395 1397 1706 1454 contendis
1727 1403 1923 1454 utcre-

258 1485 808 1558 dereincipiamus;
837 1491 1053 1542 caetera
1078 1492 1282 1543 autem
1309 1487 1598 1557 religiosa;
1611 1489 1742 1544 vitaz
1761 1488 1923 1545 bona

260 1574 446 1631 Deum
488 1591 593 1647 per
617 1575 873 1646 gratiam
920 1591 1093 1631 suam
1145 1576 1276 1647 jam
1309 1593 1380 1632 ex
1410 1577 1528 1633 ﬁde
1559 1576 1918 1648 petentibus,

260 1664 688 1736 querentibus,
721 1664 1137 1737 pulsantibus,
1195 1665 1423 1722 donare
1451 1666 1775 1722 consentis.
1809 1669 1922 1722 Nec

257 1753 515 1810 attendis
540 1753 676 1809 ideo
703 1769 814 1826 pro
859 1753 1200 1810 inﬁdelibus
1247 1758 1435 1810 Deum
1486 1756 1681 1826 rogari
1710 1759 1773 1810 ut
1802 1769 1923 1810 cre-

259 1842 428 1908 dant,
451 1843 741 1915 quoniam
776 1845 928 1898 Deus
946 1843 1134 1900 donat
1157 1847 1211 1899 et
1240 1843 1424 1900 ﬁdem
1445 1862 1460 1910 ;
1481 1843 1617 1899 ideo
1639 1844 1842 1916 proeis
1866 1848 1923 1900 et

259 1932 369 2005 qui
394 1931 770 1998 crediderint,
806 1935 924 1989 Deo
947 1933 1171 2003 gratias
1198 1933 1318 2004 agi,
1349 1932 1642 2006 quoniam
1672 1932 1922 1990 donavit

258 2026 318 2077 et
338 2020 536 2077 ﬁdem.

334 2113 422 2167 30.
453 2109 863 2176 Quamobrem
885 2109 1123 2166 uthunc
1135 2109 1211 2165 ad
1229 2114 1280 2166 te
1295 2125 1635 2167 sermonem
1653 2111 1924 2183 aliquan-

259 2198 344 2254 do
371 2190 730 2255 concludam
757 2215 769 2254 :
805 2198 852 2254 si
881 2213 1069 2268 negas
1100 2199 1410 2255 orandum
1443 2216 1575 2256 esse
1602 2204 1664 2255 ut
1689 2198 1792 2272 qui
1821 2213 1920 2254 no-

265 2287 395 2344 lunt
423 2288 684 2356 credere,
711 2287 894 2345 velint
917 2288 1181 2354 credere,
1207 2288 1258 2342 si
1276 2303 1464 2361 negas
1497 2289 1769 2359 agendas
1791 2302 1922 2344 esse

256 2377 380 2434 Deo
413 2377 657 2448 gratias,
685 2378 974 2450 quoniam
1002 2377 1243 2433 credere
1270 2378 1594 2434 voluerunt
1631 2378 1736 2450 qui
1762 2377 1923 2434 nole-

265 2465 415 2523 bant
445 2466 685 2523 credere
728 2483 742 2534 ;
775 2467 946 2522 aliter
984 2471 1176 2522 tecum
1216 2467 1521 2537 agendum
1553 2473 1658 2532 est,
1693 2472 1755 2522 ut
1796 2483 1917 2523 non

264 2555 349 2612 sic
381 2572 562 2621 erres,
591 2561 714 2620 aut,
741 2556 791 2612 si
822 2570 1018 2611 errare
1042 2556 1327 2627 persistis,
1352 2571 1427 2611 ne
1450 2557 1648 2612 mittas
1684 2555 1836 2612 alios
1859 2557 1921 2611 in

257 2661 544 2702 errorem.
569 2645 627 2700 Si
659 2650 887 2709 autem,
910 2645 1076 2717 quod
1107 2644 1182 2701 de
1204 2652 1257 2701 te
1286 2645 1478 2715 magis
1508 2645 1708 2710 credo,
1741 2645 1921 2700 sentis

265 2742 444 2806 atque
475 2734 778 2790 consentis
809 2749 982 2789 orare
1011 2749 1124 2789 nos
1159 2737 1344 2789 Deum
1385 2733 1602 2790 debere
1631 2749 1701 2790 ac
1733 2734 1920 2790 solere

264 2822 730 2895 pronolentibus
759 2823 1020 2888 credere,
1047 2828 1112 2879 ut
1143 2823 1318 2878 velint
1345 2822 1602 2892 credere,
1621 2828 1676 2878 et
1705 2838 1814 2894 pro
1835 2824 1921 2878 eis

268 2913 372 2985 qui
430 2913 825 2968 adversantur
861 2916 918 2967 et
953 2912 1375 2968 contradicunt
1405 2912 1518 2981 legi
1558 2913 1689 2984 ejus
1741 2916 1921 2985 atque

265 3001 579 3067 doctrinm,
605 3001 730 3056 utei
752 3000 1272 3072 credanteamque
1299 3005 1624 3069 sectentur;
1655 3002 1704 3056 si
1736 3001 1921 3057 sentis

268 3097 451 3163 atque
482 3090 784 3146 consentis
820 3089 1038 3146 debere
1078 3104 1189 3146 nos
1221 3090 1403 3146 etiam
1434 3093 1554 3146 Deo
1583 3105 1760 3159 agere
1792 3105 1924 3160 gra-

271 3181 382 3236 tias
404 3195 476 3236 ac
503 3178 697 3235 solere
718 3193 827 3251 pro
869 3178 1108 3244 talibus,
1136 3193 1274 3234 cum
1301 3179 1378 3234 ad
1408 3178 1592 3234 ﬁdem
1624 3180 1755 3251 ejus
1784 3179 1923 3236 doc-

267 3269 608 3341 trinamque
637 3267 935 3333 conversi,
967 3267 1234 3324 volentes
1268 3283 1338 3323 ex
1371 3264 1712 3324 nolentibus
1745 3269 1918 3339 ﬁunt,

262 3361 494 3430 Oportet
523 3359 648 3414 sine
673 3357 1055 3413 dubitatione
1084 3356 1326 3413 fatearis
1372 3357 1707 3412 voluntates
1732 3358 1922 3413 homi-

260 3463 411 3504 num
443 3447 539 3503 Dei
567 3446 759 3516 gratia
790 3445 1130 3518 prmveniri,
1165 3451 1221 3502 et
1250 3451 1310 3501 ut
1341 3446 1572 3502 bonum
1601 3446 1784 3502 velint
1819 3446 1926 3503 ho-

259 3536 452 3593 mines
471 3536 634 3608 quod
658 3535 963 3601 nolebant,
991 3536 1182 3591 Deum
1218 3535 1436 3603 facere,
1467 3536 1570 3607 qui
1599 3541 1845 3606 rogatur
1863 3541 1925 3593 ut

259 3625 455 3692 faciat,
485 3631 542 3682 et
563 3625 659 3682 cui
682 3641 794 3680 nos
815 3625 1095 3680 novimus
1122 3640 1299 3694 agere
1330 3625 1552 3695 gratias
1587 3625 1838 3694 dignum
1868 3629 1926 3681 et

252 3716 486 3787 justum
517 3730 645 3771 esse
674 3730 816 3770 cum
855 3713 1084 3770 fecerit.
1131 3715 1421 3770 Dominus
1467 3715 1568 3770 tibi
1610 3714 1709 3770 det
1753 3714 1920 3770 intel-

269 3805 492 3862 lectum
523 3804 582 3860 in
621 3804 923 3868 omnibus,
954 3803 1196 3858 domine
1217 3803 1419 3859 frater.

681 3911 1016 3968 EPISTOLA
1057 3910 1303 3968 CCXVIII
1341 3911 1357 3927 ·
1386 3909 1495 3982 (a).

266 4018 616 4076 Palatinum
662 4017 1027 4075 adhortatur
1057 4022 1120 4072 ut
1175 4016 1239 4072 in
1271 4015 1598 4073 christiana
1635 4015 1926 4086 sapientia

329 4109 604 4177 proﬁciat
635 4121 707 4164 ac
729 4113 1078 4178 perseveret,
1115 4105 1170 4161 id
1197 4121 1571 4176 summopere
1611 4121 1825 4162 cavens
1854 4121 1928 4162 ne

334 4212 496 4266 spem
528 4195 670 4254 bene
691 4196 929 4253 vivendi
953 4196 1198 4252 collocet
1234 4195 1296 4251 in
1315 4195 1579 4265 propriis
1609 4193 1852 4250 viribus.

262 4303 524 4360 Domino
539 4302 956 4369 dilectissimo,
985 4307 1040 4358 et
1070 4302 1591 4359 desideratissimo
1612 4300 1735 4357 ﬁlio
1756 4301 1926 4357 PALA-

816 4408 967 4458 τωο,
994 4391 1379 4448 Aucusrmus.

337 4480 388 4535 1.
418 4480 796 4537 Conversatio
810 4486 910 4537 tua
932 4480 1143 4536 fortior
1160 4485 1348 4552 atque
1361 4479 1716 4535 fructuosior
1728 4478 1805 4535 ad
1821 4481 1928 4535 Do-

263 4569 500 4624 minum
514 4568 696 4625 Deum
721 4573 1012 4635 nostrum,
1046 4584 1340 4638 magnum
1363 4568 1536 4624 nobis
1561 4569 1756 4623 attulit
1782 4583 1927 4637 gau-

262 4657 456 4713 dium.
489 4657 727 4727 Elegisti
755 4658 914 4715 enim
947 4674 983 4714 a
1015 4658 1326 4728 juventute
1355 4656 1712 4724 doctrinam,
1746 4663 1808 4711 ut
1838 4657 1929 4711 in-

263 4746 476 4802 venias
510 4762 702 4818 usque
727 4747 804 4804 ad
844 4762 1034 4802 canos
1068 4745 1430 4818 sapientiam
1468 4746 1680 4816 (Eccli.
1714 4762 1789 4811 v1,
1813 4745 1923 4814 18).

262 4835 407 4891 Cani
443 4839 584 4891 sunt
613 4852 754 4907 ergo
791 4852 1008 4892 sensus
1046 4835 1325 4901 hominis,
1350 4839 1403 4890 et
1436 4834 1750 4889 senectutis
1779 4840 1923 4890 aetas

258 4924 380 4979 vita
406 4923 794 4982 immaculata
824 4927 995 4996 (Sap.
1028 4941 1112 4991 IV,
1143 4929 1218 4993 9).
1252 4925 1442 4990 Quam
1476 4923 1656 4978 donet
1681 4923 1786 4978 tibi
1821 4925 1928 4979 Do-

259 5013 466 5069 minus
491 5015 731 5087 petenti,
765 5015 1063 5088 quaerenti
1097 5019 1278 5087 atque
1316 5013 1602 5086 pulsanti,
1631 5013 1735 5085 qui
1768 5012 1928 5068 novit

257 5102 424 5159 bona
443 5103 588 5160 data
617 5104 762 5160 dare
795 5105 930 5160 ﬁliis
957 5105 1078 5160 suis
1109 5104 1353 5175 (Matth.
1374 5119 1472 5170 vn,
1513 5104 1617 5173 Η).
1644 5102 1926 5168 Quamvis

258 5192 421 5248 enim
455 5193 760 5249 abundent
787 5194 892 5249 tibi
929 5194 1345 5249 exhortatores
1391 5198 1445 5249 et
1485 5192 1925 5248 exhortationes

257 5282 337 5338 ad
365 5283 524 5338 viam
549 5283 757 5338 salutis
788 5289 840 5337 et
865 5283 1066 5352 gloria:
1086 5284 1482 5356 sempiternae,
1512 5282 1771 5336 maxime
1795 5282 1925 5350 ipsa

262 5372 463 5440 gratia
489 5374 718 5439 Christi,
749 5389 883 5444 quae
916 5375 1013 5427 tibi
1042 5380 1160 5427 tam
1194 5373 1588 5428 salubriterin
1617 5372 1794 5426 corde
1824 5376 1926 5425 tuo

260 5460 463 5516 locuta
490 5469 576 5516 est
609 5480 621 5530 ;
654 5468 854 5517 tamen
873 5463 1048 5517 etiam
1078 5478 1187 5517 nos
1218 5478 1320 5533 pro
1342 5461 1675 5516 dilectionis
1701 5461 1922 5526 ofﬁcio,

331 5603 349 5620 ‘
385 5603 534 5667 Hanc
556 5605 974 5667 recognovimus
997 5603 1062 5653 ad
1087 5603 1156 5652 bl.
1181 5603 1264 5653 cb.
1297 5616 1376 5651 vc.
1409 5602 1545 5652 duos
1568 5617 1617 5650 v.
1640 5605 1702 5667 et
1731 5601 1859 5667 Lov.

323 5668 395 5725 (α)
429 5666 569 5730 Alias
595 5665 732 5730 208':
763 5682 885 5730 quae
917 5671 1099 5718 autem
1123 5667 1215 5717 218
1253 5670 1382 5722 erat,
1418 5679 1560 5717 nunc
1603 5666 1677 5715 13.
1717 5665 1923 5729 Scripta

260 5727 410 5782 forte
441 5729 566 5781 circ.
599 5729 744 5782 idem
759 5727 989 5798 tempus.
1201 5747 1211 5758 -
1291 5753 1297 5757 -
1833 5727 1846 5729 ‘
1882 5754 1885 5755 ν

1509 202 2018 262 EPISTOLARUM
2060 202 2350 261 CLASSIS
2389 205 2482 262 ΠΙ.

3579 211 3687 270 990

2031 344 2217 401 quam
2234 329 2339 386 tibi
2353 330 2664 397 debemus,
2684 329 2992 387 aﬁ'erimus
3005 331 3232 404 aliquid
3254 333 3683 391 exhortationis

2029 417 2090 473 in
2144 418 2257 474 hac
2297 419 2718 475 resalutatione
2761 425 2980 485 nostra,
3031 437 3153 493 qua
3191 427 3246 478 te
3285 439 3406 479 non
3437 423 3681 495 pigrum

2030 507 2121 562 vel
2147 507 2543 564 dormientem
2588 510 2931 577 excitemus,
2989 510 3097 566 sed
3139 527 3539 582 provocemus
3591 512 3682 568 in-

2031 594 2409 668 citemusque
2427 603 2784 653 currentem.

2100 703 2155 757 2.
2190 703 2408 774 Sapere
2432 708 2484 758 te
2515 709 2769 775 oportet,
2794 703 2898 770 ﬁli,
2931 709 2996 760 ut
3023 719 3388 777 perseveres,
3422 706 3564 779 quia
3591 723 3686 764 sa-

2030 789 2213 862 puisti
2249 796 2308 845 ut
2346 792 2617 862 eligeres.
2652 793 2735 849 Sit
2775 792 2884 848 hoc
2930 793 3131 864 ipsum
3176 795 3482 866 sapientiae
3542 801 3680 862 tuae,

2030 879 2180 935 scire
2211 880 2381 951 cujus
2420 881 2651 936 donum
2693 881 2808 938 hoc
2859 889 2967 938 est.
3015 883 3228 939 Revela
3254 885 3327 939 ad
3362 886 3682 940 Dominum

2029 967 2189 1023 viam
2213 973 2470 1035 tuam,et
2491 985 2664 1041 spera
2691 970 2752 1024 in
2774 986 2913 1026 eum
2938 976 3024 1026 :et
3055 971 3180 1041 ipse
3195 971 3387 1035 faciet,
3421 978 3475 1027 et
3497 972 3683 1027 dedu-

2031 1060 2122 1112 cet
2147 1056 2304 1112 velut
2331 1056 2536 1113 lumen
2561 1059 2853 1129 justitiam
2885 1065 3070 1128 tuam,
3103 1068 3158 1116 et
3183 1061 3480 1131 judicium
3515 1065 3681 1116 tuum

2032 1143 2190 1200 velut
2219 1146 2531 1207 meridiem
2555 1148 2736 1218 (Psal.
2765 1165 2964 1215 xxxvn,
2995 1150 3102 1220 12).
3130 1151 3259 1221 Ipse
3291 1150 3464 1205 faciet
3492 1153 3684 1205 rectos

2030 1249 2243 1288 cursus
2277 1240 2431 1300 tuos,
2456 1241 2512 1291 et
2537 1236 2749 1292 itinera
2783 1243 2882 1293 tua
2908 1238 2967 1293 in
3001 1254 3147 1311 pace
3172 1239 3460 1310 producet
3484 1238 3681 1309 (Prov.

2030 1337 2105 1387 ιν,
2133 1322 2244 1394 2‘7).
2277 1324 2433 1380 Sicut
2458 1325 2731 1396 sprevisti
2763 1329 2923 1398 quod
2940 1328 3308 1398 sperabasin
3336 1327 3574 1391 saeculo,
3605 1342 3678 1382 ne

2029 1410 2090 1465 in
2121 1411 2499 1469 abundantia
2533 1413 2873 1478 divitiarum
2906 1416 3263 1486 gloriareris,
3316 1432 3469 1488 quas
3511 1432 3675 1472 more

2030 1498 2286 1556 ﬁliorum
2308 1503 2539 1572 {,saaculi
2582 1503 2764 1574 hujus
2804 1507 3228 1577 concupiscere
3258 1522 3526 1578 coeperas
3560 1522 3572 1560 :
3601 1507 3684 1562 ita

2029 1603 2192 1645 nunc
2210 1591 2289 1646 ad
2310 1591 2642 1649 tollendum
2658 1595 2864 1667 jugum
2884 1595 3184 1650 Dominiet
3213 1596 3513 1651 sarcinam
3531 1595 3681 1664 ejus,

2029 1677 2086 1732 in
2133 1679 2342 1736 virtute
2373 1684 2474 1736 tua
2515 1697 2638 1736 non
2685 1683 2957 1737 conﬁdas
2992 1700 3005 1749 ;
3039 1687 3097 1737 et
3134 1683 3278 1738 illud
3306 1681 3436 1738 lene
3467 1684 3595 1746 erit,
3627 1686 3683 1738 et

2028 1765 2157 1823 haec
2178 1767 2328 1824 levis
2381 1770 2620 1840 (Matth.
2669 1787 2747 1841 xx,
2791 1771 2881 1838 29,
2915 1773 3028 1843 30).
3064 1773 3288 1828 Pariter
3315 1773 3542 1844 quippe
3573 1774 3680 1827 im-

2029 1857 2364 1927 probantur
2377 1859 2436 1914 ln
2459 1860 2694 1915 Psalmo
2712 1866 2767 1916 et
2786 1861 2886 1932 qui
2908 1861 3220 1917 conﬁdunt
3236 1862 3293 1916 in
3318 1862 3528 1916 virtute
3549 1877 3675 1926 sua,

2030 1950 2086 2000 et
2114 1947 2295 2017 quiin
2322 1947 2690 2003 abundantia
2708 1949 3048 2005 divitiarum
3080 1967 3329 2006 suarum
3352 1950 3683 2020 gloriantur

2030 2035 2216 2104 (Psal.
2247 2039 2538 2107 x1.vm,7).
2574 2040 2724 2108 Ergo
2743 2037 3089 2095 divitiarum
3117 2039 3370 2109 gloriam
3406 2055 3524 2094 non
3552 2039 3680 2109 jam

2029 2123 2323 2190 habebas,
2367 2125 2472 2180 sed
2506 2141 2690 2198 quam
2732 2127 2955 2184 habere
2990 2128 3302 2200 cupiebas,
3339 2126 3680 2199 prudentis-

2031 2213 2179 2268 sime
2227 2215 2656 2286 contempsisti.
2712 2218 2866 2272 Cave
2897 2232 2970 2272 ne
3025 2217 3127 2273 tibi
3177 2216 3461 2289 subrepat
3488 2216 3550 2271 in
3578 2220 3679 2272 tua

2030 2302 2242 2358 virtute
2275 2304 2605 2375 conﬁdere;
2632 2309 2812 2361 homo
2829 2322 2890 2361 es
2913 2307 3092 2372 enim,
3119 2311 3174 2362 et
3191 2306 3542 2363 maledictus
3561 2322 3688 2361 om-

2028 2391 2124 2446 nis
2156 2392 2261 2463 qui
2296 2408 2465 2463 spem
2497 2409 2669 2450 suam
2700 2395 2868 2466 ponit
2898 2395 2956 2451 in
2986 2395 3229 2452 homine
3258 2396 3496 2468 (Jerem.
3539 2411 3684 2462 xvn,

2028 2480 2107 2550 5).
2144 2480 2257 2537 Sed
2290 2480 2465 2553 plane
2488 2482 2546 2537 in
2571 2486 2683 2539 Deo
2717 2489 2816 2540 tuo
2845 2490 2967 2541 toto
2990 2485 3169 2541 corde
3196 2484 3452 2551 conﬁde,
3478 2489 3535 2540 et
3558 2485 3688 2556 ipse

2029 2569 2135 2624 erit
2166 2568 2348 2623 virtus
2393 2575 2512 2638 tua,
2565 2571 2626 2626 in
2680 2589 2804 2643 qua
2832 2574 2969 2644 pius
3020 2581 3350 2646 gratusque
3389 2573 3686 2640 conﬁdas,

2029 2658 2125 2713 cui
2151 2657 2319 2714 dicas
2335 2658 2709 2716 humiliteret
2736 2661 3008 2732 ﬁdeliter,
3035 2664 3291 2733 Diligam
3314 2671 3387 2726 te,
3416 2663 3682 2728 Domine,

2029 2747 2218 2803 virtus
2255 2763 2382 2803 mea
2427 2750 2616 2817 (Psal.
2651 2766 2791 2814 xvu,
2841 2752 2895 2823 2)
2932 2770 2944 2806 :
2996 2753 3138 2823 quia
3169 2757 3226 2808 et
3268 2753 3396 2823 ipsa
3431 2751 3690 2807 charitas

2032 2836 2152 2902 Dei,
2186 2852 2321 2907 quae
2350 2837 2610 2908 perfecta
2641 2837 2801 2893 foras
2830 2840 3002 2895 mittit
3028 2841 3299 2896 timorem
3329 2840 3374 2911 (Ι
3405 2840 3581 2896 Joan.
3609 2855 3688 2905 1v,

2034 2926 2142 2996 t8),
2177 2941 2298 2980 non
2328 2941 2432 2997 per
2457 2926 2604 2980 vires
2624 2931 2878 2992 nostras,
2904 2928 2964 2982 id
2985 2934 3072 2983 est
3102 2929 3428 2991 humanas,
3462 2927 3686 2982 diﬁun-

2027 3015 2185 3069 ditur
2214 3017 2273 3070 in
2295 3013 2577 3070 cordibus
2597 3017 2832 3082 nostris,
2867 3017 2970 3071 sed
2999 3017 3148 3070 sicut
3169 3016 3311 3071 dicit
3341 3015 3683 3087 Apostolus,

2025 3119 2135 3172 per
2184 3103 2479 3172 Spiritum
2521 3109 2792 3160 sanctum
2819 3105 2924 3176 qui
2968 3106 3146 3162 datus
3173 3111 3256 3162 est
3292 3104 3460 3160 nobis
3491 3103 3678 3175 (Rom.

2031 3207 2087 3258 v,
2122 3192 2197 3264 5).

2102 3301 2153 3354 3.
2195 3296 2384 3366 Vigila
2408 3312 2550 3367 ergo
2581 3302 2636 3354 et
2685 3313 2811 3364 ora,
2863 3313 2936 3354 ne
2968 3299 3149 3354 intres
3187 3299 3248 3354 in
3292 3298 3680 3355 tentationem

2030 3387 2242 3456 (Marc.
2292 3403 2408 3452 xw,
2454 3388 2564 3456 38).
2605 3389 2740 3458 lpsa
2785 3388 3011 3460 quippe
3055 3388 3246 3443 oratio
3288 3388 3575 3444 admonet
3622 3391 3677 3444 te

2030 3475 2194 3548 quod
2229 3475 2500 3546 indigeas
2514 3475 2808 3547 adjutorio
2836 3477 3072 3531 Domini
3096 3475 3200 3543 tui,
3227 3492 3300 3532 ne
3323 3493 3491 3548 spem
3523 3476 3678 3532 bene

2033 3564 2336 3620 vivendiin
2367 3572 2646 3636 teponas.
2677 3566 2824 3622 Oras
2857 3567 3150 3621 enimnon
3171 3566 3299 3637 jam
3331 3570 3394 3620 ut
3424 3565 3684 3638 accipias

2031 3653 2268 3709 divitias
2301 3657 2355 3708 et
2388 3653 2649 3709 honores
2695 3654 3004 3724 prmsentis
3036 3654 3259 3721 saeculi,
3309 3659 3411 3710 aut
3455 3653 3684 3727 aliquid

2031 3742 2306 3797 vanitatis
2356 3742 2655 3807 humanm,
2697 3742 2803 3798 sed
2834 3758 2907 3797 ne
2941 3742 3119 3798 intres
3151 3743 3210 3798 in
3243 3742 3623 3798 tentationem
3661 3759 3674 3798 :

2031 3831 2194 3902 quod
2220 3830 2422 3902 utique
2450 3830 2499 3886 si
2527 3831 2711 3887 homo
2739 3831 2849 3886 sibi
2869 3837 3152 3902 prmstare
3173 3836 3377 3903 posset
3407 3831 3682 3902 volendo,

2032 3935 2155 3975 non
2185 3926 2530 3990 posceretur
2553 3919 2804 3976 orando.
2838 3919 3232 3991 Quapropter,
3270 3925 3330 3974 ut
3353 3935 3475 3975 non
3505 3919 3687 3975 intre-

2035 4023 2171 4063 mus
2210 4008 2270 4062 in
2315 4008 2726 4074 tentationem,
2769 4009 2817 4064 si
2851 4008 3128 4065 voluntas
3185 4008 3501 4074 sufﬁceret,
3561 4022 3684 4064 non

2032 4112 2342 4153 oraremus
2376 4115 2389 4164 ;
2431 4113 2570 4170 qua;
2608 4103 2809 4154 tamen
2838 4098 2886 4153 si
2919 4101 3169 4166 deesset,
3204 4113 3314 4154 nec
3345 4112 3516 4153 orare
3545 4112 3682 4168 pos-

2033 4202 2257 4242 semus.
2299 4185 2466 4242 Adsit
2512 4201 2654 4257 ergo
2698 4190 2760 4242 ut
2795 4186 3065 4252 velimus,
3098 4202 3344 4242 oremus
3376 4191 3576 4242 autem
3623 4190 3687 4243 ut

2032 4274 2338 4332 valeamus
2359 4274 2524 4348 quod
2541 4276 2925 4341 voluerimus,
2943 4292 3079 4330 cum
3098 4275 3233 4347 ipso
3251 4275 3515 4331 donante
3528 4280 3684 4332 recte

2034 4363 2429 4436 sapuerimus.
2466 4364 2635 4428 Quod
2675 4363 2903 4419 bonum
2943 4363 3236 4434 quoniam
3266 4364 3393 4433 jam
3425 4363 3680 4434 coepisti,

2031 4458 2118 4509 est
2148 4453 2308 4508 unde
2334 4452 2559 4522 gratias
2582 4468 2748 4521 agas.
2782 4452 2932 4516 Quid
2955 4452 3116 4506 enim
3146 4451 3336 4506 habes
3360 4451 3526 4522 quod
3559 4466 3680 4506 non

2033 4541 2373 4613 accepisti?
2404 4541 2459 4596 Si
2507 4545 2707 4596 autem
2739 4539 3044 4609 accepisti,
3097 4555 3240 4594 cave
3294 4555 3367 4594 ne
3411 4538 3678 4611 glorieris

2029 4628 2202 4702 quasi
2231 4644 2351 4683 non
2378 4628 2676 4699 acceperis
2715 4628 2759 4699 (Ι
2791 4627 2925 4683 Cor.
2969 4644 3045 4695 ιν,
3091 4629 3170 4697 7),
3201 4627 3314 4682 hoc
3367 4632 3474 4693 est,
3503 4628 3680 4699 quasi

2031 4734 2103 4774 ex
2133 4721 2190 4772 te
2219 4717 2350 4787 ipso
2377 4715 2596 4771 habere
2630 4716 2909 4787 potueris.
2935 4717 3137 4771 Sciens
3169 4719 3368 4771 autem
3393 4716 3553 4771 unde
3577 4731 3677 4771 ac-

2033 4805 2277 4878 ceperis,
2298 4805 2374 4861 ab
2391 4804 2489 4861 illo
2513 4807 2644 4877 pete
2669 4811 2726 4859 ut
2756 4804 3116 4876 perﬁciatur,
3136 4821 3172 4860 a
3202 4821 3325 4877 quo
3355 4804 3566 4860 datum
3591 4809 3680 4860 est

2033 4900 2098 4951 ut
2123 4895 2498 4967 inciperetur.
2519 4895 2664 4949 Cum
2693 4893 2901 4949 timore
2924 4894 3126 4966 itaque
3155 4899 3210 4950 et
3237 4899 3488 4950 tremore
3517 4899 3682 4949 tuam

2033 4984 2286 5040 salutem
2321 4998 2590 5055 operare.
2618 4983 2771 5037 Deus
2804 4988 2893 5037 est
2919 4983 3078 5038 enim
3104 4983 3207 5054 qui
3240 4988 3523 5054 operatur
3548 4982 3606 5037 in
3630 4985 3682 5038 te

2034 5078 2090 5130 et
2109 5073 2272 5137 velle,
2306 5078 2362 5128 et
2387 5072 2690 5144 perﬁcere,
2719 5087 2829 5143 pro
2858 5071 3020 5127 bona
3051 5073 3353 5127 voluntate
3386 5071 3678 5142 (Philipp.

2033 5179 2090 5229 ιι,
2126 5165 2210 5230 12,
2243 5163 2366 5228 13);
2400 5160 2686 5234 quoniam
2719 5166 3091 5231 prmparatur
3112 5160 3392 5215 voluntas
3424 5175 3460 5215 a
3487 5159 3682 5215 Domi-

2033 5269 2112 5308 no
2147 5252 2343 5325 (Prov.
2372 5268 2485 5314 Vlll,
2519 5252 2607 5315 35,
2649 5265 2763 5306 sec.
2809 5251 2982 5320 LXX),
3029 5256 3207 5320 atque
3236 5250 3312 5305 ab
3347 5250 3480 5321 ipso
3512 5265 3678 5318 gres-

2036 5360 2138 5398 sus
2170 5343 2430 5398 hominis
2467 5340 2824 5411 diriguntur,
2857 5347 2913 5394 et
2945 5339 3100 5394 viam
3135 5339 3264 5412 ejus
3310 5339 3463 5393 volet
3500 5338 3681 5402 (Psal.

2032 5448 2236 5496 xxxvn,
2269 5431 2379 5501 23).
2404 5433 2534 5485 Haec
2567 5429 2846 5498 cogitatio
2875 5435 3082 5484 sancta
3115 5429 3370 5483 servabit
3395 5435 3465 5494 te,
3501 5436 3562 5483 ut
3594 5445 3686 5484 sa-

2033 5520 2254 5592 pientia
2289 5526 2385 5574 tua
2407 5519 2594 5588 pietas
2623 5517 2695 5571 sit
2728 5532 2740 5580 ;
2775 5517 2834 5571 id
2863 5525 2971 5580 est,
3007 5523 3064 5572 ut
3094 5533 3165 5573 ex
3197 5517 3316 5574 Deo
3347 5517 3425 5572 sis
3457 5517 3678 5586 bonus,

2032 5613 2091 5664 et
2122 5608 2329 5664 Christi
2370 5606 2570 5677 gratia:
2594 5622 2714 5662 non
2738 5607 3027 5677 ingratus.

2113 5718 2171 5773 4.
2200 5715 2548 5772 Desiderant
2575 5720 2630 5771 te
2657 5717 2937 5789 parentes
2963 5713 3346 5782 tui,;ﬁdeliter
3368 5718 3684 5784 congratu-
