4138 6172
255 155 364 218 993

254 283 559 344 ambobus
581 282 756 341 nobis
768 280 1216 356 charissimum,
1239 288 1306 341 ut
1320 284 1548 359 aliquid
1569 286 1673 343 tibi
1697 286 1904 360 loque-

251 388 366 440 rer,
399 389 522 430 non
552 389 662 447 pro
677 374 936 445 potentia
969 378 1091 439 tua,
1120 379 1176 430 et
1200 374 1426 431 honore
1453 391 1634 448 quem
1668 376 1821 446 geris
1847 375 1906 430 in

249 463 367 520 isto
389 461 609 519 seculo
643 461 931 531 maligno,
987 478 1096 518 nec
1127 478 1236 535 pro
1267 464 1678 520 incolumitate
1708 462 1908 520 carnis

251 557 367 608 tuae
400 551 802 624 corruptibilis
817 557 997 624 atque
1031 552 1319 618 mortalis,
1347 552 1493 625 quia
1513 558 1569 609 et
1594 553 1724 624 ipsa
1747 558 1910 609 trau-

249 640 456 697 sitoria
480 647 590 706 est,
635 645 692 696 et
734 639 1029 711 quamdiu
1059 640 1150 707 sit,
1183 656 1423 713 semper
1449 641 1742 698 incertum
1773 645 1863 696 est
1891 656 1905 706 ;

247 729 355 785 sed
379 744 490 802 pro
519 728 620 784 illa
649 728 842 784 salute
877 744 1061 801 quam
1092 728 1266 785 nobis
1302 729 1577 802 promisit
1606 730 1864 786 Christus
1891 746 1906 788 ε

245 818 350 891 qui
374 823 693 891 propterea
719 816 814 872 hic
841 816 1249 873 exhonoratus
1271 824 1450 891 atque
1469 819 1786 874 cruciﬁxus
1800 822 1907 883 est,

248 913 313 964 ut
327 908 570 964 doceret
587 922 696 963 nos
711 906 872 964 bona
893 907 1073 979 hujus
1090 907 1295 964 saeculi
1311 909 1503 979 magis
1526 912 1911 964 contemnere

249 1012 438 1070 quam
470 995 737 1068 diligere,
794 1001 850 1052 et
881 996 996 1053 hoc
1040 1011 1246 1052 amare
1295 1002 1351 1053 et
1404 1011 1645 1069 sperare
1679 996 1758 1052 ab
1789 995 1907 1062 illo,

251 1085 418 1159 quod
450 1085 508 1141 in
538 1101 649 1143 sua
678 1086 1109 1142 resurrectione
1158 1087 1531 1143 monstravit.
1577 1087 1914 1143 Resurrexit

245 1175 410 1232 enim
441 1187 478 1231 a
509 1174 779 1240 mortuis,
799 1189 909 1230 nec
936 1175 1065 1245 jam
1101 1175 1368 1242 moritur,
1396 1181 1455 1232 et
1484 1191 1646 1232 mors
1675 1176 1726 1231 ei
1759 1175 1911 1232 ultra

248 1288 373 1329 non
394 1270 808 1328 dominabitur
832 1271 1024 1343 (Rom.
1057 1288 1135 1337 v1,
1158 1271 1236 1343 9).

321 1365 375 1416 2.
407 1362 540 1418 Scio
570 1375 692 1417 non
718 1360 930 1417 deesse
959 1360 1240 1417 homines
1261 1362 1366 1434 qui
1399 1367 1452 1419 te
1479 1360 1815 1418 secundum
1833 1361 1914 1418 vi-

247 1453 372 1508 tam
399 1449 608 1506 mundi
633 1449 814 1521 hujus
840 1449 1112 1522 diligunt,
1140 1456 1198 1506 et
1220 1450 1559 1506 secundum
1585 1450 1780 1522 ipsam
1810 1447 1912 1506 tibi

251 1539 399 1596 dant
421 1539 689 1610 consilia,
723 1538 1052 1612 aliquando
1071 1538 1258 1608 utilia,
1286 1539 1616 1612 aliquando
1643 1538 1872 1595 inutilia
1897 1554 1913 1605 ;

250 1629 398 1702 quia
433 1629 711 1685 homines
751 1633 910 1694 sunt,
950 1633 1004 1684 et
1036 1629 1188 1684 sicut
1230 1635 1484 1701 possunt
1528 1628 1604 1685 ad
1647 1643 1914 1700 praesens

252 1717 515 1790 sapiunt,
535 1717 864 1774 nescientes
885 1716 1034 1790 quid
1051 1717 1355 1789 contingat
1379 1718 1649 1790 sequenti
1670 1716 1786 1773 die.
1812 1717 1912 1772 Se-

252 1806 520 1864 cundum
555 1811 752 1864 autem
798 1805 986 1862 Deum
1036 1822 1110 1863 ne
1152 1812 1353 1879 pereat
1391 1808 1596 1863 anima
1633 1811 1752 1871 tua,
1792 1821 1914 1862 non

251 1893 426 1953 facile
459 1895 560 1951 tibi
590 1895 914 1968 quisquam
938 1895 1191 1952 consulit
1223 1913 1237 1964 ;
1266 1911 1382 1951 non
1408 1897 1552 1968 quia
1570 1895 1790 1952 desunt
1809 1896 1914 1967 qui

253 1984 370 2041 hoc
400 1984 639 2050 faciant,
674 1985 779 2042 sed
811 1985 957 2057 quia
986 1983 1224 2040 difﬁcile
1257 1989 1345 2041 est
1373 1984 1637 2041 invenire
1666 1984 1914 2057 quando

254 2078 453 2130 tecum
479 2074 591 2130 ista
621 2079 878 2146 possunt
902 2073 1089 2146 loqui.
1127 2074 1275 2130 Nam
1317 2079 1375 2130 et
1405 2089 1517 2145 ego
1547 2089 1784 2146 semper
1816 2073 1890 2130 de

256 2161 537 2229 sideravi,
569 2167 962 2235 etnuuquam
995 2164 1192 2218 inveni
1225 2162 1424 2219 locum
1452 2163 1542 2218 vel
1575 2169 1829 2235 tempus,
1853 2166 1916 2218 ut

253 2265 496 2322 agerem
529 2257 723 2308 tecum
751 2251 916 2325 quod
949 2267 1044 2307 me
1075 2267 1251 2323 agere
1297 2251 1608 2324 oportebat
1639 2268 1776 2307 cum
1813 2251 1916 2307 ho-

252 2341 416 2397 mine
446 2356 630 2413 quem
660 2340 916 2396 multum
946 2339 1130 2410 diligo
1161 2341 1220 2395 in
1253 2340 1504 2397 Christo.
1550 2341 1673 2397 Scis
1713 2347 1915 2397 autem

253 2429 499 2502 qualem
525 2444 619 2485 me
641 2429 805 2501 apud
833 2429 1165 2501 Hipponem
1192 2429 1438 2496 videris,
1457 2429 1704 2501 quando
1718 2429 1797 2486 ad
1819 2445 1914 2486 me

254 2518 456 2576 venire
483 2519 768 2590 dignatus
791 2533 878 2582 es,
901 2518 1045 2590 quia
1068 2520 1162 2574 vix
1182 2518 1491 2591 loquebar,
1516 2518 1915 2575 imbecillitate

252 2608 521 2681 corporis
551 2607 852 2679 fatigatus.
885 2609 1052 2663 Nunc
1068 2623 1230 2678 ergo,
1265 2607 1364 2676 ﬁli,
1397 2608 1538 2664 audi
1562 2625 1677 2679 me,
1703 2608 1916 2664 saltem

251 2713 361 2772 per
378 2698 599 2756 litteras
614 2699 716 2754 tibi
734 2699 1258 2763 sermocinantem,
1279 2714 1432 2771 quas
1445 2699 1504 2754 in
1519 2699 1788 2771 periculis
1803 2700 1916 2755 tuis

252 2802 569 2860 nunquam
608 2787 714 2843 tibi
755 2789 983 2843 mittere
1031 2787 1219 2859 potui,
1270 2788 1601 2860 periculum
1642 2790 1916 2859 cogitans

254 2876 590 2950 perlatoris,
607 2881 663 2933 et
683 2892 898 2933 cavens
919 2892 994 2932 ne
1018 2876 1094 2932 ad
1117 2891 1221 2933 eos
1235 2876 1312 2932 ad
1338 2892 1492 2949 quos
1515 2877 1756 2944 nollem,
1782 2893 1919 2934 mea

255 2966 514 3039 epistola
544 2965 897 3038 perveniret.
935 2965 1100 3021 Unde
1129 2972 1268 3038 peto
1299 2971 1360 3022 ut
1390 2967 1696 3036 ignoscas,
1730 2969 1776 3022 si
1822 2983 1917 3023 me

257 3061 438 3128 putas
471 3055 608 3128 plus
635 3054 899 3112 timuisse
920 3070 1106 3126 quam
1127 3053 1312 3110 debui
1341 3070 1354 3111 :
1386 3059 1586 3111 tamen
1617 3055 1732 3112 dixi
1754 3056 1920 3128 quod

264 3144 457 3201 timui.

336 3237 388 3290 3.
420 3232 572 3289 Audi
610 3247 750 3303 ergo
778 3247 894 3298 me,
936 3230 1058 3288 imo
1087 3232 1406 3289 Dominum
1435 3235 1616 3290 Deum
1648 3238 1920 3291 nostrum

262 3338 371 3396 per
398 3321 793 3378 ministerium
815 3321 1174 3378 inﬁrmitatis
1198 3339 1366 3379 meae.
1388 3322 1596 3380 Recole
1618 3323 1812 3396 qualis
1834 3323 1922 3380 fu-

261 3412 404 3478 eris,
418 3411 615 3468 adhuc
639 3411 695 3466 in
716 3426 961 3483 corpore
974 3412 1295 3468 constituta
1307 3412 1599 3482 religiosae
1617 3415 1920 3469 memoria:

260 3502 460 3574 priore
485 3500 738 3573 conjuge
766 3506 888 3566 tua,
921 3505 977 3556 et
1003 3501 1220 3557 recenti
1251 3500 1380 3572 ejus
1415 3502 1582 3558 obitu
1610 3503 1920 3575 quomodo

262 3590 371 3648 tibi
403 3590 635 3646 vanitas
675 3588 874 3645 saeculi
916 3588 1098 3660 hujus
1144 3589 1458 3657 horruerit,
1515 3597 1571 3647 et
1612 3591 1921 3664 quomodo

260 3677 634 3751 concupieris
665 3679 1006 3734 servitutem
1040 3678 1160 3735 Dei.
1189 3681 1305 3735 Nos
1337 3681 1639 3747 novimus,
1674 3697 1782 3737 nos
1814 3689 1922 3737 tes-

260 3774 349 3828 tes
375 3783 585 3824 sumus
606 3767 752 3841 quid
772 3766 1085 3824 nobiscum
1110 3768 1275 3840 apud
1292 3767 1607 3825 Tubunas'
1625 3770 1698 3826 de
1715 3771 1920 3828 animo

259 3863 319 3914 et
346 3857 646 3914 voluntate
679 3862 779 3913 tua
808 3855 991 3913 fueris
1030 3856 1381 3914 collocutus.
1414 3858 1532 3914 Soli
1564 3864 1758 3915 tecum
1790 3877 1922 3917 era-

261 3963 419 4014 mus,
451 3960 563 4017 ego
584 3951 640 4001 et
660 3944 838 4001 frater
864 3945 1141 4018 Alypius.
1173 3948 1300 4002 Non
1321 3947 1480 4002 enim
1501 3949 1772 4005 existimo
1794 3954 1922 4005 tan-

262 4041 392 4094 tum
418 4035 679 4094 valuisse
709 4038 973 4092 terrenas
1004 4050 1178 4091 curas
1196 4037 1414 4108 quibus
1437 4036 1716 4109 impletus
1742 4054 1826 4104 es,
1859 4045 1921 4096 ut

260 4124 463 4183 hocde
475 4123 770 4181 memoria
787 4129 890 4181 tua
903 4124 1138 4196 penitus
1154 4125 1350 4181 delere
1367 4126 1684 4198 potuerint.
1698 4130 1920 4200 Nempe

262 4229 476 4272 omnes
492 4219 658 4270 actus
676 4213 971 4286 publicos,
988 4214 1209 4286 quibus
1227 4221 1556 4287 occupatus
1573 4232 1728 4283 eras,
1748 4217 1920 4273 relin-

263 4318 449 4377 quere
467 4302 770 4375 cupiebas,
797 4306 855 4358 et
872 4302 997 4358 tein
1020 4303 1211 4358 otium
1230 4309 1506 4360 sanctum
1529 4305 1818 4374 conferre,
1837 4313 1921 4363 at-

263 4407 382 4466 que
412 4391 473 4448 in
504 4407 574 4449 ea
599 4392 720 4449 vita
745 4392 941 4447 vivere
964 4391 1024 4446 in
1048 4407 1172 4464 qua
1211 4393 1365 4448 servi
1395 4394 1493 4450 Dei
1524 4396 1806 4452 monachi
1840 4397 1919 4453 vi-

260 4485 424 4538 vunt.
461 4479 527 4538 Ut
559 4487 759 4538 autem
790 4496 911 4537 non
938 4480 1183 4546 faceres,
1210 4482 1358 4554 quid
1385 4489 1437 4539 te
1462 4486 1780 4553 revocavit,
1805 4486 1922 4541 nisi

259 4570 406 4643 quia
443 4567 853 4636 considerasti,
895 4569 1352 4625 ostendentibus
1391 4572 1587 4641 nobis,
1624 4579 1922 4645 quantum

263 4659 574 4731 prodesset
606 4657 824 4713 Christi
856 4657 1126 4713 Ecclesiis
1156 4660 1320 4730 quod
1353 4660 1598 4731 agebas,
1627 4662 1673 4715 si
1696 4677 1768 4719 ea
1797 4663 1923 4718 sola

259 4747 588 4804 intentione
600 4763 826 4818 ageres,
848 4753 912 4802 ut
929 4746 1278 4803 defensaaab
1293 4747 1776 4805 infestationibus
1789 4753 1923 4808 bar-

260 4836 550 4893 barorum
579 4837 844 4908 quietam
866 4842 922 4891 et
949 4837 1333 4908 tranquillam
1352 4839 1536 4893 vitam
1554 4847 1818 4909 agerent,
1849 4842 1923 4896 si-

262 4924 944 4998 cutdicitApostolus,In
959 4924 1410 4994 omnipietateet
1422 4929 1756 5001 castitate(l
1779 4928 1920 4986 Tim.

261 5029 324 5081 υ,
353 5018 409 5080 2)
443 5029 457 5081 ;
487 5018 547 5070 tu
575 5023 774 5070 autem
801 5029 873 5070 ex
902 5014 1016 5070 hoc
1040 5016 1267 5070 mundo
1289 5016 1437 5072 nihil
1456 5031 1776 5089 quaereres,
1811 5021 1923 5076 nisi

261 5118 335 5163 ea
355 5121 492 5178 quas
515 5105 857 5161 necessaria
879 5104 1221 5161 essenthuic
1237 5107 1366 5162 vitae
1387 5109 1794 5165 sustentandae
1808 5117 1922 5168 tua:

262 5200 601 5257 actuorum,
626 5195 930 5250 accinctus
945 5193 1141 5251 balteo
1154 5196 1918 5269 castissimaacontinentiaa,

261 5288 320 5340 et
348 5283 501 5339 inter
534 5298 706 5339 arma
725 5282 1064 5355 corporalia
1085 5284 1492 5355 spiritualibus
1525 5288 1706 5344 armis
1736 5290 1918 5346 tutius

260 5371 592 5445 fortiusque
616 5373 883 5429 munitus
914 5373 942 5430 ?

335 5464 390 5518 4.
421 5463 569 5519 Cum
582 5476 724 5532 ergo
757 5467 809 5518 te
822 5477 949 5518 esse
969 5461 1156 5534 in_hoc
1174 5465 1478 5538 proposito
1491 5468 1918 5536 gauderemus,

327 5635 342 5664 ¹
371 5633 431 5683 In
460 5630 604 5697 Mss:
618 5645 813 5684 novem
849 5637 1176 5694 constanter,
1219 5632 1457 5684 Tubunas
1493 5644 1510 5688 :
1539 5639 1590 5686 et
1619 5637 1777 5697 intra,
1824 5637 1917 5689 Tu-

264 5695 432 5757 bunis,
459 5700 528 5762 et,
564 5696 906 5749 Tubunensia.
938 5699 1022 5750 Er.
1057 5701 1110 5750 et
1149 5698 1296 5758 μου
1344 5698 1606 5758 Tubunas.
1723 5715 1725 5718 ‘

1485 152 1992 218 EPISTOLARUM
2031 151 2320 214 CLASSIS
2358 151 2462 214 III.

3568 153 3674 216 994

2023 278 2347 351 navigasti,
2379 291 2750 350 uxoremque
2769 277 2991 335 duxisti
3026 295 3039 336 :
3070 278 3176 336 sed
3205 280 3674 352 navigasseobe-

2015 371 2255 428 dientias
2283 369 2408 433 fuit,
2441 383 2627 439 quam
2659 369 2993 423 secundum
3024 369 3374 440 Apostolum
3398 372 3665 430 debebas

2017 457 2469 515 sublimioribus
2492 458 2872 527 potestatibus
2905 457 3084 527 (Rom.
3127 474 3248 527 xm,
3287 460 3335 530 1)
3369 478 3382 512 :
3419 477 3667 518 uxorem

2016 552 2217 603 autem
2242 559 2364 600 non
2396 544 3183 617 duxisses,nisisusceptam
3216 549 3499 604 deserens
3528 566 3670 607 con-

2015 635 2325 692 tinentiam
2338 632 2824 704 concupiscentia
2837 633 3026 690 victus
3041 637 3396 701 esses.Quod
3408 652 3518 707 ego
3533 655 3672 695 cum

2016 722 2465 795 comperissem,
2498 721 2707 791 fateor,
2754 722 3002 778 miratus
3035 724 3321 796 obstupui
3353 742 3365 781 :
3400 726 3671 782 dolorem

2017 818 2220 870 autem
2252 828 2455 868 meum
2483 827 2555 867 ex
2581 811 2786 883 aliqua
2817 819 2983 883 parte
3015 815 3460 884 consolabatur,
3505 816 3672 888 quod

2017 901 2216 958 audivi
2246 906 2298 957 te
2332 901 2494 956 illam
2509 900 2726 956 ducere
2752 900 3041 968 noluisse,
3067 901 3178 956 nisi
3199 902 3363 974 prius
3378 905 3673 962 catholica

2018 990 2224 1046 fuisset
2253 990 2403 1046 facta
2436 1009 2448 1059 ;
2483 995 2538 1045 et
2561 995 2760 1046 tamen
2795 990 3041 1046 haeresis
3085 1007 3292 1048 eorum
3323 993 3426 1064 qui
3459 1011 3666 1051 verum

2018 1079 2229 1135 Filium
2253 1080 2354 1135 Dei
2390 1085 2632 1150 negant,
2662 1085 2894 1136 tantum
2918 1081 3224 1152 praevaluit
3244 1083 3305 1137 in
3331 1085 3514 1139 domo
3547 1091 3668 1152 tua,

2022 1174 2085 1224 ut
2102 1169 2178 1224 ab
2206 1168 2353 1241 ipsis
2379 1168 2500 1225 ﬁlia
2525 1175 2624 1224 tua
2655 1169 3075 1240 baptizaretur.
3095 1173 3391 1237 Jamvero,
3411 1172 3457 1226 si
3470 1173 3546 1228 ad
3563 1189 3673 1229 nos

2020 1273 2140 1314 non
2172 1258 2325 1314 falsa
2347 1257 2574 1330 perlata
2603 1265 2760 1324 sunt,
2795 1275 2929 1331 quae
2946 1261 3174 1316 utinam
3191 1261 3337 1317 falsa
3352 1262 3673 1334 sint,quod

2021 1346 2258 1420 abipsis
2271 1347 2564 1404 haireticis
2579 1349 2756 1404 etiam
2771 1349 2997 1405 ancillae
3033 1353 3149 1406 Deo
3176 1351 3386 1406 dicatae
3415 1352 3673 1423 rebapti-

2019 1443 2162 1492 zatae
2192 1438 2328 1502 sint,
2357 1437 2860 1509 quantistantum
2883 1439 3111 1495 malum
3139 1440 3551 1512 plangendum
3583 1445 3673 1498 est

2020 1525 2284 1581 fontibus
2309 1526 2714 1598 lacrymarum
2747 1525 2774 1580 ?
2803 1528 2999 1598 Ipsam
3015 1544 3254 1600 quoque
3287 1546 3521 1586 uxorem
3550 1545 3673 1586 non

2019 1614 2470 1678 tibisuﬁ'ecisse,
2503 1616 2606 1670 sed
2645 1619 3125 1673 concubinarum
3164 1619 3366 1674 nescio
3411 1635 3671 1690 quarum

2021 1704 2446 1760 commixtione
2476 1704 2770 1776 pollutum
2802 1705 3127 1777 loquuntur
3152 1707 3451 1773 homines,
3485 1707 3673 1764 etfor-

2022 1793 2176 1850 sitan
2199 1794 2589 1851 mentiuntur.

2093 1888 2143 1938 5.
2177 1883 2297 1938 Ista
2323 1898 2460 1954 qum
2477 1883 2760 1939 omnibus
2774 1888 3072 1956 patenttot
3093 1889 3148 1940 et
3174 1890 3340 1941 tanta
3353 1885 3674 1958 mala,quae

2021 1987 2057 2028 a
2070 1977 2548 2044 te,posteaquam
2566 1973 2699 2045 conj
2712 1981 2924 2043 ugatus
2939 1980 3348 2042 es,consecuta
3363 1977 3676 2048 sunt,quid

2021 2076 2134 2130 ego
2192 2061 2390 2117 dicam
2419 2063 2435 2096 ¹
2469 2063 2498 2119 ‘I
2530 2062 2904 2118 Christianus
2938 2079 2999 2119 es
3055 2079 3158 2120 cor
3209 2064 3420 2130 habes,
3486 2069 3673 2121 Deum

2019 2152 2196 2207 times
2226 2167 2238 2207 :
2269 2155 2329 2206 tu
2357 2151 2485 2222 ipse
2516 2151 2831 2207 considera
2859 2169 2994 2224 quas
3023 2153 3164 2210 nolo
3196 2153 3413 2220 dicere,
3443 2156 3675 2210 etinve-

2020 2240 2147 2295 nies
2176 2243 2251 2296 de
2281 2241 2522 2312 quantis
2553 2240 2748 2310 magis
2774 2241 2998 2298 debeas
3029 2258 3205 2314 agere
3229 2243 3666 2316 paenitentiam,

2019 2336 2459 2401 propterquam
2484 2330 2584 2385 tibi
2597 2331 2775 2386 credo
2791 2333 3112 2387 Dominum
3131 2348 3453 2404 parcere,ea
3473 2351 3508 2390 a
3523 2335 3674 2405 peri-

2020 2418 2172 2473 culis
2193 2419 2475 2474 omnibus
2503 2420 2776 2485 liberare,
2812 2426 2873 2476 ut
2903 2435 3050 2490 agas
3079 2437 3213 2477 eam
3247 2422 3400 2478 sicut
3433 2422 3671 2493 agenda

2021 2512 2109 2563 est
2137 2525 2150 2576 ;
2179 2507 2284 2563 sed
2297 2509 2344 2562 si
2369 2507 2515 2563 illud
2528 2508 2742 2564 audias
2765 2509 2930 2581 quod
2945 2513 3232 2582 scriptum
3245 2517 3350 2577 est,
3368 2513 3450 2568 Ne
3477 2513 3671 2568 tardes

2022 2596 2287 2654 converti
2315 2598 2395 2653 ad
2422 2598 2761 2662 Dominum,
2791 2613 2978 2669 neque
2989 2600 3229 2670 cii/feras
3242 2601 3313 2657 de
3325 2603 3420 2657 die
3440 2601 3502 2657 in
3517 2602 3670 2672 diem

2021 2686 2227 2754 (Eccli.
2245 2703 2296 2752 v,
2310 2686 2385 2757 8).
2409 2689 2433 2741 J
2444 2692 2638 2743 ustam
2655 2688 2903 2759 quidem
2919 2689 3066 2743 dicis
3088 2690 3309 2745 habere
3325 2696 3379 2746 te
3398 2706 3667 2757 causam,

2022 2776 2195 2846 cujus
2215 2775 2401 2846 judex
2432 2789 2544 2845 ego
2573 2791 2697 2831 non
2727 2792 2882 2844 sum,
2917 2780 3206 2848 quoniam
3231 2788 3430 2850 partes
3461 2780 3674 2836 ambas

2023 2866 2230 2921 audire
2245 2880 2365 2920 non
2393 2879 2671 2936 possum:
2690 2865 2796 2919 sed
2817 2867 3276 2939 qualiscumque
3290 2869 3362 2924 sit
3376 2878 3476 2924 tua
3490 2885 3676 2925 causa

2024 2956 2098 3010 de
2118 2970 2241 3027 qua
2273 2956 2453 3010 modo
2479 2970 2744 3026 quaerere
2773 2955 2864 3010 vel
2893 2956 3196 3026 disputare
3227 2974 3347 3013 non
3369 2974 3523 3028 opus
3549 2966 3671 3025 est;

2025 3043 2322 3115 numquid
2350 3058 2553 3098 coram
2585 3042 2705 3098 Deo
2736 3049 2905 3115 potes
2949 3059 3167 3114 negare
3197 3047 3362 3116 quod
3392 3048 3453 3101 in
3492 3048 3672 3104 istam

2025 3135 2442 3190 necessitatem
2456 3147 2571 3188 non
2586 3135 3106 3204 pervenisses,nisi
3121 3134 3278 3190 bona
3291 3151 3398 3190 saec
3407 3135 3482 3191 uli
3493 3136 3594 3208 huj
3606 3153 3674 3192 us

2024 3223 2352 3288 dilexisses,
2380 3237 2514 3294 quae
2541 3227 2829 3294 tanquam
2859 3237 3064 3277 servus
3093 3225 3211 3289 Dei,
3235 3240 3418 3296 quem
3461 3230 3513 3281 te
3539 3232 3675 3282 ante

2027 3318 2798 3377 noveramus,contemnere
2809 3313 3056 3367 omnino
3069 3319 3125 3368 et
3136 3329 3240 3384 pro
3258 3314 3442 3370 nihilo
3455 3315 3675 3372 habere

2027 3401 2314 3468 debuisti;
2337 3408 2392 3456 et
2410 3401 2613 3457 oblata
2631 3401 2878 3472 quidem
2892 3409 3216 3465 sumere,ut
3231 3405 3314 3458 eis
3340 3404 3582 3460 utereris
3596 3405 3675 3461 ad

2026 3489 2446 3563 pietatem,non
2462 3497 2662 3546 autem
2678 3494 2896 3560 negata
2911 3490 2995 3545 vel
3009 3491 3280 3563 delegata
3295 3496 3378 3548 sic
3397 3509 3675 3566 quaerere,

2028 3587 2092 3635 ut
2141 3587 2382 3652 propter
2411 3579 2512 3634 illa
2547 3580 2607 3634 in
2650 3581 2825 3634 istam
2868 3581 3286 3638 necessitatem
3330 3584 3680 3655 perducere-

2027 3668 2138 3727 ris:
2164 3670 2263 3724 ubi
2294 3685 2431 3724 cum
2467 3673 2750 3724 amantur
2798 3668 3014 3734 bona”,
3035 3678 3452 3743 perpetrantur
3494 3673 3675 3740 mala,

2027 3773 2223 3831 pauca
2263 3758 2510 3831 quidem
2548 3764 2678 3824 ate,
2714 3757 2820 3812 sed
2859 3760 3046 3814 multa
3071 3769 3313 3832 propter
3340 3771 3392 3818 te
3420 3779 3435 3829 ;
3461 3771 3673 3819 etcum

2027 3848 2306 3903 timentur
2324 3863 2459 3919 quas
2490 3848 2567 3902 ad
2594 3849 2880 3917 exiguum
2895 3853 3131 3920 tempus
3148 3856 3386 3917 nocent,
3403 3852 3450 3906 si
3473 3857 3675 3909 tamen

2026 3941 2264 4000 nocent,
2320 3938 2774 3993 committuntur
2805 3954 2876 3995 ea
2918 3955 3054 4011 quae
3085 3955 3220 3996 vere
3265 3942 3325 3996 in
3379 3948 3672 4000 internum

2024 4031 2280 4082 noceant
2302 4025 2332 4080 ‘?

2098 4119 2148 4171 6.
2183 4116 2260 4170 De
2285 4114 2509 4187 quibus
2536 4119 2800 4173 utunum
2817 4116 3045 4189 aliquid
3060 4117 3433 4192 dicam,quis
3451 4137 3572 4178 non
3597 4123 3682 4178 vi-

2023 4204 2160 4262 deat
2175 4205 2341 4277 quod
2356 4205 2522 4262 multi
2537 4207 2812 4262 homines
2829 4208 3282 4266 tibicohaereant
3297 4212 3374 4267 ad
3393 4213 3678 4270 tuendam

2026 4301 2192 4353 tuam
2218 4298 2545 4368 potentiam
2567 4297 2655 4352 vel
2670 4298 3085 4371 salutem,qui,
3101 4301 3331 4356 etiamsi
3347 4301 3448 4357 tibi
3467 4318 3678 4358 omnes

2026 4385 2232 4441 ﬁdeles
2257 4386 2395 4457 sint,
2449 4402 2557 4442 nec
2587 4386 2665 4442 ab
2703 4387 2908 4460 aliquo
2934 4404 3142 4443 eorum
3185 4389 3315 4444 ulla;
3364 4391 3680 4446 timeantur

2027 4474 2275 4539 insidiae,
2310 4490 2525 4547 nempe
2560 4481 2756 4531 tamen
2778 4478 2853 4532 ad
2869 4478 3115 4532 eabona
3139 4493 3273 4548 quas
3295 4479 3408 4548 ipsi
3437 4495 3680 4551 quoque

2027 4577 2151 4618 non
2179 4563 2513 4618 secundum
2546 4564 2863 4630 Deum,sed
2896 4567 3228 4620 secundum
3243 4566 3679 4622 saeculumdili-

2029 4655 2308 4721 gunt,per
2339 4655 2390 4706 te
2408 4652 2655 4722 cupiunt
2672 4655 2982 4724 pervenire
3001 4671 3014 4722 ;
3033 4669 3102 4708 ac
3125 4654 3354 4726 perhoc
3376 4656 3480 4726 qui
3500 4656 3681 4711 refre-

2029 4753 2172 4795 nare
2185 4745 2382 4795 etcom
2392 4755 2629 4811 pescere
2643 4743 2893 4798 debuisti
2909 4745 3264 4815 cupiditates
3281 4751 3514 4812 tuas,ex
3521 4746 3678 4817 plere

2027 4829 2258 4901 cogeris
2274 4830 2536 4886 alienas?
2554 4829 2720 4897 Quod
2752 4841 2812 4888 ut
2837 4834 2957 4900 tiat,
2985 4849 3224 4890 necesse
3238 4845 3325 4892 est
3341 4836 3525 4892 multa
3545 4852 3680 4906 qua:

2030 4921 2148 4976 Deo
2173 4921 2509 4993 displicent,
2534 4921 2680 4977 ﬁant
2703 4937 2840 4977 :nec
2869 4922 2950 4977 sic
2965 4930 3164 4980 tamen
3187 4925 3500 4996 explentur
3531 4927 3676 4980 tales

2029 5010 2383 5082 cupiditates
2411 5027 2556 5068 nam
2582 5011 2810 5067 facilius
2842 5016 3254 5069 resecanturin
3268 5017 3352 5069 eis
3371 5015 3678 5086 quiDeum

2028 5098 2303 5168 diligunt,
2318 5115 2502 5171 quam
2517 5103 2576 5157 in
2590 5102 2789 5173 eisqui
2810 5102 3104 5158 mundum
3118 5103 3389 5173 diligunt,
3411 5103 3678 5175 aliquan-

2028 5187 2099 5243 do
2131 5191 2439 5245 satiantur.
2475 5194 2713 5263 Propter
2738 5189 2912 5264 quod
2934 5191 3076 5246 dicit
3103 5192 3307 5248 divina
3339 5193 3671 5265 Scriptura:

2026 5278 2478 5349 Nolilediligere
2490 5280 2798 5351 mundum,
2818 5295 2923 5336 nec
2958 5295 3027 5336 ea
3053 5295 3179 5352 quae
3193 5281 3255 5336 in
3281 5282 3497 5337 mundo
3522 5289 3678 5340 sunt.

2025 5368 2242 5440 Siquis
2271 5369 2550 5425 dilexerit
2570 5370 2878 5434 mundum.
2906 5369 3138 5426 dilectio
3155 5373 3361 5429 Patris
3388 5380 3602 5430 nonest
3618 5374 3680 5433 in

2090 5514 2212 5577 ‘VSic
2243 5513 2360 5562 Mss.
2401 5515 2468 5562 At
2498 5513 2627 5562 Edd.
2658 5527 2670 5562 :
2706 5512 2811 5563 Ista
2845 5515 3082 5564 omnibus
3129 5521 3325 5577 putent,
3360 5521 3431 5566 tot
3452 5523 3499 5568 et
3530 5522 3675 5568 tanta

2025 5576 2185 5642 inuia.
2223 5580 2394 5642 quiete
2420 5579 2750 5639 posteaquam
2811 5576 3206 5642 conjugatuses,
3243 5585 3508 5631 consecuta
3540 5589 3676 5635 sunt.

2026 5637 2159 5700 Quid
2181 5637 2299 5700 εἱσι)
2313 5637 2497 5695 dicam,
2519 5637 2620 5689 etc:

2087 5704 2106 5735 ³
2137 5702 2221 5754 Sic
2246 5702 2370 5753 Mss.
2400 5703 2468 5752 At
2489 5701 2642 5762 Edd.,
2667 5716 2778 5754 cum
2807 5711 3054 5759 amantur
3083 5716 3246 5761 vana.
