4138 6172
493 126 600 188 995

493 273 556 312 eo
582 271 602 312 .·
626 255 768 328 quia
809 271 976 313 omne
1004 255 1157 328 quod
1187 256 1249 309 in
1281 253 1502 310 mundo
1530 261 1630 323 est,
1671 252 2146 322 concupiscentia

495 346 694 402 carnis
729 352 828 412 est,
855 352 911 402 et
940 341 1417 410 concupiscentia
1459 343 1785 407 oculorum,
1819 349 1874 398 et
1904 341 2147 398 ambitio

493 435 694 492 sweuti
718 451 742 500 ,ο
769 451 894 505 quae
928 448 1044 488 non
1087 437 1172 487 est
1201 446 1236 487 a
1300 430 1496 497 Patre,
1529 433 1632 487 sed
1666 447 1739 488 ea:
1777 433 2000 488 mundo
2030 439 2139 488 est.

495 525 574 579 Et
601 521 1078 578 mundustransit
1093 528 1146 577 et
1163 520 1624 590 concupiscentia
1638 525 1765 591 ejus
1789 539 1808 576 :
1826 521 1929 592 qui
1949 525 2146 577 autem

491 613 646 682 facit
677 613 1034 666 voluntatem
1083 610 1209 673 Dei,
1242 614 1432 666 manet
1460 612 1519 665 in
1568 616 1877 674 aeternum,
1923 609 2068 664 sicut
2096 617 2147 664 et

494 703 644 756 Deus
674 707 867 754 manet
898 698 961 753 in
999 705 1285 754 aeternum
1313 700 1352 769 (Ι
1373 699 1547 755 Joan.
1575 716 1630 762 ιι,
1664 699 1864 769 lii-1‘7).
1893 697 2146 762 Quando

495 805 634 859 ergo
665 788 882 859 poteris
931 792 1017 842 tot
1071 787 1389 842 Dominum
1439 793 1831 853 armatorum,
1884 802 2144 856 quorum

492 877 751 933 fovenda
780 882 866 931 est
888 876 1202 947 cupiditas,
1237 876 1479 931 timetur
1523 876 1806 932 atrocitas
1835 893 1847 942 ;
1873 875 2142 947 quando,

491 968 764 1039 inquam,
799 967 1018 1037 poteris
1034 982 1239 1020 eorum
1254 966 1759 1035 concupiscentia,
1775 965 1879 1036 qui
1892 964 2147 1033 diligunt

497 1057 812 1125 mundum,
825 1070 942 1110 non
956 1056 1089 1110 dico
1103 1056 1508 1127 satiare,quod
1525 1055 1648 1110 fieri
1664 1055 1827 1110 nullo
1849 1054 2029 1109 modo
2046 1069 2146 1125 po-

493 1150 626 1214 test,
658 1144 762 1200 sed
800 1145 1004 1216 aliqua
1020 1161 1090 1200 ex
1109 1151 1275 1214 parte
1307 1160 1575 1215 pascere,
1601 1160 1673 1198 ne
1707 1145 1984 1199 universa
2007 1143 2144 1214 plus

494 1233 914 1307 pereant‘,nisi
933 1239 990 1287 tu
1004 1232 1184 1288 facias
1198 1249 1333 1304 qua:
1353 1235 1502 1288 Deus
1517 1233 1872 1304 prohibet,et
1887 1232 2148 1288 facienti-

498 1323 608 1379 bus
622 1323 1046 1378 comminatur?
1063 1322 1473 1392 PrOpterquod
1489 1321 1654 1376 vides
1670 1327 1790 1376 tam
1808 1322 1996 1377 multa
2009 1335 2147 1376 con-

494 1413 852 1482 trita,utjam
867 1412 975 1466 vile
992 1411 1207 1481 aliquid
1223 1411 1368 1482 quod
1387 1409 1773 1482 rapiatur,vix
1789 1411 2153 1466 inveniatur.-

563 1503 616 1557 7.
650 1501 802 1566 Quid
824 1507 1022 1556 autem
1041 1502 1238 1555 dicam
1266 1501 1340 1555 de
1364 1501 1688 1556 vastatione
1712 1501 1940 1566 Africa,
1959 1516 2146 1573 quam

494 1591 721 1646 faciunt
742 1590 860 1646 Afri
877 1590 1134 1654 barbari,
1160 1589 1467 1644 resistente
1489 1589 1901 1654 nullo,dumtu
1925 1589 2148 1644 talibus

497 1680 611 1735 tuis
643 1679 1095 1734 necessitatibus
1142 1679 1474 1748 occuparis,
1505 1691 1613 1733 nec
1645 1677 1872 1749 aliquid
1904 1679 2147 1734 ordinas

495 1768 655 1824 unde
669 1768 783 1822 ista
799 1767 1106 1823 calamitas
1119 1767 1454 1823 avertatur?
1469 1767 1610 1831 Quis
1632 1772 1831 1822 autem
1859 1768 2144 1832 crederet,

497 1859 631 1929 quis
673 1857 921 1922 timeret,
976 1856 1273 1911 Bonifacio
1323 1856 1793 1911 domesticorum
1837 1863 1892 1911 et
1941 1857 2146 1912 Africae

497 1947 712 2002 comite
726 1947 782 1999 in
801 1945 988 2000 Africa
1001 1945 1318 2000 constituto
1333 1960 1471 1999 cum
1497 1951 1617 1999 tam
1648 1959 1869 2014 magno
1889 1946 2148 2001 exercitu

497 2040 554 2091 et
604 2039 910 2106 potestate,
962 2033 1064 2105 qui
1108 2033 1380 2088 tribunus
1420 2049 1558 2088 cum
1601 2034 1806 2104 paucis
1847 2033 2148 2090 fmderatis

494 2139 703 2180 omnes
718 2125 883 2195 ipsas
902 2128 1106 2192 gentes
1117 2122 1524 2193 expugnando
1545 2123 1888 2178 etterrendo
1903 2139 2149 2194 pacave-

490 2219 601 2278 rat,
631 2229 792 2268 nunc
819 2217 1049 2268 tantum
1071 2211 1249 2267 fuisse
1281 2211 1573 2267 barbaros
1607 2227 1881 2278 ausuros,
1915 2219 2148 2268 tantum

492 2307 1115 2376 progressuros,tanta
1131 2306 1656 2372 vastaturos,tanta
1668 2307 1968 2372 rapturos,
1991 2307 2150 2358 tanta

496 2391 624 2448 loca
655 2407 790 2464 quae
819 2392 994 2463 plena
1025 2391 1268 2461 populis
1301 2390 1552 2455 fuerant,
1583 2389 1819 2446 deserta
1837 2391 2094 2447 facturos
2122 2391 2151 2444 ?

498 2480 606 2546 Qui
647 2495 766 2535 non
807 2479 1089 2534 dicebant
1137 2478 1644 2549 quandocumque
1685 2484 1747 2534 tu
1805 2480 2149 2534 comitivam

493 2584 758 2625 sumeres
772 2571 1140 2639 potestatem,
1151 2565 1307 2621 Afros
1323 2566 1746 2630 barbaros,non
1761 2567 1950 2623 solum
1962 2568 2149 2623 domi-

493 2663 604 2722 tos,
630 2657 735 2712 sed
750 2657 926 2710 etiam
947 2655 1290 2710 tributarios
1318 2655 1548 2712 futuros
1565 2656 1852 2712 Romanas
1870 2656 2151 2728 reipubli-

497 2763 576 2802 cze
589 2744 616 2799 ?
630 2746 693 2800 Et
706 2760 865 2799 nunc
878 2759 1066 2815 quam
1079 2744 1136 2797 in
1152 2744 1516 2798 contrarium
1533 2760 1703 2800 versa
1721 2745 1939 2816 sitspes
1960 2745 2148 2802 homi-

497 2851 644 2891 num
665 2834 830 2888 vides
856 2850 869 2899 ;
902 2832 1248 2888 necdiutius
1262 2833 1400 2887 hinc
1419 2839 1613 2888 tecum
1646 2833 2018 2903 loquendum
2040 2840 2146 2903 est,

493 2924 637 2996 quia
669 2922 800 2994 plus
830 2938 900 2977 ea
932 2928 990 2976 tu
1019 2927 1186 2993 potes
1216 2922 1476 2990 cogitare
1497 2938 1681 2994 quam
1711 2938 1822 2978 nos
1858 2923 2073 2979 dicere.

565 3017 618 3068 8.
645 3012 760 3068 Sed
781 3011 928 3066 forte
959 3011 1036 3066 ad
1065 3027 1134 3066 ea
1156 3011 1506 3082 respondes,
1536 3010 1648 3066 illis
1661 3012 1775 3067 hoc
1789 3028 1918 3068 esse
1942 3014 2147 3084 potius

491 3100 1044 3173 imputandum,qui
1059 3104 1110 3155 te
1123 3099 1528 3173 laeserunt,qui
1548 3101 1662 3156 tuis
1675 3100 1953 3157 ofﬁciosis
1969 3103 2150 3159 virtu-

493 3191 651 3248 tibus
665 3205 780 3243 non
795 3189 1095 3260 paria,sed
1109 3190 1404 3245 contraria
1415 3188 1820 3246 reddiderunt.
1839 3192 1882 3255 Q
1894 3206 1997 3246 uas
2012 3207 2149 3247 cau-

494 3295 592 3335 sas
605 3293 716 3349 ego
729 3278 933 3334 audire
947 3279 1024 3349 etj
1037 3277 1277 3333 udicare
1293 3293 1406 3331 non
1422 3293 1703 3348 possum:
1723 3284 1884 3334 tuam
1896 3295 2146 3337 causam

493 3369 692 3440 potius
719 3369 916 3439 aspice
943 3372 1002 3422 et
1026 3367 1474 3438 inspice,quam
1490 3382 1610 3422 non
1631 3383 1768 3422 cum
1799 3368 2146 3424 hominibus

489 3455 1144 3536 quibuslibet,sedcum
1162 3458 1270 3510 Deo
1284 3455 1505 3511 habere
1521 3460 1572 3512 te
1587 3457 2069 3529 cognoscis;quia
2086 3459 2146 3514 in

491 3546 716 3604 Christo
749 3545 996 3599 ﬁdeliter
1017 3543 1181 3609 vivis,
1199 3545 1394 3615 ipsum
1412 3544 1594 3600 debes
1619 3546 1824 3600 timere
1855 3561 1928 3600 ne
1952 3546 2145 3602 offen-

489 3634 774 3690 das.Nam
797 3649 1009 3688 causas
1026 3647 1138 3702 ego
1153 3634 1491 3705 superiores
1512 3633 1710 3705 potius
1731 3634 2149 3707 attendo,quia

495 3728 554 3777 ut
576 3721 770 3776 Africa
798 3725 963 3776 tanta
986 3721 1146 3776 mala
1176 3721 1455 3792 patiatur,
1481 3721 1604 3776 suis
1631 3721 1851 3778 debent
1876 3723 2147 3780 homines

492 3811 787 3882 imputare
810 3811 1518 3882 peccatis.Verumtamen
1547 3811 1731 3866 nolim
1754 3817 1808 3867 te
1841 3811 1918 3867 ad
1936 3828 2145 3868 eorum

491 3916 812 3958 numerum
837 3901 1424 3972 pertinere,perquos
1443 3899 1639 3956 malos
1653 3904 1711 3956 et
1732 3901 1969 3972 iniquos
1997 3904 2146 3956 Deus

492 3988 945 4060 ﬂagellatpmnis
960 3988 1382 4060 temporalibus
1394 4007 1537 4061 quos
1550 3989 1974 4062 voluerit.lpsis
1988 4006 2149 4046 nam-

495 4095 614 4152 que
652 4079 894 4149 iniquis,
925 4079 973 4132 si
999 4079 1244 4133 correcti
1278 4093 1398 4133 non
1423 4077 1660 4143 fuerint,
1704 4085 1900 4136 servat
1927 4085 2152 4137 interna

501 4167 818 4239 supplicia,
843 4167 945 4236 qui
992 4181 1200 4220 eorum
1235 4166 1461 4222 malitia
1486 4167 1645 4235 juste
1693 4168 1892 4233 utitur,
1921 4174 1985 4224 ut
2013 4169 2146 4224 aliis

491 4255 899 4325 malaingerat
919 4253 1291 4325 temporalia.
1321 4253 1408 4308 Tu
1438 4254 1625 4310 Deum
1649 4256 1977 4321 attende,tu
1993 4256 2150 4312 Chri-

494 4350 652 4402 stum
666 4342 1094 4415 considera,qui
1110 4347 1274 4400 tanta
1289 4343 1439 4399 bona
1452 4344 1728 4414 praestitit,
1739 4349 1793 4399 et
1807 4349 1968 4402 tanta
1987 4345 2150 4403 mala

501 4435 759 4507 pertulit.
789 4435 1160 4505 Quicumque
1176 4433 1253 4488 ad
1269 4432 1398 4504 ejus
1423 4447 1675 4503 regnum
1701 4433 1950 4505 cupiunt
1973 4436 2152 4507 perti-

497 4539 658 4593 nere,
681 4527 736 4579 et
764 4538 904 4578 cum
937 4522 1036 4577 illo
1075 4538 1144 4577 ac
1177 4523 1284 4577 sub
1312 4521 1410 4577 illo
1439 4537 1676 4595 semper
1711 4521 1885 4579 beate
1932 4524 2148 4592 vivere,

495 4613 950 4684 diliguntetiam
982 4611 1261 4667 inimicos
1294 4628 1456 4677 suos,
1491 4613 1874 4670 benefaciunt
1895 4613 2008 4669 illis
2046 4615 2151 4687 qui

499 4719 603 4759 eos
627 4701 962 4766 oderunt,et
978 4706 1271 4773 orantpro
1286 4702 1369 4756 eis
1385 4702 1651 4773 aquibus
1674 4704 2150 4773 persecutionem

501 4793 808 4864 patiuntur
840 4791 1074 4861 (Matth.
1097 4807 1154 4857 v,
1174 4792 1264 4860 44)
1293 4806 1304 4844 :
1335 4797 1392 4846 et
1421 4793 1725 4862 siquando
1743 4792 2151 4865 adhibentpro

493 4880 809 4954 disciplina
837 4879 1155 4936 molestam
1175 4880 1603 4945 'severitatem,
1622 4887 1952 4936 nontamen
1984 4884 2152 4940 amit-

501 4977 630 5028 tunt
644 4969 1107 5026 sincerissimam
1123 4969 1556 5025 charitatem.Si
1574 4985 1714 5039 ergo
1731 4971 1832 5026 tibi
1845 4969 2004 5027 bona
2018 4975 2155 5028 sunt

494 5063 779 5134 praestita,
814 5058 1094 5133 quamvis
1122 5064 1372 5122 terrena,
1405 5059 1758 5126 transitoria,
1793 5060 1870 5115 ab
1900 5059 2152 5132 imperio

491 5151 783 5216 Romano,
808 5150 952 5222 quia
977 5153 1035 5204 et
1067 5148 1267 5220 ipsum
1297 5152 1595 5204 terrenum
1610 5153 1716 5214 est,
1742 5163 1859 5205 non
1889 5149 2151 5218 cmleste,

493 5230 612 5296 non
642 5246 836 5314 potest
855 5245 1137 5313 prmstare
1154 5237 1264 5293 nisi
1293 5237 1460 5311 quod
1490 5237 1738 5294 habetin
1755 5243 2076 5309 potestate;
2102 5239 2151 5296 si

498 5325 639 5400 ergo
667 5331 827 5388 bona
859 5331 919 5386 in
954 5335 1005 5387 te
1036 5328 1252 5386 collata
1273 5332 1429 5396 sunt,
1462 5327 1582 5383 noli
1609 5327 1854 5383 reddere
1869 5328 2030 5386 mala
2044 5345 2152 5402 pro

557 5521 905 5594 i__Edd.,_ptebs
928 5533 1117 5588 pereat.
1143 5527 1238 5577 Pro
1270 5540 1376 5591 quo
1393 5523 1716 5576 Mss.'Gallic.
1735 5539 1926 5577 omnes
1955 5529 2006 5577 et
2036 5527 2143 5580 duo

498 5587 671 5639 vatic.,
702 5587 818 5646 plus
845 5587 1071 5647 pereant.

554 5652 574 5686 ³
610 5648 754 5699 Unus
778 5663 806 5698 θ
837 5649 1003 5700 Vatic.
1027 5653 1172 5712 Mss,
1203 5652 1502 5704 modestam.

2995 31 3006 40 .
3021 25 3098 38 ..ι-ο-

1715 180 1722 191 ,
1771 125 1830 183 S.
1874 120 2261 184 AUGUSTI!“
2302 119 2628 183 EPISCOPI
3757 129 3852 192 Μ

2257 251 2433 308 bonis
2464 269 2476 308 :
2507 253 2554 308 si
2587 257 2788 309 autem
2834 252 2996 309 mala
3029 251 3131 309 tibi
3157 252 3418 324 irrogata
3444 258 3595 322 sunt,
3620 256 3728 312 noli
3751 261 3859 315 red-

2256 341 2396 396 dere
2423 341 2583 397 mala
2596 358 2705 413 pro
2735 342 2928 399 malis.
2946 341 3363 408 Quidistorum
3389 342 3638 400 duorum
3667 346 3858 409 sit.nec

2257 428 2550 486 discutere
2584 431 2739 497 volo,
2769 447 2880 487 nec
2907 432 3076 488 valeo
3098 431 3370 502 judicare
3401 447 3415 497 ;
3443 447 3550 502 ego
3578 433 3859 492 christiano

2256 517 2471 590 loquor
2499 536 2510 574 :
2538 520 2659 575 noli
2682 520 2936 576 reddere
2953 519 3044 576 vel
3088 519 3248 576 mala
3271 537 3376 592 pro
3400 520 3590 585 bonis,
3620 522 3702 578 vel
3733 525 3864 582 mala

2258 622 2366 678 pro
2398 607 2601 664 malis.

2272 754 2277 760 _
2325 701 2377 752 9.
2413 697 2563 752 Dicis
2588 697 2756 753 mihi!
2783 696 3038 755 fortasse
3071 715 3081 754 :
3111 698 3174 752 In
3202 703 3370 755 tanta
3393 697 3724 756 necessitate
3746 702 3868 774 quid

2255 785 2340 841 vis
2371 792 2432 841 ut
2464 785 2678 843 faciam
2706 786 2733 842 ‘i
2778 788 2833 844 Si
2879 786 3199 843 consilium
3229 803 3264 843 a
3295 803 3391 843 me
3431 789 3745 844 secundum
3776 790 3867 848 hoc

2253 875 2540 931 saeculum
2570 877 2814 948 quaeris,
2846 875 3158 947 quomodo
3188 878 3300 932 ista
3324 875 3490 932 salus
3517 883 3614 933 tua
3640 879 3867 937 transito-

2252 964 2341 1019 ria
2369 968 2494 1020 tuta
2520 965 2610 1029 sit,
2641 971 2696 1021 et
2719 967 2982 1038 potentia
3003 972 3183 1037 atque
3203 965 3513 1037 opulentia
3542 966 3627 1020 vel
3647 966 3750 1022 ista
3777 984 3867 1024 ser-

2253 1059 2422 1108 vetur
2446 1070 2818 1125 quamnunc
2839 1054 3049 1117 habes,
3075 1054 3164 1110 vel
3191 1055 3371 1110 etiam
3399 1055 3595 1124 major
3616 1054 3866 1124 addatur;

2251 1142 2393 1212 quid
2434 1143 2535 1198 tibi
2565 1144 2968 1214 respondeam
3009 1144 3210 1199 nescio
3239 1161 3252 1198 :
3287 1143 3514 1200 incerta
3544 1145 3754 1216 quippe
3779 1147 3866 1202 ista

2251 1235 2472 1287 certum
2500 1232 2814 1287 consilium
2838 1233 3057 1288 habere
3081 1248 3202 1288 non
3222 1237 3501 1305 possunt.
3520 1234 3576 1288 Si
3594 1238 3777 1288 autem
3797 1249 3869 1288 se-

2251 1320 2519 1375 cundum
2553 1323 2737 1376 Deum
2770 1337 2864 1376 me
2895 1321 3176 1387 consulis,
3215 1337 3288 1377 ne
3321 1323 3528 1378 anima
3558 1326 3654 1377 tua
3682 1329 3867 1393 pereat,

2252 1412 2309 1463 et
2342 1408 2513 1464 times
2542 1410 2727 1465 verba
2759 1411 3043 1475 veritatis,
3067 1411 3336 1476 dicentis,
3367 1410 3524 1478 Quid
3551 1410 3769 1479 prodest
3794 1411 3874 1468 ho-

2253 1500 2424 1566 mini,
2464 1499 2516 1554 si
2566 1505 2752 1554 totum
2797 1499 3079 1555 mundum
3131 1500 3421 1562 lucretur,
3465 1501 3668 1555 animm
3710 1507 3869 1557 autem

2253 1602 2370 1641 suae
2382 1587 2798 1644 detrimentum
2818 1588 3087 1658 patiatur
3107 1588 3223 1659 (Id.
3253 1605 3366 1654 xw,
3388 1589 3479 1659 '26)
3498 1605 3512 1653 ;
3533 1589 3718 1644 habeo
3729 1589 3872 1660 plane

2251 1675 2418 1746 quod
2442 1676 2643 1732 dicam
2665 1689 2688 1748 ,'
2709 1681 2798 1733 est
2817 1676 2982 1748 apud
3007 1692 3102 1732 me
3115 1677 3434 1733 consilium
3456 1677 3620 1749 quod
3641 1693 3674 1733 a
3695 1693 3777 1732 me
3790 1693 3869 1733 au-

2253 1764 2406 1820 dias.
2453 1765 2608 1831 Quid
2641 1771 2840 1821 autem
2871 1782 3026 1837 opus
3059 1771 3147 1820 est
3179 1771 3240 1821 ut
3265 1766 3430 1822 aliud
3470 1767 3681 1830 dicam,
3715 1781 3869 1838 quam

2255 1853 2399 1909 illud
2431 1855 2596 1926 quod
2619 1870 2804 1926 supra
2829 1855 2953 1910 dixi
2980 1855 3007 1911 ?
3036 1854 3179 1911 Noli
3202 1855 3450 1926 diligere
3469 1855 3761 1920 mundum,
3785 1869 3869 1912 nec

2253 1957 2321 1998 ea
2352 1958 2483 2014 qua
2509 1945 2566 1998 in
2597 1943 2818 2000 mundo
2845 1951 3004 1999 sunt.
3034 1945 3102 2001 Si
3128 1944 3258 2017 quis
3279 1946 3435 2000 enim
3455 1944 3716 2000 dilexerit
3737 1959 3869 1998 mun-

2254 2032 2418 2098 dum,
2447 2048 2565 2088 non
2588 2039 2670 2088 est
2698 2032 2966 2088 charitas
2988 2034 3193 2088 Patris
3227 2033 3292 2089 in
3311 2033 3420 2089 illo
3441 2050 3462 2088 :
3482 2032 3746 2104 quoniam
3777 2047 3870 2087 om-

2253 2121 2355 2176 nia
2385 2137 2512 2192 quae
2543 2122 2606 2177 in
2632 2123 2854 2178 mundo
2884 2128 3045 2189 sunt,
3079 2124 3556 2192 concupiscentia
3593 2122 3769 2178 carnis
3785 2130 3866 2188 est,

2254 2217 2304 2265 et
2333 2211 2801 2280 concupiscentia
2825 2213 3161 2280 oculorum,
3188 2217 3241 2268 et
3261 2211 3510 2268 ambitio
3533 2212 3746 2274 saeculi;
3766 2224 3871 2282 qua

2255 2315 2374 2354 non
2405 2306 2483 2356 est
2501 2316 2537 2355 a
2560 2301 2764 2366 Patre,
2780 2301 2883 2356 sed
2912 2315 2985 2357 ea:
3000 2301 3220 2356 mundo
3239 2307 3340 2357 est.
3368 2301 3447 2356 Et
3469 2301 3714 2355 mundus
3739 2307 3871 2355 tran-

2254 2388 2348 2455 sit,
2373 2395 2428 2445 et
2450 2389 2918 2457 concupiscentia
2938 2391 3062 2459 ejus
3089 2407 3106 2443 :
3129 2391 3234 2461 qui
3253 2397 3453 2446 autem
3474 2389 3680 2459 fecerit
3703 2389 3867 2444 votue-

2258 2484 2434 2534 tatem
2461 2478 2586 2543 Dei,
2618 2487 2816 2534 manet
2841 2478 2905 2534 in
2937 2485 3244 2545 aternum,
3271 2479 3425 2536 sicut
3451 2485 3506 2535 et
3539 2478 3684 2534 Deus
3707 2483 3869 2542 manet

2258 2569 2318 2622 in
2345 2574 2630 2622 mternum
2659 2568 2698 2639 (I
2730 2569 2908 2624 Joan.
2944 2583 3001 2632 ιι,
3036 2568 3243 2637 15-17).
3272 2569 3418 2624 Ecce
3447 2567 3776 2631 consilium;
3797 2583 3864 2621 ar-

2256 2657 2403 2728 ripe,
2449 2663 2504 2712 et
2544 2672 2676 2725 age.
2711 2656 2812 2712 Hic
2855 2663 3147 2729 appareat
3173 2657 3219 2712 si
3248 2657 3335 2712 vir
3379 2657 3548 2713 fortis
3591 2673 3694 2722 es;
3737 2657 3868 2711 vince

2257 2744 2614 2815 cupiditates
2630 2744 2849 2816 quibus
2873 2745 2982 2800 iste
3000 2745 3267 2814 diligitur
3290 2745 3572 2809 mundus,
3596 2760 3698 2815 age
3718 2743 3864 2815 ptent

2255 2833 2498 2889 tentiam
2525 2834 2597 2889 de
2624 2833 2934 2904 praeteritis
2959 2834 3159 2899 malis,
3188 2833 3444 2906 quando
3473 2834 3552 2890 ab
3578 2834 3658 2889 eis
3684 2831 3865 2903 cupidi-

2255 2922 2478 2977 tatibus
2510 2920 2700 2977 victus
2741 2937 2844 2993 per
2869 2922 3166 2978 desideria
3206 2938 3328 2992 non
3354 2923 3524 2979 bona
3558 2920 3863 2978 trahebaris.

2261 3010 2378 3066 Hoc
2417 3010 2732 3066 consilium
2765 3011 2815 3065 si
2845 3012 3168 3082 acceperis,
3199 3009 3252 3066 si
3281 3013 3544 3067 tenueris
3579 3016 3742 3082 atque
3769 3023 3862 3063 ser-

2255 3099 2508 3164 vaveris,
2549 3103 2604 3154 et
2646 3099 2723 3154 ad
2761 3098 2926 3155 bona
2968 3099 3069 3155 illa
3106 3105 3266 3156 certa
3303 3101 3633 3171 pervenies,
3671 3103 3860 3163 etcum

2254 3187 2444 3244 salute
2474 3189 2692 3243 animae
2718 3192 2834 3243 tua:
2861 3188 3014 3244 inter
3040 3189 3154 3244 ista
3180 3190 3403 3245 incerta
3431 3188 3769 3246 versaberis.

2332 3277 2411 3332 t0.
2449 3277 2561 3334 Sed
2589 3277 2733 3332 forte
2764 3277 2979 3333 iterum
3003 3278 3221 3349 quaeris
3248 3294 3284 3334 a
3315 3294 3432 3344 me,
3465 3276 3750 3351 quomodo
3774 3276 3862 3330 ista

2252 3366 2432 3422 facias
2450 3365 2629 3421 tantis
2654 3366 2863 3421 mundi
2878 3367 3059 3437 hujus
3079 3367 3534 3424 necessitatibus
3549 3366 3846 3437 implicatus

2255 3456 2369 3511 Ora
2401 3454 2638 3522 fortiter,
2671 3459 2726 3510 et
2756 3455 2852 3509 dic
2880 3457 2996 3510 Deo
3036 3454 3203 3527 quod
3233 3455 3424 3511 habes
3457 3456 3518 3512 in
3546 3453 3774 3517 Psalmo,
3801 3453 3864 3506 De

2253 3544 2695 3600 necessitatibus
2727 3543 2863 3600 meis
2901 3559 3042 3600 erue
3069 3559 3161 3600 me
3199 3544 3380 3614 (Psat.
3411 3561 3570 3612 xxiv,
3609 3545 3726 3614 l7):
3755 3547 3864 3596 tunc

2253 3633 2413 3689 enim
2435 3633 2723 3688 finiuntur
2745 3633 2871 3688 ista:
2899 3633 3302 3701 necessitates,
3326 3634 3574 3707 quando
3596 3633 3863 3688 vincuntur

2255 3722 2366 3778 illa;
2394 3722 2766 3792 cupiditates.
2801 3722 2910 3788 Qui
2943 3723 3253 3780 exaudivit
3283 3729 3360 3790 te,
3393 3730 3452 3779 et
3480 3740 3582 3779 nos
3610 3737 3708 3793 pro
3728 3725 3792 3784 te,
3818 3720 3867 3772 ut

2253 3811 2590 3867 liberareris
2616 3813 2690 3866 de
2713 3816 2794 3866 tot
2817 3813 3113 3885 tantisque
3142 3813 3420 3884 periculis
3442 3811 3751 3868 visibilium
3767 3820 3867 3862 cor-

2253 3899 2672 3972 poraliumque
2702 3899 3018 3965 bellorum,
3054 3901 3154 3956 ubi
3182 3901 3310 3958 sola
3342 3901 3460 3958 ista
3487 3903 3605 3957 vita
3641 3896 3867 3973 quando-

2255 4004 2372 4060 que
2400 3988 2665 4044 ﬁnienda
2690 3989 3072 4061 periclitatur,
3099 3989 3307 4047 anima
3336 4007 3480 4047 vero
3509 4005 3626 4046 non
3658 3987 3803 4061 perit,
3828 3983 3864 4038 si

2255 4093 2379 4134 non
2407 4077 2687 4148 malignis
2718 4079 3146 4150 cupiditatibus
3177 4080 3413 4151 captiva
3446 4083 3705 4136 teneatur
3728 4076 3866 4145 ;ipse

2255 4171 2310 4222 te
2340 4167 2620 4223 exaudiet
2643 4174 2708 4223 ut
2727 4167 3032 4224 interiores
3055 4175 3110 4224 et
3134 4167 3465 4225 invisibiles
3489 4168 3707 4233 hostes,
3731 4163 3784 4219 id
3802 4164 3870 4217 est

2255 4255 2417 4327 ipsas
2433 4255 2788 4328 cupiditates
2810 4256 3184 4315 invisibiliter
3207 4261 3261 4312 et
3283 4257 3660 4328 spiritualiter
3682 4253 3866 4313 vincas,

2256 4350 2311 4402 et
2337 4344 2420 4400 sic
2450 4346 2630 4402 utaris
2661 4346 2772 4402 hoc
2805 4346 3034 4402 mundo
3065 4351 3360 4419 tanquam
3380 4363 3501 4404 non
3527 4351 3691 4402 utens
3713 4360 3726 4410 ;
3746 4346 3796 4396 ut
3812 4353 3870 4393 ex

2256 4433 2435 4490 bonis
2451 4434 2580 4504 ejus
2600 4435 2762 4492 bona
2782 4435 2989 4500 facias,
3016 4451 3134 4492 non
3159 4436 3356 4492 malus
3378 4436 3526 4494 ﬁas:
3548 4435 3684 4509 quia
3698 4438 3746 4488 et
3762 4430 3868 4502 ipsa

2260 4521 2417 4580 bona
2450 4527 2608 4589 sunt,
2637 4539 2747 4580 nec
2789 4523 3010 4580 dantur
3039 4525 3389 4580 hominibus
3421 4525 3534 4580 nisi
3564 4524 3640 4581 ab
3662 4522 3751 4578 illo
3787 4515 3870 4590 qui

2256 4612 2720 4668 habetomnium
2745 4613 3072 4669 caelestium
3095 4620 3149 4669 et
3163 4615 3520 4670 terrestrium
3542 4615 3851 4686 potestatem

2261 4701 2374 4756 Sed
2401 4716 2474 4756 ne
2507 4706 2788 4772 putentur
2814 4702 2994 4767 mala,
3031 4703 3252 4760 dantur
3281 4709 3338 4759 et
3361 4703 3537 4759 bonis
3570 4718 3582 4759 :
3607 4717 3674 4756 ne
3699 4702 3870 4771 puten-

2259 4794 2352 4846 tur
2384 4806 2607 4862 magna
2635 4790 2723 4846 vel
2747 4807 2988 4847 summa
3006 4791 3186 4858 bona,
3215 4792 3433 4848 dantur
3453 4799 3510 4848 et
3530 4790 3710 4848 malis.
3735 4790 3868 4842 Item-

2258 4894 2376 4950 que
2402 4879 2751 4935 auferuntur
2779 4880 2892 4937 ista
2918 4887 2976 4937 et
3002 4879 3181 4936 bonis
3205 4886 3266 4937 ut
3293 4881 3635 4953 probentur,
3660 4883 3711 4934 et
3729 4870 3869 4931 malis

2260 4974 2323 5023 ut
2353 4968 2706 5024 crucientur.

2335 5059 2416 5112 ll.
2448 5057 2590 5123 Quis
2621 5057 2781 5114 enim
2803 5059 3060 5124 nesciat,
3085 5060 3214 5131 quis
3242 5059 3323 5116 ita
3344 5059 3420 5116 sit
3446 5058 3668 5124 stultus,
3698 5058 3753 5111 ut
3771 5062 3867 5108 non

2258 5146 2453 5202 videat
2475 5146 2638 5219 quod
2661 5147 2821 5204 salus
2841 5147 3320 5219 hujusvmortalis
3341 5150 3626 5221 corporis,
3647 5153 3696 5201 et
3712 5155 3865 5198 mem-

2257 5233 2504 5289 brorum
2537 5235 3012 5306 corruptibilium
3046 5237 3253 5305 virtus,
3285 5237 3604 5294 etvictoria
3623 5235 3690 5290 de
3712 5225 3864 5286 homi-

2259 5322 2439 5379 nibus
2474 5324 2489 5359 ¹
2520 5324 2792 5388 inimicis,
2818 5329 2874 5380 et
2897 5325 3091 5381 honor
3122 5332 3301 5399 atque
3330 5326 3592 5399 potentia
3618 5329 3864 5392 tempora-

2257 5410 2348 5484 lis,
2380 5417 2436 5469 et
2466 5418 2678 5470 caetera
2702 5413 2815 5470 ista
2842 5413 3008 5470 bona
3039 5420 3296 5484 terrena,
3321 5420 3376 5471 et
3401 5414 3575 5471 bonis
3611 5411 3796 5468 dentur
3818 5403 3862 5457 et

2318 5592 2331 5622 ¹
2367 5590 2526 5649 Lov.,
2557 5589 2616 5640 de
2643 5588 2878 5640 omnibus
2892 5591 3132 5645 inimicis.
3165 5591 3268 5644 Sed
3292 5592 3483 5644 melius
3508 5592 3620 5644 alia)
3633 5587 3852 5640 editiones

2254 5657 2306 5706 et
2330 5655 2474 5714 Mss,
2509 5655 2569 5705 de
2588 5653 2911 5731 nominibus.
