4138 6172
888 20 1295 41 1m

235 264 433 333 malis,
456 267 515 323 et
530 263 711 322 bonis
731 262 1080 321 auferantur
1093 267 1151 319 et
1165 261 1338 320 malis
1355 263 1382 319 ‘t
1409 262 1581 320 Salus
1600 277 1743 325 vero
1763 261 1890 319 ani-

231 370 350 412 ma
370 370 510 412 cum
529 352 974 412 immortalitate
991 351 1279 425 corporis,
1303 351 1608 425 virtusque
1624 351 1889 423 justitia,

231 449 290 502 et
304 444 554 501 victoria
576 443 653 499 de
669 441 1095 516 cupiditatibus
1109 441 1388 508 inimicis,
1409 449 1464 498 et
1484 442 1673 514 gloria
1697 447 1753 497 et
1776 440 1886 497 ho-

228 548 341 595 nor
370 538 427 590 et
450 549 569 606 pax
594 531 985 598 inaternum,
1013 546 1133 588 non
1155 530 1374 588 dantur
1402 532 1515 587 nisi
1534 531 1737 588 bonis.
1772 532 1890 585 Ista

226 637 373 694 ergo
411 622 611 695 dilige,
654 621 767 678 ista
803 619 1181 693 concupisce,
1212 620 1327 677 ista
1363 619 1651 677 omnibus
1693 618 1888 675 modis

227 725 454 784 quare.
486 711 733 783 Propter
768 708 897 765 hac
934 708 1308 782 acquirendo.
1345 716 1403 766 et
1437 707 1765 765 obtinenda
1793 707 1889 764 fac

226 798 667 872 eleemosynas,
679 797 864 855 funde
874 799 1198 865 orationes,
1212 813 1420 853 exerce
1426 797 1507 869 jej
1519 797 1677 862 unia,
1691 811 1887 869 quan-

227 892 358 944 tum
389 888 517 944 sine
545 886 788 943 lasione
813 886 1081 959 corporis
1101 885 1186 943 tui
1213 892 1398 958 potes.
1427 886 1588 943 Bona
1617 900 1758 942 vero
1785 884 1886 942 illa

228 982 466 1034 terrena
502 975 625 1033 noli
662 974 935 1047 diligere,
972 974 1349 1048 quantalibet
1386 975 1490 1032 tibi
1530 974 1835 1031 abundent
1869 988 1883 1031 :

228 1067 318 1122 sic
348 1066 431 1122 eis
461 1070 645 1132 utere,
671 1068 737 1120 ut
760 1064 923 1121 bona
952 1063 1141 1120 multa
1163 1080 1235 1120 ex
1260 1063 1394 1135 illis,
1423 1064 1658 1120 nullum
1683 1070 1887 1121 autem

227 1152 458 1212 malum
487 1152 674 1210 facias
700 1154 964 1226 propteri
990 1151 1090 1210 lla.
1119 1153 1337 1210 Omnia
1362 1153 1589 1225 quippe
1620 1152 1762 1209 talia
1786 1169 1884 1224 pe-

227 1243 437 1301 ribunt
465 1259 481 1310 ;
529 1242 637 1299 sed
666 1242 832 1299 bona
858 1257 1051 1314 opera
1079 1257 1202 1298 non
1235 1247 1502 1314 pereunt,
1532 1242 1712 1300 etiam
1748 1257 1886 1315 qua

227 1332 306 1390 de
334 1330 513 1389 bouis
541 1331 934 1404 pereuntibus
962 1329 1137 1387 ﬁuut.

303 1425 387 1478 l2.
421 1421 481 1479 Si
505 1422 667 1478 enim
691 1420 1012 1492 conjugem
1040 1435 1162 1478 non
1186 1418 1461 1492 haberes,
1487 1419 1748 1477 dicerem
1781 1415 1889 1477 tibi

229 1509 398 1583 quod
409 1509 739 1567 etTubunis
759 1509 1044 1579 diximus,
1060 1516 1123 1565 ut
1138 1509 1198 1565 in
1222 1510 1534 1567 sanctitate
1548 1511 1565 1546 ¹
1580 1510 1887 1566 continen-

232 1598 328 1658 tia!
346 1600 576 1657 viveres
598 1598 935 1666 :adderem,
962 1598 1129 1671 quod
1143 1605 1282 1655 tunc
1296 1598 1423 1655 ﬁeri
1441 1599 1886 1671 prohibuimus,

230 1693 299 1746 ut
314 1689 446 1761 jam
478 1695 556 1759 te,
585 1692 885 1761 quantum
908 1704 1108 1745 rerum
1138 1688 1544 1746 humanarum
1558 1688 1726 1746 salva
1740 1705 1887 1762 pace

228 1779 555 1852 potuisses,
586 1777 666 1835 ab
690 1777 819 1834 istis
842 1776 1023 1833 rebus
1063 1777 1289 1834 bellicis
1317 1778 1718 1847 abstraheres,
1752 1786 1805 1835 et
1833 1779 1888 1835 ei

226 1867 370 1924 vita
390 1866 709 1924 vacaresin
727 1866 1008 1923 societate
1021 1872 1385 1933 sanctorum,
1406 1866 1501 1922 cui
1518 1872 1659 1923 tunc
1676 1884 1887 1925 vacare

229 1956 521 2030 cupiebas
536 1971 550 2023 ;
567 1955 668 2012 ubi
682 1956 742 2012 in
755 1955 989 2012 silentio
1004 1961 1275 2028 pugnant
1291 1955 1507 2013 milites
1520 1954 1887 2024 Christi,non

227 2044 588 2104 utoccidant
605 2043 906 2112 homines,
929 2044 1033 2099 sed
1053 2051 1113 2100 ut
1139 2052 1486 2116 expugnent
1505 2045 1808 2117 principes
1830 2051 1889 2104 et

228 2134 568 2209 spiritualia
593 2134 871 2207 nequitia
895 2133 1052 2205 (Eph.
1075 2149 1150 2201 v1,
1176 2134 1285 2206 l2),
1307 2133 1368 2189 id
1390 2138 1477 2191 est
1497 2134 1809 2193 diabolum
1832 2140 1892 2194 et

230 2224 480 2295 angelos
508 2224 661 2295 ejus.
694 2225 808 2278 Hos
825 2222 989 2279 enim
1015 2223 1217 2279 hostes
1239 2223 1427 2280 sancti
1455 2222 1717 2289 vincunt,
1734 2240 1889 2297 quos

227 2313 866 2386 viderenonpossunt;
898 2317 956 2368 et
972 2316 1174 2369 tamen
1208 2327 1362 2386 quos
1376 2327 1499 2369 non
1524 2312 1747 2381 vident,
1762 2314 1891 2370 vin-

226 2405 391 2471 cunt,
405 2401 520 2459 ista
534 2400 831 2458 vincendo
844 2417 981 2474 qua
1010 2402 1287 2458 sentiunt.
1306 2403 1422 2458 Sed
1445 2409 1507 2458 ut
1534 2407 1591 2459 te
1616 2403 1888 2459 adistam

228 2492 415 2548 vitam
435 2505 559 2547 non
587 2490 884 2560 exhorter,
915 2490 1139 2562 conjux
1164 2490 1597 2564 impedimento
1623 2496 1730 2559 est,
1764 2493 1891 2549 sine

228 2580 407 2653 cujus
434 2579 829 2637 consensione
859 2580 1231 2637 continenter
1246 2580 1485 2637 tibinon
1508 2580 1641 2637 licet
1662 2582 1889 2649 vivere;

229 2668 382 2742 quia
408 2668 517 2726 etsi
548 2674 615 2725 tu
633 2684 769 2726 eam
781 2672 916 2741 post
941 2668 1042 2725 illa
1062 2675 1164 2725 tua
1186 2668 1371 2725 verba
1391 2669 1891 2727 Tubunensiadu-

226 2773 498 2815 cerenon
509 2756 796 2824 debebas,
810 2757 912 2815 illa
924 2758 1027 2814 tibi
1045 2763 1269 2825 tamen,
1286 2757 1433 2814 nihil
1445 2773 1655 2815 eorum
1670 2759 1891 2830 sciens,

225 2848 577 2905 innocenter
596 2853 653 2904 et
680 2847 1028 2920 simpliciter
1054 2848 1276 2920 nupsit.
1290 2852 1481 2920 Atque
1506 2847 1733 2904 utinam
1754 2864 1896 2919 pos-

229 2937 390 2994 sesei
402 2936 766 3010 persuadere
778 2936 1229 3003 continentiam,
1247 2941 1309 2993 ut
1322 2936 1448 2993 sine
1460 2936 1894 3009 impedimento

227 3024 513 3083 redderes
538 3028 655 3082 Deo
683 3025 850 3098 quod
864 3030 918 3081 te
934 3023 1154 3081 debere
1167 3025 1506 3096 cognoscis.
1528 3025 1643 3082 Sed
1674 3026 1725 3081 si
1755 3042 1895 3083 cum

242 3114 348 3172 illa
375 3126 552 3186 agere
571 3128 694 3171 non
716 3119 905 3187 potes,
938 3129 1112 3170 serva
1132 3114 1342 3171 saltem
1372 3115 1721 3188 pudicitiam
1751 3131 1897 3172 con-

235 3203 749 3277 jugalem,etroga
760 3202 1700 3277 Deum,quitedenecessitatibus
1712 3208 1895 3273 eruet,

240 3299 313 3351 ut
328 3292 496 3367 quod
516 3307 639 3350 non
658 3298 830 3365 potes
857 3294 1059 3357 modo,
1075 3291 1271 3365 possis
1287 3292 1637 3365 aliquando.
1656 3294 1898 3351 Verum-

240 3388 447 3441 tamen
478 3388 542 3439 ut
565 3383 753 3439 Deum
782 3381 1020 3452 diligas,
1074 3397 1196 3439 non
1227 3381 1441 3453 diligas
1473 3383 1803 3451 mundum;
1836 3388 1898 3440 ut

239 3473 307 3531 in
334 3471 480 3545 ipsis
508 3471 699 3540 bellis,
730 3472 779 3528 si
802 3471 1004 3529 adhuc
1034 3470 1095 3527 in
1126 3471 1211 3528 eis
1240 3476 1294 3528 te
1340 3472 1567 3529 versari
1597 3488 1754 3545 opus
1786 3478 1897 3541 est,

240 3561 429 3619 ﬁdem
459 3567 687 3629 teneas,
718 3576 932 3635 pacem
961 3576 1233 3635 quaeras;
1262 3566 1328 3618 ut
1379 3576 1451 3618 ex
1483 3562 1695 3619 mundi
1722 3562 1900 3620 bouis

240 3650 431 3709 facias
457 3650 621 3709 bona
649 3666 854 3724 opera,
885 3656 942 3707 et
967 3656 1212 3724 propter
1227 3651 1437 3708 mundi
1471 3650 1634 3709 bona
1664 3667 1785 3708 non
1816 3651 1901 3709 fa-

241 3741 371 3799 cias
395 3755 581 3813 opera
607 3740 789 3807 mala,
820 3744 924 3797 aut
954 3754 1075 3796 non
1106 3740 1356 3811 impedit
1385 3741 1625 3812 conjux,
1652 3746 1757 3798 aut
1784 3742 1898 3797 im-

240 3830 450 3904 pedire
472 3845 597 3887 non
622 3829 819 3887 debet.
870 3831 1006 3885 Hae
1035 3829 1115 3885 ad
1145 3834 1219 3895 te,
1252 3828 1335 3885 ﬁli
1389 3828 1793 3896 dilectissime,
1838 3835 1902 3887 ut

242 3919 573 3977 scriberem
597 3919 860 3976 charitas
883 3917 1081 3991 jussit,
1113 3933 1235 3990 qua
1256 3923 1311 3974 te
1334 3919 1669 3975 secundum
1689 3922 1900 3986 Deum,

242 4023 370 4067 non
396 4009 729 4066 secundum
758 4007 873 4065 hoc
896 4007 1183 4064 saculum
1215 4006 1437 4077 diligo:
1488 4009 1631 4080 quia
1657 4013 1714 4065 et
1743 4009 1904 4080 cogi-

241 4103 383 4157 tans
402 4097 567 4171 quod
591 4098 878 4170 scriptum
909 4100 1019 4163 est,
1039 4096 1273 4167 Corripe
1294 4096 1605 4167 sapientem,
1626 4103 1675 4152 et
1696 4097 1902 4153 amabit

246 4193 333 4259 ea;
361 4189 579 4260 corripe
601 4186 848 4255 stultum,
878 4192 929 4242 et
957 4186 1183 4258 adjiciet
1210 4184 1378 4241 odisse
1404 4191 1453 4242 te
1479 4185 1666 4256 (Prov.
1700 4203 1778 4256 ix,
1801 4187 1857 4261 8)
1885 4205 1900 4257 ;

244 4292 373 4336 non
388 4281 445 4335 te
460 4276 666 4349 utique
677 4275 1058 4342 stultum,sed
1070 4275 1405 4348 sapientem
1416 4275 1600 4333 debui
1616 4277 1898 4348 cogitare.

702 4400 1035 4459 EPISTOLA
1070 4400 1268 4458 CCXXI
1300 4402 1317 4419 '
1348 4401 1448 4474 (a).

249 4526 647 4601 Quodvultdeus
670 4527 996 4600 Augustino,
1015 4525 1272 4597 ﬂagitans
1282 4532 1343 4582 ut
1364 4525 1634 4582 haneseon
1661 4526 1905 4582 omnium

319 4632 444 4691 qua
469 4616 726 4673 adversus
747 4616 1103 4672 christianam
1126 4615 1278 4685 ﬁdem
1299 4614 1671 4687 pullularunt,
1699 4616 1903 4671 catalo-

318 4724 447 4781 gum
473 4706 707 4774 scribat,
726 4722 1017 4779 earumque
1044 4720 1258 4761 errores
1287 4712 1337 4761 et
1366 4705 1510 4762 ritus
1539 4705 1733 4778 paucis
1764 4721 1903 4761 com-

321 4796 617 4870 plectatur.

249 4912 507 4969 Domino
536 4911 745 4968 merito
769 4908 1116 4979 venerabili,
1146 4913 1202 4965 et
1224 4924 1361 4965 vere
1374 4907 1719 4966 beatissimo
1749 4910 1906 4983 patri

324 5002 637 5058 Aususrmo
686 5000 992 5072 episcopo,
1027 5000 1470 5065 Qt’ODVUL’l‘DBUS
1520 4998 1831 5055 diaconus.

327 5091 381 5146 1.
410 5089 525 5147 Diu
552 5090 797 5162 trepidus
809 5088 917 5161 fui,
948 5096 999 5144 et
1016 5104 1181 5145 ausus
1205 5088 1296 5144 hos
1322 5105 1463 5144 meos
1490 5088 1774 5161 aliquoties
1798 5089 1905 5145 dis-

253 5179 362 5237 tuli
390 5197 408 5236 :
436 5179 526 5236 sed
552 5196 635 5235 me
678 5178 1089 5253 principaliter,
1122 5184 1184 5235 ut
1228 5177 1340 5235 dici
1388 5179 1602 5247 assolet,
1641 5178 1905 5236 animavit

288 5360 334 5432 .¹
360 5357 486 5410 Mss.
517 5371 790 5425 quamque
813 5358 1049 5410 melioris
1068 5362 1301 5415 nota,ut
1327 5358 1383 5409 in
1403 5358 1635 5409 castitate
1647 5359 1912 5409 continen-

256 5428 534 5545 ΜΞἰερίιιι
551 5483 627 5535 cc
639 5484 766 5542 XXI.
798 5487 920 5543 etc.,
952 5483 1308 5545 Quodvultdei,
1324 5487 1375 5535 et
1391 5483 1457 5533 ad
1481 5482 1909 5543 Quodvultdeum,

254 5548 371 5600 exs
401 5545 548 5610 tome
574 5548 697 5605 huc,
745 5548 943 5605 ascita,
978 5552 1033 5597 et
1086 5547 1155 5598 ad
1206 5546 1383 5610 varios
1436 5545 1567 5610 cdd.
1604 5548 1901 5610 recognita.

319 5609 494 5672 (a).Ex
514 5612 543 5659 6
573 5614 737 5669 temo,
761 5614 890 5661 ante
909 5610 1001 5661 lib.
1024 5610 1089 5660 de
1119 5609 1441 5662 Haresibus.
1460 5608 1588 5670 Quae
1614 5608 1799 5663 autem
1812 5610 1903 5661 221

255 5676 392 5732 erat,
422 5686 567 5725 nunc
596 5675 703 5726 119.
739 5673 949 5740 Scripta
969 5674 1098 5727 circ.
1128 5686 1200 5725 an
1232 5673 1345 5725 £27.

1485 129 1990 195 EPISTOLARU‘H
2030 126 2326 195 CLASSIS.
2345 126 2441 189 III.

3632 20 3851 31 ἡ*

3545 131 3657 190 998

2000 258 2364 316 Beatitudinis
2377 266 2485 315 tua
2500 255 2865 313 benevolentia
2875 256 3119 313 omnibus
3128 257 3655 331 comprobataquam

1995 348 2121 405 dum
2150 349 2445 420 considero,
2474 349 2646 419 magis
2672 346 2839 402 timui
2863 362 2932 404 ne
2958 364 3063 402 non
3117 349 3345 419 petendo
3375 349 3653 420 superbus,

1994 455 2103 494 non
2130 437 2417 509 quarendo
2440 437 2758 502 desidiosus,
2790 453 2897 491 non
2918 437 3181 508 pulsando
3200 439 3361 508 piger
3376 456 3411 492 a
3430 438 3657 494 Domino

1984 527 2298 599 judicarer.
2328 527 2585 599 Sufﬁcere
2614 530 2791 583 autem
2837 526 2974 581 mihi
3025 526 3295 581 crederem
3348 527 3658 599 hujusmodi

1994 617 2363 680 tantummodo
2386 616 2733 681 voluntatem,
2771 616 2823 671 si
2868 618 3109 687 fructum
3137 616 3371 687 adipisci
3396 634 3504 671 non
3526 634 3657 688 pos-

1992 723 2099 763 sem
2128 723 2146 762 :
2178 722 2304 763 cum
2332 714 2509 762 autem
2534 723 2637 778 pro
2656 712 2800 761 certo
2820 707 3081 774 noverim,
3113 708 3311 760 ostium
3343 705 3525 760 divini
3546 722 3659 760 ser-

1994 798 2191 862 monis,
2223 795 2360 868 quod
2396 795 2741 851 Venerationi
2760 801 2869 849 tua
2899 794 3127 849 calestis
3170 796 3355 866 gratia
3378 795 3663 865 patefecit,

1994 894 2249 958 paratam
2259 902 2367 942 esse
2381 891 2609 941 mentem
2623 891 2773 939 tuam
2797 891 3061 949 sanctam,
3075 900 3230 953 quam
3249 884 3479 955 possidet
3495 884 3662 940 Chri-

1990 982 2124 1043 stus,
2142 992 2253 1031 non
2264 977 2435 1031 solum
2461 974 2668 1029 cunctis
2684 972 2980 1028 volentibus
2998 973 3259 1044 pandere,
3280 990 3467 1028 verum
3493 973 3661 1028 etiam
3725 1006 3729 1010 ›

1991 1065 2312 1131 nolentibus,
2344 1068 2407 1120 ut
2431 1064 2667 1119 introire
2692 1079 2797 1117 non
2820 1063 3025 1134 pigeat,
3050 1063 3415 1134 persuadere;
3435 1078 3657 1133 occupa-

1991 1155 2131 1211 tioni
2139 1155 2473 1211 Reverentia
2486 1161 2593 1209 tua
2609 1153 3233 1224 multiloquiosuperﬂuo
3245 1166 3449 1210 moram
3462 1169 3561 1206 non
3569 1150 3661 1227 fa-

1991 1246 2128 1300 ciam
2138 1245 2245 1312 ,sed
2256 1243 2585 1299 desiderium
2597 1241 2981 1297 obsecrationis
2988 1259 3117 1297 mea
3131 1242 3366 1298 breviter
3386 1242 3635 1297 indicabo
3644 1282 3658 1297 .

2062 1337 2117 1387 2.
2145 1332 2452 1390 Nonnullos
2479 1333 2539 1386 in
2564 1330 2707 1388 clero
2756 1331 2972 1403 hujusce
3022 1333 3039 1367 ¹
3088 1332 3247 1386 etiam
3308 1332 3657 1402 amplissima

1992 1424 2239 1480 civitatis
2265 1439 2369 1477 esse
2390 1423 2699 1494 imperitos,
2735 1438 2800 1476 ea:
2833 1420 3040 1492 meipso
3059 1421 3309 1492 conjicio,
3332 1428 3383 1476 et
3396 1428 3661 1492 quantum

1992 1513 2242 1569 universo
2271 1512 2363 1567 illi
2385 1511 2585 1573 ordini,
2599 1510 2971 1584 profuturum
2996 1511 3072 1565 sit
3096 1511 3233 1581 quod
3252 1516 3456 1581 eapeto,
3488 1510 3661 1565 consi-

1991 1601 2270 1657 derationi
2288 1600 2607 1655 Sanctitutis
2627 1607 2741 1654 tua
2775 1599 3171 1653 discutiendum
3201 1600 3386 1669 offero.
3419 1598 3658 1653 Privile-

1990 1693 2081 1765 gio
2109 1708 2330 1763 namque
2358 1696 2670 1745 cunctorum
2723 1688 2819 1759 qui
2870 1689 2962 1743 hoc
3018 1688 3080 1742 de
3118 1686 3509 1759 spiritualibus
3549 1688 3659 1742 tuis

1994 1779 2266 1837 laboribus
2276 1779 2850 1853 promerentur,etiam
2864 1794 2943 1833 me
2957 1777 3242 1849 indignum
3254 1783 3657 1832 consecuturum

1992 1887 2098 1926 esse
2121 1885 2412 1942 prasumo,
2435 1868 2643 1923 domine
2676 1870 2877 1923 merito
2909 1866 3253 1932 venerabilis,
3284 1874 3333 1921 et
3365 1884 3483 1921 vere
3534 1865 3661 1921 bea-

1994 1960 2200 2014 tissime
2218 1966 2397 2030 pater.
2424 1958 2633 2013 Precor
2658 1957 2841 2028 igitur
2870 1955 3271 2011 Beatitudinem
3297 1964 3469 2022 tuam,
3502 1962 3561 2010 ut
3589 1969 3662 2011 ex

1993 2065 2094 2121 quo
2122 2048 2425 2102 christiana
2448 2046 2645 2118 religio
2674 2044 3013 2100 harediiatis
3052 2044 3330 2116 promissa
3356 2060 3543 2099 nomen
3574 2059 3661 2098 ac-

1992 2138 2152 2209 cepit,
2177 2152 2295 2209 qua
2318 2136 2543 2191 hareses
2553 2135 2792 2206 fuerint,
2806 2134 2917 2189 sint
2936 2150 3096 2206 ;quos
3107 2150 3321 2188 errores
3336 2134 3657 2201 intulerint,

1995 2228 2275 2298 inferant;
2296 2225 2426 2297 quid
2443 2225 2699 2280 adversus
2710 2226 3035 2279 catholicam
3051 2222 3352 2279 Ecclesium
3366 2223 3658 2292 senserint,

1991 2318 2250 2381 sentiant,
2276 2314 2547 2387 deﬁde,de
2566 2314 2871 2377 Trinitate,
2910 2312 2972 2368 de
3004 2312 3374 2384 Baptismo,de
3386 2312 3663 2367 Paniten-

1994 2407 2102 2474 tia,
2131 2405 2193 2460 de
2205 2405 2420 2460 homine
2432 2403 2675 2468 Christo,
2702 2403 2765 2458 de
2790 2403 2903 2458 Deo
2917 2402 3153 2473 Christo,
3169 2402 3230 2456 de
3243 2403 3655 2465 resurrectione,

1994 2495 2057 2551 de
2086 2495 2244 2551 Novo
2272 2502 2323 2550 et
2354 2491 2540 2549 Vetere
2571 2493 2897 2548 Testamento
2915 2508 2932 2558 ;
2951 2498 3000 2546 et
3017 2491 3201 2547 omnia
3219 2490 3660 2563 omnino,quibus

1995 2600 2031 2640 a
2076 2586 2303 2640 veritate
2356 2582 2683 2638 dissentiunt
2723 2601 2743 2639 :
2807 2598 2926 2653 qua
2970 2582 3135 2636 etiam
3174 2582 3513 2652 Baptismum
3570 2580 3663 2635 ha-

1998 2675 2173 2742 beant,
2204 2691 2381 2747 quave
2408 2690 2511 2729 non
2552 2672 2784 2728 habeant
2806 2688 2830 2739 ,'
2855 2679 2904 2727 et
2929 2679 3051 2744 post
3108 2688 3237 2743 quas
3268 2671 3527 2742 baptizet,
3570 2687 3663 2726 nec

1997 2765 2477 2836 tamenrebaptizet
2504 2762 2782 2834 Ecclesia,-
2805 2761 3049 2835 qualiter
3076 2762 3339 2833 suscipiat
3373 2761 3667 2825 venientes,

1998 2862 2047 2911 et
2076 2854 2209 2926 quid
2235 2854 2472 2925 singulis
2497 2851 2627 2923 lege,
2653 2853 3003 2918 auctoritate,
3024 2858 3181 2923 atque
3202 2851 3421 2907 ratione
3440 2866 3666 2922 respon-

1999 2943 2143 3009 deat,
2168 2943 2408 3014 digneris
2446 2957 2727 3012 exponere.

2019 3017 2040 3026 ’
2071 3034 2125 3088 3.
2157 3032 2269 3089 Nec
2297 3048 2377 3087 me
2427 3037 2596 3086 tanta
2639 3028 2931 3085 Beatitudo
2961 3036 3057 3085 tua
3083 3027 3271 3084 credat
3327 3028 3566 3099 ineptia,
3603 3034 3663 3083 ut

2003 3140 2109 3179 non
2137 3121 2426 3192 inspiciam
2448 3120 2669 3191 quantis
2695 3126 2743 3174 et
2774 3135 2931 3190 quam
2955 3117 3261 3190 ingentibus
3302 3116 3663 3172 voluminibus

2000 3228 2132 3285 opus
2154 3212 2250 3275 sit,
2298 3217 2355 3265 ut
2376 3209 2585 3282 possint
2612 3210 2721 3263 ista
2747 3207 2990 3263 dissolvi.
3057 3206 3253 3263 Verum
3301 3206 3393 3262 hoc
3418 3222 3508 3277 ego
3536 3204 3667 3277 ﬁeri

2003 3318 2109 3357 non
2138 3306 2359 3372 expeto;
2411 3300 2470 3354 id
2520 3299 2663 3354 enim
2710 3298 3095 3369 multipliciter
3137 3299 3343 3368 factum
3394 3312 3502 3351 esse
3557 3310 3659 3349 non

2003 3390 2222 3447 dubito:
2246 3389 2339 3445 sed
2381 3389 2637 3454 breviter,
2693 3388 2974 3459 perstricte
3020 3392 3176 3458 atque
3220 3385 3552 3454 summatim,
3613 3386 3664 3438 et

2002 3481 2280 3553 opiniones
2307 3495 2434 3551 rogo
2466 3477 2753 3550 cujuslibet
2776 3476 3001 3532 haresis
3030 3477 3299 3547 exponi,“
3329 3474 3459 3547 quid
3470 3479 3664 3530 contra

2005 3574 2180 3625 teneat
2201 3567 2444 3624 Ecclesia
2458 3567 2741 3630 catholica,
2755 3572 3022 3637 quantum
3032 3565 3386 3620 instructioni
3409 3564 3549 3619 satis
3560 3569 3662 3631 est,

2002 3658 2263 3715 subdi:ut
2293 3656 2675 3729 velutquodam
2690 3670 2761 3711 ex
2787 3654 3033 3710 omnibus
3060 3661 3303 3725 concepto
3315 3652 3663 3710 commonita-

2006 3750 2115 3815 rio,
2146 3750 2195 3803 si
2222 3747 2342 3820 quis
2372 3746 2613 3818 aliquam
2640 3744 2983 3816 objectionem
3013 3751 3111 3798 aut
3132 3744 3517 3799 convictionem
3547 3742 3664 3798 ubi-

2005 3838 2146 3903 rius,
2178 3836 2389 3908 plenius
2416 3852 2478 3891 ac
2496 3834 2716 3907 planius
2745 3849 2890 3888 nosse
2930 3832 3185 3896 voluerit,
3221 3832 3290 3885 ad
3337 3832 3586 3903 opulenta
3611 3837 3661 3889 et

2004 3926 2294 3999 magnifica
2316 3924 2595 3982 volumina
2610 3923 3043 3989 transmittatur,
3075 3920 3264 3993 quibus
3284 3937 3318 3975 a
3346 3920 3593 3985 diversis,
3610 3917 3676 3974 et

2002 4017 2280 4090 praecipue
2310 4033 2344 4071 a
2384 4015 2736 4071 Veneratione
2763 4020 2860 4068 tua
2890 4013 2951 4068 in
2981 4012 3080 4067 hoc
3111 4013 3286 4083 ipsum
3308 4015 3513 4069 constat
3560 4009 3667 4065 ela-

2007 4106 2282 4179 boratum.
2300 4104 2555 4177 Sufﬁciet
2573 4109 2751 4159 autem
2762 4101 3058 4157 admonitio
3076 4100 3226 4167 talis,
3246 4104 3307 4156 ut
3328 4106 3479 4170 puto,
3493 4098 3662 4154 doctis

2007 4202 2059 4254 et
2086 4195 2377 4269 imperitis,
2397 4194 2582 4250 otiosis
2608 4200 2659 4249 et
2684 4192 2979 4265 occupatis,
3007 4198 3056 4246 et
3080 4188 3448 4262 adcujuslibet
3459 4188 3662 4260 gradus

2009 4287 2385 4343 ministerium
2408 4284 2665 4340 Ecclesia
2686 4282 3044 4353 undecumque
3059 4283 3351 4352 promotis;
3367 4278 3491 4334 dum
3507 4286 3555 4334 et
3570 4277 3663 4333 ille

2008 4378 2107 4449 qui
2115 4376 2286 4431 multa
2308 4374 2455 4446 legit,
2472 4373 2651 4429 eadem
2663 4372 2898 4427 breviter
2910 4370 3255 4432 recordatur,
3286 4374 3333 4422 et
3360 4366 3664 4438 compendio

2008 4467 2238 4540 ignarus
2262 4464 2589 4533 instruitur,
2615 4467 2674 4515 ut
2700 4460 2911 4515 noverit
2927 4457 3065 4529 quid
3097 4463 3287 4521 teneat,
3321 4455 3455 4526 quid
3483 4460 3659 4521 evitet,

2009 4555 2148 4628 quid
2191 4558 2477 4609 aversetur
2504 4566 2568 4605 ne
2596 4550 2790 4620 faciat,
2838 4546 2968 4621 quid
3012 4554 3073 4602 ut
3126 4546 3296 4617 faciat
3324 4549 3663 4615 assequatur.

2009 4643 2288 4700 Fortassis
2310 4649 2507 4707 autem,
2522 4640 2571 4694 si
2586 4647 2762 4695 tamen
2776 4637 2914 4710 quod
2937 4636 3187 4691 arbitror
3198 4651 3385 4690 verum
3397 4634 3665 4700 est,etiam

2008 4733 2266 4790 adversus
2288 4729 2750 4787 calumniantium
2770 4727 3038 4798 malignas
3048 4732 3246 4781 mentes
3259 4731 3308 4780 et
3329 4724 3506 4779 dolosa
3520 4722 3667 4778 labia

2009 4840 2141 4897 opus
2157 4823 2252 4878 hoc
2262 4837 2494 4894 parvum
2512 4820 2659 4874 inter
2667 4824 2865 4874 catera
2884 4816 2961 4871 mi
2965 4816 3119 4887 ri/ica
3143 4815 3445 4875 testimonio
3456 4809 3665 4869 corona

2010 4921 2123 4971 tua
2146 4929 2250 4968 non
2279 4910 2447 4967 deerit
2492 4930 2513 4968 :
2552 4916 2611 4964 ut
2644 4907 2834 4979 quibus
2871 4912 3019 4978 patet
3045 4921 3262 4977 campus
3289 4900 3665 4959 calumniandi

2009 5004 2319 5077 profusior,
2352 4999 2551 5056 validis
2570 5006 2619 5054 et
2641 5015 2708 5053 ea:
2731 4999 2876 5053 omni
2893 5002 3053 5068 parte
3083 4994 3343 5050 conclusis
3359 4992 3485 5065 ﬁdei
3518 4990 3667 5047 limi-

2012 5093 2155 5149 tibus
2183 5089 2467 5158 coarctati,
2497 5086 2836 5159 omnibusque
2861 5085 3109 5140 veritatis
3132 5084 3364 5139 telorum
3388 5079 3668 5152 generibus

2012 5183 2352 5249 circumacti,
2381 5183 2545 5237 etiam
2575 5194 2685 5234 uno
2712 5177 3045 5249 multiformi
3075 5174 3257 5247 iaculo
3288 5177 3494 5228 recente
3538 5187 3663 5243 pro-

2011 5275 2201 5340 strati,
2232 5270 2551 5328 morticinos
2568 5268 2798 5341 spiritus
2827 5282 2934 5322 non
2962 5264 3200 5321 audeant
3224 5261 3504 5318 anhelare.

2088 5363 2138 5419 4.
2178 5362 2340 5420 Video
2359 5376 2516 5433 quam
2540 5373 2794 5415 onerosus
2820 5356 3097 5421 exsistam,
3126 5353 3350 5409 meliora
3379 5348 3661 5423 cogitanti,

2013 5460 2064 5511 et
2089 5451 2397 5523 disponenti
2447 5449 2659 5520 majora
2699 5452 2884 5501 sancto
2910 5445 3047 5511 seni,
3073 5449 3124 5499 et
3152 5439 3394 5515 querelas
3420 5438 3663 5512 corporis

2012 5542 2324 5600 sustinenti.
2383 5538 2484 5595 Sed
2530 5554 2629 5611 per
2658 5535 2940 5594 Christum
2968 5533 3261 5590 Dominum
3308 5547 3454 5606 rogo,
3496 5528 3669 5605 quite

2078 5672 2098 5705 ι
2138 5668 2283 5733 Mss"
2308 5666 2568 5740 cuiusque.
2599 5730 2603 5734 _
