2070 3087
300 82 354 113 999
942 72 973 104 S.
989 70 1182 105 AUGUSTINI
1202 69 1363 104 EPISCOPI

296 146 465 183 participem
476 144 620 181 sapientia
630 151 685 170 sum
701 141 759 169 sine
771 139 878 168 invidia
890 147 941 167 esse
951 138 1087 171 concessit,
1096 140 1127 165 ut

299 182 367 219 hanc
382 192 503 228 gratiam
516 189 595 217 dones
608 186 723 215 indoctis
752 185 887 217 Ecclesia,
904 184 952 220 qui
966 187 991 211 te
1005 182 1127 219 agnoscis

298 236 464 273 sapientibus
477 238 554 270 atque
570 230 763 268 insipientibus
772 230 918 257 debitorem
933 229 1025 263 (Rom.
1038 236 1061 273 ι,
1069 228 1126 273 14-ξῖ

298 270 396 309 merito
409 288 440 307 ac
450 279 514 315 jure
523 278 663 305 dicturus:
676 285 690 301 ‹‹
705 275 793 304 Videte
807 274 934 309 quoniam
941 281 993 300 non
1003 271 1072 299 mihi
1078 270 1129 299 soli

300 324 430 357 laboravi,
442 323 486 351 sed
500 322 622 350 omnibus
630 319 836 357 exquirentibus
850 319 993 346 veritatem
1005 326 1019 343 »
1033 315 1127 352 (Eccli.

298 378 376 401 xx1v,
391 369 436 401 41,
452 371 475 395 et
491 375 594 400 xxxiii,
609 367 665 402 l8).
682 365 763 393 Potui
778 363 866 392 adhuc
885 363 983 397 olferre
995 360 1129 397 supplices

299 417 324 442 et
339 413 499 448 multiplices
510 419 611 448 preces,
626 413 652 439 et
660 418 760 438 mecum
775 408 968 444 imperitorum
980 404 1130 434 classesod—

298 458 408 486 sciscere
418 466 429 489 ;
444 457 488 484 sed
501 456 586 484 malui
595 456 654 491 jam
662 454 759 483 audire
771 453 780 471 ¹
790 453 945 485 distantem,
952 459 1032 488 quam
1042 450 1129 478 adhuc

299 510 434 538 occupare
448 501 584 538 legentem.

534 557 700 586 EPISTOLA
721 556 832 585 CCXXII
848 554 897 591 (α).

301 596 473 654 Augustinus
484 615 675 649 Quodvultdeo,
685 622 814 642 excusans
823 611 957 649 propositi
963 610 1131 647 operisdiffi-

337 663 474 694 cultatem,
489 669 595 697 remque
605 660 638 688 ab
652 660 720 689 aliis
731 661 862 687 tentatum
876 665 930 685 esse
939 655 1092 684 admonens.

302 725 499 754 Dilectissimo
506 724 569 752 ﬁlio
576 725 604 751 et
619 722 807 751 condiacono
814 721 1031 753 Quoovuuneo,
1039 718 1130 746 Ausu-

572 776 666 797 srmus
680 773 852 803 episcopus.

341 835 365 860 l.
376 832 509 868 Acceptis
517 830 619 859 litteris
631 828 788 857 Charilaus
794 830 863 859 tuas,
876 826 928 854 ubi
940 834 958 854 a
969 832 1016 853 me
1027 824 1132 853 arden-

303 877 417 906 tissimo
433 876 533 904 studio
549 874 705 912 pOstulasti
720 877 752 901 ut
764 873 801 901 de
810 872 952 900 omnibus
968 870 1131 898 hmresibus

304 930 370 959 quin
377 925 443 958 post
451 921 568 949 Domini
576 919 739 947 Salvatoris
746 917 911 946 adventum
918 916 1061 944 adversus
1067 913 1132 949 ejus

304 967 473 995 doctrinam
490 965 725 1002 pullulaverunt,
740 961 864 998 aliquid-
879 960 1009 989 breviter
1024 958 1132 987 scribe-

304 1018 368 1039 rem
380 1020 387 1044 ;
399 1018 492 1047 quam
508 1010 608 1037 sithoc
619 1007 751 1040 difﬁcile,
764 1005 909 1034 continuo
920 1006 1036 1041 reperta
1048 1011 1133 1031 occa-

305 1055 388 1084 sione
402 1054 542 1091 rescripsi
551 1062 603 1090 per
615 1053 710 1081 ﬁlium
723 1060 824 1080 meum
831 1049 1066 1087 Hipponensium
1076 1048 1132 1084 pri-

305 1100 435 1129 marium
447 1099 629 1127 Philocalum
643 1106 648 1125 :
667 1105 737 1125 mox
749 1099 849 1125 autem
861 1096 951 1123 etiam
966 1094 1021 1122 ista
1032 1093 1134 1121 oblata

305 1148 359 1178 est,
367 1152 515 1181 quanunc
527 1143 670 1175 rescribo,
684 1141 844 1170 etbreviter
850 1139 1055 1168 difﬁcultatem
1062 1145 1135 1174 ope-

305 1190 345 1218 ris
362 1191 427 1225 ejus
442 1188 579 1217 Ostendo.

342 1236 368 1262 2.
377 1234 547 1262 Philasti'ius
558 1231 684 1269 quidam
694 1229 852 1258 Brixiensis
864 1228 1035 1264 episcopus,
1043 1235 1134 1264 quem

305 1287 375 1308 cum
388 1280 493 1307 sancto
509 1276 667 1305 Ambrosio
694 1274 849 1303 Mediolani
863 1273 954 1301 etiam
970 1273 1032 1308 ipse
1061 1271 1133 1306 vidi,

307 1324 425 1360 scripsit
438 1322 506 1350 hinc
522 1321 651 1355 librum;
669 1327 723 1347 nec
742 1319 808 1346 illas
822 1318 950 1345 haereses
961 1317 1135 1353 praetermit-

307 1371 459 1403 tens,qua‘.
474 1367 503 1394 in
519 1365 631 1402 populo
642 1364 747 1392 Judazo
761 1363 881 1391 fuerunt
896 1361 1134 1389 anteadventum

307 1412 435 1444 Domini,
448 1418 559 1446 easque
566 1409 666 1445 viginti
679 1411 746 1436 octo
753 1406 999 1435 commemoravit
1010 1414 1017 1440 ;
1032 1408 1060 1433 et
1068 1407 1136 1441 post

309 1456 423 1485 Domini
435 1456 598 1484 adventum
605 1457 724 1481 centum
736 1452 839 1487 viginti
852 1450 1135 1486 octo.Scripsithinc

307 1502 397 1531 etiam
412 1508 507 1536 graece
517 1500 678 1535 episcOpus
690 1497 814 1533 Cyprius
824 1496 1017 1532 Epiphanius,
1027 1496 1057 1523 in
1066 1495 1136 1523 doc-

307 1546 386 1575 trina
399 1544 553 1574 catholicae
568 1543 637 1571 ﬁdei
656 1541 845 1570 laudabiliter
861 1540 1034 1568 ditfamatus
1047 1548 1053 1566 :
1082 1540 1136 1568 sed

307 1590 372 1627 ipse
380 1589 533 1624 utriusque
543 1586 685 1623 temporis
691 1586 819 1614 haereses
828 1585 1136 1620 colligens,octoginta

309 1634 484 1670 complexus
511 1635 563 1661 est.
580 1633 654 1660 Cum
669 1638 740 1666 ergo
756 1630 846 1658 ambo
869 1629 900 1657 id
916 1629 1025 1657 vellent
1039 1629 1136 1657 facere

308 1679 392 1716 quod
407 1687 425 1707 a
440 1686 487 1706 me
498 1678 582 1714 petis,
591 1678 738 1712 quantum
751 1678 851 1703 tamen
864 1674 940 1702 inter
954 1681 984 1701 se
997 1673 1137 1702 differant

308 1724 346 1752 de
357 1731 481 1752 numero
496 1721 616 1750 interim
632 1723 790 1752 sectarum,
804 1718 886 1746 vides
909 1727 916 1747 :
933 1718 1018 1754 quod
1034 1718 1135 1754 utique

309 1775 371 1797 non
384 1767 540 1801 evenisset,
556 1766 611 1794 nisi
627 1764 709 1793 aliud
724 1764 775 1791 uni
786 1771 891 1791 eorum
910 1762 1055 1791 videretur
1071 1770 1135 1791 esse

309 1812 441 1845 haeresis,
452 1815 480 1839 et
492 1811 573 1839 aliud
586 1810 680 1839 alteri.
694 1810 795 1845 Neque
811 1808 893 1836 enim
908 1808 1079 1844 putandum
1092 1809 1136 1836 est

311 1854 797 1893 aliquasignorasseEpiphanium
808 1861 885 1890 quas
898 1855 1020 1880 noverat
1028 1852 1137 1880 Philas-

310 1901 393 1934 trius,
409 1909 478 1929 cum
499 1900 700 1936 Epiphanium
729 1898 817 1933 longe
841 1897 996 1925 Philastrio
1025 1897 1137 1926 doctio-

307 1953 371 1974 rem
388 1945 592 1973 invenerimus
607 1952 614 1978 ;
632 1944 672 1971 ita
699 1946 730 1971 ut
746 1942 937 1970 Philastrium
964 1941 1063 1977 potius
1089 1941 1137 1969 di-

308 1997 375 2018 cere
387 1989 562 2018 deberemus
573 1988 697 2016 latuisse
708 1987 865 2023 plurimas,
877 1986 901 2014 si
914 1988 975 2014 lam
985 1985 1086 2022 plures
1093 1994 1136 2014 es-

308 2038 352 2063 set
377 2034 425 2062 ille
442 2033 626 2069 complexus,
643 2035 670 2060 et
696 2032 750 2060 iste
764 2031 934 2067 pauciores.
962 2030 1015 2058 Sec
1032 2030 1137 2066 procul

309 2078 403 2107 dubio
413 2079 443 2106 in
456 2086 492 2106 ea
498 2078 663 2114 quaestione
669 2076 719 2104 ubi
726 2076 908 2112 disceptatur
920 2074 994 2111 quid
1001 2075 1038 2102 sit
1045 2075 1136 2103 haere~

310 2123 361 2157 sis,
378 2131 439 2151 non
463 2122 544 2150 idem
559 2121 717 2149 videbatur
730 2120 898 2155 ambobus;
915 2122 943 2148 et
965 2127 1068 2148 revera
1079 2120 1136 2147 hoc

309 2168 434 2197 omnino
445 2167 568 2195 deﬁnire
575 2165 693 2194 ditﬁcile
699 2169 744 2194 est
755 2174 763 2193 :
775 2164 876 2193 etideo
883 2164 996 2193 cavend
1002 2172 1136 2197 um,cum

309 2219 415 2242 omnes
427 2213 457 2240 in
473 2218 632 2240 numerum
644 2210 777 2245 redigere
792 2217 948 2242 conamur,
964 2217 1000 2237 ne
1017 2211 1137 2245 prseter-

310 2256 465 2286 miltamus
479 2257 607 2293 aliquas,
614 2256 754 2292 quamvis
762 2255 893 2283 haereses
905 2254 976 2288 sint;
984 2256 1036 2282 aut
1043 2261 1138 2282 annu-

310 2310 461 2331 meremus
473 2301 602 2338 aliquas,
618 2308 687 2329 cum
696 2301 825 2328 haereses
836 2306 898 2327 non
907 2299 975 2327 sint.
989 2298 1059 2326 Vide
1066 2305 1137 2334 ergo

309 2353 347 2376 ne
363 2346 436 2375 forte
450 2347 561 2374 librum
583 2345 678 2374 sancti
708 2344 864 2381 Epiphanii
891 2344 944 2372 tibi
959 2344 1073 2371 mittere
1088 2343 1138 2371 de-

308 2392 416 2420 beam:
429 2392 527 2427 ipsum
540 2390 622 2418 enim
634 2390 762 2418 arbitror
773 2389 927 2417 Philastrio
934 2388 1051 2416 doctius
1065 2387 1138 2416 hinc

309 2436 443 2465 locutum
457 2443 464 2469 ;
480 2435 531 2472 qui
546 2434 727 2470 possitapud
741 2433 951 2469 Carthaginem
967 2433 998 2460 in
1011 2432 1137 2461 latinam

309 2480 445 2516 linguam
452 2480 524 2508 verti
531 2479 648 2507 facilius
657 2482 745 2514 atque
752 2478 952 2512 commodius,
961 2480 992 2505 ut
1000 2480 1030 2505 tu
1037 2478 1137 2513 potius

311 2528 434 2562 praestes
449 2524 537 2553 nobis
551 2524 634 2560 quod
649 2523 758 2559 quaeris
771 2531 789 2552 a
802 2523 899 2551 nobis.

348 2572 374 2598 3.
388 2568 704 2597 Perlatoremmultum
723 2568 914 2596 commendo.
931 2566 1138 2595 Subdiaconus

312 2614 398 2643 estde
405 2613 687 2647 nostradimcesi;de
693 2612 787 2641 fundo
793 2615 889 2640 autem
896 2612 949 2639 viri
956 2611 1139 2647 spectabilis,

312 2659 461 2696 nobisque
471 2659 636 2687 charissimi
650 2658 762 2686 Orontii
772 2658 781 2675 ί
787 2678 792 2684 .
798 2657 853 2685 Pro
863 2656 913 2685 illo
920 2659 1031 2690 autem,
1039 2658 1067 2684 et
1073 2663 1140 2692 pro~

313 2704 378 2740 ejus
394 2706 489 2740 patre,
507 2711 525 2731 a
539 2710 600 2739 quo
615 2703 776 2739 adoptatus
792 2704 845 2734 est,
862 2702 952 2730 etiam
977 2700 1014 2729 ad
1038 2701 1139 2737 ipsum

346 2782 354 2799 ι
368 2782 409 2806 Sic
423 2788 494 2807 unus
506 2788 521 2806 ο
530 2781 614 2808 Vatia.
630 2781 695 2809 Mss.
713 2781 746 2806 At
763 2780 846 2809 Edd.,
859 2779 1136 2812 gaudererdictantem.

347 2814 382 2844 (α)
406 2820 433 2837 ιι
449 2814 462 2838 6
479 2815 562 2842 torno,
578 2815 639 2838 ante
652 2813 701 2840 lib.
718 2813 751 2838 de
776 2811 935 2837 Hmresibus.
969 2811 1033 2844 Quae
1047 2813 1140 2837 autem

314 2844 360 2871 222
375 2846 441 2874 erat,
459 2851 542 2869 nunc.
563 2844 616 2870 120.
632 2844 734 2877 Scripta
759 2844 840 2877 paulo
854 2845 916 2876 post
932 2843 1107 2876 superiorem.

1516 13 1662 30 :vivA
1707 11 1807 22 ...κ’

1182 137 1304 173 scripsi:
1318 145 1395 174 quas
1410 136 1522 165 litteras
1543 143 1613 165 cum
1630 136 1734 173 legerit
1748 137 1903 168 christiana
1915 140 1987 168 Beni-

1183 183 1280 218 gnitas
1292 184 1352 215 tua,
1361 184 1430 217 peto
1440 183 1472 210 ut.
1481 190 1532 210 eas
1545 182 1627 219 apud
1643 185 1841 211 memoratum
1850 184 1988 214 virumtue

1182 226 1393 255 intercessione
1407 226 1552 262 adjuvare
1579 226 1722 262 digneris.
1738 227 1798 255 Misi
1817 231 1913 256 autem
1931 237 1988 257 cum

1182 270 1232 300 illo
1245 272 1335 299 etiam
1350 271 1504 299 hominem
1520 271 1668 305 Ecclesiae,
1683 279 1720 299 ne
1741 271 1779 300 ad
1798 274 1880 300 tuam
1895 273 1991 301 Sancti-

1184 318 1274 344 tatem
1287 315 1414 343 difﬁcilis
1427 315 1452 343 ei
1463 318 1539 344 esset
1551 323 1692 344 accessus
1706 324 1712 343 :
1724 324 1785 345 non
1796 316 1875 344 enim
1898 325 1990 353 parum

1183 360 1218 388 de
1232 359 1281 388 illo
1297 360 1439 388 sollicitus
1450 368 1517 388 sum
1530 368 1538 394 ;
1551 368 1569 388 a
1583 368 1645 397 qua
1672 368 1719 388 me
1735 360 1928 389 sollicitudine
1943 363 1991 390 Do-

1184 405 1293 437 minus.
1313 407 1343 433 ut
1355 412 1453 440 spero,
1471 412 1523 440 per
1539 407 1595 432 tuae
1619 405 1772 433 charitatis
1785 405 1950 434 instantiam
1963 406 1992 434 li-

1183 449 1311 477 berabit.
1326 450 1394 477 Peto
1422 449 1511 477 etiam
1529 449 1601 477 mihi
1616 449 1780 477 rescribere
1795 457 1855 477 non
1869 450 1991 486 graveris,

1184 493 1444 530 quemadmodum
1458 494 1495 521 sit
1508 494 1538 521 in
1545 493 1604 522 ﬁde
1613 494 1763 522 catholica
1771 494 1819 522 ille
1827 494 1994 523 TheodOsiui

1185 546 1238 574 per
1252 545 1342 574 quem
1356 538 1504 566 Manichaai
1531 538 1666 566 nonnulli
1682 540 1754 567 sunt
1768 538 1896 575 proditi;
1911 541 1937 567 et
1948 539 1993 575 ipsi

1184 591 1262 619 quos
1276 583 1315 611 ab
1330 590 1365 610 eo
1387 582 1531 618 proditos,
1556 585 1699 618 putamus
1714 590 1780 611 esse
1803 585 1955 611 correctos.
1970 584 1992 611 Si

1184 627 1356 663 quidetiam
1371 627 1408 655 de
1415 627 1597 663 profectione
1608 629 1783 656 sanctorum
1799 627 1993 663 episcoporum

1185 672 1258 700 forte
1270 671 1422 705 audivisti,
1436 671 1484 700 fac
1500 674 1531 699 ut
1543 672 1688 701 noverim.
1704 672 1764 701 Deo
1781 672 1875 701 vivas.

1397 733 1565 762 EPISTOLA
1589 734 1715 762 CCXXIII
1731 734 1782 770 (o).

1185 796 1340 832 Augustino
1356 796 1565 830 Quodvultdeus,
1581 804 1694 824 rursum
1707 796 1897 832 efﬂagitarunt
1911 796 1996 824 scribat

1417 840 1574 877 opusculum
1581 841 1612 869 de
1621 841 1779 869 haeresibus.

1187 903 1313 932 Domino
1320 904 1424 932 merito
1430 904 1640 936 venerabili,ac
1654 904 1828 933 beatissimo
1835 912 1916 933 sacro
1923 905 1994 941 patri,

1239 951 1397 977 Aucusriuo
1410 949 1563 985 episcopo,
1579 949 1778 981 Quovuuoeos
1794 949 1945 981 diaconus,

1224 1014 1248 1039 l.
1268 1012 1357 1040 Unum
1374 1011 1480 1047 quidem
1505 1011 1672 1039 Reverentia
1686 1015 1742 1040 tum
1767 1012 1993 1046 commonitorium,

1186 1056 1255 1093 quod
1266 1065 1315 1092 per
1329 1056 1535 1084 ecclesiasticum
1551 1056 1679 1092 dignatus
1693 1065 1721 1084 es
1736 1057 1885 1093 destinare,
1899 1058 1994 1093 suscepi.

1186 1102 1257 1130 Nam
1270 1101 1339 1137 quod
1345 1102 1423 1137 prius
1432 1101 1563 1129 directum
1570 1109 1622 1128 esse
1634 1101 1778 1129 Beatitudo
1784 1102 1995 1138 tuasigniﬁcavit,

1184 1153 1235 1181 per
1242 1145 1333 1173 virum
1345 1145 1526 1173 honorabich
1540 1145 1719 1179 Philocalum,
1733 1145 1848 1174 necdum
1863 1146 1897 1174 ad
1909 1155 1996 1182 meper-

1187 1190 1270 1218 venit.
1283 1190 1379 1218 Verum
1393 1190 1515 1226 quamvis
1529 1190 1649 1218 conscius
1658 1192 1836 1226 propriorum
1846 1199 1941 1227 semper
1952 1191 1997 1226 fue-

1187 1235 1243 1262 rim
1247 1238 1500 1270 peccatorum,nunc
1507 1237 1594 1262 tamen
1601 1235 1739 1263 evidenter
1743 1236 1845 1271 agnovi
1849 1235 1996 1272 adipiscenda

1187 1279 1233 1307 illi
1246 1279 1315 1315 quod
1328 1280 1441 1307 exoravi
1449 1280 1558 1307 muneri
1573 1280 1594 1313 ²,
1605 1288 1690 1307 meam
1701 1280 1752 1308 toti
1766 1280 1896 1308 Ecclesia
1905 1280 1996 1316 impedi-

1188 1328 1276 1352 mento
1288 1332 1340 1352 esse
1355 1331 1509 1360 personam.
1520 1324 1575 1352 Sed
1587 1324 1696 1352 omnino
1709 1324 1815 1360 conﬁdo
1828 1325 1948 1361 quoniam
1960 1325 1997 1361 qui

1187 1377 1237 1405 per
1245 1369 1270 1397 U
1270 1369 1375 1396 nicisui
1379 1368 1626 1405 gratiam,humani
1630 1369 1734 1405 generis
1739 1368 1877 1405 dignatus
1882 1373 1918 1397 est
1924 1369 1996 1397 delere

1187 1413 1322 1449 facinora,
1337 1422 1386 1442 nec
1398 1422 1457 1441 mea
1470 1413 1500 1441 in
1519 1414 1667 1449 perniciem
1687 1418 1847 1442 cunctorum
1868 1414 1998 1450 praevalere

1185 1459 1333 1495 permittet,
1348 1459 1486 1494 potiusque
1497 1458 1546 1486 ubi
1570 1458 1721 1486 abundavit
1736 1462 1883 1495 peccatum,
1898 1458 1997 1495 gratiam

1187 1504 1272 1539 faciet
1296 1503 1450 1531 redundare
1474 1503 1562 1539 (Rom.
1582 1511 1609 1535 v,
1625 1503 1681 1539 20).
1697 1503 1806 1531 domine
1831 1503 1925 1531 merito
1937 1510 1997 1530 oene~

1188 1548 1299 1581 rabilis,
1313 1556 1345 1576 ac
1358 1547 1444 1576 beatis
1458 1548 1510 1575 ime
1524 1551 1611 1583 pater.
1627 1547 1829 1584 Difﬁcultatem
1847 1548 1934 1584 operis
1943 1546 1997 1584 quod

1188 1592 1355 1621 instruendis
1368 1592 1578 1628 imperitissimis
1590 1591 1664 1619 nobis
1675 1600 1724 1628 per
1732 1595 1808 1620 tuam
1820 1591 1996 1628 beneﬁcentiam

1185 1637 1318 1673 prastari
1324 1636 1613 1673 supplicitereworavi,
1620 1644 1666 1664 nec
1672 1637 1728 1672 ipse
1739 1637 1870 1673 ignorans
1875 1640 1933 1665 ante
1937 1644 1997 1672 pra-

1188 1682 1251 1710 diui
1260 1691 1271 1714 ;
1284 1681 1330 1709 sed
1341 1681 1372 1709 de
1386 1681 1477 1709 divini
1486 1681 1571 1717 fontis
1583 1680 1706 1709 ubertate
1718 1690 1798 1717 quam
1815 1681 1870 1709 tibi
1882 1680 1997 1710 Dominus

1189 1727 1299 1761 tribuit,
1312 1727 1402 1754 veraci
1415 1726 1494 1754 corde
1504 1726 1678 1762 przsumpsi.

1225 1774 1251 1800 2.
1279 1773 1351 1800 Nam
1376 1771 1428 1799 etsi
1453 1771 1621 1799 Philastrius
1635 1774 1660 1798 et
1674 1771 1851 1807 Epiphanius
1870 1769 1998 1799 venerandi

1188 1817 1307 1853 episcopi
1320 1817 1373 1844 tale
1379 1816 1831 1852 aliquidscripsissememorantur,
1842 1816 1910 1853 quod
1919 1814 1998 1852 procul

1189 1862 1270 1889 dubio
1284 1870 1324 1889 me
1339 1862 1413 1889 inter
1426 1865 1535 1894 extera,
1548 1861 1602 1889 imo
1612 1861 1792 1894 sicutomnia,
1811 1862 1877 1890 latet
1885 1869 1894 1894 ;
1907 1867 1954 1888 non
1964 1863 1998 1886 ta-

1189 1915 1248 1934 men
1253 1906 1377 1934 arbitror
1382 1914 1424 1934 eos
1429 1906 1497 1933 hanc
1502 1914 1595 1933 curam
1613 1905 1834 1941 diligentiamque
1851 1904 1999 1936 adhibuisse,

1189 1955 1219 1979 ut
1232 1951 1348 1987 singulis
1361 1951 1509 1987 quibusque
1516 1950 1687 1986 opinionibus
1697 1951 1854 1978 contrarias
1866 1951 1943 1978 etiam
1953 1948 2000 1984 opi-

1189 1996 1280 2024 niones
1293 1995 1481 2031 adjungcrent,
1492 1995 1616 2031 ritusque
1627 1994 1810 2031 subjicerent;
1826 1998 1884 2023 tum
1902 1994 1996 2029 denique

1188 2040 1329 2077 opusillud
1336 2040 1476 2076 utriusque
1486 2040 1674 2076 qualecumque
1680 2040 1727 2073 sit,
1743 2048 1796 2067 non
1809 2037 1998 2075 habetfortassis

1188 2093 1244 2113 eam
1251 2093 1330 2121 quam
1337 2084 1457 2112 desidero
1465 2084 1635 2112 breuitatem.
1643 2084 1763 2112 Frustra
1769 2084 1853 2111 etiam
1859 2083 1957 2111 homini
1961 2080 1999 2118 qui

1190 2130 1278 2158 latina
1283 2138 1336 2157 non
1341 2129 1541 2165 didicit,graeca
1546 2128 1677 2165 facundia
1682 2128 1822 2164 delegatur
1828 2129 1906 2164 ;quia
1912 2134 1998 2161 noueyo

1190 2175 1371 2203 tantummodo
1382 2174 1537 2207 aemilium,
1549 2173 1593 2201 sed
1603 2177 1628 2201 et
1635 2173 1773 2201 auxilium
1783 2173 1930 2209 postulavi.
1941 2170 1998 2205 Quid

1189 2223 1279 2248 autem
1296 2219 1499 2248 Venerationem
1505 2222 1578 2246 tuam
1585 2218 1616 2246 de
1623 2219 1803 2254 interpretum
1813 2227 1866 2246 non
1872 2218 1951 2246 solum
1956 2215 1999 2251 dif-

1190 2264 1321 2301 ﬁcultate,
1336 2264 1380 2292 sed
1390 2264 1471 2291 etiam
1480 2263 1643 2291 obscuritate
1656 2262 1823 2297 admoneam,
1832 2271 1893 2291 cum
1907 2261 1999 2298 ipsulm

1190 2310 1285 2345 magis,
1306 2317 1337 2336 ac
1345 2308 1423 2345 plene
1442 2307 1573 2343 dijudices
1588 2307 1602 2335 ?
1613 2307 1725 2335 Accedit
1749 2307 1785 2335 ad
1807 2315 1924 2339 causam,
1943 2304 1999 2342 quod

1190 2354 1327 2382 nonnullae
1341 2353 1423 2381 etiam
1436 2356 1496 2388 post
1508 2353 1623 2380 illorum
1636 2352 1739 2380 obitum
1753 2352 1867 2380 hereses
1880 2350 1998 2379 emersisse

1190 2399 1346 2431 doceantur,
1360 2406 1476 2434 quorum
1490 2396 1594 2425 nullam
1609 2397 1658 2424 illi
1670 2397 1788 2433 fecerint
1803 2397 1954 2424 tentionem.

1227 2446 1252 2472 3.
1267 2443 1443 2476 Quamobrem
1457 2442 1493 2469 ad
1501 2441 1637 2478 peculiare
1650 2441 1836 2477 patrocinium
1843 2440 1999 2477 pietatistua:

1190 2488 1325 2524 confugio,
1340 2491 1365 2515 et
1373 2495 1432 2515 voce
1438 2495 1506 2518 mea,
1513 2486 1559 2514 sed
1571 2486 1725 2514 universali
1731 2486 1875 2518 desiderio,
1888 2487 1999 2521 paratum

1191 2532 1226 2560 ad
1239 2531 1454 2560 misericordiam
1466 2534 1664 2559 sacrosanctum
1669 2530 1785 2566 pietatis
1793 2533 1882 2566 pectus
1892 2527 2000 2565 appello;

1191 2577 1362 2613 sequestratis
1367 2575 1508 2612 saporibus
1515 2576 1628 2612 peregri
1629 2575 1850 2608 nis,considerato
1859 2572 2000 2609 textuprio-

1191 2624 1232 2651 ris
1245 2621 1374 2659 epistola,
1386 2629 1482 2657 panem
1494 2620 1687 2657 Afrum,quem
1694 2623 1788 2648 nastro
1799 2618 1937 2656 provincia
1946 2616 1999 2644 solet

1224 2716 1231 2730 ι
1249 2714 1311 2740 Mss.
1327 2711 1509 2743 Michaelinus,
1527 2712 1744 2742 Becheronensis,
1762 2713 1789 2738 et
1816 2717 1885 2737 unus
1899 2717 1912 2736 e
1927 2708 1997 2734 Vatlc.

1192 2746 1302 2774 habent,
1317 2745 1454 2770 Honorati.
1860 2774 1864 2775 ν
1975 2770 1979 2775 ,

1222 2780 1232 2795 ί
1243 2778 1305 2802 Mss.
1322 2784 1389 2802 sex:
1404 2776 1557 2808 Aspicimdo
1575 2775 1609 2808 ad
1624 2775 1652 2808 id
1666 2774 1733 2808 quod
1760 2774 1865 2808 arqravi
1890 2774 1994 2808 muneris;

1224 2801 1311 2841 (J3:
1326 2801 1560 2841 sitomofantelib.
1577 2807 1610 2833 de
1623 2801 1784 2841 Heresibus.
1795 2805 1857 2837 Quae
1868 2806 1950 2831 autem
1959 2801 1995 2826 22³

1193 2839 1258 2870 erat,
1274 2847 1346 2866 nunc
1356 2840 1396 2865 61.
1409 2840 1513 2872 Scripta
1525 2839 1594 2865 forte
1607 2845 1653 2865 an.
1667 2839 1723 2864 428.
