4138 6172
141 209 270 269 1001

1382 210 1889 271 EPISTOLARUM
1926 212 2215 272 CLASSIS
2256 216 2354 275 III.

139 337 328 394 habere
339 336 699 410 praecipuum,
728 336 927 393 σκιοειί
951 344 1111 394 etiam
1138 355 1340 395 manna
1367 339 1658 405 conditum,
1680 356 1797 395 sero

138 426 401 498 pulsanti,
442 433 492 482 et
519 429 699 497 famen
718 426 1075 497 patientinon
1112 428 1353 500 deneges.
1389 428 1636 500 Profecto
1653 428 1796 483 enim

3422 222 3555 279 1002

1909 342 2178 412 grantius
2204 359 2240 399 a
2268 342 2521 399 Domino
2557 341 2705 398 mihi
2744 356 2963 415 poscas
2995 343 3385 415 adjutorium,
3430 361 3553 418 quo

1905 431 2161 487 serviam
2192 430 2481 487 laudabili
2504 431 2700 487 studio
2734 436 2857 502 tuo,
2889 437 3069 504 atque
3087 434 3317 490 utilitati
3344 450 3555 494 eorum

140 532 232 571 nec
268 533 358 587 ego
387 516 604 587 pulsare
635 515 859 582 cessabo,
900 515 1065 572 donec
1106 517 1216 588 ipse
1247 518 1495 574 concedas
1520 540 1540 589 ,-
1567 524 1626 573 ut
1658 516 1797 589 quod
1904 519 2123 591 quibus
2152 521 2213 576 id
2234 520 2540 577 existimas
2555 520 3215 592 profuturum,domine
3248 522 3552 580 sinceriter

137 622 242 661 non
271 605 529 677 impetrat
556 604 928 677 privilegium,
960 607 1061 662 ubi
1087 606 1303 663 nullum
1355 614 1430 664 est
1462 608 1718 663 meritum
1749 608 1792 672 ¹,

134 694 322 751 saltem
346 694 619 767 indefessa
640 693 1030 765 importunitas
1052 710 1345 753 mereatur.

567 821 900 878 EPISTOLA
941 822 1195 878 CCXXIV
1234 823 1336 895 (a).

132 944 471 1016 Augustinus
484 942 865 1011 Quodvultdeo,
892 944 1150 1015 spondens
1160 961 1213 1001 se
1234 945 1295 1000 de
1323 946 1629 1002 haeresibus
1651 948 1787 1002 scri-

196 1041 449 1106 pturum,
478 1033 605 1088 dum
627 1050 730 1104 per
757 1033 899 1089 alias
940 1036 1311 1106 occupationes
1356 1035 1565 1093 licebit.
1622 1036 1786 1092 Nunc

200 1123 341 1179 enim
363 1123 429 1178 ab
458 1122 656 1194 Alypio
681 1140 733 1178 se
754 1123 945 1195 urgeri
1000 1124 1158 1189 dicit,
1190 1128 1251 1180 ut
1268 1125 1659 1197 posterioribus
1686 1126 1785 1182 Ju-

201 1211 343 1268 liani
369 1212 527 1267 libris
542 1211 886 1283 respondeat.

135 1334 388 1393 Domino
411 1333 716 1390 sinceriter
743 1333 1153 1403 dilectissimo,
1182 1336 1342 1393 fratri
1372 1341 1429 1394 et
1465 1337 1783 1397 condiaco-

206 1440 288 1481 no
317 1425 743 1490 Quonvucrneo,
776 1424 1121 1481 Aucusrmus
1159 1426 1504 1500 episcopus.

209 1555 259 1611 t.
291 1552 438 1607 Cum
454 1548 594 1604 mihi
608 1548 737 1605 haec
767 1549 1392 1608 scribendioﬂ‘erretur
1412 1552 1651 1609 occasio
1677 1567 1782 1625 per

136 1638 541 1695 Fussalensem
571 1637 1010 1711 presbyterum,
1039 1656 1219 1712 quem
1252 1641 1613 1697 commendo
1638 1642 1782 1697 cha-

128 1727 284 1783 ritati
315 1727 735 1792 tute,recensui
757 1727 1075 1799 epistolam
1099 1736 1285 1796 tuam,
1320 1731 1377 1785 in
1403 1746 1526 1802 qua
1556 1731 1784 1802 petisut

128 1816 199 1872 de
240 1816 569 1873 haresibus
603 1832 740 1887 quae
768 1817 905 1872 oriri
936 1823 1254 1888 potuerunt
1282 1834 1351 1874 ex
1382 1835 1505 1892 quo
1550 1818 1780 1875 Domini

127 1905 185 1961 in
207 1904 1419 1980 carnenuntiaricmpitadventus,aliquid
1435 1908 1780 1965 scriberem.

124 1993 247 2050 Hoc
277 2000 481 2051 autem
526 1993 655 2058 feci,
720 2001 782 2049 ut
815 1994 1079 2051 viderem
1114 2003 1311 2052 utrum
1338 1997 1467 2067 jam
1498 1997 1780 2053 deberem

124 2098 281 2155 opus
313 2082 511 2155 ipsum
547 2083 814 2154 aggredi,
858 2087 914 2140 et
943 2084 1081 2140 inde
1114 2084 1215 2140 tibi
1256 2084 1483 2157 aliquid
1510 2088 1778 2154 mittere;

124 2170 228 2227 ubi
261 2171 674 2227 considerares
706 2176 871 2227 tanto
910 2188 1040 2228 esse
1078 2172 1403 2239 difﬁcilius,
1432 2178 1661 2247 quanto
1692 2176 1781 2230 vis

123 2260 274 2317 efﬁci
290 2261 550 2318 brevius.
575 2260 689 2317 Sed
712 2276 785 2317 ne
816 2262 932 2317 hoc
949 2262 1193 2334 quidem
1222 2264 1411 2335 potui,
1438 2264 1653 2320 talibus
1685 2281 1783 2320 cu-

121 2349 198 2405 ris
230 2350 786 2422 supervenientibus
818 2350 1168 2423 impeditus,
1213 2368 1249 2408 a
1277 2352 1498 2425 quibus
1530 2354 1781 2409 omnino

122 2439 502 2496 dissimulare
534 2454 655 2495 non
686 2454 930 2511 possem
959 2455 970 2495 :
1010 2455 1154 2496 nam
1185 2456 1280 2496 me
1321 2446 1380 2497 et
1418 2441 1495 2497 ab
1527 2457 1597 2498 eo
1615 2442 1777 2514 quod

124 2528 443 2584 habebam
462 2529 524 2584 in
564 2528 866 2595 manibus,
893 2534 1258 2585 averterunt.

196 2621 253 2674 2.
288 2620 406 2674 Hoc
432 2622 632 2675 autem
672 2622 778 2685 est,
814 2618 916 2673 ubi
952 2618 1288 2690 respondeo
1330 2619 1499 2675 libris
1542 2620 1779 2687 Juliani,

124 2723 281 2781 quos
312 2711 445 2764 octo
466 2706 652 2762 edidit
675 2711 805 2778 post
837 2706 966 2761 illos
991 2713 1249 2779 quatuor
1278 2708 1498 2781 quibus
1529 2714 1666 2765 ante
1697 2725 1783 2765 re-

126 2796 367 2869 spondi.
401 2796 513 2853 Hos
538 2797 698 2852 enim
711 2812 846 2852 cum
874 2798 1075 2852 Romae
1097 2799 1426 2869 accepisset
1452 2798 1627 2855 frater
1648 2798 1783 2871 Aly-

126 2885 286 2958 pius,
339 2885 609 2941 nondum
637 2901 849 2941 omnes
880 2885 1293 2958 descripserat,
1327 2902 1465 2943 cum
1513 2887 1781 2944 oblatam

121 2974 507 3032 occasionem
538 2974 727 3030 noluit
752 2974 1199 3047 praeterire.per
1219 2992 1401 3047 quam
1428 2976 1572 3031 mihi
1603 2978 1782 3050 quin-

121 3080 245 3137 que
278 3064 646 3134 transmisit;
678 3063 1029 3134 promittens
1059 3064 1207 3119 alios
1241 3071 1353 3119 tres
1385 3064 1502 3120 cito
1546 3082 1609 3121 se
1648 3082 1780 3123 esse

122 3152 470 3219 missurum,
505 3153 831 3208 etmultum
866 3151 1099 3207 instans
1125 3153 1782 3224 neresponderediﬁ‘er—

119 3256 274 3297 rem.
308 3241 489 3311 Cujus
514 3242 799 3298 instantia
829 3247 1073 3297 coactus
1107 3258 1241 3296 sum
1266 3242 1575 3298 remissius
1603 3259 1779 3313 agere

118 3330 292 3404 quod
317 3330 575 3401 agebam
599 3334 619 3366 ⁸
642 3330 915 3401 ;utoperi
945 3330 1176 3402 utrique
1210 3346 1330 3387 non
1362 3331 1778 3402 deessem,uni

118 3419 360 3487 diebus,
383 3418 549 3476 alteri
588 3420 888 3486 noctibus,
918 3419 1159 3492 quando
1180 3420 1327 3476 mihi
1342 3420 1420 3476 ab
1450 3421 1582 3477 aliis
1611 3438 1781 3478 occu-

120 3508 474 3582 pationibus
490 3507 629 3564 hinc
651 3513 830 3581 atque
843 3507 981 3564 hinc
1002 3509 1202 3563 venire
1217 3523 1337 3565 non
1351 3509 1424 3564 de
1434 3511 1779 3567 sistentibus

121 3602 488 3670 parceretur.
522 3597 791 3669 Agebam
820 3612 957 3653 vero
980 3613 1105 3653 rem
1140 3597 1467 3669 plurimum
1507 3615 1785 3658 necessa-

120 3688 277 3744 riam
313 3704 326 3745 :
377 3686 505 3758 jam
539 3686 1252 3758 retractabamopuscula
1284 3702 1448 3754 mea;
1483 3693 1539 3744 et
1571 3690 1782 3763 siquid

122 3776 185 3831 in
228 3775 314 3832 eis
344 3791 440 3831 me
477 3773 823 3841 offenderet,
878 3775 968 3830 vel
1013 3774 1163 3831 alios
1216 3775 1512 3832 offendere
1554 3784 1779 3849 posset,

123 3864 346 3938 partim
384 3864 899 3937 reprehendendo,
933 3866 1150 3936 partim
1196 3864 1571 3923 defendendo
1617 3868 1781 3939 quod

117 3954 240 4025 legi
259 3953 501 4009 deberet
526 3958 581 4009 et
613 3961 830 4025 posset,
864 3953 1185 4025 operabar.
1225 3956 1291 4009 Et
1320 3958 1441 4011 (tuo
1474 3956 1782 4014 volumina

112 4043 249 4114 jam
284 4042 685 4106 absolverem,
716 4043 1045 4099 retractatis
1091 4043 1371 4098 omnibus
1400 4043 1565 4100 libris
1610 4047 1778 4114 meis,

117 4146 385 4204 quorum
424 4146 743 4187 numerum
798 4131 1177 4187 nesciebam:
1238 4148 1464 4204 eosque
1491 4134 1777 4190 ducentos

119 4221 369 4290 triginta
414 4220 570 4277 duos
616 4236 745 4276 esse
797 4220 1073 4291 cognovi.
1122 4220 1451 4278 ltestabant
1490 4224 1777 4295 epistolae,

119 4310 343 4366 deinde
362 4313 647 4366 tractatus
678 4308 1023 4381 populares,
1054 4325 1210 4381 quos
1268 4310 1455 4367 Graeci
1502 4312 1781 4369 homilias

120 4403 363 4455 vocant.
388 4400 452 4455 Et
481 4399 769 4471 plurimas
791 4399 919 4470 jam
952 4399 1341 4471 epistolarum
1360 4400 1644 4472 legeram,
1676 4402 1781 4459 sed

122 4488 325 4545 adhuc
355 4488 502 4544 nihil
546 4487 685 4543 inde
725 4487 1120 4555 dictaveram,
1151 4505 1289 4545 cum
1323 4506 1421 4546 me
1467 4492 1648 4547 etiam
1688 4492 1782 4547 isti

120 4577 344 4634 Juliani
388 4576 521 4632 libri
581 4592 877 4648 occupare
938 4584 1263 4647 coeperant,
1312 4594 1570 4651 quorum
1626 4595 1783 4635 nunc

123 4670 350 4739 quarto
379 4666 741 4738 respondere
762 4667 937 4738 ccepi.
970 4667 1223 4732 Quando
1252 4683 1394 4738 ergo
1434 4668 1493 4723 id
1529 4669 1785 4741 explica-

120 4771 292 4823 vero,
321 4756 647 4828 quintoque
662 4755 1049 4827 respondero,
1068 4757 1115 4811 si
1148 4762 1264 4811 tres
1281 4772 1404 4813 non
1427 4774 1787 4830 supervene-

123 4846 271 4912 rint,
303 4845 559 4917 dispono
582 4844 655 4913 (si
674 4847 823 4899 Deus
850 4845 1125 4917 voluerit)
1157 4852 1211 4900 et
1234 4847 1396 4918 quod
1431 4848 1789 4918 poscisinci-

124 4933 490 5008 pere,simul
504 4948 690 5003 agens
718 4940 1057 5005 utrumque,
1090 4934 1271 4989 ethoc
1303 4934 1535 4999 scilicet,
1555 4942 1611 4992 et
1636 4937 1785 4994 illud

121 5024 205 5079 de
241 5025 655 5080 retractatione
685 5022 1118 5094 opusculorum
1149 5039 1445 5091 meorum,
1476 5027 1783 5081 nocturnis

119 5113 432 5170 etdiurnis
452 5112 827 5183 temporibus
855 5111 915 5167 in
948 5111 1185 5181 singula
1225 5111 1579 5170 distributis.

204 5205 260 5257 3.
296 5203 415 5257 Hoc
445 5201 580 5257 ideo
600 5200 1369 5265 insinuaviSanctitatituee,
1402 5208 1464 5257 ut
1493 5210 1789 5275 quantum

118 5291 242 5351 tibi
273 5290 635 5347 desiderium
653 5294 741 5347 est
767 5289 1041 5346 sumendi
1073 5291 1239 5363 quod
1259 5292 1475 5364 poscis,
1501 5298 1665 5350 tanto
1686 5294 1791 5352 ﬂa-

194 5469 378 5541 i-l‘ttls‘s.
404 5468 603 5541 plures,
629 5469 750 5532 quia
775 5482 795 5530 ;
824 5470 953 5526 sive,
970 5469 1103 5533 quod
1135 5470 1337 5541 nullum
1368 5474 1437 5520 est
1465 5473 1788 5525 meritorum.

195 5530 664 5603 Illiddqremissiu‘s
693 5530 1057 5603 semperpgére
1081 5532 1371 5597 quod.Mss.
1392 5548 1557 5599 prope
1581 5550 1789 5595 omnes,

123 5596 403 5647 remissius
432 5609 581 5656 agere
611 5609 762 5657 quam
800 5596 1033 5658 agebam,
1096 5596 1101 5597 ⁷
1392 5596 1408 5598 “
1494 5596 1509 5599 ⁷

118 5658 275 5733 τμςα)
313 5656 391 5733 Ii;
420 5662 567 5707 tomo
596 5658 816 5733 libente
841 5658 959 5733 .li‘b.
994 5658 1060 5708 de
1081 5657 1405 5733 Iliensibus.
1438 5658 1566 5720 Qua:
1608 5663 1787 5712 autem

198 5661 275 5773 ia)
314 5661 391 5705 Ex
420 5662 567 5707 tomo
596 5661 642 5714 8,
692 5661 816 5708 ante
841 5661 959 5731 .lib.
994 5661 1060 5708 de
1087 5661 1405 5733 Hieresibus.
1438 5661 1479 5720 Q

122 5723 198 5777 22
267 5723 401 5777 erat,
438 5733 582 5770 nunc
596 5721 715 5773 .125.
745 5721 952 5786 Scripta
977 5724 1101 5787 post
1131 5735 1484 5788 superiorem.

359 5801 598 5862 Ριτιιοι..
636 5802 892 5861 XXXIII.

1902 606 2280 664 dilectissime
2302 609 2498 665 frater.
2528 608 2899 666 Commendo
2929 612 3140 667 iterum
3170 611 3552 683 perlatorem,

1902 701 1958 752 et
1985 698 2290 768 negotium
2326 704 2562 770 propter
2587 699 2748 769 quod
2770 714 2840 755 eo
2862 700 3148 771 perrexit;
3178 702 3225 755 si
3257 716 3553 770 cognove-

1899 786 1979 841 ris
1996 787 2159 859 apud
2193 803 2376 859 quem
2406 786 2714 859 agendum
2762 787 2853 852 sit,
2880 792 3017 860 peto
3049 804 3121 844 ne
3148 788 3350 860 pigeat
3378 790 3552 862 adju-

1898 891 2059 931 vare.
2102 878 2230 932 Non
2262 876 2422 932 enim
2448 892 2775 949 possumus
2816 877 3200 933 necessitates
3229 878 3546 936 hominum

1896 965 2195 1036 ejusmodi
2213 965 2627 1039 deserere,qui
2645 966 2831 1023 nostri
2861 981 2983 1022 non
3015 966 3233 1034 coloni,
3258 967 3360 1023 sed
3378 967 3543 1039 quod

1896 1055 2095 1126 majus
2117 1060 2223 1121 est,
2257 1055 2464 1112 fratres
2500 1060 2656 1122 sunt,
2699 1060 2755 1112 et
2792 1055 2853 1111 in
2898 1056 3184 1113 charitate
3230 1054 3443 1113 Christi
3467 1056 3544 1115 ad

1894 1159 2101 1201 curam
2123 1145 2419 1217 pertinent
2441 1149 2736 1202 nostram.
2772 1144 2893 1202 Deo
2922 1145 3111 1203 vivas.

2319 1272 2655 1341 EPISTOLA
2696 1274 2932 1330 ccxxv
2959 1273 2975 1292 ·
3012 1272 3117 1349 (α).

1889 1397 2127 1470 Prosper
2152 1400 2476 1470 Augustino,
2518 1400 2579 1454 de
2612 1401 2865 1471 reliquiis
2894 1399 3189 1472 pelagianae
3212 1400 3465 1457 haereseos
3482 1402 3543 1458 in

1964 1487 2151 1542 Gallia
2188 1488 2281 1543 sub
2336 1489 2600 1545 catholico
2658 1491 2871 1544 nomine
2919 1488 3056 1545 clam
3092 1491 3542 1547 succrescentibus

1960 1577 2247 1631 certiorem
2264 1578 2438 1647 ipsum
2459 1578 2680 1649 faciens,
2705 1595 2766 1632 ac
2790 1580 3037 1648 referens
3059 1580 3410 1650 quorumdam
3423 1598 3543 1651 que-

1960 1664 2101 1719 relas
2126 1665 2187 1719 de
2217 1666 2286 1719 iis
2310 1682 2426 1736 quae
2449 1666 2788 1737 Augustinus
2799 1666 3055 1721 adversus
3070 1667 3393 1737 Pelagianos
3408 1669 3543 1723 scri-

1956 1754 2143 1824 psisset
2161 1753 2223 1808 de
2234 1754 2504 1809 hominum
2527 1754 2865 1821 discretione,
2883 1754 2944 1809 de
2962 1755 3234 1810 vocatione
3255 1756 3542 1813 secundum

1960 1844 2294 1915 propositum
2320 1859 2381 1898 ac
2407 1843 2885 1914 prmdestinatione
2909 1844 3220 1914 electorum,
3253 1845 3313 1899 de
3337 1863 3544 1917 praeve-

1960 1932 2140 1987 niente
2151 1932 2355 2003 gratia,
2372 1932 2532 2004 deque
2538 1933 2767 2003 przeﬁxo
2780 1932 3065 1988 electorum
3076 1950 3298 1988 numero
3315 1955 3338 2003 ,-
3360 1942 3543 2006 petens

1958 2028 2017 2076 ut
2047 2038 2166 2092 quae
2198 2021 2255 2075 in
2288 2022 2407 2076 istis
2444 2021 2841 2092 quaestionibus
2871 2022 3184 2077 obscuriora
3203 2030 3354 2089 sunt,
3382 2040 3541 2095 quam

1964 2110 2314 2165 lucidissimis
2341 2109 2760 2181 expositionibus
2776 2111 3020 2182 aperiat.

1892 2226 2140 2283 Domino
2162 2226 2506 2283 beatissimo
2536 2226 3115 2299 papze,ineffabiliter
3145 2228 3424 2294 mirabili,
3452 2227 3540 2285 in-

1963 2316 2448 2387 comparabiliter
2488 2316 2866 2383 honorando,
2900 2316 3399 2389 praestantissimo
3440 2334 3545 2391 pa-

1964 2410 2135 2461 trono
2161 2407 2494 2471 Aucusrmo,
2515 2408 2784 2462 Pnosraa.

1968 2534 2017 2587 I.
2042 2530 2263 2600 Ignotus
2313 2529 2525 2600 quidem
2574 2529 2679 2584 tibi
2705 2530 2868 2601 facie,
2898 2528 2988 2584 sed
3012 2530 3132 2601 jam
3178 2530 3543 2601 aliquatenus,

1889 2618 1941 2674 si
1965 2619 2359 2682 reminiscaris,
2379 2618 2560 2673 ainmo
2574 2636 2635 2672 ac
2653 2626 3202 2690 sermoneeompertus
3232 2640 3254 2689 ,-
3294 2636 3414 2673 nam
3445 2633 3545 2689 per

1889 2714 2132 2763 sanctum
2152 2708 2384 2781 fratrem
2405 2724 2577 2763 meum
2608 2707 2887 2763 Leontium
2926 2707 3211 2763 diaconum
3236 2708 3367 2762 misi
3400 2708 3547 2779 epis-

1891 2796 2029 2853 tolas
2067 2804 2115 2852 et
2145 2797 2324 2867 recepi
2348 2813 2365 2861 ;
2389 2813 2531 2851 nunc
2560 2812 2759 2867 quoque
2799 2797 3148 2853 Beatitudini
3180 2803 3286 2852 tum
3308 2796 3547 2852 scribere

1889 2886 2075 2952 audeo,
2090 2902 2195 2940 non
2222 2886 2392 2940 solum
2409 2885 2787 2949 salutationis,
2807 2891 2870 2939 ut
2890 2892 3039 2951 tunc,
3058 2886 3267 2952 studio,
3280 2885 3369 2940 sed
3382 2886 3545 2940 etiam

1888 2975 2036 3047 ﬁdei,
2068 2991 2175 3046 qua
2189 2974 2427 3029 Ecclesia
2464 2974 2620 3037 vivit,
2663 2974 2880 3042 affectu.
2923 2973 3237 3029 Excubante
3271 2975 3414 3029 enim
3441 2989 3548 3044 pro

1889 3064 2160 3120 universis
2182 3062 2431 3118 membris
2447 3063 2691 3134 corporis
2710 3062 3372 3134 Christivigilantissima
3387 3062 3549 3117 indu-

1887 3154 2032 3209 stria
2050 3159 2162 3221 tua,
2186 3159 2234 3207 et
2246 3153 2502 3207 adversus
2514 3151 2893 3207 haereticorum
2910 3151 3289 3207 doctrinarum
3306 3151 3545 3207 insidias

1889 3243 2139 3297 veritatis
2168 3243 2369 3296 virtute
2394 3248 2684 3312 pugnante,
2713 3241 2862 3297 nullo
2895 3241 3047 3296 modo
3071 3241 3211 3296 mihi
3248 3241 3544 3297 verendum

1886 3331 2544 3405 putavineonerosustibi,
2573 3338 2667 3385 aut
2695 3332 3039 3401 importunus
3070 3347 3231 3386 essem
3248 3332 3306 3385 in
3336 3348 3393 3385 eo
3406 3330 3547 3402 quod

1888 3422 1960 3478 ad
1985 3421 2275 3477 multorum
2301 3420 2549 3487 salutem,
2573 3436 2634 3475 ac
2649 3420 2876 3490 perinde
2900 3421 2970 3475 ad
2991 3422 3241 3491 pietatem
3257 3427 3406 3474 tuam
3422 3436 3547 3490 per-

1893 3511 2069 3567 tinet:
2094 3527 2212 3565 cum
2230 3510 2411 3581 potius
2438 3526 2589 3564 reum
2618 3509 2870 3579 futurum
2909 3525 3014 3563 esse
3053 3526 3133 3563 me
3172 3508 3464 3572 crederem,
3494 3507 3546 3563 si

1889 3616 1970 3667 ea,
1997 3616 2114 3671 quae
2143 3599 2296 3654 valde
2346 3598 2650 3670 perniciosa
2688 3614 2793 3653 esse
2832 3598 3110 3670 intelligo,
3150 3598 3220 3653 ad
3249 3597 3541 3670 specialem

1888 3696 2175 3761 patronum
2201 3687 2326 3759 fidei
2344 3704 2448 3743 non
2478 3690 2763 3758 referrem.

1958 3783 2010 3833 2.
2064 3776 2233 3837 Multi
2259 3794 2383 3848 ergo
2410 3792 2685 3831 servorum
2727 3774 2937 3831 Christi
2968 3776 3064 3846 qui
3092 3778 3153 3830 in
3204 3776 3541 3831 Massiliensi

1887 3867 2015 3923 urbe
2041 3868 2355 3930 consistunt,
2374 3868 2431 3920 in
2454 3865 2776 3920 Sanctitatis
2806 3870 2912 3919 tum
2926 3864 3149 3934 scriptis
3159 3880 3276 3935 qum
3289 3864 3543 3919 adversus

1886 3957 2207 4027 Pelagianos
2229 3955 2504 4010 haereticos
2533 3953 2843 4021 condidisti,
2874 3954 3213 4007 contrarium
3226 3960 3419 4024 putant
3438 3969 3543 4025 pa-

1886 4053 2035 4102 trum
2060 4046 2307 4117 opinioni
2330 4050 2377 4099 et
2406 4043 2766 4099 ecclesiastico
2789 4042 2987 4108 sensui,
3016 4040 3278 4114 quidquid
3301 4042 3359 4097 in
3374 4043 3450 4097 eis
3478 4042 3542 4098 de

1884 4136 2156 4191 vocatione
2167 4135 2449 4189 electorum
2461 4133 2747 4189 secundum
2762 4132 2864 4187 Dei
2874 4132 3211 4204 propositum
3221 4131 3543 4203 disputasti.

1886 4225 1960 4282 Et
1987 4242 2105 4281 cum
2132 4224 2459 4295 aliquandiu
2484 4223 2799 4278 tarditatem
2815 4239 2967 4278 suam
2988 4221 3205 4293 culpare
3219 4222 3538 4288 maluerint,

1885 4332 2043 4388 quam
2059 4331 2165 4369 non
2194 4313 2468 4369 intellecta
2496 4311 3234 4383 reprehendere,quidamque
3262 4328 3441 4366 eorum
3460 4311 3542 4366 lu-

1884 4404 2142 4460 cidiorem
2170 4419 2332 4473 super
2360 4403 2451 4455 hoc
2479 4408 2634 4471 atque
2663 4400 2989 4470 apertiorem
3018 4398 3387 4452 Beatitudinis
3430 4406 3538 4454 tua:

1887 4493 2261 4565 expositionem
2283 4489 2554 4545 voluerint
2573 4488 2882 4559 postulare;
2910 4487 3083 4541 evenit
3105 4502 3172 4540 ea:
3186 4486 3538 4557 dispositione

1886 4580 2276 4637 misericordiae
2305 4578 2426 4642 Dei,
2461 4585 2521 4632 ut
2559 4593 2677 4631 cum
2707 4576 2965 4647 quosdam
2996 4575 3073 4645 (b)
3106 4575 3257 4630 intra
3285 4576 3540 4646 Africam

1887 4670 2102 4726 similia
2130 4668 2433 4732 movissent,
2450 4665 2652 4719 librum
2677 4664 2738 4718 de
2754 4664 3107 4734 Correptione
3127 4670 3177 4718 et
3210 4664 3541 4735 Gratia,ple-

1889 4776 2018 4815 num
2043 4758 2243 4813 divina:
2291 4755 2637 4811 auctoritatis
2678 4754 2966 4808 emitteres.
3012 4753 3124 4818 Quo
3176 4754 3234 4807 in
3292 4754 3544 4810 notitiam

1890 4855 2077 4904 nostra
2106 4848 2385 4917 insperata
2413 4844 2817 4915 opportunitate
2830 4841 3543 4912 delato,putavimusomnes

1890 4936 2135 5010 querelas
2158 4933 2524 4990 resistentium
2551 4931 2834 5003 sapiendas
2849 4932 3008 5002 ;quia
3020 4931 3287 4985 universis
3300 4934 3544 5001 quaestio-

1892 5024 2324 5096 nibusdequibus
2352 5021 2675 5078 consulenda
2712 5028 2828 5075 erat
2843 5021 3121 5075 Sanctitas
3151 5027 3383 5083 tua,tam
3395 5019 3543 5089 plene

1891 5116 2010 5171 illic
2041 5114 2377 5184 absoluteque
2405 5128 2711 5182 responsum
2741 5116 2834 5174 est,
2867 5110 3024 5180 quasi
3072 5108 3164 5162 hoc
3222 5106 3538 5178 specialiter

1889 5204 2184 5270 studueris,
2216 5210 2273 5258 ut
2298 5218 2415 5273 quae
2440 5200 2585 5273 apud
2610 5216 2700 5254 nos
2739 5204 2898 5253 erant
2916 5196 3136 5252 turbata
3180 5212 3540 5266 componeres.

1894 5294 2171 5352 Reeensito
2193 5299 2371 5349 autem
2401 5292 2491 5347 hoc
2516 5287 2898 5346 Beatitudinis
2947 5292 3052 5342 tum
3081 5284 3243 5350 libro,
3280 5284 3420 5339 sicut
3450 5286 3546 5357 qui

1956 5477 1972 5493 '
1994 5470 2418 5537 ,Epistt.CCXXV
2442 5466 2762 5537 etCCXXVl
2792 5465 3089 5537 emendatae
3120 5468 3247 5515 sunt
3268 5464 3336 5516 ad
3368 5465 3553 5516 Mss.et

1896 5532 2069 5593 Edd.,'
2092 5540 2144 5585 ct
2168 5536 2271 5583 huc
2302 5532 2571 5583 translata:
2607 5545 2671 5579 ex
2696 5532 2926 5593 tomo_7.

1958 5590 2136 5660 (a)'Ex
2170 5602 2317 5646 tomo
2347 5597 2393 5651 7,
2443 5595 2661 5657 prietixa
2688 5593 2778 5660 lit):
2817 5591 2923 5660 _de_
2950 5590 3419 5660 Prsedestinatione
3444 5592 3547 5660 ἓξ».

1895 5654 2024 5723 Quae
2049 5673 2209 5724 porro
2239 5661 2329 5724 225
2355 5654 2484 5713 erat,
2516 5654 3021 5724 nunc_l26.Scripta
3050 5667 3139 5704 an.
3167 5654 3279 5711 428,
3310 5657 3406 5705 aut
3434 5656 3549 5704 429.

1916 5717 1932 5767 .'
1956 5724 2029 5787 (b)
2049 5717 2432 5774 'Adrumetinos
2466 5717 2787 5771 monachos.

2776 5766 3260 5875 lTrente-Deux.)
3286 5766 3291 5771 ἡ
