4138 6172
598 181 733 243 1003

594 315 834 364 sanctam
856 312 1011 379 atque
1063 303 1408 377 apostolicam
1437 299 1701 357 doctrinm
1735 304 1841 355 tum
1867 299 2250 357 auctoritatem

595 396 1141 468 anteasequebantur,
1179 392 1630 464 intelligentiores
1658 389 1827 445 multo
1844 390 2247 446 instructiores-

597 504 693 560 que
721 494 843 541 sunt
872 485 1009 556 lacti
1029 501 1047 551 ;
1080 484 1165 538 ita
1187 483 1280 555 qui
1290 480 1662 554 persuasionis
1688 495 1800 534 sum
1822 478 2251 549 impediebantur

594 576 832 639 obscuro,
860 574 1153 628 aversiores
1176 590 1333 644 quam
1360 575 1604 644 fuerant,
1636 574 1984 624 recesserunt.
2010 569 2247 634 Quorum

591 672 704 720 tam
732 663 967 734 abrupta
986 663 1242 717 dissensio
1265 662 1507 733 primum
1548 665 1776 729 propter
1800 657 1942 729 ipsos
1966 658 2249 713 metuenda

595 758 691 819 est,
724 770 787 808 ne
818 760 928 809 tam
953 753 1121 807 claris
1150 759 1359 822 tamque
1388 749 1614 821 egregiis
1634 749 1695 802 in
1718 747 1956 801 omnium
1979 747 2248 803 virtutum

594 842 920 899 studioviris
949 843 1152 913 spiritu
1169 841 1473 912 pelagianae
1502 840 1798 909 impietatis
1812 836 2249 891 illudat:deinde

594 949 659 988 ne
688 932 1039 1003 simpliciores
1064 931 1274 1002 quique,
1302 929 1447 1000 apud
1476 943 1601 999 quos
1631 927 1821 982 horum
1858 943 2053 997 magna
2079 932 2155 980 est
2185 925 2248 980 de

592 1023 887 1094 probitatis
902 1020 1274 1091 contemplatio
1282 1024 1599 1074 nereverent
1607 1016 1781 1081 ia,hoc
1800 1016 2127 1070 tutissimum
2142 1014 2250 1070 sibi

594 1112 863 1167 wstiment
887 1110 1030 1182 quod
1067 1110 1295 1164 audiant
1326 1124 1429 1174 eos,
1456 1123 1683 1179 quorum
1712 1104 2091 1159 auctoritatem
2126 1104 2247 1159 sine

584 1200 800 1273 judicio
827 1206 1143 1271 sequuntur,
1165 1214 1425 1253 asserere.

666 1325 879 1380 3.1130
930 1324 1072 1379 enim
1130 1323 1371 1393 ipsorum
1419 1318 1670 1390 deﬁnitio
1718 1331 1780 1371 ac
1825 1315 2096 1388 professio
2124 1322 2244 1373 est:

596 1418 809 1471 Omnem
847 1413 1058 1485 quidem
1092 1408 1569 1475 hominem,Adam
1598 1413 1861 1479 peccante,
1891 1422 2121 1477 peccasse
2146 1428 2166 1476 ;
2194 1410 2246 1461 et

592 1506 857 1560 neminem
879 1520 977 1574 per
998 1519 1158 1573 opera
1198 1518 1314 1565 sua,
1338 1498 1425 1553 sed
1450 1514 1550 1569 per
1572 1496 1677 1551 Dei
1698 1496 1933 1566 gratiam
1967 1512 2244 1565 regenera-

592 1595 733 1648 tione
743 1593 975 1648 salvari:
998 1591 1267 1646 universis
1282 1597 1457 1643 tamen
1470 1585 1768 1640 hominibus
1779 1584 2240 1655 propitiationem,

592 1698 709 1755 qum
722 1683 869 1736 estin
892 1680 1235 1734 Sacramento
1256 1676 1537 1747 sanguinis
1569 1673 1915 1741 Christi,sine
1942 1673 2242 1744 exceptione

592 1789 696 1827 esse
717 1772 1076 1843 propositam,
1092 1778 1149 1825 ut
1165 1771 1481 1840 quicumque
1492 1765 1561 1820 ad
1577 1766 1731 1836 ﬁnem
1747 1764 1884 1818 etad
1904 1764 2240 1835 Baptismum

592 1862 833 1917 accedere
846 1860 1137 1923 voluerint,
1157 1857 1305 1913 salvi
1316 1874 1419 1909 esse
1432 1855 1661 1925 possint.
1682 1853 1789 1918 Qui
1798 1860 1974 1908 autem
1996 1854 2241 1908 creditur

590 1957 733 2019 sunt,
763 1949 916 2019 quive
942 1950 999 2001 in
1030 1965 1090 2001 ea
1119 1946 1241 2017 ﬁde,
1271 1961 1386 2015 qua:
1399 1943 1642 2014 deinceps
1662 1958 1761 2012 per
1782 1941 2021 2012 gratiam
2050 1941 2121 1995 sit
2140 1944 2235 2012 ju-

590 2038 787 2101 vanda,
818 2037 1068 2091 mansuri
1078 2044 1222 2099 sunt,
1246 2034 1521 2105 praescisse
1543 2038 1666 2085 ante
1698 2030 1891 2084 mundi
1900 2030 2237 2085 constitutio-

589 2145 705 2183 nem
738 2127 929 2189 Deum,
952 2134 999 2180 et
1041 2142 1121 2179 eos
1138 2122 1544 2195 praedestinasse
1571 2122 1627 2174 in
1657 2136 1879 2190 regnum
1900 2136 2082 2184 suum,
2112 2136 2236 2190 quos

586 2218 765 2288 gratis
803 2222 1031 2280 vocatos,
1074 2214 1264 2283 dignos
1285 2214 1504 2283 [uturos
1531 2210 1800 2274 electione,
1834 2215 1881 2262 et
1912 2208 1974 2262 de
1999 2209 2097 2263 hac
2122 2211 2238 2263 vita

588 2304 717 2361 bono
744 2306 847 2376 ﬁne
895 2319 1207 2360 excessuros
1256 2317 1365 2355 esse
1393 2298 1740 2371 praeviderit.
1779 2297 2002 2368 Ideoque
2032 2315 2232 2352 omnem

587 2395 849 2449 hominem
875 2393 945 2448 ad
966 2391 1282 2448 credendum
1311 2397 1357 2444 et
1388 2389 1457 2443 ad
1479 2386 1811 2459 operandam
1840 2387 2049 2441 divinis
2079 2386 2237 2442 insti-

585 2483 886 2541 tutionibus
908 2481 1211 2546 admoneri,
1239 2486 1297 2534 ut
1326 2478 1387 2532 de
1415 2475 1862 2547 apprehendenda
1891 2476 2004 2530 vita
2024 2483 2233 2530 mterna

585 2590 735 2628 nemo
758 2572 1016 2643 desperet,
1040 2587 1159 2625 cum
1194 2566 1526 2623 voluntariae
1566 2564 1839 2619 devotioni
1868 2566 2237 2620 remuneratio

584 2662 659 2715 sit
690 2668 907 2731 parata.
957 2659 1067 2713 Hoc
1096 2664 1273 2711 autem
1296 2654 1633 2726 propositum
1660 2653 1951 2708 vocationis
1977 2653 2102 2720 Dei,
2133 2671 2236 2725 quo

582 2750 665 2804 vel
690 2756 816 2804 ante
844 2748 1036 2803 mundi
1068 2746 1315 2809 initium,
1341 2745 1419 2798 vel
1446 2743 1507 2797 in
1538 2744 1658 2813 ipsa
1681 2742 1983 2798 conditione
2023 2746 2235 2814 generis

585 2839 829 2909 humani,
854 2836 1223 2909 eligendorum
1238 2832 1727 2904 etrejiciendorum
1747 2832 1953 2887 dicitur
1968 2835 2114 2903 [acta
2124 2834 2233 2888 d18-

579 2929 769 2997 cretio,
790 2934 845 2983 ut
867 2925 1154 2982 secundum
1170 2922 1306 2995 quod
1329 2923 1535 2993 placuit
1564 2921 1838 2986 Creatori,
1871 2921 1977 2975 alii
2005 2939 2130 2977 vasa
2144 2922 2234 2978 ho-

579 3018 753 3087 noris,
781 3016 887 3071 alii
908 3033 1035 3070 vasa
1052 3012 1389 3069 contumelia
1411 3012 1525 3065 sint
1544 3010 1734 3076 creati,
1762 3017 1810 3065 et
1845 3010 2014 3082 lapsis
2042 3029 2231 3068 curam

582 3106 935 3177 resurgendia
951 3105 1224 3167 dimere,et
1236 3102 1435 3157 sanctis
1446 3101 1771 3155 occasionem
1785 3101 1983 3171 teporis
1993 3101 2199 3171 afferre
2209 3123 2232 3173 ,-

585 3213 643 3251 eo
662 3195 798 3267 quod
826 3196 885 3249 in
913 3202 1140 3265 utraque
1164 3199 1324 3263 parte
1347 3190 1657 3261 superﬂuus
1709 3189 1864 3249 labor
1882 3190 1976 3253 sit,
1998 3190 2049 3244 si
2071 3207 2232 3262 neque

581 3286 808 3356 rejectus
839 3284 958 3340 ulla
989 3282 1267 3337 industria
1284 3278 1701 3351 possitintrare,
1719 3294 1877 3349 neque
1908 3278 2101 3335 electus
2113 3281 2233 3336 ulla

581 3374 911 3446 negligentia
924 3374 1085 3438 possit
1098 3370 1339 3426 excidere
1352 3384 1585 3440 :quoquo
1601 3368 1743 3422 enim
1756 3367 1905 3423 modo
1928 3386 1980 3423 se
2001 3371 2229 3440 egerint,

583 3481 690 3520 non
728 3480 872 3535 posse
896 3461 1051 3517 aliud
1078 3477 1205 3531 erga
1219 3476 1299 3514 eos
1318 3475 1476 3530 quam
1496 3457 1915 3528 Deusdeﬁnivit,
1947 3458 2187 3516 accidere
2208 3476 2235 3529 ;

583 3563 633 3611 et
660 3554 756 3609 sub
772 3554 979 3608 incerta
990 3568 1077 3623 spe
1088 3566 1305 3605 cursum
1318 3566 1424 3603 non
1441 3564 1584 3619 posse
1608 3564 1717 3604 esse
1737 3555 2231 3619 constantem,cum,

584 3645 634 3697 si
680 3642 834 3697 aliud
865 3640 1052 3695 habeat
1083 3637 1528 3711 prazdestinantis
1555 3636 1763 3702 electio,
1795 3653 1945 3691 cassa
1980 3638 2051 3692 sit
2076 3639 2234 3695 adni-

584 3732 751 3789 tentis
780 3732 1031 3787 intentio.
1074 3728 1357 3786 Removeri
1397 3728 1576 3798 itaque
1618 3742 1822 3781 omnem
1878 3728 2229 3797 industriam,

582 3823 806 3894 tollique
836 3819 1153 3886 virtutes,si
1176 3818 1278 3874 Dei
1297 3818 1617 3873 constitutio
1650 3816 1911 3871 humanas
1932 3822 2232 3888 praeveniat

583 3913 884 3969 voluntates
910 3925 929 3962 :
948 3917 996 3965 et
1021 3909 1118 3965 sub
1136 3908 1230 3963 hoc
1238 3906 1737 3979 praedestinationis
1750 3907 1979 3972 nomine,
2011 3907 2233 3977 fatalem

582 4002 873 4075 quamdam
886 3999 1074 4055 induci
1086 3998 1444 4053 necessitatem
1462 4014 1481 4062 ;
1508 4002 1605 4051 aut
1641 3995 1980 4051 diversarum
2000 4002 2231 4052 natura-

580 4109 707 4146 rum
733 4091 846 4145 dici
883 4090 1173 4145 Dominum
1214 4086 1567 4155 conditorem,
1606 4085 1654 4139 si
1683 4102 1831 4139 nemo
1864 4085 2020 4140 aliud
2063 4088 2232 4156 possit

581 4197 689 4235 esse
708 4196 866 4250 quam
884 4179 1059 4249 factus
1087 4183 1187 4233 est.
1226 4178 1392 4245 Atque
1413 4181 1471 4229 ut
1505 4174 1716 4228 brevius
1738 4180 1795 4228 at
1824 4175 2042 4245 plenius
2088 4178 2233 4247 quod

578 4271 1172 4341 opinanturexponam,
1200 4262 1467 4336 quidquid
1493 4264 1550 4318 in
1582 4262 1721 4317 libro
1752 4263 1843 4317 hoc
1872 4280 1937 4318 ex
1959 4266 2231 4322 contradi-

578 4361 813 4415 centium
861 4373 1017 4413 sensu
1060 4356 1341 4411 Sanctitas
1388 4360 1485 4408 tua
1529 4351 1634 4406 sibi
1669 4353 1935 4423 opposuit,
1968 4354 2230 4426 quidquid

577 4450 739 4505 etiam
766 4450 826 4503 in
856 4447 1016 4503 libris
1038 4452 1228 4501 contra
1251 4443 1534 4498 lulianum
1564 4441 1629 4496 ab
1660 4442 1778 4513 ipso
1819 4441 1915 4497 hac
1939 4446 2226 4513 quaestione

576 4536 1241 4610 objectum.potentissime
1280 4532 1565 4588 debellasti
1593 4548 1610 4598 ;
1645 4533 1741 4586 hoc
1797 4538 1973 4587 totum
2002 4532 2066 4587 ab
2105 4534 2226 4591 istis

572 4631 772 4683 sanctis
802 4625 1236 4682 intentiosissime
1265 4622 1652 4678 conclamatur.
1685 4622 1760 4677 Et
1782 4637 1899 4676 cum
1926 4630 2116 4677 contra
2144 4640 2227 4679 eos

570 4719 776 4787 scripta
806 4715 1178 4770 Beatitudinis
1198 4720 1307 4767 tuae
1336 4712 1691 4767 validissimis
1720 4718 1767 4766 et
1790 4714 2095 4767 innumeris
2117 4720 2213 4770 tes-

572 4806 764 4863 timoni
770 4807 814 4860 is
831 4805 1143 4859 divinarum
1158 4803 1572 4873 Scripturarum
1587 4802 1854 4857 instructa
1864 4802 2220 4873 proferimus,

568 4913 631 4952 ac
658 4894 945 4951 secundum
977 4894 1207 4964 formam
1238 4891 1671 4963 disputationum
1725 4897 1972 4958 tuarum,
2006 4891 2221 4963 aliquid

566 4990 731 5042 etiam
770 4985 874 5055 ipsi
900 5001 1001 5055 quo
1024 4982 1414 5038 concludantur
1443 4982 1784 5050 astruimus;
1811 4980 2215 5037 obstinationem

564 5092 717 5131 suam
746 5080 1004 5129 vetustate
1022 5072 1315 5144 defendunt
1347 5090 1367 5126 :
1399 5076 1447 5125 et
1466 5086 1528 5125 ea
1552 5085 1668 5140 quae
1698 5069 1761 5124 de
1786 5070 2041 5141 Epistola
2070 5088 2218 5143 apos-

564 5166 667 5221 toli
694 5165 857 5220 Pauli
877 5163 1132 5220 Romanis
1154 5160 1462 5229 scribentis,
1484 5158 1555 5214 ad
1570 5159 2057 5230 mani/estationem
2069 5161 2215 5216 divi-

562 5270 647 5309 na:
670 5255 863 5324 gratiae
890 5251 1272 5325 prwvenientis
1302 5250 1584 5304 electorum
1616 5249 1813 5303 merita
1822 5248 2212 5319 proferuntur,

560 5361 591 5398 a
620 5344 769 5399 nullo
794 5360 1025 5415 unquam
1059 5340 1533 5397 ecclesiasticorum
1564 5338 1642 5392 ita
1670 5354 1778 5393 esse
1801 5337 2116 5406 inctellecta,
2150 5344 2211 5395 ut

562 5448 705 5486 nunc
723 5428 1609 5501 sentiuntur,a/ﬁrmant.Cumque
1637 5433 1694 5481 ut
1732 5426 1837 5497 ipsi
1857 5443 1917 5480 ea
1938 5437 2208 5499 exponant

560 5522 842 5576 secundum
898 5537 1126 5592 quorum
1176 5520 1345 5576 velint
1373 5535 1544 5582 sensa,
1601 5516 1945 5588 deposcimus,
1971 5518 2112 5571 nihil
2153 5534 2207 5574 se

556 5608 884 5676 proﬁtentur
907 5613 1165 5665 invenisse
1192 5609 1327 5679 quod
1363 5608 1593 5679 placeat,
1626 5612 1675 5661 et
1695 5604 1757 5660 de
1779 5605 1863 5660 his
1894 5608 2067 5661 taceri
2088 5607 2204 5663 exi-

1879 171 1943 229 S.
1982 170 2368 233 AUGUSTINI
2406 177 2728 236 EPISCOPI

3875 180 3991 241 {004

2358 320 2442 359 mo
2457 304 2768 376 pervicacia
2797 311 2911 361 tota
2961 302 3252 369 descendit,
3284 310 3345 361 ut
3374 304 3532 377 ﬁdem
3575 312 3825 362 nostram
3849 305 3997 378 editi.

2358 395 2567 449 cationi
2584 394 2933 452 audientium
2961 396 3301 450 contrariam
3339 412 3446 450 esse
3482 395 3775 467 deﬁniant,
3830 412 3887 452 ac
3912 398 3992 463 sic,

2357 483 2572 539 etiamsi
2596 500 2729 539 vera
2780 485 2875 552 sit,
2902 500 3009 539 non
3039 482 3386 555 premendam
3413 501 3430 540 :
3482 486 3614 556 quia
3638 497 3687 542 et
3719 486 3995 557 perniciose

2358 588 2464 628 non
2504 574 2816 645 recipienda
2846 572 3149 630 tradantur
3179 592 3195 644 ;
3226 581 3277 628 et
3316 574 3473 631 nullo
3490 573 3759 646 periculo,
3786 590 3902 647 quae
3929 576 3997 630 ina

2359 661 2537 734 telligi
2567 668 2855 733 nequeant,
2881 662 3280 718 conticeantur.

2427 768 2482 821 4.
2513 768 2743 833 Quidam
2757 785 2878 823 vero
2899 768 3091 823 horum
3115 768 3174 823 in
3201 774 3414 824 tantum
3426 785 3459 822 a
3466 768 3781 841 pelagianis
3801 771 3999 823 semitia

2357 873 2464 911 non
2487 856 2781 923 declinant,
2814 864 2876 912 ut
2904 856 3107 912 cumad
3134 857 3487 927 conﬁtendam
3517 874 3632 912 eam
3664 857 4000 929 Christigra-

2357 946 2490 1001 tiam
2517 963 2634 1017 qum
2661 947 2846 1001 omnia
2857 947 3161 1018 prmoeniat
3190 947 3389 1002 merita
3416 947 3678 1015 humana,
3695 954 3996 1019 ccgnantur,

2356 1051 2420 1089 ne
2446 1037 2666 1091 simerit
2673 1036 2718 1091 is
2730 1036 3003 1101 redditur,
3025 1038 3243 1106 frustra
3254 1036 3441 1107 gratia
3454 1037 3776 1092 nominetur
3792 1036 3997 1107 ,‘adcon-

2355 1123 2615 1180 ditionem
2648 1124 2785 1180 hanc
2810 1125 2977 1181 velint
3006 1126 3425 1197 uniuscujusque
3454 1125 3693 1181 hominis
3717 1127 3993 1199 pertinere,

2355 1212 2414 1267 in
2446 1230 2552 1285 qua
2575 1231 2694 1269 eum
2712 1214 2857 1269 nihil
2874 1215 3035 1286 prius
3066 1220 3374 1279 merentem,
3409 1216 3539 1287 quia
3565 1230 3659 1270 nec
3682 1216 3992 1281 existentem,

2357 1302 2526 1361 liberi
2548 1303 2780 1358 arbitrii
2796 1310 2847 1358 et
2879 1303 3203 1359 rationalem
3224 1304 3409 1375 gratia
3424 1304 3709 1360 Creatoris
3741 1305 3995 1371 instituat,

2353 1398 2413 1447 ut
2435 1407 2536 1463 per
2564 1392 2938 1448 discretionem
2970 1392 3100 1449 boni
3124 1400 3173 1448 et
3184 1392 3340 1458 mali,
3363 1399 3411 1447 et
3441 1393 3511 1447 ad
3534 1394 3999 1464 cognitionede

2353 1488 2401 1538 et
2425 1483 2497 1537 ad
2511 1482 2862 1537 obedientiam
2877 1483 3257 1538 mandatorum
3283 1484 3399 1554 ejus
3418 1484 3588 1555 possit
3599 1500 3760 1540 suam
3776 1482 4001 1555 dirigere

2351 1570 2675 1627 voluntatem
2705 1577 2861 1643 atque
2890 1572 2958 1627 ad
2988 1571 3123 1626 hanc
3151 1571 3391 1643 gratiam
3439 1589 3541 1643 qua
3573 1572 3631 1627 in
3680 1569 3906 1628 Christd
3932 1590 4001 1627 re-

2350 1664 2655 1725 nascimur,
2682 1661 2989 1733 pervenire,
3015 1678 3113 1733 per
3126 1661 3433 1717 naturalem
3459 1661 3661 1717 scilicet
3674 1661 4000 1735 facultatem,

2346 1750 2593 1819 petendo,
2625 1750 2942 1821 quaerendo,
2980 1750 3242 1822 pulsando
3266 1771 3287 1808 :
3326 1759 3385 1806 ut
3416 1750 3534 1806 ideo
3576 1752 3843 1822 accipiat,
3902 1752 4001 1806 ideo

2350 1838 2613 1906 inveniat,
2650 1840 2767 1895 ideo
2794 1844 3049 1906 introeat,
3086 1840 3216 1911 quia
3247 1840 3381 1895 bono
3436 1849 3654 1896 natura:
3690 1840 3816 1895 bene
3867 1858 3998 1906 usus,

2347 1920 2417 1983 ad
2431 1933 2586 1984 istam
2598 1929 2888 1985 salvantem
2901 1930 3160 2001 gratiam,
3171 1929 3412 1984 initialis
3421 1937 3621 2000 gratez
3634 1946 3737 2001 ope
3750 1931 4000 1986 meruerit

2345 2020 2645 2090 pervenire.
2700 2019 3046 2089 Propositum
3074 2027 3253 2074 autem
3292 2018 3536 2073 vocantis
3564 2020 3771 2090 gratiae
3808 2020 3869 2073 in
3920 2020 3998 2074 hoc

2344 2110 2561 2163 omnino
2608 2108 2895 2179 deﬁniunt,
2938 2107 3077 2180 quod
3118 2108 3261 2163 Deus
3291 2109 3635 2163 constituerit
3692 2108 3911 2163 nullum
3956 2111 4002 2163 in

2345 2215 2567 2269 regnum
2612 2215 2788 2264 suum,
2830 2197 2941 2252 nisi
2972 2214 3074 2268 per
3115 2196 3521 2253 Sacramentnm
3581 2198 4001 2269 regenerationis

2343 2304 2629 2353 assumere,
2667 2294 2717 2341 et
2736 2287 2806 2341 ad
2846 2287 2938 2342 hoc
2962 2286 3157 2342 salutis
3177 2286 3375 2342 donum
3404 2304 3580 2342 omnes
3613 2286 3866 2342 homines
3894 2291 3997 2343 uni-

2342 2376 2647 2443 versaliter,
2675 2378 2783 2431 sive
2805 2393 2907 2447 per
2936 2378 3268 2441 naturalem,
3299 2376 3410 2431 sive
3435 2393 3530 2448 per
3541 2377 3813 2448 scriptam
3830 2376 3995 2450 legem,

2341 2467 2448 2521 sive
2480 2482 2577 2536 per
2607 2465 2967 2536 evangelicam
2993 2465 3435 2537 medicationem
3471 2466 3659 2521 vocari
3683 2484 3701 2521 .'
3735 2473 3800 2521 ut
3830 2473 3880 2521 et
3919 2469 4002 2539 qui

2340 2554 2630 2620 volueritn,
2649 2555 2785 2625 ﬁant
2804 2555 2915 2625 ﬁlii
2927 2553 3053 2623 Dei,
3080 2560 3130 2609 et
3154 2554 3551 2610 inexcusabiles
3571 2555 3690 2609 sint
3715 2557 3819 2627 qui
3830 2556 3998 2626 ﬁdeles

2341 2661 2444 2699 esse
2466 2644 2739 2699 noluerint
2767 2662 2790 2708 ;
2825 2643 2952 2716 quia
2966 2644 3201 2714 justitia
3231 2642 3337 2698 Dei
3362 2645 3421 2699 in
3455 2660 3512 2699 eo
3538 2644 3637 2714 sit,
3680 2652 3743 2700 ut
3789 2646 3885 2717 qui
3904 2663 3996 2699 non

2340 2732 2921 2803 crediderint,pereant
2942 2755 2961 2797 ί
2982 2732 3192 2787 bonitas
3210 2732 3269 2787 in
3296 2749 3351 2787 eo
3377 2732 3993 2804 appareat,sineminein

2339 2821 2563 2893 repellat
2594 2839 2627 2875 a
2648 2823 2783 2886 vita,
2816 2821 2909 2876 sed
2940 2821 3320 2893 indifferenter
3344 2822 3627 2877 universos
3653 2823 3798 2878 velit
3836 2824 3997 2879 salsos

2338 2912 2469 2983 ﬁeri
2492 2917 2539 2965 et
2563 2912 2622 2965 in
2646 2911 2975 2981 agnitionem
2989 2911 3244 2965 venitatis
3258 2911 3587 2967 venireJam
3610 2912 3701 2967 hic
3707 2914 3998 2985 proferunt

2341 3000 2641 3055 testimonia
2673 2999 2864 3071 quibus
2903 2999 3219 3055 divinarum
3243 2999 3667 3071 Scripturarum
3698 3001 3997 3057 cohortatio

2340 3089 2404 3143 ab
2431 3089 2783 3144 obediendum
2822 3089 3017 3145 incitat
3046 3089 3318 3145 hominum
3346 3089 3672 3159 voluntates,
3707 3092 3809 3162 qui
3840 3110 3907 3147 ex
3936 3091 3997 3146 lio

2341 3178 2731 3243 beroarbitrio,
2763 3184 2858 3234 aut
2878 3178 3223 3250 faciantque
3240 3178 3526 3249 jubentur,
3559 3186 3660 3234 aut
3692 3180 3998 3252 negligant:

2339 3270 2389 3318 et
2416 3282 2725 3336 consequens
2744 3272 2939 3337 putant
2972 3273 3027 3321 ut
3052 3268 3183 3338 quia
3202 3267 3600 3339 praevaricator
3633 3267 3759 3324 ideo
3791 3269 4000 3325 dicitur

2342 3370 2446 3408 non
2482 3353 2729 3420 obedisse,
2756 3355 2884 3427 quia
2922 3355 3118 3422 noluit,
3159 3355 3334 3427 ﬁdelis
3358 3373 3559 3428 quoque
3588 3374 3701 3413 non
3730 3358 4001 3414 debitetur

2338 3442 2399 3498 ob
2426 3443 2518 3498 hoc
2541 3443 2756 3499 devotus
2775 3444 2959 3514 fuisse,
2991 3445 3122 3516 quia
3157 3446 3329 3501 voluit
3356 3453 3447 3510 ;et
3481 3453 3754 3519 quantum
3786 3450 4003 3521 quisque

2338 3532 2408 3607 ad
2424 3533 2643 3600 malum,
2679 3540 2887 3589 tantum
2906 3532 3093 3589 habeat
3123 3532 3405 3606 facultatis
3419 3534 3490 3589 ad
3514 3534 3715 3591 bonum
3739 3559 3761 3607 ,-
3773 3539 4001 3610 parique

2340 3629 2597 3677 momento
2617 3639 2858 3678 animum
2886 3639 2940 3678 se
2961 3622 3041 3677 vel
3071 3622 3142 3677 ad
3169 3623 3329 3690 vitia,
3360 3623 3442 3678 vel
3464 3622 3535 3678 ad
3565 3624 3815 3681 virtutes
3842 3644 4001 3683 move-

2340 3727 2419 3776 re,
2461 3727 2614 3782 quem
2646 3710 2778 3766 bona
2802 3718 3131 3783 appetentem
3154 3712 3339 3783 gratia
3378 3712 3477 3768 Dei
3494 3712 3700 3783 foveat,
3727 3716 3883 3772 mala
3902 3732 3997 3772 sec-

2340 3804 2541 3857 tantem
2570 3799 2852 3856 damnatio
2867 3802 3022 3871 justa
3036 3801 3319 3872 suscipiat.

2413 3911 2462 3962 5.
2505 3906 2737 3977 Cumque
2762 3906 2909 3961 inter
2926 3906 3037 3962 haec
3053 3906 3539 3962 innumerabilium
3559 3908 3687 3964 illis
3703 3911 3999 3967 multitudo

2337 3994 2426 4065 obj
2429 3994 2599 4050 icitur
2608 3995 2983 4065 parvulorum,
3005 3998 3100 4067 qui
3110 3996 3293 4068 utique
3304 4004 3514 4068 excepto
3524 3998 4000 4072 originatipecca-

2339 4088 2405 4149 to,
2433 4083 2527 4138 sub
2566 4100 2667 4154 quo
2681 4100 2856 4139 omnes
2879 4084 3119 4141 homines
3146 4086 3413 4140 similiter
3441 4088 3502 4140 in
3528 4087 3711 4157 primi
3770 4089 4001 4145 hominis

2335 4170 2679 4228 damnatione
2708 4180 3025 4239 nascuntur,
3054 4174 3234 4229 nullas
3261 4174 3439 4230 adhuc
3464 4174 3718 4232 habentes
3749 4178 3999 4233 volunta-

2336 4268 2431 4325 tes,
2466 4260 2648 4317 nullas
2662 4263 2916 4334 proprias
2942 4270 3292 4319 actsonesnon
3310 4264 3431 4319 sine
3459 4263 4003 4336 Dei,judiciosecer-

2336 4358 2545 4407 nuntur
2562 4359 2655 4420 ,'ut
2684 4352 3193 4409 antediscretionem
3225 4353 3350 4409 boni
3365 4369 3427 4409 ac
3450 4355 3591 4409 mali
3625 4356 3695 4411 de
3733 4373 3849 4413 usu
3879 4360 4002 4413 vita

2334 4440 2493 4496 istius
2521 4441 2834 4514 auferendi,
2863 4441 2966 4497 alii
2993 4459 3087 4514 per
3108 4443 3569 4515 regenerationem
3594 4446 3753 4501 inter
3775 4448 4004 4504 celestis

2332 4531 2491 4602 regni
2517 4538 2864 4587 assumantur
2874 4532 3107 4587 haeredes
3122 4532 3230 4587 alii
3252 4534 3368 4587 sine
3392 4532 3676 4605 Baptismo
3686 4536 3849 4592 inter
3862 4555 4006 4594 mar-

2332 4620 2403 4675 tis
2440 4628 2710 4692 perpetuae
2732 4628 3009 4677 transeant
3033 4621 3333 4677 debitores:
3362 4622 3494 4678 tales
3521 4624 3687 4679 aiunt
3709 4627 3914 4697 perdi,
3932 4634 4006 4682 ta-

2330 4708 2501 4780 tesque
2526 4711 2760 4774 salvari,
2792 4710 2973 4782 quales
3010 4713 3228 4783 futuros
3258 4711 3383 4767 illos
3414 4712 3475 4766 in
3500 4714 3666 4767 annis
3690 4716 4007 4784 majoribus

2327 4799 2378 4853 si
2396 4800 2467 4853 ad
2486 4801 2715 4855 activam
2727 4807 3077 4856 servarentur
3096 4807 3331 4867 aetatem,
3356 4802 3588 4857 scientia
3613 4802 3820 4859 divina
3848 4822 4003 4878 pras-

2328 4888 2550 4943 viderit.
2582 4888 2693 4946 Nec
2716 4888 3056 4944 considerant
3075 4905 3136 4945 se
3143 4892 3389 4959 gratiam
3402 4891 3529 4956 Dei,
3543 4908 3707 4962 quam
3718 4895 4002 4957 comitem,

2327 4994 2432 5031 non
2458 4978 2724 5049 previam
2754 4978 3112 5034 humanorum
3134 4979 3318 5034 volunt
3348 4996 3454 5035 esse
3476 4980 3815 5037 meritorum
3836 4986 4002 5039 etiam

2328 5066 2443 5122 illis
2468 5067 2833 5123 voluntatibus
2853 5068 3094 5136 subdere,
3124 5084 3255 5139 quas
3292 5068 3359 5124 ab
3410 5086 3489 5136 eo,
3518 5071 3823 5127 secundum
3849 5090 4002 5129 suam

2320 5157 2687 5229 phantasiam,
2715 5173 2825 5213 non
2856 5164 3049 5228 negant
3071 5174 3173 5213 esse
3201 5165 3520 5230 praeventas.
3547 5158 3664 5217 Sed
3691 5162 3755 5216 in
3782 5169 4003 5219 tantum

2320 5246 2733 5319 quibuscumque
2761 5248 3142 5303 commentitiis
3166 5249 3383 5303 meritis
3412 5248 3723 5305 electionem
3759 5251 4005 5309 Deisub-

2312 5336 2534 5408 jiciunt,
2560 5344 2620 5391 ut
2645 5339 2772 5408 quia
2805 5337 3097 5407 praeterita
3125 5353 3231 5392 non
3254 5338 3719 5409 exstant,/utura,
3751 5360 3879 5413 qua:
3896 5358 3999 5397 non

2317 5426 2428 5481 sint
2450 5426 2667 5497 futura.
2694 5426 3042 5497 con/lingant,
3059 5443 3292 5499 novoque
3320 5427 3468 5501 apud
3482 5429 3607 5483 illos
3620 5429 3997 5484 absus-ditatis

2313 5532 2524 5588 genere,
2557 5523 2604 5571 et
2620 5532 2723 5571 non
2747 5516 2953 5587 agenda
2970 5517 3229 5588 praescita
3255 5520 3392 5584 sint,
3405 5525 3456 5573 et
3466 5520 3725 5589 praescita
3749 5536 3859 5574 non
3869 5526 3991 5573 acta

2309 5607 2444 5662 sint.
2476 5606 2630 5662 Hanc
2652 5623 2777 5662 sane
2805 5607 2867 5662 de
2901 5606 3153 5663 humanis
3178 5608 3390 5663 meritis
3401 5608 3828 5679 przscientiam
3859 5608 3985 5673 Dei,

559 5696 715 5765 gunt,
745 5709 971 5762 quorum
996 5696 1339 5752 altitudinem
1363 5697 1545 5753 nullus
1570 5696 1839 5770 attigerit.
1871 5696 1952 5753 Eo
1975 5702 2153 5770 poslre
2174 5724 2206 5742 -
2304 5695 2589 5753 secundum
2601 5712 2761 5771 quam
2777 5696 2967 5769 gratia
2990 5696 3225 5754 vocantis
3243 5702 3514 5772 operetur,
3542 5697 3715 5756 multo
3741 5697 3851 5755 sibi
3886 5710 3969 5754 ro
