4138 6172
130 220 279 283 1003

121 350 452 409 tienabilius
467 350 719 410 videntur
746 362 1014 421 astruere,
1046 372 1163 411 cum
1192 355 1263 412 ad
1287 372 1475 412 earum
1502 358 1783 412 nationum

117 441 621 513 contemplationem
651 446 895 513 venitur,
926 463 1043 517 qua
1063 447 1147 501 vel
1164 446 1224 501 in
1236 446 1542 518 prateritis
1564 444 1782 501 saculis

116 530 363 587 dimissa
385 539 513 588 sunt
543 533 760 604 ingredi
774 535 892 589 vias
920 552 1067 605 suas,
1098 535 1179 590 vel
1209 552 1353 590 nunc
1374 552 1574 606 quoque
1612 534 1783 589 adhuc

120 620 189 675 in
208 621 405 676 veteris
428 621 757 693 ignorantia
788 623 1062 695 impietate
1100 625 1411 695 depereunt,
1452 640 1544 679 nec
1563 622 1678 679 ulla
1706 623 1782 678 eis

120 717 223 765 aut
260 708 415 782 Legis
443 718 540 766 aut
568 712 859 785 Evangelii
888 713 1231 770 illuminatio
1281 712 1580 769 coruscavit
1607 730 1627 780 ;
1660 728 1781 767 cum

123 801 390 865 tamen,in
419 807 675 872 quantum
702 802 1159 873 pradicatoribus
1168 803 1363 858 ostium
1379 809 1625 874 apertum
1637 808 1718 856 est
1732 808 1781 857 et

119 889 218 943 via
243 889 392 960 facta
419 897 516 957 est,
540 892 781 961 gentium
816 893 1062 964 populus,
1089 893 1183 964 qui
1209 891 1419 947 sedebat
1454 892 1513 946 in
1548 889 1781 945 tenebris

123 985 176 1033 et
207 979 269 1033 in
295 978 489 1034 umbra
512 981 726 1045 mortis,
749 980 913 1037 lucem
934 982 1135 1037 viderit
1159 998 1408 1054 magnam
1445 979 1602 1052 (Isai.
1621 995 1696 1045 ιιι,
1723 984 1775 1051 2,

122 1075 174 1122 et
210 1066 411 1124 Matth.
443 1083 520 1133 ιν,
554 1072 645 1139 16)
678 1085 692 1136 ;
725 1075 775 1124 et
803 1071 903 1141 qui
930 1070 1194 1141 quondam
1230 1086 1332 1125 non
1359 1068 1607 1141 populus,
1640 1084 1781 1123 nunc

116 1162 306 1211 autem
330 1156 662 1228 populusDei
679 1160 785 1224 sit;
818 1166 1101 1230 etquorum
1133 1158 1429 1230 aliquando
1459 1174 1568 1213 non
1584 1157 1778 1213 miser-

120 1252 211 1301 tus
240 1253 338 1310 est,
377 1262 518 1301 nunc
553 1254 730 1303 autem
765 1248 1091 1304 misereatur
1136 1249 1310 1317 (Osee,
1358 1264 1415 1317 ιι,
1457 1251 1549 1312 23,
1587 1250 1677 1312 24,
1730 1252 1779 1301 et

119 1335 283 1390 Rom.
317 1350 393 1401 ιι,
425 1337 518 1406 25)
551 1352 563 1391 :
597 1337 1174 1408 pravisosinquiunta
1206 1337 1434 1392 Domino
1453 1336 1774 1404 credituros,

118 1431 169 1477 et
198 1423 272 1478 ad
289 1440 713 1496 unamquamque
725 1433 930 1497 gentem
968 1427 1049 1482 ita
1098 1427 1407 1497 dispensata
1450 1432 1690 1496 tempora
1714 1439 1777 1478 ac

115 1520 432 1577 ministeria
458 1524 870 1594 magistrorum,
894 1529 955 1579 ut
978 1530 1240 1580 exortura
1261 1540 1361 1579 ora
1389 1523 1649 1578 bonarum
1665 1538 1777 1577 cre-

120 1610 327 1666 dulitas
350 1611 687 1668 voluntatum
717 1632 737 1669 :
768 1629 867 1668 nec
895 1613 1153 1668 vacillare
1193 1612 1353 1679 illud,
1389 1612 1526 1683 quod
1561 1633 1582 1662 ι
1636 1613 1778 1667 Deus

113 1715 295 1755 omnes
320 1699 556 1755 homines
582 1721 609 1750 »
637 1700 768 1755 velit
791 1719 820 1751 «
853 1701 1025 1757 salvos
1066 1702 1214 1774 ﬁeri,
1246 1708 1297 1757 et
1348 1702 1409 1757 in
1444 1701 1776 1772 agnitionem

112 1788 366 1845 veritatis
392 1790 574 1845 venire
594 1808 625 1843 ›
656 1790 697 1862 (Ι
733 1790 869 1846 Tim.
894 1807 951 1861 ιι,
983 1792 1039 1864 4)
1069 1808 1083 1857 ;
1113 1790 1533 1863 quandoquidem
1559 1790 1780 1845 inea-cu-

116 1876 311 1933 sabiles
328 1880 436 1934 sint
457 1879 550 1950 qui
568 1887 617 1935 et
646 1879 716 1934 ad
744 1880 907 1935 unius
939 1880 1051 1936 veri
1098 1881 1198 1936 Dei
1244 1880 1447 1936 cultum
1500 1879 1778 1951 potuerint

116 1967 332 2022 instrui
355 1967 714 2039 intelligentia
746 1969 1018 2038 naturali,
1059 1975 1109 2023 et
1133 1968 1491 2040 Evangelium
1521 1968 1638 2024 ideo
1665 1984 1773 2024 non

115 2056 421 2123 audierint,
436 2056 564 2129 quia
590 2073 684 2112 nec
718 2058 929 2130 fuerint
959 2060 1253 2130 recepturi.

194 2195 246 2246 6.
280 2190 388 2246 Pro
411 2191 664 2246 universo
691 2197 869 2247 autem
901 2190 1134 2247 humano
1156 2207 1344 2263 genere
1376 2198 1647 2246 mortuum
1672 2205 1777 2246 esse

120 2278 414 2337 Dominum
433 2288 684 2337 nostrum
707 2282 890 2336 Jesum
915 2281 1220 2350 Christum,
1252 2288 1301 2335 et
1329 2280 1591 2334 neminem
1620 2296 1778 2351 pror-

115 2386 210 2425 sus
234 2385 270 2424 a
296 2370 655 2443 redemptione
668 2372 955 2441 sanguinis
972 2371 1086 2442 ejus
1106 2376 1401 2441 exceptum,
1425 2369 1639 2424 etiamsi
1667 2386 1776 2424 om-

116 2475 238 2514 nem
268 2458 407 2513 hanc
428 2461 598 2515 vitam
635 2457 978 2514 alienissima
1008 2457 1074 2513 ab
1100 2475 1156 2513 eo
1184 2464 1355 2513 mente
1380 2464 1723 2529 pertranseat
1751 2474 1770 2524 ;

115 2549 251 2621 quia
273 2546 344 2604 ad
368 2564 547 2603 omnes
584 2547 820 2604 homines
844 2548 1111 2621 pertineat
1145 2547 1346 2603 divina
1378 2547 1771 2603 misericordia

115 2638 522 2694 Sacramentum
563 2654 702 2709 :quo
729 2637 847 2692 ideo
872 2637 1106 2709 plurimi
1133 2653 1241 2692 non
1269 2643 1615 2701 renoventur,
1644 2636 1773 2708 quia

118 2736 259 2808 quod
286 2753 379 2791 nec
398 2735 805 2815 renovarivelle
825 2736 1073 2803 habeant,
1102 2742 1531 2808 pramoscantur.
1564 2735 1771 2807 Itaque,

116 2832 378 2897 quantum
418 2825 489 2880 ad
523 2825 693 2880 Deum
717 2825 975 2897 pertinet,
1007 2825 1253 2881 omnibus
1290 2832 1555 2896 paratam
1602 2826 1773 2880 vitam

117 2923 378 2971 aeternam
408 2931 432 2981 ,'
458 2920 720 2986 quantum
750 2921 927 2969 autem
956 2914 1027 2969 ad
1068 2914 1306 2969 arbitrii
1345 2914 1665 2979 libertatem,
1709 2912 1773 2967 ab

121 3005 207 3060 his
231 3020 344 3060 eam
376 3004 727 3075 apprehendi,
752 3005 847 3076 qui
870 3006 985 3061 Deo
1005 3011 1187 3075 sponte
1212 3003 1570 3070 crediderint,
1597 3009 1649 3059 et
1677 3020 1777 3058 au-

117 3093 319 3149 xilium
344 3094 543 3165 gratia
562 3095 755 3148 merito
796 3092 1142 3148 credulitatis
1161 3093 1484 3164 acceperint.
1523 3093 1593 3148 In
1616 3096 1776 3149 istam

118 3199 247 3239 vero
276 3183 406 3239 tatis
448 3183 647 3255 gratia
674 3182 1119 3254 pradicationem
1166 3182 1245 3249 hi,
1278 3199 1510 3254 quorum
1550 3189 1777 3239 contra-

119 3272 353 3329 dictione
381 3271 729 3343 offendimur,
763 3288 882 3328 cum
898 3274 1056 3343 prius
1084 3272 1313 3328 meliora
1336 3272 1621 3339 sentirent,
1651 3272 1778 3328 ideo

119 3387 173 3426 se
205 3370 289 3426 vel
313 3372 543 3426 maxime
581 3370 946 3437 contulerunt,
975 3371 1101 3442 quia
1132 3371 1183 3425 si
1206 3371 1596 3442 proﬁterentur
1625 3370 1691 3425 ab
1714 3388 1776 3427 ea

117 3460 303 3516 omnia
334 3459 466 3515 bona
486 3459 681 3515 merita
697 3461 1017 3532 praveniri,
1040 3468 1088 3516 et
1112 3459 1177 3514 ab
1209 3460 1327 3532 ipsa
1348 3466 1409 3515 ut
1416 3459 1623 3531 possint
1645 3477 1770 3525 esse,

116 3549 321 3605 donari
340 3565 359 3616 ;
388 3550 699 3605 necessitate
729 3548 1071 3605 concederent
1101 3548 1574 3605 Deumsecundum
1586 3566 1775 3622 propo-

116 3639 282 3694 situm
316 3645 367 3693 et
409 3637 689 3693 consilium
725 3637 1024 3693 voluntatis
1051 3655 1184 3705 sua,
1230 3638 1433 3693 occulto
1462 3638 1693 3709 judicio,
1723 3645 1772 3694 et

116 3744 274 3799 apere
303 3728 610 3800 manifesto,
636 3727 797 3782 aliud
838 3744 931 3782 vas
967 3728 1189 3782 condere
1222 3729 1274 3782 in
1303 3727 1460 3783 aliud
1497 3728 1559 3783 in
1587 3736 1771 3784 contu-

115 3816 332 3872 meliam
362 3838 384 3888 ;
410 3818 542 3888 quia
566 3833 715 3872 nemo
763 3816 876 3871 nisi
919 3833 1019 3888 per
1046 3817 1285 3888 gratiam
1324 3817 1685 3888 justiﬁcetur,
1720 3824 1770 3874 et

114 3931 269 3970 nemo
300 3914 413 3968 nisi
441 3914 502 3968 in
531 3913 987 3985 pravaricatione
1016 3919 1293 3970 nascatur.
1337 3913 1444 3970 Sed
1482 3916 1769 3986 refugiunt

112 4001 262 4058 istud
275 4001 466 4072 fateri,
495 4001 785 4073 divinaque
817 4001 1125 4057 adscribere
1153 4004 1305 4073 operi
1327 4007 1631 4056 sanctorum
1664 4019 1768 4057 me-

108 4091 228 4146 rita
269 4090 576 4162 formidant
608 4108 630 4158 ;
660 4107 754 4146 nec
778 4093 1120 4162 acquiescunt
1149 4090 1598 4162 pradestinatum
1632 4091 1765 4147 elec-

110 4186 293 4236 torum
324 4197 609 4236 numerum
634 4196 728 4235 nec
765 4181 962 4250 augeri
989 4196 1132 4251 posse
1153 4197 1248 4235 nec
1270 4180 1468 4246 minui,
1506 4196 1567 4235 ne
1593 4179 1766 4237 locum

106 4268 257 4341 apud
289 4268 533 4340 inﬁdeles
556 4286 616 4323 ac
655 4269 975 4340 negligentes
995 4269 1387 4324 cohortantium
1413 4269 1765 4325 incitamenta

106 4365 216 4415 non
246 4358 497 4427 habeant,
534 4375 594 4414 ac
623 4360 907 4431 superﬂua
929 4359 1003 4413 sit
1032 4359 1322 4414 industria
1353 4375 1415 4414 ac
1445 4359 1645 4414 laboris
1674 4360 1762 4415 in-

104 4448 294 4513 dictio,
326 4450 488 4518 cujus
521 4448 763 4505 studium
813 4453 1045 4504 cessante
1085 4449 1336 4504 electione
1371 4448 1761 4520 frustrandum

101 4537 177 4592 sit
212 4558 232 4594 :
271 4538 354 4591 ita
381 4537 589 4592 demum
627 4538 777 4593 enim
804 4554 949 4609 posse
992 4554 1414 4609 unumquemque
1440 4538 1510 4592 ad
1550 4554 1763 4593 correc-

105 4628 303 4683 tionem
334 4633 430 4682 aut
454 4626 524 4681 ad
548 4626 850 4699 profectum
877 4626 1142 4693 vocari,si
1167 4644 1219 4681 se
1247 4628 1385 4681 sciat
1415 4644 1511 4682 sua
1536 4627 1763 4698 diligen-

109 4718 191 4771 tia
213 4716 406 4772 bonum
427 4733 530 4772 esse
557 4733 727 4789 posse,
761 4724 809 4772 et
843 4717 1147 4772 libertatem
1170 4733 1321 4772 suam
1347 4717 1407 4771 ob
1432 4718 1523 4771 hoc
1540 4717 1642 4772 Dei
1662 4734 1760 4771 au-

106 4804 587 4874 xiliojuvandam,
619 4808 668 4860 si
685 4806 828 4878 quod
857 4806 1002 4861 Deus
1026 4804 1265 4872 mandat,
1299 4805 1539 4877 elegerit.
1566 4806 1645 4861 Ac
1664 4806 1758 4871 sic,

102 4910 225 4949 cum
265 4894 325 4948 in
365 4893 450 4948 his
485 4895 577 4966 qui
610 4901 813 4967 tempus
845 4901 1170 4964 acceperunt
1223 4894 1405 4950 libera
1445 4894 1760 4960 voluntatis,

102 4984 212 5039 duo
234 4984 348 5039 sint
376 5000 492 5055 qua
522 4984 809 5040 humanam
837 4992 1127 5057 operentur
1146 4984 1396 5050 salutem,
1430 4984 1533 5040 Dei
1559 4985 1762 5041 scilicet

98 5072 291 5143 gratia
308 5079 357 5127 et
392 5072 624 5129 hominis
669 5073 972 5129 obedientia
998 5095 1017 5144 ,-
1040 5075 1284 5145 priorem
1310 5073 1494 5129 volunt
1522 5074 1763 5130 obedien-

94 5161 235 5217 tiam
264 5178 368 5216 esse
397 5179 556 5233 quam
581 5164 839 5234 gratiam,
874 5170 932 5218 ut
976 5163 1208 5218 initium
1236 5164 1434 5218 salutis
1465 5180 1532 5217 ex
1578 5180 1635 5218 eo
1665 5163 1761 5235 qui

89 5249 373 5319 solvatur,
406 5268 510 5306 non
533 5268 599 5306 ex
639 5268 693 5307 eo
716 5252 1041 5307 credendum
1073 5252 1147 5306 sit
1170 5260 1320 5307 stare
1352 5252 1446 5323 qui
1478 5253 1676 5318 salvat,
1713 5259 1762 5308 et

90 5339 348 5395 voluntas
374 5339 602 5395 hominis
623 5341 826 5396 divina
866 5341 1068 5412 gratia
1087 5340 1194 5395 sibi
1220 5342 1413 5412 pariat
1450 5358 1616 5413 opem,
1654 5357 1761 5397 non

85 5430 281 5501 gratia
300 5428 406 5483 sibi
436 5429 727 5486 humanam
755 5429 1011 5501 subjiciat
1034 5431 1383 5487 voluntatem.

174 5564 227 5616 7.
258 5562 409 5630 Quod
432 5580 550 5619 cum
578 5564 1048 5635 perversissimam
1078 5581 1206 5630 esse,
1232 5563 1501 5619 revelante
1530 5563 1632 5619 Dei
1658 5564 1763 5619 mi-

88 5650 423 5719 sericordia,
439 5658 486 5708 et
508 5652 812 5709 instruente
838 5671 928 5710 nos
941 5662 1037 5710 tua
1052 5652 1398 5709 Beatitudine
1418 5654 1761 5718 noverimus;

82 5756 375 5819 pessumus
392 5742 602 5816 quidem
616 5743 689 5801 ad
718 5760 825 5802 non
850 5742 1168 5831 credendum
1191 5758 1296 5801 esse
1319 5748 1644 5811 constantes,
1671 5743 1764 5800 sed

1406 224 1910 289 EPISTOLARUM
1947 224 2238 287 CLASSIS
2277 227 2379 291 III.

3416 236 3556 302 1006

1892 353 2865 415 adauctoritatemtaliasentientium
2890 376 2996 417 non
3013 377 3196 419 sumus
3216 369 3554 440 pares:quia

1891 444 2216 501 multumnos
2240 453 2289 501 et
2315 448 2442 502 vita
2470 448 2677 503 meritis
2706 450 3049 517 antecellunt,
3075 460 3123 508 et
3150 454 3328 527 aliqui
3347 474 3551 524 eorum,

1891 533 2081 604 adepto
2110 552 2286 606 nuper
2312 552 2515 592 summo
2534 539 2826 594 sacerdotii
2866 540 3083 608 honore,
3110 546 3508 614 supereminent
3531 560 3555 620 ,'

1890 638 1983 677 nec
2010 623 2181 693 facile
2204 625 2485 696 quisquam
2511 634 2720 697 prater
2738 645 2942 699 paucos
2971 633 3223 704 perfecta
3242 637 3436 705 gratia
3471 637 3554 692 in-

1894 712 2133 783 trepidos
2195 720 2480 780 amatores,
2523 723 2674 771 tanto
2710 734 3052 789 superiorum
3081 721 3547 793 disputationibus

1888 816 2051 856 ausus
2063 807 2141 856 est
2161 803 2454 859 contraire.
2466 804 2552 858 Ea:
2561 821 2661 876 quo
2673 822 2779 860 non
2799 805 2967 862 solum
2994 808 3076 863 his
3086 810 3182 880 qui
3198 828 3279 866 eos
3293 812 3548 881 audiunt,

1888 905 2081 945 verum
2093 890 2257 945 etiam
2284 891 2417 963 ipsis
2430 892 2523 964 qui
2534 894 2860 961 audiuntur,
2876 911 2993 951 cum
3010 896 3368 968 dignitatibus
3380 902 3551 958 crevit

1883 979 2223 1049 periculum,-
2250 980 2377 1036 dum
2403 985 2451 1036 et
2477 982 2676 1038 multos
2700 986 3006 1040 reverentia
3027 1003 3212 1042 eorum
3235 995 3332 1045 aut
3355 990 3551 1045 inutili

1886 1067 2088 1124 cohibet
2114 1069 2349 1136 silentio,
2379 1077 2474 1126 aut
2500 1072 2772 1127 incurioso
2791 1074 3167 1132 ducitassensu
3194 1085 3285 1148 ;et
3308 1078 3553 1135 saluber—
3638 1132 3639 1135 η

1887 1156 2091 1213 rimum
2117 1158 2251 1229 ipsis
2276 1159 2489 1215 videtur
2512 1161 2649 1233 quod
2696 1179 2827 1232 pene
2873 1164 3083 1220 nullius
3117 1168 3549 1225 contradictione

1888 1246 2327 1317 reprehenditur.
2363 1249 2530 1315 Unde,
2546 1252 2678 1322 quia
2700 1252 2759 1307 in
2782 1253 2903 1308 istis
2925 1254 3226 1327 pelagiana
3248 1260 3549 1327 pravitatis

1886 1334 2136 1407 reliquiis
2180 1354 2286 1392 non
2321 1338 2571 1394 mediocis
2630 1341 2950 1400 virulentia
2996 1344 3143 1415 ﬁbra
3184 1347 3459 1413 nutritur,
3497 1349 3549 1403 si

1885 1425 2224 1496 principium
2242 1428 2438 1483 salutis
2455 1428 2589 1483 male
2612 1431 2669 1484 in
2691 1432 2901 1487 homine
2924 1433 3223 1490 collocatur
3248 1436 3330 1501 ;si
3342 1437 3545 1494 divina

1886 1514 2155 1570 voluntati
2173 1516 2333 1585 impie
2345 1517 2589 1573 voluntas
2611 1519 2845 1575 humana
2865 1526 3194 1593 praefertur,
3210 1531 3269 1580 ut
3293 1526 3409 1581 ideo
3422 1528 3543 1599 quis

1884 1601 2174 1673 adjuvetur
2200 1605 2331 1675 quia
2362 1606 2549 1672 voluit,
2572 1625 2679 1662 non
2697 1608 2813 1664 ideo
2839 1611 2969 1679 quia
2989 1612 3309 1682 adjuvatur,
3327 1615 3454 1670 velit
3467 1616 3547 1685 ;si

1884 1692 2239 1763 originaliter
2263 1694 2442 1750 malus
2467 1698 2815 1766 receptionem
2837 1698 2958 1753 boni
2986 1716 3088 1755 non
3117 1718 3149 1756 a
3171 1718 3371 1758 summo
3392 1702 3547 1772 bono,

1884 1780 1976 1836 sed
2004 1798 2037 1835 a
2060 1784 2335 1854 semetipso
2361 1784 2611 1839 inchoare
2640 1787 2777 1841 male
2801 1787 3051 1844 creditur
3071 1807 3091 1854 ;
3116 1790 3163 1845 si
3188 1790 3412 1847 aliunde
3436 1794 3552 1849 Deo

1880 1871 2146 1941 placetur,
2181 1872 2290 1926 nisi
2319 1890 2383 1927 ex
2405 1890 2463 1928 eo
2486 1874 2623 1944 quod
2640 1875 2749 1945 ipse
2769 1876 3056 1933 donaverit
3079 1900 3097 1937 :
3126 1881 3309 1936 tribue
3322 1882 3474 1937 nobis
3490 1883 3547 1938 in

1884 1959 1981 2014 hac
2029 1976 2210 2016 causa.
2263 1977 2406 2042 papa
2435 1962 2754 2029 beatissime,
2801 1972 2962 2035 pater
3016 1969 3231 2039 optime,
3283 1978 3547 2042 quantum

1874 2048 2102 2120 juvante
2134 2041 2361 2105 Domino
2384 2050 2917 2124 potes,diligentiam
2942 2056 3166 2126 pietatis
3193 2041 3323 2125 tua,
3355 2066 3547 2131 utqua

1885 2136 1945 2192 in
1974 2137 2095 2191 istis
2120 2138 2502 2210 quastionibus
2551 2140 2886 2209 obscuriora,
2938 2151 2987 2199 et
3017 2145 3087 2200 ad
3135 2147 3547 2218 percipiendum

1883 2226 2208 2298 difﬁciliora
2232 2235 2378 2295 sunt,
2411 2246 2567 2302 quam
2618 2229 2967 2288 lucidissimis
3009 2237 3432 2306 expositionibus
3464 2237 3549 2294 di-

1882 2333 2068 2389 gneris
2096 2334 2335 2389 aperire.

1958 2428 2010 2480 8.
2038 2426 2116 2480 Ac
2136 2429 2399 2496 primum,
2422 2428 2552 2498 quia
2558 2428 2804 2501 plerique
2832 2447 2939 2487 non
2964 2438 3163 2503 putant
3183 2434 3544 2493 christianum

1883 2514 2042 2587 ﬁdem
2071 2514 2168 2569 hac
2197 2515 2517 2571 dissensione
2545 2517 2763 2584 violari,
2813 2527 3073 2591 quantum
3099 2525 3341 2594 periculi
3381 2528 3452 2582 sit
3487 2528 3546 2582 in

1885 2620 2066 2658 eorum
2103 2605 2453 2674 persuasione
2505 2608 2824 2679 patefacias.
2881 2608 3103 2676 Deinde,
3146 2608 3549 2687 quomodo‘per

1886 2694 2056 2748 istum
2094 2702 2523 2764 praoperantem
2549 2703 2597 2751 et
2625 2706 2993 2768 cooperantem
3030 2703 3269 2771 gratiam
3307 2703 3548 2760 liberum

1889 2798 1995 2837 non
2009 2782 2340 2853 impediatur
2354 2783 2671 2841 arbitrium.
2698 2787 2852 2854 Tum,
2869 2795 3055 2845 utrum
3058 2792 3420 2863 praseientia
3444 2793 3549 2849 Dei

1887 2871 1967 2926 ita
1994 2872 2280 2927 secundum
2309 2876 2639 2944 propositum
2671 2885 2902 2943 maneat,
2930 2885 2989 2933 ut
3022 2896 3082 2934 ea
3114 2881 3234 2952 ipsa
3264 2898 3381 2953 qua
3413 2890 3544 2939 sunt

1884 2962 2182 3032 proposita,
2204 2963 2317 3016 sint
2333 2962 2642 3032 accipienda
2661 2965 2913 3034 prascita
2929 2982 2944 3020 :
2962 2983 3033 3021 an
3040 2984 3143 3038 per
3151 2986 3348 3040 genera
3359 2988 3549 3028 causa-

1886 3066 2013 3105 rum
2042 3058 2093 3104 et
2124 3051 2319 3121 species
2336 3067 2692 3121 personarum
2724 3053 2829 3108 ista
2855 3055 3178 3122 varientur;
3211 3066 3270 3113 ut
3300 3060 3431 3131 quia
3456 3061 3546 3115 di-

1887 3155 2051 3194 versa
2063 3145 2188 3193 sunt
2202 3140 2498 3195 vocationes
2512 3141 2568 3195 in
2583 3141 2664 3195 his
2675 3141 2771 3213 qui
2781 3143 2874 3196 nih
2882 3143 2923 3197 il
2933 3146 3222 3215 operaturi
3230 3147 3538 3215 salvantur,

1884 3228 2041 3301 quasi
2066 3227 2237 3283 solum
2268 3228 2371 3284 Dei
2390 3230 2722 3301 propositum
2774 3231 3026 3289 videatur
3052 3234 3325 3302 existere;
3358 3237 3419 3291 in
3459 3238 3546 3294 his

1884 3323 2063 3372 autem
2090 3317 2183 3390 qui
2212 3314 2435 3389 aliquid
2472 3318 2594 3374 boni
2622 3321 2806 3376 acturi
2828 3329 2971 3389 sunt,
3005 3339 3109 3392 per
3132 3326 3539 3395 prascientiam

1879 3406 2048 3476 possit
2066 3414 2212 3462 stare
2231 3409 2565 3480 propositum
2588 3426 2604 3463 :
2626 3426 2698 3464 an
2711 3427 2833 3465 vero
2854 3412 3352 3483 uniformiter,licet
3365 3415 3546 3471 dividi

1881 3495 2229 3566 prascientia
2256 3514 2291 3553 a
2316 3498 2589 3569 proposito
2610 3501 2910 3571 temporali
2937 3501 3282 3557 distinctione
3302 3521 3405 3559 non
3426 3522 3542 3577 pos-

1881 3584 1974 3649 sit,
1989 3585 2339 3655 prascientia
2359 3591 2533 3642 tamen
2546 3588 2769 3659 quodam
2790 3589 2981 3644 ordine
3005 3591 3078 3646 sit
3097 3591 3333 3647 subnixa
3341 3611 3543 3666 propo-

1880 3672 1988 3727 sito
2008 3691 2028 3737 ;
2057 3681 2103 3728 et
2125 3675 2266 3729 sicut
2288 3675 2437 3730 nihil
2459 3677 2533 3731 sit
2555 3694 3001 3749 quorumcumque
3026 3682 3381 3752 negotiorum,
3401 3684 3540 3755 quod

1880 3778 1986 3816 non
2014 3763 2243 3818 scientia
2270 3763 2459 3819 divina
2474 3767 2826 3836 pravenerit,
2857 3769 2937 3822 ita
2962 3768 3107 3824 nihil
3126 3774 3196 3824 sit
3230 3770 3373 3840 boni,
3400 3774 3538 3843 quod

1881 3851 1941 3905 in
1970 3859 2209 3907 nostram
2229 3853 2702 3924 participationem
2723 3871 2830 3910 non
2854 3856 2965 3911 Deo
2984 3866 3207 3913 auctore
3219 3859 3533 3928 defluxerit.

1877 3941 2178 4005 Postremo,
2204 3941 2647 4012 quemadmodum
2675 3961 2770 4015 per
2786 3945 2922 4000 hanc
2946 3946 3388 4016 praedicationem
3407 3966 3535 4019 pro-

1874 4029 2037 4100 positi
2063 4028 2182 4095 Dei,
2214 4047 2313 4101 quo
2340 4031 2517 4101 ﬁdeles
2536 4033 2675 4103 ﬁunt
2705 4034 2798 4105 qui
2820 4035 3189 4107 praordinati
3212 4044 3338 4093 sunt
3358 4038 3429 4092 ad
3451 4040 3508 4094 vi
3516 4070 3533 4080 -

1876 4125 1985 4175 tam
2015 4125 2655 4187 aternam,nemoeorum
2675 4123 3104 4194 quicohortandi
3114 4134 3238 4181 sunt
3270 4129 3533 4199 impedia-

1875 4214 1991 4275 tur,
2024 4226 2114 4265 nec
2140 4212 2464 4267 occasionem
2518 4211 2856 4284 negligentia
2886 4214 3136 4283 habeant,
3167 4216 3224 4272 si
3248 4233 3299 4271 se
3326 4218 3531 4289 prade-

1871 4299 2097 4353 stinatos
2126 4316 2229 4354 esse
2263 4299 2557 4371 desperent.
2592 4301 2742 4356 Illud
2766 4304 2928 4358 etiam
2978 4306 3220 4375 qualiter
3257 4307 3526 4374 diluatur,

1870 4404 2190 4460 quasumus,
2225 4390 2495 4453 patienter
2524 4390 2899 4461 insipientiam
2924 4402 3168 4449 nostram
3192 4396 3409 4458 ferendo
3438 4396 3530 4451 de-

1872 4476 2297 4547 monstres,quod
2307 4479 2621 4533 retractatis
2626 4480 2881 4546 priorum
2894 4480 2955 4534 de
2969 4481 3065 4535 hac
3077 4498 3136 4535 re
3155 4483 3524 4553 opinionibus,

1867 4582 1998 4636 pene
2016 4566 2253 4620 omnium
2280 4581 2389 4635 par
2418 4566 2702 4620 invenitur
2730 4571 2780 4621 et
2810 4584 2918 4623 una
2961 4572 3247 4635 sententia,
3274 4589 3381 4642 qua
3400 4590 3525 4643 pro-

1866 4654 2103 4726 positum
2143 4661 2191 4707 et
2213 4654 2742 4724 pradestinationem
2779 4656 2877 4711 Dei
2908 4658 3199 4714 secundum
3237 4663 3528 4730 praseien-

1873 4743 2025 4808 tiam,
2057 4750 2371 4814 receperunt
2412 4759 2438 4810 ,'
2465 4750 2525 4798 ut
2550 4743 2611 4799 ob
2636 4746 2727 4800 hoc
2774 4745 2917 4801 Deus
2946 4746 3082 4802 alios
3111 4765 3241 4803 vasa
3287 4750 3524 4816 honoris,

1870 4833 2009 4887 alios
2062 4834 2403 4888 contumelia
2450 4834 2660 4904 fecerit,
2710 4835 2839 4905 quia
2894 4837 3052 4906 ﬁnem
3108 4839 3527 4911 uniuscujusque

1864 4921 2212 4993 praviderit,
2246 4930 2293 4977 et
2323 4921 2418 4977 sub
2445 4922 2557 4994 ipso
2570 4924 2767 4994 gratia
2789 4924 3065 4995 adjutorio
3091 4927 3151 4981 in
3176 4945 3281 4999 qua
3304 4932 3529 4999 futurus

1870 5018 1999 5066 esset
2047 5009 2317 5065 voluntate
2348 5015 2397 5065 et
2426 5013 2635 5066 actione
2659 5014 2991 5083 prascierit.

1941 5118 1994 5174 9.
2025 5117 2225 5183 Quibus
2252 5116 2500 5172 omnibus
2528 5117 2792 5182 enodaeis,
2825 5125 2873 5173 et
2924 5118 3110 5173 multis
3141 5120 3381 5190 insuper,
3406 5134 3525 5189 qua

1869 5207 2073 5262 altiore
2096 5207 2304 5262 intuitu
2330 5206 2401 5260 ad
2419 5222 2630 5261 causam
2664 5207 2804 5261 hanc
2826 5208 3160 5278 pertinentia
3184 5208 3353 5279 magis
3376 5216 3529 5279 potes

1870 5296 2072 5360 videre,
2098 5296 2382 5361 discussis;
2393 5296 2664 5351 credimus
2686 5303 2732 5349 et
2747 5312 3023 5367 speramus
3041 5313 3144 5350 non
3158 5296 3327 5351 solum
3353 5299 3533 5352 tenui-

1870 5391 2033 5441 tatem
2046 5392 2284 5440 nostram
2296 5384 2725 5455 disputationum
2753 5391 2978 5439 tuarum
2990 5385 3201 5455 prasid
3206 5386 3255 5439 io
3268 5386 3530 5441 roboran-

1869 5473 2115 5539 dam,sed
2138 5476 2299 5529 etiam
2327 5474 2464 5544 ipsos
2480 5490 2606 5544 quos
2633 5474 2845 5527 meritis
2861 5481 3016 5544 atque
3040 5474 3330 5530 honoribus
3357 5475 3531 5531 claros

1869 5564 2044 5633 caligo
2066 5564 2224 5618 istius
2249 5562 2519 5633 opinionis
2545 5562 2815 5626 obscurat,
2848 5561 3319 5631 defacatissimum
3353 5564 3533 5621 lumen

1870 5652 2066 5725 guatia
2095 5659 2419 5722 recepturos.
2450 5652 2593 5707 Nam
2626 5668 2791 5706 unum
2812 5667 2993 5708 eorum
3020 5653 3321 5725 praecipua
3353 5662 3536 5710 aucto-

1870 5742 2062 5799 ritatis
2080 5748 2130 5799 et
2153 5740 2536 5814 spiritualium
2554 5741 2859 5799 studiorum
2886 5742 3088 5810 virum,
3107 5748 3349 5801 sanctum
3370 5743 3538 5801 Hila-
