4140 6174
556 208 695 264 1007

558 333 708 389 rium
738 331 814 405 (a)
865 328 1232 384 Arelatensem
1285 325 1605 398 episcopum,
1634 324 1771 381 sciat
1808 324 2089 381 Beatitudo
2117 332 2215 381 tua

559 422 943 478 admiratorem
972 422 1381 487 sectatoremque
1411 416 1472 470 in
1495 414 1626 471 aliis
1673 414 1916 470 omnibus
1944 422 2054 470 tum
2108 431 2216 469 esse

561 510 819 566 doctrinae
842 524 855 573 ;
886 513 933 561 et
951 505 1012 560 de
1034 506 1127 561 hoc
1146 504 1282 576 quod
1295 506 1354 559 in
1375 503 1646 576 querelam
1671 504 1863 569 trahit,
1883 503 2214 575 jampridem

562 598 707 671 apud
733 596 1092 652 Sanctitatem
1126 602 1276 650 tuam
1304 610 1517 649 sensum
1545 611 1701 650 suum
1727 610 1825 665 per
1851 593 2065 649 litteras
2084 593 2214 648 velle

558 688 822 758 conferre.
855 684 963 742 Sed
987 686 1119 755 quia
1138 690 1325 739 utrum
1352 683 1444 737 hoc
1468 684 1737 752 facturus,
1765 690 1861 737 aut
1881 700 1982 753 quo
2009 683 2114 753 ﬁne
2142 682 2215 736 sit

557 777 807 850 [acturus
836 775 1103 828 incertum
1153 779 1248 837 est,
1290 779 1339 826 et
1395 774 1632 826 omnium
1659 777 1901 826 nostrum
1930 770 2213 842 fatigatio,

559 864 871 939 providente
897 863 988 917 hoc
1016 861 1272 933 praesenti
1300 866 1492 915 saeculo
1522 860 1626 915 Dei
1648 862 1855 932 gratia,
1880 863 1940 914 in
1965 867 2072 915 tuae
2093 860 2218 914 cha-

561 955 753 1011 ritatis
774 960 821 1008 et
844 953 1084 1007 scientiae
1098 952 1277 1021 vigore
1296 951 1534 1021 respirat
1559 970 1570 1016 ;
1599 950 1733 1005 adde
1745 950 2101 1004 eruditionem
2119 949 2219 1003 ἠω-

561 1044 801 1107 milibus,
832 1042 965 1097 adde
994 1042 1414 1111 increpationem
1443 1040 1705 1111 superbis.
1758 1040 2135 1096 Necessarium
2164 1045 2214 1093 et

563 1135 701 1191 utile
723 1140 798 1187 est
811 1136 971 1187 etiam
982 1147 1100 1202 quae
1110 1131 1323 1200 scripta
1335 1137 1461 1185 sunt
1479 1130 1735 1196 scribere,
1753 1146 1816 1183 ne
1830 1129 1935 1183 leve
1946 1130 2214 1184 existime-

562 1227 655 1280 tur
681 1222 817 1295 quod
848 1238 952 1276 non
968 1223 1280 1291 [requenter
1304 1220 1587 1289 arguitur.
1615 1219 1815 1273 Sanum
1850 1218 1991 1273 enim
2019 1224 2212 1289 putant

559 1330 664 1369 esse
674 1312 811 1384 quod
822 1327 928 1365 non
947 1310 1105 1374 dolet,
1120 1326 1218 1363 nec
1228 1308 1424 1364 vulnus
1442 1309 1770 1380 superducta
1794 1315 1911 1363 cute
1933 1307 2209 1367 sentiunt:

556 1404 646 1459 sed
664 1401 970 1472 intelligant
981 1406 1370 1471 perventurum
1385 1399 1462 1453 ad
1472 1399 1777 1461 sectionem,
1804 1399 1942 1469 quod
1961 1396 2212 1452 habuerit

556 1498 981 1564 perseverantem
1008 1497 1289 1544 tumorem.
1322 1489 1517 1544 Gratia
1545 1488 1646 1544 Dei
1675 1495 1725 1543 et
1750 1504 1860 1559 pax
1881 1488 2096 1542 Domini
2122 1503 2212 1541 no-

554 1582 659 1636 stri
681 1583 810 1636 Jesu
836 1580 1050 1634 Christi
1061 1586 1273 1633 coro-net
1289 1585 1338 1633 te
1353 1579 1410 1633 in
1429 1579 1576 1632 omni
1598 1585 1848 1647 tempore,
1862 1585 1913 1632 et
1925 1576 2213 1632 ambulan-

555 1678 659 1725 tem
687 1670 749 1724 de
766 1669 966 1724 virtute
981 1668 1302 1722 invirtutem
1328 1667 1587 1737 gloriﬁcet
1610 1667 1669 1721 in
1693 1674 1981 1731 mternum,
2001 1666 2211 1721 domine

551 1775 695 1830 papa
715 1757 1031 1825 beatissime,
1060 1756 1419 1826 ine/fabiliter
1442 1755 1735 1820 mirabilis,
1766 1754 2212 1827 incomparabili-

551 1855 636 1903 ter
665 1846 990 1911 honorande,
1022 1846 1470 1917 prastantissime
1485 1852 1741 1915 patrone.

992 1969 1329 2026 EPISTOLA
1370 1970 1627 2025 ccxxw
1670 1968 1769 2040 (b).

724 2096 979 2153 Hilarius
1006 2096 1332 2167 Augustino,
1364 2094 1426 2150 de
1455 2094 1637 2150 eodem
1689 2102 2026 2166 argumento.

551 2223 803 2281 Domino
823 2222 1171 2280 beatissimo
1200 2237 1271 2278 ac
1303 2227 1426 2278 toto
1450 2220 1666 2278 affectu
1692 2221 2114 2289 desiderando,
2150 2227 2207 2278 et

618 2313 877 2370 multum
909 2311 971 2368 in
997 2312 1226 2369 Christo
1267 2310 1653 2383 suscipiendo
1684 2312 1838 2383 patri
1890 2316 2204 2367 Ancusrmo

616 2406 880 2459 HlLARlUS
918 2401 1014 2474 (ε).

617 2527 668 2580 1.
696 2524 1093 2581 Sicessantibus
1113 2523 1599 2579 contradicentium
1620 2524 2007 2595 quastionibus
2021 2529 2194 2596 gratw

541 2622 669 2671 sunt
692 2615 1005 2686 plerumque
1033 2613 1392 2668 studiosorum
1420 2612 1817 2685 inquisitiones,
1840 2620 1899 2669 ut
1924 2614 2198 2669 etiamilla

544 2720 665 2777 quae
688 2705 877 2775 absque
928 2704 1171 2775 periculo
1200 2703 1611 2775 ignorarentur,
1642 2703 1919 2771 ediscant;
1946 2704 2199 2758 arbitror

541 2796 837 2868 gratiorem
860 2794 976 2866 fore
1003 2793 1341 2848 sedulitatem
1372 2798 1568 2847 nostrae
1600 2793 1905 2859 relationis,
1933 2810 2050 2865 quae
2070 2794 2198 2849 dum

544 2884 756 2940 indicat
786 2884 1074 2938 secundum
1125 2882 1476 2954 quorumdam
1522 2884 1916 2953 prosecutiones
1952 2883 2198 2954 quaedam

542 2974 888 3029 adversantia
900 2973 1251 3037 veritati,non
1267 2978 1375 3026 tam
1389 2972 1491 3026 sibi
1507 2972 2199 3044 quamillisquipurbantur

544 3072 592 3119 et
621 3063 863 3131 turbant,
892 3080 990 3134 per
1015 3061 1299 3117 consilium
1326 3063 1637 3116 sanctitatis
1664 3068 1770 3116 tum
1790 3062 1989 3133 satagit
1999 3062 2199 3133 provi-

542 3153 686 3223 deri,
715 3152 931 3207 domine
956 3152 1251 3207 beatissime
1279 3167 1342 3205 ac
1373 3156 1477 3205 toto
1505 3152 1697 3222 affectu
1748 3152 2116 3218 desiderande,
2150 3158 2198 3207 et

544 3243 771 3299 multum
797 3245 855 3296 in
875 3242 1088 3296 Christo
1125 3240 1457 3311 suscipiende
1480 3247 1657 3311 pater.

617 3339 671 3391 2.
702 3333 830 3387 Haec
848 3339 972 3387 sunt
999 3332 1178 3401 itaque
1201 3346 1318 3401 quae
1348 3330 1633 3395 Massiliae,
1664 3329 1743 3384 vel
1772 3330 1903 3385 aliis
1931 3336 2097 3387 etiam
2124 3330 2202 3387 lo-

546 3424 622 3479 cis
649 3424 708 3477 in
723 3421 905 3478 Gallia
928 3420 1282 3475 ventilantur.
1298 3419 1513 3475 Novum
1537 3426 1585 3474 et
1604 3420 1801 3474 inutile
1825 3438 1929 3475 esse
1939 3421 2203 3492 pradica-

549 3515 691 3569 tioni
716 3511 854 3583 quod
876 3510 1092 3583 quidam
1108 3509 1391 3564 secundum
1420 3509 1748 3580 propositum
1761 3510 1989 3582 eligendi
2018 3510 2204 3565 dican-

550 3611 662 3667 tur,
696 3607 754 3657 ut
785 3601 840 3655 id
864 3618 954 3655 nec
975 3600 1227 3671 arripere
1253 3597 1470 3653 valeant
1498 3616 1589 3654 nec
1610 3606 1808 3665 tenere,
1828 3601 1939 3655 nisi
1953 3599 2206 3655 credendi

554 3692 826 3747 voluntate
854 3690 1070 3745 donata.
1102 3688 1342 3744 Excludi
1391 3694 1591 3760 putant
1633 3706 1837 3746 omnem
1864 3689 2207 3762 praedicandi

550 3782 802 3853 vigorem,
829 3781 879 3835 si
905 3779 1046 3835 nihil
1074 3779 1211 3851 quod
1236 3794 1338 3850 per
1357 3796 1475 3833 eum
1501 3780 1785 3846 excitetur,
1818 3780 1877 3834 in
1903 3780 2207 3836 hominibus

551 3872 874 3927 remansisse
915 3870 1152 3926 dicatur.
1190 3868 1539 3926 Consentiunt
1571 3886 1781 3945 pmnem
1820 3870 2083 3927 hominem
2142 3873 2205 3927 in

549 3962 725 4017 Adam
739 3960 977 4033 periisse,
992 3976 1085 4014 nec
1108 3959 1234 4014 inde
1256 3976 1567 4032 quemquam
1574 3976 1722 4032 posse
1727 3961 1955 4033 proprio
1969 3962 2206 4018 arbitrio

554 4051 782 4106 liberari
789 4051 898 4104 :sed
912 4049 969 4103 id
979 4049 1291 4103 conveniens
1304 4056 1556 4104 asserunt
1568 4050 1812 4115 veritati,
1824 4050 1900 4104 vel
1910 4067 2202 4121 congruum

547 4139 953 4211 prmdicationi,
1012 4144 1091 4204 ut,
1147 4154 1264 4193 cum
1306 4139 1599 4210 prostratis
1654 4145 1701 4194 et
1758 4156 2031 4211 nunquam
2089 4142 2205 4197 suis

552 4228 765 4284 viribus
788 4226 1124 4283 surrecturis
1143 4228 1512 4282 annuntiatur
1524 4225 1823 4282 obtinenda
1842 4229 2038 4285 salutis
2058 4246 2203 4286 occa-

616 4380 688 4443 (a)
718 4380 906 4430 Visum
922 4381 1035 4443 erat
1062 4378 1336 4428 nonnullis
1365 4378 1801 4443 substituendum
1825 4379 1914 4430 hic
1948 4394 2064 4431 esse
2103 4382 2203 4432 Ho-

549 4441 794 4507 noratum
820 4455 836 4494 .'
866 4441 958 4507 sed
990 4443 1215 4504 inspecti
1247 4455 1280 4491 ε.
1329 4442 1499 4507 nobis
1524 4442 1655 4507 Mss.
1681 4447 1992 4507 constanter
2020 4446 2204 4507 praefe-

550 4510 694 4563 runt,
725 4503 1003 4553 Hilarium.
1029 4503 1091 4554 ls’
1119 4518 1275 4566 porro
1310 4518 1374 4553 ex
1393 4506 1662 4554 Lerinensi
1693 4506 1959 4556 monacho
1989 4503 2199 4557 creatus

550 4569 650 4618 fuit.
678 4569 1001 4618 Arelatensis
1042 4568 1325 4630 episcopus
1378 4572 1500 4630 post
1535 4567 1875 4625 honoratum,
1912 4582 2054 4619 anno
2086 4573 2196 4629 428,

549 4636 651 4696 aut
702 4636 850 4696 certe
887 4632 978 4679 429
1014 4630 1242 4696 ineunte
1292 4630 1625 4679 defunctum.
1662 4632 1867 4696 Quippe
1900 4634 2200 4683 Honoratus

551 4706 607 4759 su
616 4694 811 4759 [fectus
824 4693 1065 4759 Prntoclo
1079 4696 1397 4759 interempto
1414 4707 1556 4743 anno
1568 4696 1659 4759 426
1689 4709 1753 4743 ex
1769 4693 2033 4759 'l‘rosperi
2045 4697 2202 4747 Chro-

549 4757 688 4810 nico,
716 4756 1023 4805 cathedram
1034 4755 1414 4812 Arelatensem,
1432 4760 1566 4805 teste
1579 4758 1851 4806 Honorato
1864 4755 2197 4817 Massiliensi,

549 4830 643 4881 per
670 4818 945 4866 biennium
983 4820 1279 4881 occupavit.

608 4899 678 4961 (ὁ)
697 4898 773 4946 Ex
794 4902 939 4947 tomo
965 4899 993 4947 7
1020 4898 1237 4961 praeﬁxa
1262 4898 1351 4947 lib.
1384 4900 1448 4948 de
1472 4898 1941 4950 Prsedestinatione
1965 4902 2050 4951 SS.
2069 4901 2196 4961 Quae

546 4975 706 5025 porro
736 4962 827 5009 2'26
858 4965 988 5017 erat,
1021 4976 1164 5010 nunc
1192 4964 1301 5009 256.
1338 4962 1543 5025 Scripta
1564 4965 1752 5012 eodem
1787 4969 2048 5027 tempore.

609 5043 673 5104 (ο)
703 5042 795 5108 Hic
823 5040 1060 5108 profecto
1096 5041 1161 5089 ab
1194 5042 1392 5090 Hilario
1422 5042 1731 5108 Arelatensi,
1764 5045 1858 5108 qui
1906 5047 2192 5108 Augustini

545 5104 1102 5171 deprmdestinetione
1127 5108 1465 5171 sententiam,
1492 5107 1565 5171 uti
1598 5104 2191 5171 Rrospérinsuﬁeriore

544 5170 770 5237 epistola
803 5167 1001 5237 scribit,
1032 5185 1068 5237 ι.
1088 5169 1141 5237 in
1167 5167 1441 5237 querelam
1470 5167 1742 5237 trabebat,’
1764 5186 1791 5237 »_
1823 5167 2107 5237 distinguit
2133 5186 2189 5221 se

542 5231 656 5293 ipse
678 5231 831 5286 infra,
864 5245 915 5278 n.
952 5233 1025 5289 10,
1058 5230 1201 5278 hisce
1233 5231 1408 5278 verbis
1437 5245 1447 5277 :
1482 5247 1508 5275 ι
1539 5231 1669 5280 Nolo
1705 5235 1884 5280 autem
1921 5230 2188 5284 Sanctitas

545 5310 570 5339 ι
599 5296 690 5341 tua
718 5295 794 5341 sic
831 5307 914 5341 me
944 5294 1232 5342 arbitretur
1256 5293 1365 5341 ι]ωο
1413 5292 1643 5342 scribere
1669 5295 1822 5347 quasi
1853 5294 1918 5343 de
1954 5296 2033 5344 his
2065 5312 2185 5347 aute

545 5310 570 5339 ι
599 5296 690 5341 tua
718 5295 794 5341 sic
831 5307 914 5341 me
944 5294 1232 5342 arbitretur
1256 5293 1365 5341 ι]ωο
1413 5293 1643 5342 scribere
1669 5295 1822 5357 quasi
1853 5294 1918 5343 de
1954 5296 2033 5344 his
2065 5312 2185 5360 quin

543 5371 569 5402 ι
606 5370 749 5404 nunc
768 5356 999 5429 edidisti,
1014 5369 1112 5425 ego
1136 5354 1921 5429 dubitem:)Signiticatppstea
1943 5372 1998 5407 se
2023 5361 2190 5423 ipsius

542 5433 568 5464 ι
591 5422 884 5492 ρτςθεςηιὴω
901 5418 1102 5492 deliciis
1130 5418 1422 5492 aliquando
1443 5421 1693 5492 potitum,
1722 5418 2012 5492 uberibusq
2024 5418 2086 5471 tie
2109 5437 2187 5492 sa:

545 5494 568 5524 α
601 5481 840 5529 lubribus
871 5500 895 5526 »
933 5483 1194 5529 nutritum
1226 5482 1425 5530 fuisse:
1459 5482 1651 5530 deinde
1667 5483 1934 5532 selaicum
1958 5481 2073 5534 esse
2090 5488 2186 5537 n.9

543 5542 870 5618 subindicat,
890 5557 955 5615 ac
994 5548 1266 5618 postremo
1304 5546 1661 5618 augustinu‘m
1684 5546 2180 5618 appellat-patrem,

540 5606 961 5669 atquevicissim
990 5606 1056 5655 ab
1087 5607 1203 5669 ipso
1238 5609 1291 5655 in
1315 5606 1407 5656 lib.
1464 5608 1529 5657 de
1575 5606 2042 5661 Prtedestinatiéne
2096 5606 2183 5662 SS.

539 5678 655 5738 cap.
689 5668 733 5726 1,
779 5666 921 5715 ﬁlius
938 5666 1294 5739 nuncupatur
1324 5684 1343 5742 :_
1369 5684 1487 5742 quae
1522 5685 1652 5722 sane
1704 5674 1758 5722 in
1814 5674 2179 5725 Arelatensem

538 5742 855 5797 episcopum
879 5737 1097 5780 minime
1122 5737 1471 5788 conveniunt.

1840 200 1906 256 S.
1949 197 2343 258 AUGUSTINI
2378 198 2700 257 EPISCOPI

3848 205 3991 261 1008

2319 325 2416 391 sio,
2445 342 2500 381 eo
2530 320 2725 381 merito
2753 342 2855 398 quo
2878 325 3152 381 voluerint
3184 332 3238 382 et
3261 326 3595 383 crediderint
3623 344 3658 383 a
3689 344 3792 384 suo
3818 330 3993 386 πωνὸο

2319 430 2373 468 se
2387 431 2533 486 posse
2548 416 2760 480 sanari,
2781 422 2832 470 et
2860 416 3033 487 ipsius
3057 414 3187 486 ﬁdei
3210 423 3638 486 augmentum,et
3663 418 3994 473 totiussanio

2323 502 2453 557 tatis
2462 520 2574 559 sum
2585 509 2978 575 consequantur
2988 505 3530 574 eﬂ'ectumﬂeetemm
3548 506 3619 561 ad
3630 507 3865 562 nullum
3877 524 3997 579 opus

2319 590 2402 646 vel
2414 592 3001 663 incipiendum,nedum
3010 593 3410 665 perﬁciendum,
3425 612 3748 668 quemquam
3762 596 3888 651 sibi
3898 599 3993 667 suf-

2321 681 2479 752 ﬁcere
2496 697 2645 751 posse
2665 681 3037 737 consentiunt:
3056 698 3221 754 neque
3231 685 3375 738 enim
3400 683 3571 740 alicui
3589 685 3748 756 operi
3758 689 3994 740 curatio-

2322 770 2409 825 nis
2433 786 2615 826 eorum
2639 771 3106 827 annumerandum
3126 776 3349 843 putant,
3383 775 3656 829 exterrita
3682 783 3738 830 et
3756 777 3995 847 supplici

2320 859 2611 926 voluntate,
2670 876 3088 932 unumquemque
3118 868 3382 933 wgrotum
3412 863 3549 918 velle
3594 865 3822 919 sanari.
3856 864 3991 930 Quod

2320 948 2461 1003 enim
2486 949 2719 1014 dicitur,
2754 949 2941 1015 Crede,
2972 956 3023 1004 et
3051 950 3394 1021 salvuseris;
3424 967 3591 1006 unum
3608 953 3815 1007 horum
3828 955 3988 1026 erigi.

2318 1044 2590 1103 asserunt,
2622 1037 2785 1092 aliud
2812 1039 3004 1108 offerri
3016 1060 3039 1109 ,-
3065 1046 3125 1094 ut
3146 1049 3373 1110 propter
3404 1040 3470 1094 id
3487 1040 3624 1111 quod
3646 1041 3926 1113 exigitur,
3948 1046 3989 1097 si

2319 1127 2596 1183 redditum
2622 1128 2821 1197 fuerit,
2850 1128 2911 1181 id
2941 1129 3078 1199 quod
3102 1130 3335 1198 offertur
3381 1130 3623 1202 deinceps
3675 1132 3987 1189 tribuatur.

2326 1217 2475 1273 Unde
2501 1233 2814 1287 consequens
2840 1223 3044 1287 putant
3067 1217 3417 1274 exhibendam
3445 1219 3510 1273 ab
3539 1236 3594 1274 eo
3618 1220 3813 1291 ﬁdem,
3847 1224 3984 1293 cujus

2320 1311 2534 1362 naturae
2556 1306 2615 1360 id
2638 1306 2909 1361 voluntate
2926 1305 3237 1362 Conditoris
3248 1324 3544 1363 concessum
3568 1315 3689 1380 est;
3709 1318 3761 1365 et
3785 1311 3984 1367 nullan

2319 1397 2401 1451 ita
2428 1396 2777 1467 depravatum
2802 1395 2882 1451 vel
2897 1396 3213 1451 exstinctam
3235 1403 3455 1468 putant,
3486 1405 3673 1454 utnon
3697 1399 3898 1455 debeat
3918 1402 3985 1455 vel

2313 1486 2480 1557 possit
2494 1502 2545 1540 se
2572 1485 2700 1541 velle
2728 1487 2959 1557 sanari;
2987 1493 3208 1557 propter
3241 1486 3386 1558 quod
3423 1488 3502 1542 vel
3532 1496 3768 1544 sanetur
3822 1494 3944 1562 quis
3962 1510 3990 1547 α

2314 1592 2439 1647 sua,
2458 1576 2564 1643 vel,
2591 1576 2643 1629 si
2670 1575 3063 1644 noluerit,cum
3087 1592 3188 1631 sua
3216 1577 3550 1648 wgrstudine
3556 1580 3873 1649 puniatur.
3888 1581 3990 1636 Nec

2315 1665 2511 1736 negari
2522 1664 2776 1736 gratiam,
2808 1664 2857 1719 si
2878 1665 3173 1736 praecedere
3195 1665 3415 1721 dicatur
3432 1666 3557 1721 talis
3577 1667 3862 1739 voluntas,
3880 1689 3991 1742 qua
4092 1682 4093 1695 ‘

2314 1761 2527 1810 tantum
2558 1754 2817 1810 medicum
2842 1761 3075 1825 quaerat,
3101 1771 3208 1809 non
3229 1755 3712 1827 autemquidquam
3746 1759 3989 1831 ipsajan

2313 1844 2508 1900 valeat.
2523 1844 2665 1901 Nam
2689 1843 2790 1899 illa
2814 1844 3144 1914 testimonia,
3168 1851 3225 1900 ut
3250 1853 3324 1901 est
3348 1845 3506 1911 illud,
3535 1865 3565 1898 α
3586 1846 3740 1902 Sicut
3756 1850 3989 1905 unicui-

2315 1952 2345 1984 «
2375 1949 2472 2004 que
2494 1934 2739 2003 partitus
2773 1939 2849 1987 est
2875 1949 3183 1989 mensuram
3213 1932 3341 2004 ﬁdei
3371 1955 3400 1987 ››
3451 1934 3629 2005 (Rom.
3666 1951 3774 2003 xu,
3832 1940 3911 2007 3),
3940 1943 3986 1993 et

2310 2023 2543 2090 similia,
2575 2023 2645 2078 ad
2668 2023 2727 2077 id
2755 2024 2937 2079 volunt
2962 2024 3158 2090 valere,
3192 2031 3251 2080 ut
3279 2026 3572 2097 adjuvetur
3621 2029 3726 2099 qui
3766 2031 3986 2101 ceperit

2311 2114 2465 2180 velle,
2498 2131 2604 2169 non
2623 2121 2678 2170 ut
2694 2120 2857 2169 etiam
2880 2114 3115 2171 donetur
3134 2122 3194 2170 ut
3218 2115 3348 2171 velit
3373 2117 3617 2188 ;rejectis
3648 2118 3721 2172 ab
3748 2118 3987 2176 haedoue

2310 2203 2439 2258 aliis
2466 2205 2682 2275 pariter
2708 2205 2838 2272 reis,
2865 2211 2915 2260 et
2938 2206 3033 2276 qui
3066 2211 3273 2275 possent
3327 2206 3599 2261 similiter
3631 2206 3901 2277 liberari,
3942 2211 3986 2265 si

2311 2308 2372 2347 ea
2399 2308 2516 2364 quae
2536 2294 2753 2364 pariter
2799 2294 3041 2365 indignis
3070 2301 3371 2366 prastatur
3420 2295 3684 2352 credendi
3716 2298 3980 2365 voluntas,

2311 2383 2477 2438 etiam
2508 2383 2639 2454 ipsis
2656 2382 2920 2439 similiter
2947 2391 3334 2454 praestaretur.
3368 2386 3442 2441 Si
3453 2393 3663 2453 autem,
3692 2386 3887 2453 aiunt,
3911 2389 3984 2443 die

2309 2478 2471 2526 catur
2494 2472 2576 2526 vel
2596 2472 2763 2527 talem
2782 2471 3024 2527 omnibus
3054 2476 3394 2539 remansisse,
3416 2491 3520 2546 qua
3538 2475 3625 2530 vel
3646 2484 3981 2533 contemnere

2310 2562 2430 2632 quis
2459 2561 2653 2627 valeat,
2685 2561 3011 2627 velobedire,
3043 2562 3105 2617 de
3134 2564 3441 2634 compendio
3468 2571 3681 2636 putant
3711 2568 3977 2623 rationem

2304 2650 2462 2705 reddi
2478 2650 2761 2706 electorum
2786 2651 2872 2706 vel
2897 2652 3217 2723 rejeclorum
3236 2654 3295 2707 in
3319 2670 3374 2707 eo
3393 2654 3533 2724 quod
3554 2656 3979 2729 unicuique”-

2305 2748 2481 2796 rttum
2507 2742 2751 2813 propriae
2781 2742 3081 2797 voluntatis
3118 2742 3468 2815 adjungitur.

2379 2869 2434 2923 3.
2466 2869 2601 2925 Cum
2630 2874 2807 2924 autem
2836 2868 3045 2925 dicitur
3074 2872 3326 2941 eisquare
3347 2869 3482 2925 aliis
3510 2870 3594 2927 vel
3614 2872 3837 2930 alicubi
3844 2891 3976 2947 pr:-

2307 2956 2539 3025 dicetur,
2566 2956 2647 3012 vel
2679 2974 2781 3013 non
2802 2958 3152 3030 praedicetur,
3185 2959 3267 3014 vel
3296 2976 3438 3015 nunc
3457 2962 3825 3032 praedicetur
3853 2964 3977 3035 quod

2306 3046 2598 3118 aliquando
2625 3064 2752 3118 pene
2782 3047 3051 3112 omnibus,
3077 3048 3217 3104 sicut
3247 3065 3387 3104 nunc
3423 3050 3717 3121 aliquibus
3741 3054 3977 3124 gentibus

2308 3153 2414 3191 non
2434 3136 2795 3208 praedicatum
2816 3138 2924 3207 sit,-
2950 3137 3138 3193 dicunt
3170 3137 3226 3192 id
3240 3138 3613 3209 prsescientiae
3635 3157 3753 3196 esse
3764 3142 3974 3205 divina,

2309 3233 2370 3283 ut
2399 3234 2719 3297 eotempore,
2751 3234 2800 3282 et
2832 3227 2929 3293 ibi,
2955 3234 3005 3283 et
3028 3227 3147 3282 illis
3175 3228 3379 3283 veritas
3406 3230 3885 3299 annuntiaretur,
3912 3230 3976 3286 vel

2308 3316 2970 3388 annuntietur,quandoet
2987 3316 3080 3372 ubi
3097 3318 3537 3389 praenoscebatur
3548 3336 3670 3375 esse
3691 3322 3970 3376 credenda

2310 3406 2384 3460 Et
2412 3405 2504 3459 hoc
2529 3421 2633 3460 non
2655 3406 2825 3460 solum
2844 3406 3087 3461 aliorum
3116 3407 3499 3462 catholicorum
3529 3410 3974 3476 testimoniis,sed

2310 3495 2474 3549 etiam
2503 3494 2820 3550 Sanctitatis
2835 3501 2940 3551 tum
2961 3495 3661 3569 disputationeantiquiore
3686 3516 3746 3554 se
3758 3501 3975 3571 probare

2312 3590 2610 3652 testantur;
2643 3584 2737 3640 ubi
2759 3592 2937 3640 tamen
2964 3586 3195 3641 eamdem
3219 3587 3457 3658 gratiam
3472 3604 3578 3643 non
3616 3590 3841 3645 minore
3852 3592 3980 3645 veri-

2312 3675 2445 3729 tatis
2469 3675 2850 3745 perspicuitate
2879 3673 3124 3729 docueris
3144 3682 3235 3731 :ut
3252 3683 3325 3731 est
3340 3675 3479 3732 illud
3492 3678 3650 3749 quod
3666 3679 3829 3735 discit
3852 3682 3981 3736 Sas-

2312 3768 2474 3820 ctitas
2503 3772 2602 3820 tua
2628 3766 2687 3820 in
2716 3767 3207 3837 questionecontra
3228 3766 3621 3839 Porphyrium,
3650 3769 3719 3824 de
3752 3778 3979 3844 tempore

2312 3855 2631 3911 christiana
2644 3856 2955 3927 religionis,
2994 3880 3014 3907 ι
3035 3858 3185 3913 Tunc
3198 3857 3421 3913 voluisse
3430 3858 3752 3919 hominibus
3762 3879 3981 3935 appare-

2314 3961 2374 3999 re
2411 3944 2710 4010 Christum,
2738 3951 2785 4000 et
2815 3944 2967 4016 apud
2992 3962 3073 4001 eos
3105 3945 3413 4018 praedicari
3447 3946 3776 4005 doctrinam
3817 3969 3983 4011 suam.

2312 4034 2524 4107 quando
2533 4035 2727 4089 sciebat
2738 4041 2785 4089 et
2803 4035 2900 4090 ubi
2907 4035 3106 4091 sciebat
3122 4051 3227 4091 esse
3238 4037 3333 4108 qui
3352 4037 3409 4091 in
3421 4054 3539 4095 eum
3552 4039 3801 4110 fuerant
3815 4041 3985 4096 credi-

2313 4124 2435 4179 turi
2461 4145 2485 4175 »
2510 4124 2712 4196 (Epist.
2744 4126 2865 4190 102,
2883 4132 3070 4196 quast.
3092 4129 3143 4191 2,
3169 4141 3225 4180 n.
3255 4128 3346 4198 14)
3369 4143 3383 4181 :
3403 4126 3486 4183 vel
3508 4127 3654 4183 illud
3678 4126 3751 4184 de
3769 4130 3912 4185 libro
3932 4131 3984 4184 ίιι

2312 4214 2610 4285 Epistolam
2639 4213 2710 4268 ad
2741 4216 3024 4281 Romanos,
3053 4234 3082 4266 ε(
3104 4214 3259 4271 Dicis
3274 4216 3453 4289 itaque
3472 4217 3635 4285 mihi,
3659 4220 3983 4291 quidadhuc

2310 4303 2660 4375 conqueritur
2677 4301 2705 4357 7
2719 4320 2846 4358 nam
2858 4303 3125 4359 voluntati
3138 4306 3254 4376 ejus
3272 4306 3393 4377 quis
3414 4306 3626 4362 resistit
3640 4327 3670 4359 ιο
3698 4310 3898 4380 (Rom.
3913 4326 3985 4379 ix,

2311 4392 2402 4463 19)
2422 4392 2452 4446 ‘l
2474 4411 2501 4444 α
2530 4391 2632 4447 Cui
2647 4408 2772 4448 sane
2789 4392 3157 4464 inquisitioni,
3179 4393 3379 4466 inquis,
3392 4396 3471 4451 sic
3484 4398 3813 4467 respondet,
3842 4402 3987 4455 utin-

2310 4481 2550 4553 telligam
2560 4498 2617 4538 us
2628 4483 2793 4554 spirit
2800 4482 3013 4539 ualibus
3025 4484 3182 4547 viris,
3197 4486 3363 4540 etiam
3376 4502 3481 4540 non
3498 4488 3812 4545 secundum
3825 4498 3986 4547 terre-

2309 4587 2435 4627 num
2458 4572 2719 4627 hominem
2735 4572 3051 4637 viventibus,
3074 4580 3261 4645 patere
3272 4591 3421 4646 posse
3435 4576 3625 4647 prima
3638 4580 3985 4651 ’πενίαιρἐ

2309 4668 2360 4717 et
2386 4662 2706 4733 impietatis,
2733 4662 2984 4733 quomodo
3020 4663 3159 4719 Deus
3173 4666 3522 4736 przscientia
3548 4666 3726 4738 eligat
3750 4671 3983 4725 credits.

2308 4768 2413 4820 ros,
2440 4758 2491 4807 et
2510 4752 2724 4807 damnet
2743 4752 3054 4808 incredulos
3072 4768 3093 4809 .'
3125 4771 3217 4809 nec
3244 4754 3364 4809 illos
3384 4771 3449 4809 ea:
3466 4755 3727 4826 operibus
3769 4758 3980 4831 eligens.

2306 4858 2398 4896 nec
2422 4841 2549 4896 istos
2565 4859 2630 4897 ea:
2651 4841 2901 4914 operibus
2925 4843 3188 4899 damnans
3208 4860 3227 4910 ;
3250 4844 3342 4900 sed
3373 4849 3424 4899 et
3446 4843 3674 4899 illorum
3691 4847 3980 4921 Μαρτι-

2304 4939 2471 4997 stans,
2487 4940 2545 4987 ut
2560 4932 2680 4987 bene
2698 4940 3064 5004 operentur,et
3096 4934 3320 4990 istorum
3337 4934 3675 5006 impietatem
3688 4938 3979 4993 deserendo

2304 5021 2591 5087 obdurans,
2618 5028 2675 5077 ut
2692 5021 2829 5077 male
2852 5030 3181 5095 operentur:
3202 5042 3233 5077 ›
3251 5030 3301 5078 et
3322 5024 3523 5080 iterum
3546 5027 3607 5079 in
3629 5026 3822 5082 eodem
3847 5029 3980 5083 libro

2301 5112 2570 5181 superius,
2596 5132 2623 5163 «
2654 5111 2912 5183 quuales
2935 5130 3110 5168 omnes
3136 5122 3261 5169 sunt
3290 5120 3416 5169 ante
3446 5115 3729 5185 meritum,
3767 5135 3867 5172 nec
3894 5136 3977 5190 per

2302 5206 2399 5254 test
2428 5203 2484 5255 in
2504 5200 2664 5255 rebus
2682 5201 2827 5256 omni
2842 5202 2991 5256 modo
3009 5201 3308 5274 wqualibns
3328 5202 3510 5258 electio
3538 5205 3856 5260 nominari.
3878 5208 3973 5263 Sui

2300 5289 2554 5360 quoniam
2588 5290 2834 5361 Spiritus
2863 5298 3078 5347 sanctus
3110 5309 3214 5347 non
3252 5293 3420 5348 datur
3450 5293 3558 5347 nisi
3581 5292 3979 5361 credentibus;

2301 5394 2402 5433 non
2426 5380 2639 5451 quidem
2664 5380 2807 5435 Deus
2829 5381 2983 5453 eligit
2998 5398 3165 5452 opera
3178 5399 3295 5454 quae
3319 5382 3429 5454 ipse
3450 5382 3721 5454 largitur,
3745 5402 3871 5440 cum
3886 5387 3978 5441 dat

2298 5466 2569 5539 Spiritum
2596 5476 2861 5537 sanctum,
2894 5477 2953 5525 ut
2976 5487 3077 5542 per
3104 5470 3425 5526 charitatem
3463 5471 3597 5527 bona
3627 5488 3929 5544 operemur
3954 5492 3973 5532 :

2295 5556 2385 5612 sed
2413 5564 2588 5614 tamen
2612 5558 2762 5631 eligit
2783 5559 2961 5631 ﬁdem,
2994 5560 3127 5632 quia
3155 5560 3266 5615 nisi
3291 5561 3411 5633 quis
3433 5561 3645 5628 credat,
3666 5569 3718 5617 et
3750 5564 3811 5618 in
3835 5570 3975 5621 ami-

2291 5645 2484 5718 piendi
2506 5649 2777 5704 voluntate
2804 5656 3134 5720 permaneat,
3159 5667 3262 5706 non
3289 5650 3489 5721 accipit
3512 5650 3719 5707 donum
3762 5654 3890 5720 Dei,
3920 5655 3973 5709 id

2292 5742 2367 5794 est
2378 5735 2649 5811 Spiritum
2659 5746 2922 5813 sanctum,
2944 5755 3044 5814 per
3067 5757 3218 5816 quem
3242 5741 3431 5814 infusa
3451 5740 3725 5800 oharilate
3767 5741 3969 5803 bona
