4138 6172
142 166 300 231 1009

111 297 293 368 possit
320 294 559 368 operari.
582 295 697 350 Non
726 308 849 367 ergo
868 294 1019 368 eligit
1031 312 1197 368 opera
1220 296 1532 370 cujusquam
1561 295 1620 352 in
1634 312 1782 368 prae-

109 387 372 449 scientia,
404 402 522 458 quae
550 384 666 453 ipse
694 384 995 441 donaturus
1021 393 1095 441 est
1139 403 1156 441 :
1188 387 1277 441 sed
1326 387 1484 458 ﬁdem
1533 386 1689 457 eligit
1724 386 1782 441 in

107 475 490 547 przscientia.
524 481 583 529 ut
607 491 757 546 quem
782 475 1125 531 crediturum
1153 492 1260 531 esse
1281 476 1580 543 prwscivit,
1606 478 1780 547 ipsum

113 564 344 636 elegerit
370 566 465 620 cui
487 563 755 635 Spiritum
778 571 1021 619 sanctum
1049 565 1228 631 daret,
1264 573 1321 621 ut
1352 566 1487 620 bona
1512 564 1781 637 operando

111 654 286 710 etiam
300 661 561 709 aeternam
582 653 749 708 vitam
773 661 1197 725 consequeretur.
1212 654 1366 710 Dicit
1386 656 1528 710 enim
1554 656 1781 726 Aposto-

113 743 205 799 lus
228 763 249 802 :
280 766 309 793 ιι
338 742 484 798 Idem
517 744 657 797 Deus
686 742 787 813 qui
810 750 1069 813 operatur
1097 744 1277 799 omnia
1308 744 1367 799 in
1392 743 1636 799 omnibus
1679 764 1703 795 ι
1734 743 1779 814 (Ι

115 832 251 890 Cor.
276 848 374 902 xu,
392 832 467 904 6).
489 831 769 903 Nusquam
789 835 965 912 aptem
980 833 1184 888 dictum
1208 840 1302 899 est,
1330 833 1471 889 Deus
1481 832 1655 889 credit
1669 849 1775 888 om-

112 923 222 978 nia
250 924 311 978 in
335 920 581 978 omnibus
600 938 618 975 :
679 920 818 993 quod
842 920 981 976 enim
1037 922 1326 988 credimus,
1358 929 1603 978 nostrum
1649 928 1726 977 est
1755 937 1780 987 ,'

111 1011 261 1086 quod
282 1018 461 1067 autem
503 1026 810 1081 operamur,
842 1009 995 1066 illius
1017 1032 1046 1060 »
1076 1010 1163 1080 (In
1186 1011 1389 1082 Expos.
1420 1011 1777 1083 quarumdam

105 1101 548 1174 propositionum
574 1116 641 1154 ex
668 1099 849 1171 Epist.
880 1099 951 1154 ad
974 1100 1125 1157 Rom.
1154 1117 1345 1172 propp.
1387 1105 1447 1156 12
1478 1107 1527 1155 et
1557 1100 1648 1172 60)
1678 1119 1698 1156 :
1726 1106 1777 1156 et

112 1198 323 1247 extera
350 1191 409 1245 in
436 1188 612 1245 eodem
653 1205 853 1260 opere;
885 1206 1003 1260 quae
1031 1205 1084 1244 se
1124 1193 1400 1260 acceptare
1447 1192 1499 1243 ct
1550 1189 1777 1260 probare

114 1283 411 1345 testantur,
444 1286 696 1350 tanquam
722 1278 1094 1333 convenientia
1118 1278 1431 1350 evangelicae
1463 1278 1701 1333 veritati.

189 1389 242 1442 4.
277 1386 541 1442 Caeterum
568 1384 992 1456 praescientiam,
1032 1392 1080 1439 et
1112 1384 1671 1455 prxdestinationem,
1698 1382 1778 1437 vel

110 1477 473 1549 propositum,
504 1474 573 1529 ad
600 1474 657 1529 id
681 1474 857 1529 valere
886 1473 1225 1539 contendunt,
1259 1480 1320 1528 ut
1348 1490 1431 1529 eos
1448 1474 1772 1544 prxscierit,

113 1565 201 1624 vel
220 1564 715 1637 praedestinaverit,
748 1562 828 1617 vel
850 1563 1195 1634 proposuerit
1220 1562 1416 1634 eligere
1431 1562 1527 1633 qui
1550 1553 1782 1633 fueran‘

110 1654 431 1715 credituri:
454 1669 548 1708 nec
577 1652 639 1707 de
663 1651 759 1706 hac
786 1651 891 1722 ﬁde
914 1668 1058 1722 posse
1086 1651 1214 1714 dici,
1239 1669 1267 1702 «
1285 1651 1426 1717 Quid
1458 1650 1613 1705 habes
1638 1650 1776 1722 quod

110 1760 226 1800 non
254 1743 509 1813 accepisti
538 1763 565 1791 »
593 1741 636 1813 (Ι
670 1742 800 1795 Cor.
828 1756 906 1807 ιν,
939 1740 997 1811 7)
1046 1741 1074 1797 ‘I
1100 1756 1221 1795 cum
1272 1743 1328 1795 in
1360 1739 1539 1795 eadem
1570 1747 1773 1795 natura

111 1833 457 1896 remanserit,
489 1832 609 1886 licet
636 1831 851 1897 vitiata,
883 1846 1001 1900 quae
1030 1830 1188 1901 prius
1238 1846 1371 1885 sana
1434 1845 1495 1884 ac
1535 1830 1775 1900 perfecta

112 1921 421 1977 donatasit.
438 1919 588 1987 Quod
611 1925 788 1974 autem
813 1918 946 1973 dicit
959 1917 1356 1985 Sanctitastua,
1382 1920 1640 1973 neminem
1650 1934 1774 1987 per-

110 2027 380 2076 severare,
409 2010 519 2065 nisi
541 2008 926 2080 perseverandi
951 2008 1154 2063 virtute
1190 2015 1438 2079 percepta
1459 2024 1483 2073 ,'
1522 2007 1775 2062 hactenus

110 2100 412 2172 accipiunt,
442 2105 501 2153 ut
517 2097 705 2169 quibus
716 2097 903 2163 datur,
920 2097 1088 2152 inerti
1099 2096 1244 2161 licet,
1256 2096 1587 2168 prxcedenti
1598 2103 1773 2151 tamen

108 2187 593 2262 proprioarbitrio
618 2186 899 2243 tribuatur
922 2184 1089 2257 :quod
1108 2185 1179 2239 ad
1190 2185 1281 2240 hoc
1308 2191 1518 2241 tantum
1547 2184 1770 2240 liberum

112 2283 390 2343 asserunt,
422 2282 482 2333 ut
511 2276 641 2332 velit
663 2275 742 2331 vel
766 2275 900 2331 nolit
922 2274 1215 2330 admittere
1238 2273 1571 2329 medicinam.
1607 2274 1773 2329 ϐατια-

116 2386 243 2425 rum
271 2376 319 2423 et
350 2366 457 2438 ipsi
484 2365 790 2421 abominari
804 2382 855 2419 se
889 2370 937 2419 et
967 2365 1227 2419 damnare
1252 2370 1550 2427 testantur,
1579 2364 1627 2418 si
1654 2364 1773 2435 quis

115 2458 404 2530 quidquam
424 2456 623 2511 virium
638 2456 696 2510 in
715 2454 897 2527 aliquo
909 2453 1243 2520 remansisse,
1265 2470 1367 2525 quo
1395 2452 1466 2507 ad
1485 2456 1768 2508 sanitatem

110 2545 373 2619 progredi
397 2544 583 2616 possit,
615 2544 900 2599 existimet.
930 2542 1140 2599 Nolunt
1164 2548 1343 2597 autem
1372 2542 1453 2597 ita
1482 2542 1618 2597 hanc
1638 2558 1771 2613 per-

115 2634 475 2691 severantiam
501 2633 819 2706 praedicari,
850 2640 910 2688 ut
936 2650 1043 2688 non
1066 2632 1148 2687 vel
1176 2631 1497 2703 suppliciter
1521 2631 1771 2697 emereri,

116 2725 200 2780 vel
229 2724 409 2779 amitti
436 2723 829 2779 contumaciter
851 2724 1035 2794 possit.
1056 2721 1168 2779 Nec
1191 2721 1263 2776 ad
1292 2722 1559 2777 incertum
1583 2720 1773 2775 volun-

120 2813 256 2869 tatis
281 2814 387 2869 Dei
403 2812 591 2868 deduci
611 2829 664 2867 se
694 2813 897 2877 volunt,
930 2811 1023 2866 ubi
1062 2813 1137 2866 eis
1160 2814 1419 2883 quantum
1467 2815 1666 2881 putant
1704 2807 1776 2863 ad

117 2902 463 2958 obtinendum
490 2901 572 2957 vel
600 2900 1015 2966 admittendum,
1048 2900 1258 2955 evidens
1289 2906 1362 2955 est
1401 2898 1775 2970 qualecumque

119 2992 345 3048 initium
374 2990 687 3046 voluntatis.
730 2989 757 3044 1
766 2988 885 3045 llud
912 2989 1074 3044 etiam
1127 2987 1484 3043 testimonium
1513 2986 1651 3057 quod
1677 3002 1775 3057 po-

117 3080 305 3144 suisti,
336 3098 365 3131 ‹‹
387 3080 595 3151 Raptus
618 3085 693 3134 est
714 3095 780 3133 ne
802 3077 1017 3133 malitia
1034 3076 1614 3133 mutaretintellectum
1629 3075 1774 3145 ejus»

123 3169 274 3242 (Sap.
310 3185 383 3235 ιν,
414 3170 497 3241 11)
520 3185 537 3235 ;
571 3175 827 3239 tanquam
856 3183 962 3222 non
990 3165 1310 3221 canonicum
1330 3165 1594 3235 deﬁniunt
1623 3164 1779 3219 omit-

121 3258 363 3315 tendum.
400 3258 546 3315 Unde
591 3257 752 3313 illam
798 3255 1197 3329 prxscientiam
1251 3256 1327 3310 sic
1380 3254 1672 3326 accipiunt,
1720 3260 1779 3308 ut

120 3353 347 3421 propter
374 3348 530 3419 ﬁdem
574 3347 825 3418 futurum
857 3344 1192 3416 intelligendi
1242 3344 1355 3400 sint
1377 3345 1655 3415 prxsciti:
1686 3360 1779 3398 nec

117 3437 371 3509 cuiquam
391 3438 551 3491 talem
575 3436 704 3491 dari
722 3434 1202 3507 perseverantiam,
1234 3450 1269 3489 a
1288 3450 1393 3505 qua
1417 3450 1525 3488 non
1550 3434 1774 3505 permit-

121 3532 278 3582 tatur
300 3526 686 3598 praevaricari;
699 3523 831 3580 seda
846 3541 952 3596 qua
966 3526 1134 3596 possit
1147 3540 1247 3579 sua
1268 3522 1542 3579 voluntate
1558 3522 1780 3594 deﬁcere

122 3621 174 3672 et
211 3616 510 3687 inﬁrmari.

191 3715 251 3772 5.
292 3715 558 3770 Asserunt
588 3711 841 3767 inutilem
892 3710 1218 3767 exhortandi
1246 3709 1697 3774 consuetudinem,
1729 3709 1780 3764 si

121 3802 274 3859 nihil
288 3803 343 3857 in
359 3802 568 3858 homine
593 3802 914 3857 remansisse
924 3800 1305 3872 dicatur,qu
1324 3800 1593 3870 correptio
1604 3799 1777 3855 valeat

119 3892 391 3949 excitare:
423 3890 561 3964 quod
584 3891 795 3963 quidem
824 3894 997 3946 inesse
1020 3897 1239 3946 naturae
1266 3889 1342 3943 sic
1371 3905 1423 3942 se
1452 3888 1631 3943 dicere
1656 3904 1776 3943 con-

117 3984 371 4053 ﬁtentur,
395 3987 455 4036 ut
480 3980 573 4037 hoc
602 3981 712 4052 ipso
730 3980 867 4053 quod
890 3980 1172 4052 ignoranti
1191 3978 1391 4033 veritas
1415 3977 1775 4049 pradicatur,

116 4072 188 4127 ad
218 4070 524 4141 beneﬁcium
549 4070 836 4141 praesentis
890 4069 1086 4141 gratiae
1126 4067 1469 4138 referendum
1506 4068 1600 4122 sit.
1633 4066 1778 4123 Nam

116 4163 167 4217 si
193 4159 657 4232 sicpraedestinati
680 4166 825 4222 sunt,
856 4158 1134 4229 inquiunt,
1157 4157 1226 4211 ad
1250 4164 1531 4227 utramque
1542 4162 1774 4227 partem,

118 4257 185 4305 ut
212 4250 287 4305 de
304 4249 433 4305 aliis
456 4248 527 4303 ad
548 4248 683 4303 alios
713 4247 895 4303 nullus
918 4247 1083 4318 possit
1109 4245 1391 4311 accedere;
1415 4262 1516 4317 quo
1540 4247 1778 4316 pertinet

118 4346 276 4396 tanta
303 4339 636 4394 extrinsecus
655 4336 1013 4408 correptionis
1036 4337 1302 4391 instantia
1319 4335 1347 4389 Υ
1377 4335 1449 4390 Si
1458 4334 1523 4389 ab
1543 4335 1777 4400 homine,

118 4430 218 4484 etsi
242 4445 347 4483 non
375 4428 503 4497 ﬁdes
524 4428 759 4498 integra,
777 4426 970 4481 saltem
990 4424 1070 4479 vel
1097 4424 1251 4479 dolor
1274 4432 1599 4495 compunctx
1622 4424 1778 4495 inﬁr-

114 4516 329 4574 mitatis
346 4517 720 4585 exoritur,aut
729 4514 1039 4586 periculum
1048 4514 1428 4570 demonstratae
1451 4514 1644 4567 mortis
1657 4512 1781 4568 hor-

118 4611 297 4661 retur.
322 4604 465 4660 Nam
488 4622 537 4661 si
567 4620 673 4659 non
695 4608 859 4675 potest
886 4605 1073 4659 timere
1097 4604 1218 4675 quis
1238 4602 1377 4657 unde
1399 4601 1779 4664 terretur,nisi

122 4713 185 4751 ea
213 4694 486 4750 voluntate
515 4711 633 4766 quae
661 4694 943 4763 sumitur,-
973 4709 1081 4748 non
1109 4708 1176 4746 ex
1220 4708 1276 4746 eo
1304 4689 1600 4761 culpandus
1642 4688 1780 4759 quod

120 4801 266 4842 nunc
284 4802 391 4839 non
420 4784 533 4839 vult
564 4799 584 4837 :
613 4784 702 4839 sed
726 4784 785 4837 in
807 4800 865 4838 eo
892 4791 939 4837 et
980 4798 1100 4837 cum
1148 4796 1205 4835 eo
1256 4781 1351 4851 qui
1378 4779 1457 4832 sic
1480 4776 1780 4851 aliquando

120 4874 318 4943 noluit,
349 4879 410 4929 ut
434 4890 548 4928 eam
601 4872 1003 4927 damnationem
1058 4886 1178 4924 cum
1216 4869 1330 4923 suis
1352 4867 1586 4938 posteris
1614 4882 1780 4920 mereo

118 4968 279 5019 retur
303 4964 608 5027 incurrere,
629 4967 975 5030 utnunquam
992 4964 1163 5023 recta,
1184 4973 1390 5027 semper
1409 4962 1588 5011 autem
1610 4971 1781 5025 prava

119 5053 275 5109 vellet
299 5058 572 5123 appetere.
600 5049 658 5105 Si
685 5055 863 5104 autem
879 5052 953 5102 est
985 5047 1380 5118 qualiscumque
1405 5044 1562 5101 dolor
1588 5044 1683 5117 qui
1708 5043 1782 5099 ad

117 5141 549 5198 exhortationem
572 5138 922 5208 corripientis
945 5137 1165 5191 oriatur
1190 5152 1207 5189 :
1242 5134 1378 5189 hanc
1405 5135 1576 5206 ipsam
1592 5134 1781 5189 dicunt

117 5247 359 5296 causam,
385 5235 607 5301 propter
638 5243 796 5299 quam
837 5225 920 5280 vel
972 5224 1262 5295 rejiciatur
1308 5224 1472 5287 alius,
1530 5224 1610 5278 vel
1639 5224 1783 5279 alius

118 5325 432 5375 assumatur
453 5337 472 5373 :
501 5324 656 5387 atque
684 5316 766 5369 ita
817 5330 923 5368 non
954 5329 1086 5383 opus
1125 5329 1231 5367 esse
1276 5320 1457 5382 partes
1503 5311 1781 5377 constitui,

120 5406 311 5481 quibus
333 5423 423 5461 nec
448 5403 815 5477 adjiciendum
836 5404 906 5457 sit
932 5402 1161 5474 aliquid,
1187 5416 1279 5456 nec
1303 5400 1713 5456 detrahendum.

191 5508 245 5560 6.
285 5503 485 5560 Deinde
511 5503 724 5558 moleste
747 5502 943 5574 ferunt
974 5504 1053 5555 ita
1082 5498 1260 5554 dividi
1286 5498 1541 5569 gratiam,
1566 5514 1683 5569 quae
1709 5496 1787 5551 vel

127 5603 255 5651 tunc
293 5594 473 5666 primo
504 5592 711 5648 homini
739 5592 867 5647 data
923 5596 1019 5656 est,
1051 5588 1131 5644 vel
1161 5605 1303 5644 nunc
1331 5586 1571 5643 omnibus
1597 5586 1786 5655 datur,

138 5704 165 5737 ι
199 5683 269 5747 Ut
286 5682 377 5739 ille
400 5683 667 5757 acceperit
685 5680 1161 5755 perseverantiam,
1188 5694 1294 5740 non
1318 5693 1422 5753 qua
1436 5676 1589 5753 ﬁeret
1604 5682 1792 5749 utpcr-

1400 167 1913 228 EPISTOLARUM
1952 171 2257 231 CLASSIS.
2274 175 2368 232 III.

3424 177 3557 235 1010

1891 309 2180 370 severaret,
2192 302 2283 358 sed
2297 303 2413 359 sine
2424 319 2531 375 qua
2536 320 2634 375 per
2648 303 2876 361 liberum
2892 302 3194 360 arbitrium
3209 319 3552 376 perseverare

1888 404 1995 443 non
2018 399 2185 458 posset
2213 411 2236 447 .·
2263 410 2406 449 nunc
2431 410 2553 448 vero
2602 396 2805 449 sanctis
2836 396 2895 449 in
2939 410 3163 465 regnum
3188 411 3287 465 per
3308 395 3550 464 gratiam

1884 478 2288 548 praedestinatis
2310 500 2413 537 non
2441 483 2543 537 tale
2562 484 2904 554 adjutorium
2923 483 3339 555 perseverantiw
3365 483 3543 549 detur,

1886 566 1975 621 sed
2017 570 2128 624 tale
2157 578 2215 626 ut
2245 572 2323 625 eis
2344 573 2757 642 perseverantia
2785 574 2901 644 ipsa
2931 573 3161 627 donetur
3190 594 3214 642 ;
3242 589 3348 627 non
3378 573 3547 628 solum

1885 666 1945 711 ut
1971 657 2086 712 sine
2107 658 2208 714 isto
2232 660 2366 715 dono
2384 670 2783 731 perseverantes
2814 679 2922 717 esse
2948 679 3052 717 non
3078 662 3306 733 possint,
3362 678 3545 716 verum

1885 746 2046 801 etiam
2062 754 2123 802 ut
2132 765 2230 819 per
2251 749 2342 804 hoc
2361 750 2555 805 donum
2574 752 2793 806 nonnisi
2808 758 3205 822 perseverantes
3216 752 3329 804 sint
3349 771 3371 798 ι
3398 750 3540 821 (Lib.

1884 834 1945 889 de
1976 836 2223 908 Corrept.
2255 843 2305 893 et
2332 839 2547 904 Gratia,
2575 856 2734 911 capp.
2773 842 2856 904 11,
2914 840 3019 911 12).
3063 840 3163 894 His
3192 840 3367 893 verbis
3394 839 3539 894 San—

1883 925 2089 980 ctitatis
2110 932 2216 981 tute
2243 927 2324 982 ita
2352 934 2652 994 moventur,
2686 934 2747 984 ut
2776 929 2961 984 dicant
2989 929 3275 1000 quamdam
3294 928 3541 997 despera-

1883 1013 2078 1069 tionem
2109 1014 2414 1071 hominibus
2438 1017 2702 1072 exhiberi.
2736 1017 2799 1073 Si
2820 1018 2981 1080 enim,
3015 1018 3197 1082 aiunt,
3234 1018 3313 1071 ita
3360 1015 3537 1071 Adam

1880 1103 2100 1173 adjutus
2137 1111 2232 1171 est,
2260 1112 2320 1161 ut
2366 1112 2417 1161 et
2444 1112 2590 1161 stare
2610 1113 2780 1177 posset
2810 1107 2867 1162 in
2904 1106 3135 1177 justitia
3164 1113 3211 1161 et
3257 1123 3291 1160 a
3312 1104 3541 1176 justitia

1880 1191 2173 1258 declinare,
2196 1200 2246 1248 et
2276 1211 2417 1249 nunc
2442 1195 2521 1249 ita
2538 1197 2716 1251 sancti
2733 1203 3029 1266 juvantur,
3050 1204 3109 1251 ut
3131 1194 3405 1250 declinare
3428 1211 3533 1248 non

1879 1281 2102 1351 possint,
2129 1282 2391 1354 siquidem
2418 1300 2532 1339 eam
2592 1292 2907 1355 acceperunt
2954 1284 3164 1340 valendi
3192 1300 3537 1355 perseveran-

1881 1372 2036 1437 tiam,
2068 1377 2128 1426 ut
2151 1371 2309 1427 aliud
2338 1373 2466 1427 velle
2498 1390 2603 1428 non
2626 1376 2830 1443 possint
2863 1391 2880 1440 ;
2917 1374 2996 1429 vel
3042 1374 3120 1429 sic
3147 1373 3365 1444 quidam
3390 1372 3534 1426 dese-

1879 1465 2105 1528 runtur,
2146 1466 2206 1515 ut
2254 1469 2351 1517 aut
2380 1479 2467 1516 nec
2520 1463 2791 1526 accedant,
2843 1470 2959 1527 aut,
3010 1463 3061 1516 si
3116 1462 3451 1529 accesserint,
3484 1466 3534 1515 et

1877 1549 2125 1604 recedant
2139 1564 2163 1605 .'
2185 1550 2255 1604 ad
2271 1550 2430 1605 illam
2452 1550 2772 1607 voluntatem
2792 1551 3114 1622 pertinuisse
3130 1551 3317 1606 dicunt
3344 1550 3535 1605 exhor-

1881 1638 2105 1693 tationis
2120 1639 2198 1692 vel
2212 1640 2974 1704 comminationisutilitatem,
3003 1656 3119 1710 qum
3146 1646 3195 1693 et
3214 1638 3535 1709 persistendi

1877 1734 1926 1782 et
1951 1726 2243 1781 desistendi
2266 1727 2531 1783 obtinebat
2556 1728 2781 1784 liberam
2804 1734 3152 1800 potestatem;
3175 1744 3281 1781 non
3301 1727 3371 1781 ad
3399 1728 3535 1782 hanc

1878 1815 1969 1871 cui
1980 1815 2123 1872 nolle
2126 1816 2408 1887 justitiam
2430 1816 2736 1873 inevitabili
2753 1818 3066 1874 necessitate
3084 1818 3424 1887 conjunctum
3437 1823 3532 1884 est,

1875 1912 2081 1976 prater
2108 1905 2228 1960 illos
2254 1906 2351 1977 qui
2378 1907 2453 1961 sic
2482 1908 2757 1962 concreati
2776 1914 2900 1962 sunt
2922 1907 3007 1961 his
3028 1909 3123 1977 qui
3141 1923 3258 1961 cum
3280 1906 3536 1960 universa

1877 2011 2051 2050 massa
2076 1994 2323 2050 damnati
2346 2003 2491 2063 sunt,
2524 2003 2583 2051 ut
2609 1997 2994 2067 exciperentur
3017 2013 3113 2067 per
3135 1994 3377 2066 gratiam
3406 1993 3537 2048 libe-

1877 2084 2061 2139 randi.
2101 2083 2249 2139 Unde
2266 2085 2328 2138 in
2345 2084 2438 2139 hoc
2464 2084 2573 2139 solo
2594 2086 2779 2141 volunt
2804 2102 2838 2139 a
2859 2084 3044 2155 primo
3076 2084 3282 2138 homine
3295 2083 3535 2137 omnium

1878 2172 2084 2227 distare
2111 2179 2390 2239 naturam,
2424 2180 2483 2228 ut
2526 2174 2683 2229 illum
2736 2173 2967 2245 integris
2998 2172 3209 2227 viribus
3240 2170 3538 2228 voluntatis

1869 2262 2094 2334 juvaret
2122 2263 2307 2334 gratia
2328 2264 2604 2327 volentem,
2635 2264 2748 2317 sine
2776 2279 2881 2334 qua
2905 2276 3247 2333 perseverare
3272 2277 3377 2316 non
3391 2266 3533 2331 pote-

1878 2358 1971 2407 rat
2001 2369 2019 2406 :
2051 2352 2140 2406 hos
2168 2359 2347 2407 autem
2398 2352 2611 2407 amissis
2640 2358 2687 2406 et
2720 2352 2956 2422 perditis
3007 2349 3218 2406 viribus
3268 2350 3538 2405 credentes

1879 2447 2114 2505 tantum,
2144 2457 2251 2495 non
2274 2440 2445 2495 solum
2473 2441 2647 2512 erigat
2672 2446 2996 2511 prostratos,
3030 2456 3214 2495 verum
3243 2440 3408 2494 etiam
3432 2438 3540 2509 suf-

1883 2530 2078 2601 fulciat
2107 2529 2462 2585 ambulantes.
2520 2530 2787 2584 Cxterum
2834 2528 3227 2600 quidquidtibet
3282 2527 3541 2583 donatum

1882 2620 1953 2673 sit
1972 2618 2401 2691 praedestinatis,
2434 2618 2492 2672 id
2504 2634 2651 2689 posse
2680 2625 2731 2673 et
2762 2618 2952 2673 amitti
2975 2621 3025 2672 et
3049 2616 3287 2672 retineri
3314 2616 3545 2687 propria

1886 2708 2162 2764 voluntate
2182 2707 2508 2763 contendunt
2539 2724 2555 2762 :
2577 2706 2714 2778 quod
2740 2712 2864 2762 tunc
2888 2705 3090 2777 falsum
3114 2712 3267 2770 esset,
3295 2704 3341 2759 si
3366 2721 3552 2759 verum

1883 2803 2140 2868 putarent
2171 2814 2288 2851 eam
2317 2796 2577 2868 quosdam
2631 2796 3093 2866 perseverantiam
3143 2794 3459 2867 percepisse,
3490 2800 3551 2849 ut

1886 2886 1997 2941 nisi
2025 2891 2419 2956 perseverantes
2447 2901 2552 2939 esse
2576 2901 2682 2939 non
2709 2884 2936 2955 possint.

1956 2980 2013 3031 7.
2042 2974 2176 3028 Inde
2204 2981 2279 3030 est
2307 2973 2444 3044 quod
2491 2976 2541 3027 et
2569 2972 2710 3027 illud
2755 2973 2967 3039 pariter
3014 2988 3119 3027 non
3151 2972 3454 3043 accipiunt,
3488 2976 3549 3027 ut

1886 3063 2249 3133 eligendorum
2274 3061 2800 3133 rejiciendorumque
2833 3078 2935 3116 esse
2958 3060 3243 3132 deﬁnitum
3268 3076 3551 3116 numerum

1887 3152 2101 3208 nolint:
2123 3158 2285 3223 atque
2299 3152 2451 3207 illius
2462 3152 2743 3207 sententia
2769 3151 3168 3223 expositionem,
3182 3166 3287 3204 non
3307 3166 3419 3204 eam
3432 3166 3549 3220 quae

1888 3256 1921 3294 a
1950 3246 1999 3295 te
2027 3247 2100 3295 est
2130 3239 2466 3311 deprompta,
2491 3240 2818 3311 suscipiant,
2845 3239 2903 3294 id
2929 3246 3023 3303 est,
3055 3238 3345 3293 utnonnisi
3373 3254 3553 3293 omnes

1888 3329 2123 3385 homines
2141 3330 2313 3385 salvos
2337 3329 2461 3401 ﬁeri
2482 3329 2611 3385 velit
2636 3347 2652 3399 ;
2678 3336 2727 3384 et
2751 3346 2852 3384 non
2874 3344 2954 3383 eos
2975 3333 3186 3383 tantum
3213 3326 3311 3398 qui
3329 3326 3399 3381 ad
3417 3343 3548 3380 san-

1887 3421 2098 3474 olorum
2130 3435 2413 3474 numerum
2458 3417 2827 3490 pertinebunt,
2880 3417 2969 3472 sed
2998 3431 3175 3472 omnes
3223 3416 3460 3482 omnino,
3488 3420 3550 3469 ut

1890 3508 2077 3563 nullus
2099 3507 2363 3564 habeatur
2392 3513 2658 3579 exceptus.
2687 3507 2800 3564 Nec
2827 3506 2918 3561 hoc
2937 3505 3248 3571 timendum,
3276 3504 3413 3577 quod
3432 3504 3553 3575 qui-

1888 3597 2013 3652 dam
2041 3598 2284 3652 eoinvito
2304 3597 2495 3665 perire
2511 3596 2774 3652 dicantur
2794 3596 2916 3650 :sed
2939 3595 3211 3667 quomodo,
3240 3594 3424 3657 aiunt,
3446 3609 3551 3647 non

1889 3686 2008 3744 vult
2038 3704 2073 3741 a
2099 3703 2359 3757 quoquam
2383 3687 2603 3757 peccari
2627 3687 2713 3741 vel
2744 3685 2921 3740 deseri
2955 3685 3262 3756 justitiam,
3294 3690 3343 3739 et
3375 3688 3551 3738 tamen

1878 3775 2097 3847 jugiter
2107 3775 2212 3831 illa
2226 3775 2498 3831 deseritur
2510 3782 2701 3830 contra
2725 3776 2841 3845 ejus
2853 3774 3552 3843 voluntatem,committun-

1890 3871 2080 3936 turque
2110 3871 2365 3935 peccata;
2418 3864 2498 3919 ita
2528 3881 2646 3919 eum
2675 3862 2886 3919 salvari
2915 3864 3044 3918 velle
3076 3880 3255 3918 omnes
3288 3862 3546 3917 homines.

1890 3970 1980 4010 nec
2007 3961 2189 4009 tamen
2226 3969 2401 4008 omnes
2450 3953 2688 4007 homines
2714 3952 2942 4007 salvari.
3009 3952 3338 4007 Testimonia
3383 3952 3549 4007 etiam

1887 4043 2193 4114 Scripturae
2223 4041 2413 4113 quasde
2441 4042 2597 4096 Saule
2626 4040 2707 4095 vel
2730 4041 2792 4096 de
2820 4040 2998 4096 David
3020 4041 3258 4112 posuisti
3271 4040 3376 4109 (Id.
3392 4058 3544 4112 capp.

1892 4138 1976 4197 13,
2014 4134 2118 4204 14),
2142 4149 2245 4187 ηοη
2260 4133 2532 4203 pertinere
2559 4136 2758 4202 putant
2779 4130 2850 4185 ad
2868 4132 3209 4202 quaestionem
3235 4147 3353 4201 quae
3377 4129 3441 4185 de
3458 4147 3549 4185 ex-

1885 4222 2191 4278 hortatione
2206 4228 2455 4276 versatur
2481 4236 2499 4275 :
2513 4221 2635 4275 alia
2648 4228 2825 4275 autem
2837 4220 2908 4274 ad
2933 4220 2992 4274 id
3018 4220 3287 4291 referunt,
3308 4226 3368 4275 ut
3382 4235 3449 4275 ex
3465 4220 3550 4276 his

1885 4328 2000 4367 eam
2028 4314 2265 4384 gratiam
2310 4311 2583 4383 accipiant
2614 4309 2998 4373 commendari,
3057 4326 3161 4380 qua
3194 4309 3550 4380 unusquisque

1881 4408 1998 4473 post
2020 4402 2344 4456 voluntatem
2360 4401 2632 4472 juvatur;
2660 4401 2741 4454 vel
2767 4398 2837 4453 ad
2859 4399 3028 4469 ipsam
3056 4398 3402 4462 vocationem,
3430 4413 3549 4467 quas

1886 4497 2189 4563 prxstatur
2216 4489 2474 4559 indignis.
2504 4488 2616 4543 Hoc
2641 4488 2783 4543 enim
2801 4492 2851 4541 et
2872 4486 2993 4540 illis
3016 4485 3140 4539 locis
3160 4492 3377 4540 tuorum
3405 4502 3546 4556 opu-

1887 4579 2157 4634 sculorum
2177 4585 2225 4632 et
2264 4577 2528 4640 aliorum,
2577 4592 2699 4648 quae
2727 4574 2979 4647 persequi
3006 4574 3218 4646 longum
3245 4579 3340 4638 est,
3373 4590 3424 4629 se
3453 4573 3548 4628 de-

1888 4673 2194 4723 monstrare
2224 4668 2521 4720 testantur.

1960 4758 2011 4811 8.
2067 4754 2433 4809 Parvutorum
2488 4758 2667 4807 autem
2720 4768 2934 4807 causam
2981 4750 3053 4807 ad
3101 4751 3400 4824 exemplum
3438 4769 3551 4808 ma-

1880 4845 2067 4916 jorum
2090 4859 2194 4899 non
2220 4843 2522 4914 patiuntur
2560 4841 2760 4911 afferri
2776 4858 2795 4896 :
2828 4858 2991 4913 quam
3016 4849 3065 4897 et
3095 4848 3245 4898 tuam
3277 4842 3554 4897 Sanctita-

1892 4940 1993 4989 tem
2022 4933 2209 4988 dicunt
2240 4938 2455 4986 eatenus
2484 4930 2746 5002 attigisse,
2774 4937 2838 4985 ut
2868 4930 3133 4987 incertum
3159 4948 3264 4987 esse
3296 4930 3550 4995 volueris,

1890 5040 1952 5080 ac
1976 5022 2156 5094 potius
2177 5021 2238 5076 de
2269 5036 2453 5075 eorum
2480 5022 2652 5091 poenis
2703 5020 2965 5076 malueris
3015 5020 3278 5075 dubitari.
3314 5018 3464 5085 Quod
3495 5018 3557 5073 in

1894 5113 2032 5168 libro
2063 5112 2225 5167 tertio
2245 5110 2306 5165 de
2332 5109 2528 5165 Libero
2564 5109 2820 5166 Arbitrio
2868 5111 2950 5165 ita
2978 5110 3213 5181 positum
3260 5107 3556 5164 meministi

1894 5201 2010 5272 (lib.
2030 5204 2083 5263 3,
2113 5217 2159 5255 c.
2186 5201 2302 5269 23),
2338 5204 2395 5254 ut
2419 5199 2554 5254 hanc
2575 5200 2651 5253 eis
2675 5199 3005 5254 occasionem
3032 5195 3551 5269 potueritexhibere.

1895 5293 1999 5347 Hoc
2026 5291 2188 5346 etiam
2209 5288 2270 5343 de
2298 5288 2535 5343 aliorum
2558 5288 2716 5342 libris
2736 5305 2962 5360 quorum
2988 5293 3062 5342 est
3092 5286 3149 5340 in
3166 5285 3411 5341 Ecclesia
3432 5301 3557 5342 auc-

1896 5380 2108 5442 toritas,
2125 5378 2335 5450 faciunt
2365 5376 2502 5447 quod
2528 5376 2791 5446 perspicit
2813 5376 3093 5432 Sanctitas
3115 5381 3210 5431 tua
3234 5392 3341 5430 non
3354 5392 3560 5447 parum

1895 5485 2040 5541 posse
2059 5468 2258 5538 juvare
2286 5465 2728 5529 contradictores,
2764 5465 2874 5519 nisi
2902 5464 3132 5535 majora,
3184 5470 3278 5520 aut
3308 5470 3450 5520 certe
3478 5464 3559 5519 vel

1896 5556 2064 5630 paria
2088 5556 2451 5628 proferantur
2478 5570 2513 5609 a
2542 5552 2693 5608 nobis
2724 5567 2744 5607 :
2774 5569 2879 5609 non
2908 5554 3049 5609 enim
3071 5555 3291 5625 ignorat
3316 5552 3556 5626 pruden-

1969 5682 2048 5746 (a)
2081 5680 2536 5733 Retractau'enum
2567 5678 2734 5731 libros
2767 5677 3032 5743 intelligit.
