4140 6174
653 167 783 225 l0“

650 292 864 348 tissima
887 290 1064 363 pietas
1110 290 1205 345 tua
1232 291 1431 359 quanto
1456 287 1641 358 plures
1660 286 1771 341 sint
1798 285 1860 342 in
1909 285 2170 350 Ecclesia,
2204 283 2300 356 qui

649 383 983 438 auctoritate
1001 380 1276 434 nominum
1310 378 1367 431 in
1391 378 1658 432 sententia
1684 384 1988 442 teneantur,
2013 383 2109 431 aut
2139 390 2301 429 asen-

647 471 819 529 tentia
844 470 1276 540 transferantur.
1308 465 1398 521 Ad
1424 482 1704 533 summam,
1766 466 2017 538 fatigatis
2061 463 2303 520 omnibus

650 561 819 624 nobis,
853 558 922 612 ad
948 557 1007 612 id
1029 556 1331 628 prosecutio
1377 572 1582 621 eorum,
1614 556 1695 611 vel
1724 557 1902 628 potius
1926 556 2141 628 querela
2178 571 2304 610 con-

650 649 909 714 vertitur,
934 647 1380 703 consentientibus
1407 647 1568 702 etiam
1594 646 1927 718 hisquihanc
1939 646 2305 718 deﬁnitionem

652 737 965 809 improbare
994 753 1101 791 non
1117 736 1338 804 audent,
1363 743 1421 790 ut
1442 736 1624 791 dicant
1648 753 1663 791 .'
1688 736 1830 796 Ouid
1844 752 1976 806 opus
1994 736 2109 805 fuit
2124 736 2307 806 hujus-

653 826 851 883 cemodi
879 826 1263 898 disputationis
1292 826 1500 881 incerto
1539 833 1620 882 tot
1658 827 1839 880 minus
1888 825 2307 896 intelligentiam

655 917 819 973 corda
838 915 1101 972 turbari?
1122 917 1304 986 Neque
1318 916 1461 969 enim
1488 916 1665 971 minus
1685 915 1903 971 utiliter
1925 915 2042 970 sine
2068 914 2165 969 hac
2185 913 2309 984 deﬁ-

657 1007 883 1070 nitione,
916 1005 1093 1075 aiunt,
1128 1010 1201 1059 tot
1225 1006 1388 1058 annis
1415 1021 1449 1058 a
1472 1010 1545 1058 tot
1560 1003 1963 1067 tractatoribus,
1997 1011 2074 1059 tot
2106 1020 2308 1074 prxce-

659 1094 904 1151 dentibus
926 1094 1083 1149 libris
1112 1102 1159 1149 et
1176 1095 1285 1149 tuis
1313 1100 1363 1148 et
1382 1094 1645 1160 aliorum,
1674 1110 1792 1149 cum
1812 1102 2003 1148 contra
2026 1092 2180 1157 alios,
2199 1099 2310 1148 tum

661 1185 896 1241 maxime
923 1194 1110 1239 contra
1134 1183 1471 1255 Pelagianos,
1504 1182 1820 1239 catholicam
1848 1182 2003 1254 ﬁdem
2030 1183 2196 1253 fuisse
2222 1182 2309 1238 de-

662 1274 891 1345 fensam.

732 1373 785 1429 9.
819 1371 966 1438 Haec,
996 1373 1071 1426 mi
1092 1378 1271 1442 pater,
1298 1376 1348 1425 et
1376 1370 1493 1426 alia
1514 1370 2007 1426 interminabiliter
2034 1370 2221 1441 plura,
2253 1377 2314 1426 ut

661 1478 869 1517 summa
908 1478 1020 1515 mea
1048 1467 1168 1515 vota
1193 1459 1468 1529 conﬁtear,
1494 1476 1594 1531 per
1617 1476 1703 1515 me
1725 1460 1937 1530 deferre
1955 1460 2263 1515 maluissem
2288 1482 2309 1529 ,-

662 1551 763 1615 vel,
800 1551 929 1621 quia
977 1550 1069 1605 hoc
1098 1566 1203 1604 non
1256 1549 1451 1612 merui,
1495 1548 1681 1604 saltem
1735 1550 2038 1620 prolixiore
2087 1555 2314 1620 tempore

664 1640 843 1695 omnia
871 1639 1058 1710 quibus
1085 1642 1384 1703 moventur,
1413 1638 1634 1693 collecta
1657 1639 1895 1709 dirigere
1919 1655 1935 1693 :
1966 1645 2032 1693 ut
2055 1638 2317 1710 quidquid

667 1728 729 1783 de
751 1728 853 1783 hac
876 1745 934 1783 re
961 1727 1386 1792 contradicitur,
1418 1734 1679 1798 quatenus
1706 1728 1913 1795 refelli,
1949 1728 2028 1783 vel
2051 1730 2100 1782 si
2123 1728 2179 1783 ia
2208 1743 2319 1783 non

663 1824 853 1889 potest,
886 1816 1121 1873 tolerari
1154 1816 1380 1882 deberet,
1407 1816 1674 1872 audirem.
1706 1816 1805 1872 Sed
1829 1817 1958 1888 quia
1978 1824 2232 1873 neutrum
2256 1832 2321 1871 ex

668 1915 788 1962 voto
811 1907 1081 1978 provenit,
1114 1905 1284 1961 malui
1309 1906 1563 1976 quomodo
1587 1907 1746 1977 potui
1775 1906 1885 1961 haec
1940 1907 2323 1978 comprehensa

667 1996 925 2067 dirigere,
952 2012 1108 2067 quam
1129 1996 1349 2067 penitus
1364 1995 1425 2050 de
1456 2002 1609 2051 tanta
1638 1996 1990 2067 quorumdam
2018 1996 2323 2052 contradic-

668 2085 813 2141 tione
843 2085 1084 2139 reticere.
1135 2083 1272 2139 Sunt
1318 2100 1383 2138 ex
1436 2090 1591 2155 parte
1647 2084 1778 2139 tales
1804 2100 2071 2156 persona,
2101 2090 2163 2140 ut
2213 2085 2318 2151 his,

668 2173 1047 2229 consuetudine
1066 2172 1444 2237 ecclesiastica,
1473 2172 1636 2228 laicos
1662 2190 1923 2229 summam
1962 2175 2322 2231 reverentiam

667 2279 876 2318 necesse
905 2262 976 2318 sit
1006 2261 1274 2319 exhibere.
1311 2262 1462 2329 Quod
1502 2262 1711 2333 quidem
1752 2263 1832 2318 ita
1874 2264 2184 2319 curavimus
2215 2265 2323 2320 Deo

659 2353 887 2425 juvante
913 2368 1148 2422 servare,
1176 2358 1259 2417 ut,
1286 2367 1403 2407 cum
1428 2368 1559 2423 opus
1587 2353 1720 2423 fuit,
1754 2369 1857 2408 non
1880 2359 2175 2409 taceremus
2204 2372 2321 2426 quae

667 2442 736 2496 ad
763 2441 1080 2514 quaestionis
1104 2441 1265 2512 hujus
1308 2441 1657 2497 assertionem
1709 2442 1979 2513 exiguitas
2010 2451 2322 2499 nostrarum

666 2531 874 2587 virium
896 2530 1227 2602 suggerebat.
1260 2529 1359 2585 Sed
1378 2546 1520 2586 nunc
1534 2532 1865 2596 summatim,
1887 2540 2147 2603 quantum
2170 2533 2321 2603 [esti-

673 2620 824 2676 natio
830 2620 1134 2692 perlatoris
1158 2619 1403 2687 admisit,
1412 2620 1523 2675 haec
1534 2620 1676 2676 velut
1689 2622 2057 2678 commonendo
2066 2624 2318 2694 suggessi.

671 2710 800 2766 Tum
830 2715 1030 2765 sanctae
1056 2709 1360 2781 prudentiae
1392 2715 1471 2764 est
1491 2709 1752 2781 dispicere
1767 2710 1895 2783 quid
1911 2713 2056 2783 facto
2085 2714 2319 2784 opussit,

670 2804 734 2856 ut
748 2798 945 2855 talium
958 2804 1010 2855 et
1025 2803 1303 2854 tantorum
1324 2806 1613 2870 superetur
1624 2802 1710 2858 vel
1726 2806 2054 2873 temperetur
2068 2804 2318 2859 intentio.

672 2890 779 2946 Cui
806 2905 897 2960 ego
914 2888 1031 2960 jam
1056 2904 1253 2959 parum
1284 2887 1523 2959 prodesse
1552 2890 1801 2947 existimo
1824 2896 1873 2946 te
1901 2891 2120 2947 reddere
2149 2893 2324 2948 ratio-

667 2978 924 3044 nem,nisi
943 2982 992 3033 et
1017 2976 1257 3032 addatur
1268 2978 1567 3033 auctoritas
1583 2996 1743 3050 quam
1766 2981 2076 3052 transgredi
2091 2982 2323 3053 infanti-

661 3067 927 3139 gabiliter
955 3067 1277 3123 coetentiosa
1308 3067 1471 3123 corda
1491 3085 1597 3123 non
1619 3069 1842 3140 possint.
1870 3069 1970 3125 Sed
1991 3071 2153 3140 plane
2179 3070 2325 3127 illud

667 3162 840 3211 tacere
871 3172 977 3211 non
997 3156 1171 3222 debeo,
1199 3156 1338 3228 quod
1356 3174 1413 3213 se
1436 3157 1619 3213 dicant
1645 3165 1793 3213 tuam
1818 3160 2203 3226 Sanctitatem,
2232 3161 2324 3215 hoc

664 3255 911 3317 excepto,
935 3246 993 3301 in
1015 3245 1181 3318 factis
1207 3253 1255 3301 et
1277 3246 1690 3302 dictisomnibus
1713 3248 2011 3321 admipari.
2032 3250 2204 3304 Tuum
2219 3250 2325 3306 erit

664 3336 943 3391 decernere
957 3334 1213 3407 quomodo
1242 3335 1318 3390 sit
1350 3336 1405 3389 in
1436 3336 1527 3390 hoc
1556 3353 1740 3391 eorum
1791 3337 2150 3394 contradictio
2190 3340 2325 3394 tole-

665 3424 859 3480 randa.
896 3424 1012 3480 Nec
1035 3424 1259 3479 mireris
1278 3423 1415 3495 quod
1429 3425 1603 3479 aliter
1623 3425 1901 3498 velaliqua
1914 3426 1968 3481 in
1989 3428 2085 3481 hac
2102 3428 2325 3499 epistola

667 3513 883 3578 addidi,
912 3518 1174 3585 quantum
1202 3519 1350 3583 puto,
1382 3529 1504 3585 qux
1528 3515 1587 3569 in
1607 3516 1887 3585 superiore
1918 3533 2022 3571 non
2044 3517 2324 3585 dixeram;

671 3603 804 3658 talis
837 3606 912 3657 est
944 3602 1087 3656 enim
1125 3618 1267 3656 nunc
1296 3618 1481 3658 eorum
1538 3604 1802 3674 deﬁnitio,
1843 3613 2049 3677 praeter
2080 3608 2179 3663 illa
2208 3625 2325 3680 quae

668 3708 769 3764 per
795 3690 1197 3762 festinationem
1221 3697 1317 3747 aut
1341 3692 1655 3749 oblivionem
1681 3694 1914 3764 fortasse
1939 3698 2215 3767 prxterii.

750 3792 832 3845 10.
864 3788 1073 3857 Libros,
1105 3806 1228 3846 cum
1265 3789 1404 3846 editi
1412 3788 1644 3862 fuerint,
1675 3810 1801 3865 quos
1826 3793 1887 3849 de
1913 3795 2329 3868 universoopere

674 3886 765 3936 tuo
793 3879 1007 3936 moliris
1038 3880 1137 3952 (a),
1170 3896 1346 3952 quxso
1374 3880 1564 3937 habere
1602 3899 1940 3951 mereamur;
1990 3886 2228 3941 maxime
2268 3892 2328 3941 ut

665 3987 770 4043 per
793 3987 976 4026 eorum
1004 3971 1405 4036 auctoritatem,
1429 3974 1479 4026 si
1495 3988 1600 4044 qua
1632 3972 1735 4027 tibi
1758 3974 1818 4028 in
1840 3975 1951 4029 tuis
1974 3974 2276 4046 displicent,
2292 3993 2325 4031 a

672 4059 940 4131 dignitate
953 4058 1037 4113 tui
1059 4058 1292 4112 nominis
1307 4060 1428 4129 jam
1451 4077 1557 4114 non
1584 4062 1792 4131 trepidi
1814 4071 2215 4133 sequestremus.
2234 4065 2326 4119 Li-

677 4147 832 4200 brum
862 4146 1025 4200 etiam
1050 4145 1112 4199 de
1136 4146 1339 4200 Gratia
1369 4154 1417 4201 et
1438 4147 1625 4202 Libero
1644 4150 1897 4205 Arbitrio
1915 4169 2019 4205 non
2048 4152 2329 4225 habemus;

674 4241 913 4306 superest
944 4240 1008 4289 ut
1036 4250 1172 4298 eum,
1197 4233 1325 4305 quia
1352 4236 1540 4291 utilem
1563 4238 1853 4307 quxstioni
1868 4240 2201 4310 conﬁdimus,
2222 4260 2330 4299 me-

676 4340 901 4380 reamur
930 4323 1193 4395 accipere.
1225 4322 1364 4379 Nolo
1393 4332 1571 4380 autem
1603 4326 1878 4382 Sanctitas
1909 4336 2002 4384 tua
2026 4330 2101 4384 sic
2130 4347 2212 4386 me
2239 4350 2332 4387 ar-

676 4412 909 4469 bitretur
951 4412 1061 4469 haec
1082 4412 1334 4481 scribere,
1363 4415 1520 4486 quasi
1544 4414 1607 4469 de
1636 4415 1709 4470 iis
1747 4433 1864 4488 qum
1916 4434 2061 4473 nunc
2087 4419 2326 4487 edidisti,

677 4520 767 4575 ego
793 4502 1049 4558 dubitem.
1082 4502 1334 4575 Sufﬁciat
1364 4504 1502 4559 mihi
1524 4518 1682 4575 paena
1709 4522 1842 4572 mea,
1876 4507 2011 4578 quod
2033 4526 2066 4562 a
2095 4524 2332 4580 prxsen-

676 4594 769 4648 tiae
797 4600 904 4649 tuae
935 4592 1145 4648 deliciis
1174 4594 1479 4660 exsulatus,
1500 4593 1916 4651 ubisalubribus
1940 4598 2051 4653 tuis
2078 4598 2330 4655 uberibus

674 4682 986 4751 nutriebar,
1014 4699 1117 4737 non
1142 4682 1311 4738 solum
1323 4682 1560 4738 absentia
1574 4690 1665 4739 tua
1683 4686 1925 4750 Crucior,
1956 4703 2139 4742 verum
2167 4690 2331 4745 etiam

672 4771 981 4843 pervicacia
1011 4771 1384 4842 quorumdam,
1416 4772 1512 4844 qui
1549 4788 1654 4827 non
1682 4777 1894 4828 tantum
1924 4776 2213 4846 manifesta
2242 4795 2331 4832 re-

675 4866 895 4931 spuunt,
925 4860 1015 4915 sed
1026 4862 1190 4916 etiam
1211 4878 1317 4916 non
1330 4861 1600 4917 intellecta
1612 4863 2033 4933 reprehendunt.
2062 4865 2330 4923 Cxterum

678 4949 775 5004 hac
802 4948 1105 5021 suspicione
1132 4948 1191 5004 in
1214 4953 1425 5006 tantum
1452 4967 1628 5016 careo,
1657 4959 1718 5007 ut
1747 4953 1928 5024 potius
1954 4954 2329 5025 inﬁrmitatem

675 5057 864 5107 meam,
907 5056 1013 5111 qua
1041 5039 1173 5095 tales
1196 5056 1394 5111 parum
1423 5042 1691 5110 patienter
1716 5042 1852 5113 fero,
1895 5044 2181 5100 notabilem
2223 5063 2329 5118 pu-

677 5137 799 5187 tem.
844 5131 1094 5198 Qualiter
1118 5136 1295 5186 autem
1326 5130 1397 5185 ad
1424 5131 1534 5187 hxc
1572 5133 1953 5190 consulendum
1992 5136 2223 5206 judices,
2266 5143 2329 5193 ut

673 5220 818 5288 dixi,
853 5227 958 5277 tua:
984 5221 1266 5293 sapientiae
1288 5220 1626 5293 derelinquo.
1656 5221 1801 5278 Nam
1831 5224 1901 5278 ad
1929 5242 2009 5279 me
2041 5225 2138 5280 hoc
2156 5227 2331 5297 perti-

673 5327 799 5365 nere
825 5310 1056 5375 credidi,
1086 5327 1186 5382 pro
1223 5327 1283 5364 ea
1313 5327 1470 5382 quam
1502 5310 1721 5368 Christo
1734 5313 1813 5368 vel
1844 5314 1944 5370 tibi
1967 5314 2121 5369 debeo
2150 5316 2330 5371 chari-

673 5405 806 5465 tate,
821 5406 881 5455 ut
909 5417 1027 5471 quae
1055 5400 1114 5455 in
1138 5400 1494 5471 quaestionem
1516 5402 1751 5466 veniunt,
1771 5419 1877 5459 non
1893 5410 2138 5459 tacerem.
2159 5404 2331 5468 Quid-

670 5488 803 5559 quid
847 5505 951 5559 pro
1016 5506 1077 5544 ea
1103 5490 1289 5561 gratia
1349 5507 1508 5567 quam
1564 5490 1624 5546 in
1663 5499 1712 5546 te
1751 5492 1943 5564 pusilli
1972 5511 2090 5549 cum
2120 5495 2329 5566 magnis

673 5578 961 5645 miramur,
998 5579 1230 5635 volueris
1249 5586 1344 5635 aut
1371 5579 1631 5649 valueris,
1654 5584 1961 5654 gratissime
1987 5585 2323 5656 accipiemus,

671 5673 927 5749 tanquam
946 5686 981 5725 a
1008 5669 1157 5727 nobis
1184 5668 1507 5728 charissima
1526 5677 1577 5727 et
1603 5671 2067 5730 reverendissima
2090 5673 2328 5730 auctori-

1925 159 1984 217 S.
2024 155 2410 217 AUGUSTINI
2448 154 2774 216 EPISCOPI
2818 207 2827 210 -

3853 169 3941 229 1012

2407 288 2515 339 tate
2543 282 2838 340 decretum.
2871 282 3009 340 Sane
3045 284 3196 356 quia,
3225 292 3450 357 urgente
3479 286 3734 358 perlatore,
3761 291 3881 348 timui
3904 314 3938 352 at

2406 373 2486 428 vel
2511 390 2615 429 non
2635 374 2838 441 omnia,
2866 377 2947 430 vel
2974 376 3087 431 haec
3116 375 3235 447 ipsa
3260 377 3439 432 minus
3464 376 3627 448 digne,
3650 381 3942 441 conscium»

2406 480 2532 519 rum
2560 464 2784 529 virium,
2814 481 3014 536 possem
3045 466 3329 537 dirigere;
3354 466 3437 537 egi
3459 482 3570 522 cum
3588 468 3709 533 viro,
3738 475 3827 526 tum
3844 480 3944 529 mori-

2411 552 2503 608 bus
2524 561 2638 609 tum
2665 554 2871 625 eloquio
2888 561 2939 609 et
2950 555 3134 610 studio
3155 555 3324 621 claro,
3349 563 3409 612 ut
3434 565 3625 628 quanta
3638 567 3783 628 posset
3799 564 3945 618 collecto

2409 642 2521 698 suis
2547 642 2750 699 litteris
2774 643 3057 699 intimaret
3075 644 3150 715 (a)
3170 660 3190 699 .·
3216 661 3346 716 quas
3361 647 3656 716 conjunctas
3676 647 3748 700 his
3767 647 3945 709 destinari

2410 733 2619 788 curavi.
2635 734 2735 787 Est
2760 733 2903 788 enim
2935 733 3062 788 talis
3076 734 3187 805 qui,
3206 736 3368 791 etiam
3396 742 3596 806 preter
3626 736 3745 792 hanc
3760 742 3948 794 necessia

2413 829 2536 887 tem,
2568 822 2766 893 dignus
2793 829 2899 878 tuae
2930 822 3251 879 Sanctitatis
3276 825 3479 879 notitia
3497 824 3770 895 judicetur.
3797 828 3947 884 Sanetus

2413 912 2670 967 Leontius
2725 912 2983 967 diaconus
3010 912 3188 967 cultor
3244 920 3389 977 tuus,
3442 930 3561 969 cum
3594 915 3711 969 meis
3735 920 3948 986 parentibus

2414 1001 2642 1057 multum
2670 1007 2716 1056 te
2744 1000 2971 1057 salutat.
3005 1003 3295 1057 Memorem
3346 1004 3453 1059 mei
3481 1004 3837 1059 Paternitatem
3860 1014 3945 1061 tuas

2417 1091 2683 1146 Dominus
2707 1091 2962 1147 Christus
2976 1091 3239 1147 Ecclesia:
3267 1108 3378 1149 sux
3402 1092 3567 1148 annis
3590 1091 3808 1164 pluribus
3827 1094 3949 1150 dum

2416 1180 2689 1251 dignetur,
2722 1179 2932 1234 domine
2946 1187 3125 1251 pater.
3153 1182 3214 1236 Et
3245 1179 3399 1236 intra
3431 1199 3442 1237 :
3473 1179 3618 1235 Sciat
3644 1180 3865 1237 Sanctitas
3883 1192 3948 1245 tua,

2413 1270 2648 1341 fratrem
2693 1285 2885 1333 meum,
2944 1270 3099 1340 cujus
3148 1270 3379 1325 maxime
3437 1285 3601 1324 causa
3647 1270 3759 1325 hinc
3799 1271 3950 1327 discest-

2418 1374 2553 1425 mus,
2597 1374 2714 1413 cum
2762 1366 3021 1414 matrona
3055 1375 3154 1414 sua
3195 1375 3261 1413 ex
3294 1374 3547 1413 consensu
3596 1360 3845 1430 perfectam
3884 1363 3945 1416 De

2415 1447 2803 1503 continentiam
2839 1448 3134 1504 devovisse.
3204 1448 3357 1504 Unde
3405 1464 3651 1519 rogamus
3700 1447 3947 1504 Sanctitatea

2419 1544 2587 1603 tuam,
2620 1544 2678 1593 ut
2706 1555 2865 1593 orare
2890 1538 3133 1609 digneris
3157 1554 3259 1610 quo
3286 1538 3379 1594 hoc
3400 1538 3578 1610 ipsum
3604 1539 3659 1592 in
3681 1540 3749 1592 eis
3775 1538 3967 1611 Dominus,

2420 1628 2742 1699 conﬁrmare
2769 1633 2820 1683 et
2842 1626 3109 1684 custodire
3137 1626 3411 1698 dignetur.

2839 1752 3177 1809 EPISTOLA
3218 1752 3488 1809 ccxxvu
3520 1754 3538 1772 θ
3560 1753 3652 1826 (ὁ).

2428 1876 2969 1949 AugustinusAlypio
2997 1876 3132 1944 seni,
3151 1877 3213 1932 de
3246 1876 3551 1933 Gabiniano
3562 1893 3732 1934 recens
3756 1876 3954 1949 baptizata,

2498 1973 2549 2022 et
2565 1966 2626 2022 de
2645 1967 2906 2023 Dioscoro
2918 1968 3212 2024 miraculis
3223 1983 3475 2024 converso
3488 1965 3565 2023 ad
3580 1966 3957 2023 Christianismum.

2856 2081 3232 2142 AUGUSTINUS,
3265 2080 3476 2133 ALYPIO
3495 2076 3649 2132 seni.

2502 2184 2729 2238 Fratrer
2748 2183 2960 2239 Paulus
2986 2183 3082 2239 hic
3099 2188 3187 2239 est
3215 2182 3557 2248 incolumis,
3589 2185 3833 2255 apportet
3855 2197 3960 2252 nego-

2432 2274 2646 2328 tiorum
2670 2288 2915 2328 suorum
2933 2272 3233 2328 secundas
3247 2288 3421 2328 curas
3443 2288 3455 2338 ;
3476 2271 3962 2344 prtestabitDomin

2430 2366 2492 2418 ut
2518 2361 2698 2417 etiam
2726 2362 2870 2434 ipsas
2913 2361 3129 2417 ultimae
3161 2361 3302 2416 sint.
3330 2360 3575 2417 Multum
3607 2376 3707 2417 vos
3733 2359 3906 2423 salutat,
3932 2366 3961 2412 et

2428 2453 2632 2506 narrat
2661 2448 2884 2519 gaudia
2940 2450 3014 2504 de
3053 2448 3392 2506 Gabiniano
3424 2450 3468 2514 ί,
3507 2449 3665 2521 quod
3707 2449 3775 2504 ab
3812 2448 3885 2505 illa
3902 2462 3961 2500 sua

2433 2554 2617 2594 causa
2643 2538 3054 2593 misericordia
3072 2538 3172 2592 Dei
3205 2538 3514 2603 liberatus,
3532 2553 3651 2594 non
3674 2537 3833 2593 solum
3856 2535 3960 2589 chris-

2433 2629 2651 2691 tianus.
2683 2628 2780 2682 sed
2795 2628 2973 2683 etiam
3000 2626 3192 2682 ﬁdelis
3221 2627 3474 2683 sitvalde
3489 2627 3707 2691 bonus,
3726 2642 3811 2698 per
3827 2624 3960 2680 Pascha

2433 2717 2702 2789 proxime
2732 2716 3092 2787 baptizatus,
3136 2716 3195 2771 in
3236 2715 3414 2771 corde
3431 2722 3617 2788 atque
3648 2716 3703 2771 in
3721 2730 3806 2771 ore
3824 2714 3959 2768 habens

2432 2806 2685 2877 gratiam
2715 2821 2898 2877 quam
2918 2807 3199 2877 percepit.
3217 2806 3523 2871 Quantum
3559 2821 3693 2861 eum
3721 2802 3959 2862 desiderem,

2431 2893 2678 2967 quando
2708 2893 3016 2966 explicabo
3036 2894 3064 2950 Τ
3093 2893 3198 2949 sed
3229 2895 3384 2950 nosti
3414 2900 3475 2950 ut
3504 2910 3645 2950 eum
3674 2893 3886 2963 diligam.
3907 2894 3959 2943 Ar-

2432 2984 2657 3040 chiater
2681 2985 2702 3019 ³
2724 2984 2903 3040 etiam
2927 2983 3242 3039 Dioscorus
3273 2982 3638 3039 cbristianus
3660 2981 3823 3038 ﬁdelis
3841 2984 3911 3044 est,
3922 2978 3960 3031 sit

2435 3072 2558 3128 mul
2588 3072 2845 3143 gratiam
2867 3078 3229 3128 consecutus
3260 3094 3271 3138 ;
3303 3073 3441 3127 audi
3466 3073 3652 3128 etiam
3688 3068 3961 3143 quemadme

2433 3162 2580 3217 dum
2616 3179 2628 3217 :
2659 3176 2854 3234 neque
2900 3162 3056 3216 enim
3091 3161 3385 3217 cervicula
3420 3160 3529 3217 illa
3581 3160 3674 3217 vel
3702 3160 3878 3230 lingua,
3902 3152 3961 3209 nisi

2432 3250 2633 3324 aliquo
2659 3249 2933 3323 prodigio
2948 3251 3315 3307 domaretur.
3351 3249 3492 3306 Filia
3527 3251 3655 3322 ejus
3680 3251 3735 3305 in
3756 3264 3850 3320 qua
3865 3246 3964 3300 unica
4012 3300 4013 3315 χ

2432 3339 2870 3411 acquiescebat,
2891 3340 3240 3409 aegrotabat,
3264 3344 3322 3395 et
3355 3356 3549 3412 usque
3581 3340 3657 3395 ad
3677 3341 3831 3394 totam
3847 3335 3964 3403 despe
4012 3364 4013 3395 ἶ

2433 3429 2723 3485 rationem
2762 3428 2968 3485 salutis
2998 3428 3364 3500 temporalis,
3396 3429 3618 3485 eodem
3648 3430 3767 3499 ipso
3794 3432 3962 3497 patiere

2434 3516 2763 3579 nuntiante,
2792 3518 3077 3589 pervenit.
3112 3517 3333 3573 Dicitur
3362 3533 3546 3589 ergo;
3580 3524 3636 3573 et
3667 3519 3871 3575 constat,
3889 3524 3961 3564 cun

2434 3606 2581 3662 mihi
2613 3607 2728 3662 hoc
2757 3612 2813 3662 et
2847 3612 2981 3662 ante
3014 3605 3211 3662 fratris
3247 3606 3415 3664 Pauli
3441 3607 3721 3671 reditum,
3749 3619 3897 3660 comes
3914 3603 3963 3653 Pr
4012 3616 4013 3671 ξ

2433 3698 2731 3767 regrinus,
2761 3695 2853 3751 vir
2902 3695 3228 3752 laudabilis
3276 3702 3331 3752 et
3363 3697 3519 3752 bene
3573 3686 3959 3758 christianumqm

2435 3800 2573 3841 cum
2605 3785 2689 3840 eis
2723 3784 2934 3840 eodem
2963 3789 3230 3855 tempore
3258 3784 3600 3856 baptizatus
3631 3789 3734 3853 est,
3757 3778 3959 3838 indicant

2436 3875 2649 3931 dicitur
2672 3889 2815 3943 ergo
2844 3873 2938 3929 ille
2956 3890 3136 3930 senex
3160 3874 3400 3931 tandem
3427 3890 3742 3930 conversus
3761 3872 3824 3927 ad
3844 3866 3963 3936 implo-

2434 3963 2690 4020 randum
2718 3962 2927 4019 Christi
2959 3963 3455 4034 misericordiam,
3490 3970 3631 4019 voto
3670 3978 3726 4018 se
3752 3958 3961 4028 obligasse

2436 4052 2826 4107 christianum
2857 4051 3004 4118 fore,
3033 4052 3082 4107 si
3114 4052 3275 4109 illam
3304 4051 3539 4108 salvam
3572 4052 3795 4107 videret.
3824 4049 3963 4103 Factam

2436 4146 2542 4197 est.
2593 4145 2661 4197 At
2692 4140 2788 4197 ille
2826 4141 2991 4213 quod
3024 4145 3266 4198 voverat
3295 4141 3718 4197 dissimulabat
3739 4134 3963 4194 exsolvere:

2437 4230 2542 4285 sed
2573 4229 2771 4285 adhuc
2802 4246 3017 4286 manus
3039 4230 3296 4286 excelsa.
3315 4230 3465 4285 Nam
3492 4229 3789 4301 repentina
3808 4223 3963 4279 cantate

2437 4316 2801 4374 suffunditur
2828 4336 2841 4374 :
2870 4318 3193 4391 statimque
3216 4317 3379 4374 venit
3399 4319 3461 4375 in
3483 4322 3737 4374 mentem
3756 4312 3874 4371 unde
3887 4304 3961 4365 illud

2437 4413 2596 4464 esset
2628 4424 2642 4474 ;
2674 4407 3033 4464 exclamavit
3076 4408 3392 4473 conﬁtens,
3425 4413 3611 4480 atque
3647 4408 3829 4462 iterum
3858 4404 3960 4455 nonL

2438 4512 2501 4551 se
2528 4501 2759 4567 recepto
2783 4496 3009 4553 lumine
3038 4496 3424 4568 impleturum
3455 4512 3589 4553 esse
3617 4493 3769 4568 quod
3800 4486 3959 4545 voveri!-

2439 4586 2695 4657 Recepit,
2723 4585 2991 4657 implevit
3021 4601 3034 4641 :
3069 4591 3125 4641 et
3151 4585 3350 4642 adhuc
3384 4600 3603 4641 manus
3633 4580 3848 4639 excelsa.
3872 4578 3962 4645 Syre

2437 4672 2645 4729 bolum
2672 4688 2792 4728 non
2825 4677 3118 4741 tenuerat,
3147 4684 3249 4730 aut
3275 4672 3527 4729 fortasse
3560 4678 3746 4727 tenere
3766 4672 3961 4725 recusat?

2436 4768 2546 4828 rat,
2578 4767 2635 4818 et
2664 4778 2725 4817 se
2751 4778 2869 4817 non
2912 4764 3177 4832 potuisse
3205 4766 3590 4818 excusaverat
3614 4777 3630 4816 :
3660 4759 3793 4815 Deus
3816 4752 3959 4808 viden;

2436 4853 2565 4907 Jam
2600 4856 2726 4905 tum
2759 4854 2896 4923 post
2922 4850 3071 4908 festa
3096 4852 3303 4908 omnia
3326 4849 3681 4922 receptionis
3707 4861 3810 4901 sua
3831 4846 3843 4879 ί
3863 4844 3899 4895 in
3913 4850 3959 4907 βε·
4008 4844 4014 4923 4

2502 4995 2514 5023 ι
2546 4993 2643 5042 Ms.
2670 4993 2823 5043 Corb.
2856 4996 2908 5043 et
2938 4994 3145 5049 Germ..
3175 4994 3495 5050 Gaviniano.
3865 5048 3895 5055 ,,

2498 5059 2517 5090 ⁸
2543 5056 2703 5113 Edd.,
2736 5056 3071 5105 Arehiteater.
3109 5058 3174 5107 At
3196 5057 3321 5106 Mss.
3354 5049 3588 5108 melioris
3614 5060 3759 5111 notae,
3781 5049 3952 5101 Arelli!"

2437 5119 2490 5169 id
2513 5125 2592 5183 est
2620 5119 2857 5183 medicus
2890 5120 3159 5183 princeps.
3767 5181 3775 5183 ᾗ
3943 5166 3946 5170 .

2497 5183 2515 5214 ³
2541 5181 2669 5230 Mss.
2706 5178 2977 5245 Victoriet
2996 5178 3183 5237 Vatia,
3207 5182 3319 5244 jam
3340 5188 3507 5231 tamen
3537 5188 3648 5245 post
3665 5181 3854 5242 confessa
3870 5178 3957 5245 ea?

2436 5243 2744 5309 deceptionis
2758 5258 2879 5292 sua.
2900 5244 2996 5293 Alii
3027 5242 3285 5309 pleriqixe,
3300 5247 3413 5308 jam
3440 5242 3605 5295 tamen
3620 5248 3727 5307 post
3746 5246 3849 5305 [esse
3867 5242 3958 5283 σειεέ

2440 5306 2747 5367 receptionis
2781 5320 2904 5355 sum.

2500 5360 2830 5435 ‘_llecensita
2860 5372 2939 5418 est
2972 5370 3039 5419 ad
3074 5370 3144 5420 bl.
3182 5370 3243 5420 Π.
3278 5385 3366 5435 gg.
3387 5386 3431 5421 ιι,
3454 5371 3531 5421 sb.
3564 5384 3642 5419 vc,
3667 5383 3713 5415 ν,
3741 5366 3850 5415 duos
3871 5360 3951 5407 tt:

2436 5430 2556 5481 Bad.
2584 5432 2667 5481 Er.
2698 5431 2826 5480 Lov.

2498 5476 2918 5571 @Jr‘ogﬁemm
2937 5494 3233 5559 intelligere
3255 5495 3481 5549 videtur,
3512 5495 3665 5559 cujus
3696 5476 3959 5555 praecidi”?

2436 5557 2593 5606 stola.

2450 5680 2453 5681 ν
2495 5620 2563 5681 (b)
2593 5620 2736 5669 Alias
2762 5620 2823 5669 67
2854 5634 2865 5667 :

2436 5680 2573 5735 forte
2605 5696 2692 5734 an.
2720 5684 2830 5747 428,
2864 5680 2959 5741 aut
2981 5684 3091 5742 429,
3130 5687 3255 5751 post
3286 5684 3506 5738 Pascha.

2904 5634 3022 5683 quas
3053 5624 3234 5671 autem
3267 5623 3360 5672 227
3391 5626 3515 5678 erat,
3551 5634 3691 5672 nunc
3724 5618 3814 5669 424.
3836 5606 3956 5669 Serti“
4012 5668 4013 5677 χ
