  <div class='ocr_page' id='page_1' title='image "/cluster/home/n/w/nwhite01/storage/ocr_20150623/33/hvd.32044096580568/504.png"; bbox 0 0 4138 6172; ppageno 0'>
   <div class='ocr_carea' id='block_1_1' title="bbox 162 170 315 230">
    <p class='ocr_par' dir='ltr' id='par_1_1' title="bbox 162 170 315 230">
     <span class='ocr_line' id='line_1_1' title="bbox 162 170 315 230; baseline 0.013 -2"><span class='ocrx_word' id='word_1_1' title='bbox 162 170 315 230; x_wconf 65' lang='grc'><strong>1013</strong></span> 
     </span>
    </p>
   </div>
   <div class='ocr_carea' id='block_1_2' title="bbox 161 295 1823 370">
    <p class='ocr_par' dir='ltr' id='par_1_2' title="bbox 161 295 1823 370">
     <span class='ocr_line' id='line_1_2' title="bbox 161 295 1823 370; baseline -0.002 -16"><span class='ocrx_word' id='word_1_2' title='bbox 161 296 417 370; x_wconf 83' lang='lat' dir='ltr'>ralysim</span> <span class='ocrx_word' id='word_1_3' title='bbox 448 295 708 353; x_wconf 83' lang='lat' dir='ltr'>solvitur</span> <span class='ocrx_word' id='word_1_4' title='bbox 729 295 928 352; x_wconf 90' lang='lat' dir='ltr'>multis</span> <span class='ocrx_word' id='word_1_5' title='bbox 952 311 1022 352; x_wconf 92' lang='lat' dir='ltr'>ac</span> <span class='ocrx_word' id='word_1_6' title='bbox 1039 311 1192 369; x_wconf 92' lang='lat' dir='ltr'>pene</span> <span class='ocrx_word' id='word_1_7' title='bbox 1213 296 1495 353; x_wconf 90' lang='lat' dir='ltr'>omnibus</span> <span class='ocrx_word' id='word_1_8' title='bbox 1516 296 1823 361; x_wconf 87' lang='lat' dir='ltr'>membris,</span> 
     </span>
    </p>
   </div>
   <div class='ocr_carea' id='block_1_3' title="bbox 166 384 1827 454">
    <p class='ocr_par' dir='ltr' id='par_1_3' title="bbox 166 384 1827 454">
     <span class='ocr_line' id='line_1_3' title="bbox 166 384 1827 454; baseline -0.003 -10"><span class='ocrx_word' id='word_1_9' title='bbox 166 391 230 443; x_wconf 86' lang='lat' dir='ltr'>el.</span> <span class='ocrx_word' id='word_1_10' title='bbox 259 387 440 443; x_wconf 88' lang='lat' dir='ltr'>etiam</span> <span class='ocrx_word' id='word_1_11' title='bbox 469 385 700 454; x_wconf 83' lang='lat' dir='ltr'>lingua.</span> <span class='ocrx_word' id='word_1_12' title='bbox 734 384 904 439; x_wconf 91' lang='lat' dir='ltr'>Tunc</span> <span class='ocrx_word' id='word_1_13' title='bbox 931 386 1162 440; x_wconf 90' lang='lat' dir='ltr'>somnio</span> <span class='ocrx_word' id='word_1_14' title='bbox 1193 385 1542 442; x_wconf 89' lang='lat' dir='ltr'>admonitus</span> <span class='ocrx_word' id='word_1_15' title='bbox 1587 384 1827 440; x_wconf 85' lang='lat' dir='ltr'>conﬁte-</span> 
     </span>
    </p>
   </div>
   <div class='ocr_carea' id='block_1_4' title="bbox 170 471 1830 546">
    <p class='ocr_par' dir='ltr' id='par_1_4' title="bbox 170 471 1830 546">
     <span class='ocr_line' id='line_1_4' title="bbox 170 471 1830 546; baseline -0.002 -16"><span class='ocrx_word' id='word_1_16' title='bbox 170 479 269 531; x_wconf 89' lang='lat' dir='ltr'>tur</span> <span class='ocrx_word' id='word_1_17' title='bbox 318 489 420 546; x_wconf 90' lang='lat' dir='ltr'>per</span> <span class='ocrx_word' id='word_1_18' title='bbox 461 474 823 545; x_wconf 83' lang='lat' dir='ltr'>scripturam</span> <span class='ocrx_word' id='word_1_19' title='bbox 856 474 930 528; x_wconf 94' lang='lat' dir='ltr'>ob</span> <span class='ocrx_word' id='word_1_20' title='bbox 962 474 1075 528; x_wconf 90' lang='lat' dir='ltr'>hoc</span> <span class='ocrx_word' id='word_1_21' title='bbox 1119 474 1231 529; x_wconf 85' lang='lat' dir='ltr'>sibi</span> <span class='ocrx_word' id='word_1_22' title='bbox 1267 474 1494 529; x_wconf 92' lang='lat' dir='ltr'>dictum</span> <span class='ocrx_word' id='word_1_23' title='bbox 1521 489 1646 528; x_wconf 86' lang='lat' dir='ltr'>esse</span> <span class='ocrx_word' id='word_1_24' title='bbox 1679 471 1830 526; x_wconf 84' lang='lat' dir='ltr'>acci-</span> 
     </span>
    </p>
   </div>
   <div class='ocr_carea' id='block_1_5' title="bbox 166 559 1826 635">
    <p class='ocr_par' dir='ltr' id='par_1_5' title="bbox 166 559 1826 635">
     <span class='ocr_line' id='line_1_5' title="bbox 166 559 1826 635; baseline -0.003 -14"><span class='ocrx_word' id='word_1_25' title='bbox 166 563 355 627; x_wconf 85' lang='lat' dir='ltr'>disse,</span> <span class='ocrx_word' id='word_1_26' title='bbox 384 561 551 635; x_wconf 91' lang='lat' dir='ltr'>quod</span> <span class='ocrx_word' id='word_1_27' title='bbox 582 559 932 633; x_wconf 88' lang='lat' dir='ltr'>symbolum</span> <span class='ocrx_word' id='word_1_28' title='bbox 958 576 1080 616; x_wconf 90' lang='lat' dir='ltr'>non</span> <span class='ocrx_word' id='word_1_29' title='bbox 1112 562 1456 618; x_wconf 83' lang='lat' dir='ltr'>reddiderit.</span> <span class='ocrx_word' id='word_1_30' title='bbox 1491 562 1634 618; x_wconf 87' lang='lat' dir='ltr'>Post</span> <span class='ocrx_word' id='word_1_31' title='bbox 1659 561 1826 617; x_wconf 84' lang='lat' dir='ltr'>illam</span> 
     </span>
    </p>
   </div>
   <div class='ocr_carea' id='block_1_6' title="bbox 167 649 1830 708">
    <p class='ocr_par' dir='ltr' id='par_1_6' title="bbox 167 649 1830 708">
     <span class='ocr_line' id='line_1_6' title="bbox 167 649 1830 708; baseline -0.002 0"><span class='ocrx_word' id='word_1_32' title='bbox 167 651 618 708; x_wconf 79' lang='lat' dir='ltr'>confessionem</span> <span class='ocrx_word' id='word_1_33' title='bbox 648 649 982 705; x_wconf 91' lang='lat' dir='ltr'>redduntur</span> <span class='ocrx_word' id='word_1_34' title='bbox 1004 649 1203 706; x_wconf 75' lang='lat' dir='ltr'>ofﬁcia</span> <span class='ocrx_word' id='word_1_35' title='bbox 1223 652 1498 707; x_wconf 91' lang='lat' dir='ltr'>omnium</span> <span class='ocrx_word' id='word_1_36' title='bbox 1532 650 1830 706; x_wconf 85' lang='lat' dir='ltr'>membro-</span> 
     </span>
    </p>
   </div>
   <div class='ocr_carea' id='block_1_7' title="bbox 166 738 1830 810">
    <p class='ocr_par' dir='ltr' id='par_1_7' title="bbox 166 738 1830 810">
     <span class='ocr_line' id='line_1_7' title="bbox 166 738 1830 810; baseline -0.003 -13"><span class='ocrx_word' id='word_1_37' title='bbox 166 757 329 805; x_wconf 84' lang='lat' dir='ltr'>rum,</span> <span class='ocrx_word' id='word_1_38' title='bbox 365 739 478 795; x_wconf 88' lang='lat' dir='ltr'>nisi</span> <span class='ocrx_word' id='word_1_39' title='bbox 506 740 726 810; x_wconf 76' lang='lat' dir='ltr'>linguae</span> <span class='ocrx_word' id='word_1_40' title='bbox 759 738 944 793; x_wconf 88' lang='lat' dir='ltr'>solius</span> <span class='ocrx_word' id='word_1_41' title='bbox 974 755 990 803; x_wconf 90' lang='lat'><strong>;</strong></span> <span class='ocrx_word' id='word_1_42' title='bbox 1035 755 1098 794; x_wconf 91' lang='lat' dir='ltr'>se</span> <span class='ocrx_word' id='word_1_43' title='bbox 1130 744 1329 794; x_wconf 89' lang='lat' dir='ltr'>tamen</span> <span class='ocrx_word' id='word_1_44' title='bbox 1361 739 1638 794; x_wconf 88' lang='lat' dir='ltr'>didicisse</span> <span class='ocrx_word' id='word_1_45' title='bbox 1665 754 1830 809; x_wconf 89' lang='lat' dir='ltr'>sym-</span> 
     </span>
    </p>
   </div>
   <div class='ocr_carea' id='block_1_8' title="bbox 167 827 1829 900">
    <p class='ocr_par' dir='ltr' id='par_1_8' title="bbox 167 827 1829 900">
     <span class='ocr_line' id='line_1_8' title="bbox 167 827 1829 900; baseline -0.004 -14"><span class='ocrx_word' id='word_1_46' title='bbox 167 828 405 894; x_wconf 88' lang='lat' dir='ltr'>bolum,</span> <span class='ocrx_word' id='word_1_47' title='bbox 438 828 694 900; x_wconf 82' lang='lat' dir='ltr'>ideoque</span> <span class='ocrx_word' id='word_1_48' title='bbox 727 828 1019 883; x_wconf 78' lang='lat' dir='ltr'>memoria</span> <span class='ocrx_word' id='word_1_49' title='bbox 1047 827 1174 897; x_wconf 90' lang='lat' dir='ltr'>jam</span> <span class='ocrx_word' id='word_1_50' title='bbox 1216 833 1412 884; x_wconf 91' lang='lat' dir='ltr'>tenere</span> <span class='ocrx_word' id='word_1_51' title='bbox 1443 827 1829 883; x_wconf 88' lang='lat' dir='ltr'>nihilominus</span> 
     </span>
    </p>
   </div>
   <div class='ocr_carea' id='block_1_9' title="bbox 172 915 1830 988">
    <p class='ocr_par' dir='ltr' id='par_1_9' title="bbox 172 915 1830 988">
     <span class='ocr_line' id='line_1_9' title="bbox 172 915 1830 988; baseline -0.002 -14"><span class='ocrx_word' id='word_1_52' title='bbox 172 919 237 974; x_wconf 90' lang='lat' dir='ltr'>in</span> <span class='ocrx_word' id='word_1_53' title='bbox 266 919 480 974; x_wconf 90' lang='lat' dir='ltr'>eadem</span> <span class='ocrx_word' id='word_1_54' title='bbox 513 915 833 973; x_wconf 89' lang='lat' dir='ltr'>tentatione</span> <span class='ocrx_word' id='word_1_55' title='bbox 862 915 1064 972; x_wconf 79' lang='lat' dir='ltr'>litteris</span> <span class='ocrx_word' id='word_1_56' title='bbox 1089 916 1287 972; x_wconf 87' lang='lat' dir='ltr'>fassus</span> <span class='ocrx_word' id='word_1_57' title='bbox 1317 921 1403 972; x_wconf 92' lang='lat' dir='ltr'>est</span> <span class='ocrx_word' id='word_1_58' title='bbox 1431 933 1442 971; x_wconf 92' lang='lat'>:</span> <span class='ocrx_word' id='word_1_59' title='bbox 1471 918 1674 988; x_wconf 88' lang='lat' dir='ltr'>sicque</span> <span class='ocrx_word' id='word_1_60' title='bbox 1705 932 1830 972; x_wconf 88' lang='lat' dir='ltr'>om-</span> 
     </span>
    </p>
   </div>
   <div class='ocr_carea' id='block_1_10' title="bbox 170 1005 1826 1077">
    <p class='ocr_par' dir='ltr' id='par_1_10' title="bbox 170 1005 1826 1077">
     <span class='ocr_line' id='line_1_10' title="bbox 170 1005 1826 1077; baseline -0.002 -14"><span class='ocrx_word' id='word_1_61' title='bbox 170 1008 266 1064; x_wconf 89' lang='lat' dir='ltr'>nis</span> <span class='ocrx_word' id='word_1_62' title='bbox 299 1010 389 1062; x_wconf 89' lang='lat' dir='ltr'>est</span> <span class='ocrx_word' id='word_1_63' title='bbox 413 1005 492 1062; x_wconf 91' lang='lat' dir='ltr'>ab</span> <span class='ocrx_word' id='word_1_64' title='bbox 521 1022 590 1062; x_wconf 89' lang='lat' dir='ltr'>eo</span> <span class='ocrx_word' id='word_1_65' title='bbox 619 1005 816 1061; x_wconf 87' lang='lat' dir='ltr'>deleta</span> <span class='ocrx_word' id='word_1_66' title='bbox 847 1006 1180 1074; x_wconf 82' lang='lat' dir='ltr'>nugacitas,</span> <span class='ocrx_word' id='word_1_67' title='bbox 1213 1021 1370 1077; x_wconf 67' lang='lat' dir='ltr'>quae,</span> <span class='ocrx_word' id='word_1_68' title='bbox 1407 1011 1468 1061; x_wconf 92' lang='lat' dir='ltr'>ut</span> <span class='ocrx_word' id='word_1_69' title='bbox 1499 1006 1632 1072; x_wconf 90' lang='lat' dir='ltr'>seis,</span> <span class='ocrx_word' id='word_1_70' title='bbox 1667 1005 1826 1060; x_wconf 88' lang='lat' dir='ltr'>mul-</span> 
     </span>
    </p>
   </div>
   <div class='ocr_carea' id='block_1_11' title="bbox 171 1093 1829 1167">
    <p class='ocr_par' dir='ltr' id='par_1_11' title="bbox 171 1093 1829 1167">
     <span class='ocr_line' id='line_1_11' title="bbox 171 1093 1829 1167; baseline -0.003 -14"><span class='ocrx_word' id='word_1_71' title='bbox 171 1102 302 1153; x_wconf 89' lang='lat' dir='ltr'>tum</span> <span class='ocrx_word' id='word_1_72' title='bbox 333 1095 723 1152; x_wconf 90' lang='lat' dir='ltr'>deeolorabat</span> <span class='ocrx_word' id='word_1_73' title='bbox 749 1094 1085 1150; x_wconf 85' lang='lat' dir='ltr'>naturalem</span> <span class='ocrx_word' id='word_1_74' title='bbox 1126 1095 1458 1167; x_wconf 87' lang='lat' dir='ltr'>quamdam</span> <span class='ocrx_word' id='word_1_75' title='bbox 1503 1095 1633 1165; x_wconf 90' lang='lat' dir='ltr'>ejus</span> <span class='ocrx_word' id='word_1_76' title='bbox 1665 1093 1829 1150; x_wconf 88' lang='lat' dir='ltr'>beni-</span> 
     </span>
    </p>
   </div>
   <div class='ocr_carea' id='block_1_12' title="bbox 171 1182 1830 1256">
    <p class='ocr_par' dir='ltr' id='par_1_12' title="bbox 171 1182 1830 1256">
     <span class='ocr_line' id='line_1_12' title="bbox 171 1182 1830 1256; baseline -0.002 -15"><span class='ocrx_word' id='word_1_77' title='bbox 171 1185 484 1256; x_wconf 87' lang='lat' dir='ltr'>gnitatem,</span> <span class='ocrx_word' id='word_1_78' title='bbox 517 1199 776 1256; x_wconf 91' lang='lat' dir='ltr'>eumque</span> <span class='ocrx_word' id='word_1_79' title='bbox 803 1183 1186 1238; x_wconf 84' lang='lat' dir='ltr'>insultantem</span> <span class='ocrx_word' id='word_1_80' title='bbox 1211 1183 1554 1239; x_wconf 84' lang='lat' dir='ltr'>Christianis</span> <span class='ocrx_word' id='word_1_81' title='bbox 1574 1182 1830 1238; x_wconf 85' lang='lat' dir='ltr'>faciebat</span> 
     </span>
    </p>
   </div>
   <div class='ocr_carea' id='block_1_13' title="bbox 172 1270 1827 1343">
    <p class='ocr_par' dir='ltr' id='par_1_13' title="bbox 172 1270 1827 1343">
     <span class='ocr_line' id='line_1_13' title="bbox 172 1270 1827 1343; baseline -0.002 -13"><span class='ocrx_word' id='word_1_82' title='bbox 172 1273 346 1330; x_wconf 85' lang='lat' dir='ltr'>valde</span> <span class='ocrx_word' id='word_1_83' title='bbox 373 1270 750 1342; x_wconf 88' lang='lat' dir='ltr'>sacrilegum.</span> <span class='ocrx_word' id='word_1_84' title='bbox 786 1272 939 1338; x_wconf 88' lang='lat' dir='ltr'>Quid</span> <span class='ocrx_word' id='word_1_85' title='bbox 963 1272 1183 1338; x_wconf 90' lang='lat' dir='ltr'>dicam,</span> <span class='ocrx_word' id='word_1_86' title='bbox 1209 1273 1339 1339; x_wconf 89' lang='lat' dir='ltr'>nisi,</span> <span class='ocrx_word' id='word_1_87' title='bbox 1377 1272 1626 1328; x_wconf 87' lang='lat' dir='ltr'>Domino</span> <span class='ocrx_word' id='word_1_88' title='bbox 1655 1271 1827 1343; x_wconf 87' lang='lat' dir='ltr'>hym-</span> 
     </span>
    </p>
   </div>
   <div class='ocr_carea' id='block_1_14' title="bbox 171 1359 1824 1433">
    <p class='ocr_par' dir='ltr' id='par_1_14' title="bbox 171 1359 1824 1433">
     <span class='ocr_line' id='line_1_14' title="bbox 171 1359 1824 1433; baseline -0.002 -14"><span class='ocrx_word' id='word_1_89' title='bbox 171 1379 323 1419; x_wconf 91' lang='lat' dir='ltr'>num</span> <span class='ocrx_word' id='word_1_90' title='bbox 353 1377 667 1428; x_wconf 89' lang='lat' dir='ltr'>canamus,</span> <span class='ocrx_word' id='word_1_91' title='bbox 699 1366 756 1417; x_wconf 90' lang='lat' dir='ltr'>et</span> <span class='ocrx_word' id='word_1_92' title='bbox 793 1362 1300 1433; x_wconf 83' lang='lat' dir='ltr'>superexaltemus</span> <span class='ocrx_word' id='word_1_93' title='bbox 1331 1377 1469 1417; x_wconf 93' lang='lat' dir='ltr'>eum</span> <span class='ocrx_word' id='word_1_94' title='bbox 1494 1362 1554 1417; x_wconf 91' lang='lat' dir='ltr'>in</span> <span class='ocrx_word' id='word_1_95' title='bbox 1587 1359 1824 1426; x_wconf 62' lang='lat' dir='ltr'>saecula,</span> 
     </span>
    </p>
   </div>
   <div class='ocr_carea' id='block_1_15' title="bbox 170 1452 419 1508">
    <p class='ocr_par' dir='ltr' id='par_1_15' title="bbox 170 1452 419 1508">
     <span class='ocr_line' id='line_1_15' title="bbox 170 1452 419 1508; baseline 0 0"><span class='ocrx_word' id='word_1_96' title='bbox 170 1457 363 1508; x_wconf 78' lang='lat' dir='ltr'>Amen</span> <span class='ocrx_word' id='word_1_97' title='bbox 391 1452 419 1508; x_wconf 79' lang='lat' dir='ltr'>‘l</span> 
     </span>
    </p>
   </div>
   <div class='ocr_carea' id='block_1_16' title="bbox 595 1573 1407 1646">
    <p class='ocr_par' dir='ltr' id='par_1_16' title="bbox 595 1573 1407 1646">
     <span class='ocr_line' id='line_1_16' title="bbox 595 1573 1407 1646; baseline 0 -16"><span class='ocrx_word' id='word_1_98' title='bbox 595 1573 927 1631; x_wconf 85' lang='lat' dir='ltr'>EPISTOLA</span> <span class='ocrx_word' id='word_1_99' title='bbox 960 1574 1276 1632; x_wconf 86' lang='lat' dir='ltr'>ecxxvnr</span> <span class='ocrx_word' id='word_1_100' title='bbox 1304 1575 1407 1646; x_wconf 84' lang='grc' dir='ltr'>(α).</span> 
     </span>
    </p>
   </div>
   <div class='ocr_carea' id='block_1_17' title="bbox 168 1698 1827 1774">
    <p class='ocr_par' dir='ltr' id='par_1_17' title="bbox 168 1698 1827 1774">
     <span class='ocr_line' id='line_1_17' title="bbox 168 1698 1827 1774; baseline -0.002 -16"><span class='ocrx_word' id='word_1_101' title='bbox 168 1705 215 1758; x_wconf 89' lang='grc' dir='ltr'><em>Α</em></span> <span class='ocrx_word' id='word_1_102' title='bbox 233 1700 551 1774; x_wconf 88' lang='lat' dir='ltr'>ugustinus</span> <span class='ocrx_word' id='word_1_103' title='bbox 574 1701 903 1769; x_wconf 87' lang='lat' dir='ltr'>Honorato,</span> <span class='ocrx_word' id='word_1_104' title='bbox 927 1700 1136 1756; x_wconf 85' lang='lat' dir='ltr'>docens</span> <span class='ocrx_word' id='word_1_105' title='bbox 1158 1699 1544 1772; x_wconf 88' lang='lat' dir='ltr'>quandonam</span> <span class='ocrx_word' id='word_1_106' title='bbox 1561 1698 1827 1768; x_wconf 86' lang='lat' dir='ltr'>episcopo</span> 
     </span>
    </p>
   </div>
   <div class='ocr_carea' id='block_1_18' title="bbox 246 1788 1829 1860">
    <p class='ocr_par' dir='ltr' id='par_1_18' title="bbox 246 1788 1829 1860">
     <span class='ocr_line' id='line_1_18' title="bbox 246 1788 1829 1860; baseline -0.001 -14"><span class='ocrx_word' id='word_1_107' title='bbox 246 1792 366 1848; x_wconf 87' lang='lat' dir='ltr'>sive</span> <span class='ocrx_word' id='word_1_108' title='bbox 406 1789 636 1847; x_wconf 83' lang='lat' dir='ltr'>clericis</span> <span class='ocrx_word' id='word_1_109' title='bbox 663 1790 878 1860; x_wconf 82' lang='lat' dir='ltr'>fugere</span> <span class='ocrx_word' id='word_1_110' title='bbox 913 1789 1108 1856; x_wconf 85' lang='lat' dir='ltr'>liceat,</span> <span class='ocrx_word' id='word_1_111' title='bbox 1141 1789 1486 1846; x_wconf 73' lang='lat' dir='ltr'>imminente</span> <span class='ocrx_word' id='word_1_112' title='bbox 1513 1788 1829 1845; x_wconf 76' lang='lat' dir='ltr'>obsidionis</span> 
     </span>
    </p>
   </div>
   <div class='ocr_carea' id='block_1_19' title="bbox 251 1879 901 1950">
    <p class='ocr_par' dir='ltr' id='par_1_19' title="bbox 251 1879 901 1950">
     <span class='ocr_line' id='line_1_19' title="bbox 251 1879 901 1950; baseline -0.006 -12"><span class='ocrx_word' id='word_1_113' title='bbox 251 1886 358 1938; x_wconf 88' lang='lat' dir='ltr'>aut</span> <span class='ocrx_word' id='word_1_114' title='bbox 383 1879 596 1938; x_wconf 72' lang='lat' dir='ltr'>excidii</span> <span class='ocrx_word' id='word_1_115' title='bbox 617 1880 901 1950; x_wconf 81' lang='lat' dir='ltr'>periculo.</span> 
     </span>
    </p>
   </div>
   <div class='ocr_carea' id='block_1_20' title="bbox 175 2001 1826 2074">
    <p class='ocr_par' dir='ltr' id='par_1_20' title="bbox 175 2001 1826 2074">
     <span class='ocr_line' id='line_1_20' title="bbox 175 2001 1826 2074; baseline -0.001 -14"><span class='ocrx_word' id='word_1_116' title='bbox 175 2004 398 2060; x_wconf 90' lang='lat' dir='ltr'>Sancto</span> <span class='ocrx_word' id='word_1_117' title='bbox 431 2001 594 2058; x_wconf 82' lang='lat' dir='ltr'>fratri</span> <span class='ocrx_word' id='word_1_118' title='bbox 619 2004 675 2058; x_wconf 92' lang='lat' dir='ltr'>et</span> <span class='ocrx_word' id='word_1_119' title='bbox 705 2001 1064 2074; x_wconf 88' lang='lat' dir='ltr'>coepiscopo</span> <span class='ocrx_word' id='word_1_120' title='bbox 1096 2001 1425 2067; x_wconf 75' lang='lat' dir='ltr'>HONORATO,</span> <span class='ocrx_word' id='word_1_121' title='bbox 1454 2002 1826 2067; x_wconf 69' lang='lat' dir='ltr'>AUGUSTINUS,</span> 
     </span>
    </p>
   </div>
   <div class='ocr_carea' id='block_1_21' title="bbox 623 2090 1380 2163">
    <p class='ocr_par' dir='ltr' id='par_1_21' title="bbox 623 2090 1380 2163">
     <span class='ocr_line' id='line_1_21' title="bbox 623 2090 1380 2163; baseline -0.001 -18"><span class='ocrx_word' id='word_1_122' title='bbox 623 2091 684 2146; x_wconf 90' lang='lat' dir='ltr'>in</span> <span class='ocrx_word' id='word_1_123' title='bbox 715 2090 968 2147; x_wconf 92' lang='lat' dir='ltr'>Domino</span> <span class='ocrx_word' id='word_1_124' title='bbox 995 2090 1252 2146; x_wconf 87' lang='lat' dir='ltr'>salutem</span> <span class='ocrx_word' id='word_1_125' title='bbox 1280 2090 1380 2163; x_wconf 91' lang='lat' dir='ltr'>(b).</span> 
     </span>
    </p>
   </div>
   <div class='ocr_carea' id='block_1_22' title="bbox 251 2212 1830 2285">
    <p class='ocr_par' dir='ltr' id='par_1_22' title="bbox 251 2212 1830 2285">
     <span class='ocr_line' id='line_1_22' title="bbox 251 2212 1830 2285; baseline -0.001 -15"><span class='ocrx_word' id='word_1_126' title='bbox 251 2216 301 2270; x_wconf 92' lang='grc'><strong>1.</strong></span> <span class='ocrx_word' id='word_1_127' title='bbox 333 2213 609 2270; x_wconf 91' lang='lat' dir='ltr'>Charitati</span> <span class='ocrx_word' id='word_1_128' title='bbox 651 2215 767 2268; x_wconf 69' lang='lat' dir='ltr'>tuae</span> <span class='ocrx_word' id='word_1_129' title='bbox 808 2213 994 2268; x_wconf 90' lang='lat' dir='ltr'>misso</span> <span class='ocrx_word' id='word_1_130' title='bbox 1035 2212 1307 2284; x_wconf 85' lang='lat' dir='ltr'>exemplo</span> <span class='ocrx_word' id='word_1_131' title='bbox 1349 2212 1612 2285; x_wconf 62' lang='lat' dir='ltr'>epistolas</span> <span class='ocrx_word' id='word_1_132' title='bbox 1643 2229 1830 2285; x_wconf 91' lang='lat' dir='ltr'>quam</span> 
     </span>
    </p>
   </div>
   <div class='ocr_carea' id='block_1_23' title="bbox 172 2301 1830 2374">
    <p class='ocr_par' dir='ltr' id='par_1_23' title="bbox 172 2301 1830 2374">
     <span class='ocr_line' id='line_1_23' title="bbox 172 2301 1830 2374; baseline -0.002 -13"><span class='ocrx_word' id='word_1_133' title='bbox 172 2303 343 2361; x_wconf 85' lang='lat' dir='ltr'>fratri</span> <span class='ocrx_word' id='word_1_134' title='bbox 376 2301 792 2369; x_wconf 90' lang='lat' dir='ltr'>Quodvultdeo</span> <span class='ocrx_word' id='word_1_135' title='bbox 825 2307 1025 2358; x_wconf 92' lang='lat' dir='ltr'>nostro</span> <span class='ocrx_word' id='word_1_136' title='bbox 1057 2301 1413 2374; x_wconf 88' lang='lat' dir='ltr'>coepiscopo</span> <span class='ocrx_word' id='word_1_137' title='bbox 1444 2302 1682 2374; x_wconf 89' lang='lat' dir='ltr'>scripsi,</span> <span class='ocrx_word' id='word_1_138' title='bbox 1723 2318 1830 2373; x_wconf 87' lang='lat' dir='ltr'>pu-</span> 
     </span>
    </p>
   </div>
   <div class='ocr_carea' id='block_1_24' title="bbox 176 2390 1828 2463">
    <p class='ocr_par' dir='ltr' id='par_1_24' title="bbox 176 2390 1828 2463">
     <span class='ocr_line' id='line_1_24' title="bbox 176 2390 1828 2463; baseline -0.002 -14"><span class='ocrx_word' id='word_1_139' title='bbox 176 2393 383 2450; x_wconf 86' lang='lat' dir='ltr'>tabam</span> <span class='ocrx_word' id='word_1_140' title='bbox 408 2408 502 2447; x_wconf 91' lang='lat' dir='ltr'>me</span> <span class='ocrx_word' id='word_1_141' title='bbox 516 2392 629 2446; x_wconf 92' lang='lat' dir='ltr'>hoc</span> <span class='ocrx_word' id='word_1_142' title='bbox 645 2406 823 2447; x_wconf 90' lang='lat' dir='ltr'>onere</span> <span class='ocrx_word' id='word_1_143' title='bbox 842 2391 1105 2447; x_wconf 89' lang='lat' dir='ltr'>caruisse</span> <span class='ocrx_word' id='word_1_144' title='bbox 1119 2391 1282 2462; x_wconf 94' lang='lat' dir='ltr'>quod</span> <span class='ocrx_word' id='word_1_145' title='bbox 1304 2392 1447 2446; x_wconf 91' lang='lat' dir='ltr'>mihi</span> <span class='ocrx_word' id='word_1_146' title='bbox 1471 2390 1828 2463; x_wconf 88' lang='lat' dir='ltr'>imposuisti,</span> 
     </span>
    </p>
   </div>
   <div class='ocr_carea' id='block_1_25' title="bbox 175 2479 1832 2554">
    <p class='ocr_par' dir='ltr' id='par_1_25' title="bbox 175 2479 1832 2554">
     <span class='ocr_line' id='line_1_25' title="bbox 175 2479 1832 2554; baseline -0.002 -17"><span class='ocrx_word' id='word_1_147' title='bbox 175 2481 506 2554; x_wconf 80' lang='lat' dir='ltr'>quaerendo</span> <span class='ocrx_word' id='word_1_148' title='bbox 529 2479 840 2536; x_wconf 90' lang='lat' dir='ltr'>consilium</span> <span class='ocrx_word' id='word_1_149' title='bbox 866 2480 1011 2552; x_wconf 90' lang='lat' dir='ltr'>quid</span> <span class='ocrx_word' id='word_1_150' title='bbox 1030 2480 1089 2534; x_wconf 92' lang='lat' dir='ltr'>in</span> <span class='ocrx_word' id='word_1_151' title='bbox 1116 2480 1208 2535; x_wconf 89' lang='lat' dir='ltr'>his</span> <span class='ocrx_word' id='word_1_152' title='bbox 1235 2479 1512 2552; x_wconf 89' lang='lat' dir='ltr'>periculis</span> <span class='ocrx_word' id='word_1_153' title='bbox 1530 2495 1666 2552; x_wconf 56' lang='lat' dir='ltr'>quas</span> <span class='ocrx_word' id='word_1_154' title='bbox 1688 2484 1832 2534; x_wconf 89' lang='lat' dir='ltr'>tem-</span> 
     </span>
    </p>
   </div>
   <div class='ocr_carea' id='block_1_26' title="bbox 175 2568 1833 2643">
    <p class='ocr_par' dir='ltr' id='par_1_26' title="bbox 175 2568 1833 2643">
     <span class='ocr_line' id='line_1_26' title="bbox 175 2568 1833 2643; baseline -0.002 -17"><span class='ocrx_word' id='word_1_155' title='bbox 175 2586 329 2643; x_wconf 85' lang='lat' dir='ltr'>pora</span> <span class='ocrx_word' id='word_1_156' title='bbox 361 2575 564 2626; x_wconf 88' lang='lat' dir='ltr'>nostra</span> <span class='ocrx_word' id='word_1_157' title='bbox 595 2570 969 2636; x_wconf 90' lang='lat' dir='ltr'>invenerunt,</span> <span class='ocrx_word' id='word_1_158' title='bbox 1003 2569 1193 2624; x_wconf 87' lang='lat' dir='ltr'>facere</span> <span class='ocrx_word' id='word_1_159' title='bbox 1225 2569 1512 2623; x_wconf 87' lang='lat' dir='ltr'>debeatis.</span> <span class='ocrx_word' id='word_1_160' title='bbox 1545 2568 1833 2633; x_wconf 83' lang='lat' dir='ltr'>Quamvis</span> 
     </span>
    </p>
   </div>
   <div class='ocr_carea' id='block_1_27' title="bbox 176 2657 1834 2731">
    <p class='ocr_par' dir='ltr' id='par_1_27' title="bbox 176 2657 1834 2731">
     <span class='ocr_line' id='line_1_27' title="bbox 176 2657 1834 2731; baseline -0.001 -16"><span class='ocrx_word' id='word_1_161' title='bbox 176 2659 339 2715; x_wconf 88' lang='lat' dir='ltr'>enim</span> <span class='ocrx_word' id='word_1_162' title='bbox 370 2658 686 2731; x_wconf 88' lang='lat' dir='ltr'>epistolam</span> <span class='ocrx_word' id='word_1_163' title='bbox 712 2657 872 2713; x_wconf 89' lang='lat' dir='ltr'>illam</span> <span class='ocrx_word' id='word_1_164' title='bbox 899 2657 1154 2712; x_wconf 90' lang='lat' dir='ltr'>breviter</span> <span class='ocrx_word' id='word_1_165' title='bbox 1180 2658 1540 2728; x_wconf 85' lang='lat' dir='ltr'>scripserim,</span> <span class='ocrx_word' id='word_1_166' title='bbox 1571 2657 1716 2712; x_wconf 89' lang='lat' dir='ltr'>nihil</span> <span class='ocrx_word' id='word_1_167' title='bbox 1741 2673 1834 2713; x_wconf 92' lang='lat' dir='ltr'>me</span> 
     </span>
    </p>
   </div>
   <div class='ocr_carea' id='block_1_28' title="bbox 178 2746 1837 2819">
    <p class='ocr_par' dir='ltr' id='par_1_28' title="bbox 178 2746 1837 2819">
     <span class='ocr_line' id='line_1_28' title="bbox 178 2746 1837 2819; baseline -0.002 -15"><span class='ocrx_word' id='word_1_168' title='bbox 178 2753 382 2804; x_wconf 90' lang='lat' dir='ltr'>tamen</span> <span class='ocrx_word' id='word_1_169' title='bbox 412 2746 859 2819; x_wconf 61' lang='lat' dir='ltr'>praetermisisse</span> <span class='ocrx_word' id='word_1_170' title='bbox 878 2747 1154 2810; x_wconf 88' lang='lat' dir='ltr'>arbitror,</span> <span class='ocrx_word' id='word_1_171' title='bbox 1177 2746 1343 2817; x_wconf 91' lang='lat' dir='ltr'>quod</span> <span class='ocrx_word' id='word_1_172' title='bbox 1365 2753 1420 2801; x_wconf 86' lang='lat' dir='ltr'>et</span> <span class='ocrx_word' id='word_1_173' title='bbox 1451 2746 1837 2817; x_wconf 80' lang='lat' dir='ltr'>respondenti</span> 
     </span>
    </p>
   </div>
   <div class='ocr_carea' id='block_1_29' title="bbox 177 2833 1834 2908">
    <p class='ocr_par' dir='ltr' id='par_1_29' title="bbox 177 2833 1834 2908">
     <span class='ocr_line' id='line_1_29' title="bbox 177 2833 1834 2908; baseline -0.003 -15"><span class='ocrx_word' id='word_1_174' title='bbox 177 2837 400 2898; x_wconf 89' lang='lat' dir='ltr'>dicere,</span> <span class='ocrx_word' id='word_1_175' title='bbox 433 2842 490 2892; x_wconf 90' lang='lat' dir='ltr'>et</span> <span class='ocrx_word' id='word_1_176' title='bbox 519 2835 810 2908; x_wconf 71' lang='lat' dir='ltr'>qumrenti</span> <span class='ocrx_word' id='word_1_177' title='bbox 837 2836 1044 2890; x_wconf 89' lang='lat' dir='ltr'>audire</span> <span class='ocrx_word' id='word_1_178' title='bbox 1077 2834 1373 2890; x_wconf 84' lang='lat' dir='ltr'>sufﬁceret</span> <span class='ocrx_word' id='word_1_179' title='bbox 1406 2854 1418 2892; x_wconf 73' lang='grc' dir='ltr'><em>τ</em></span> <span class='ocrx_word' id='word_1_180' title='bbox 1454 2833 1834 2906; x_wconf 89' lang='lat' dir='ltr'>quandoqui-</span> 
     </span>
    </p>
   </div>
   <div class='ocr_carea' id='block_1_30' title="bbox 178 2921 1836 2996">
    <p class='ocr_par' dir='ltr' id='par_1_30' title="bbox 178 2921 1836 2996">
     <span class='ocr_line' id='line_1_30' title="bbox 178 2921 1836 2996; baseline -0.003 -14"><span class='ocrx_word' id='word_1_181' title='bbox 178 2927 319 2982; x_wconf 91' lang='lat' dir='ltr'>dem</span> <span class='ocrx_word' id='word_1_182' title='bbox 346 2926 471 2981; x_wconf 82' lang='lat' dir='ltr'>dixi</span> <span class='ocrx_word' id='word_1_183' title='bbox 505 2923 612 2981; x_wconf 84' lang='lat' dir='ltr'>nec</span> <span class='ocrx_word' id='word_1_184' title='bbox 639 2941 738 2980; x_wconf 90' lang='lat' dir='ltr'>eos</span> <span class='ocrx_word' id='word_1_185' title='bbox 769 2940 899 2980; x_wconf 91' lang='lat' dir='ltr'>esse</span> <span class='ocrx_word' id='word_1_186' title='bbox 932 2924 1342 2996; x_wconf 88' lang='lat' dir='ltr'>prohibendos</span> <span class='ocrx_word' id='word_1_187' title='bbox 1374 2925 1476 2995; x_wconf 88' lang='lat' dir='ltr'>qui</span> <span class='ocrx_word' id='word_1_188' title='bbox 1511 2924 1585 2978; x_wconf 88' lang='lat' dir='ltr'>ad</span> <span class='ocrx_word' id='word_1_189' title='bbox 1616 2923 1767 2988; x_wconf 89' lang='lat' dir='ltr'>loca,</span> <span class='ocrx_word' id='word_1_190' title='bbox 1789 2921 1836 2977; x_wconf 91' lang='lat' dir='ltr'>si</span> 
     </span>
    </p>
   </div>
   <div class='ocr_carea' id='block_1_31' title="bbox 176 3011 1832 3089">
    <p class='ocr_par' dir='ltr' id='par_1_31' title="bbox 176 3011 1832 3089">
     <span class='ocr_line' id='line_1_31' title="bbox 176 3011 1832 3089; baseline -0.004 -17"><span class='ocrx_word' id='word_1_191' title='bbox 176 3021 453 3089; x_wconf 90' lang='lat' dir='ltr'>possunt,</span> <span class='ocrx_word' id='word_1_192' title='bbox 489 3015 714 3070; x_wconf 90' lang='lat' dir='ltr'>munita</span> <span class='ocrx_word' id='word_1_193' title='bbox 739 3016 992 3084; x_wconf 86' lang='lat' dir='ltr'>migrare</span> <span class='ocrx_word' id='word_1_194' title='bbox 1024 3013 1409 3078; x_wconf 88' lang='lat' dir='ltr'>desiderant;</span> <span class='ocrx_word' id='word_1_195' title='bbox 1443 3018 1498 3068; x_wconf 92' lang='lat' dir='ltr'>et</span> <span class='ocrx_word' id='word_1_196' title='bbox 1524 3011 1832 3068; x_wconf 88' lang='lat' dir='ltr'>ministerii</span> 
     </span>
    </p>
   </div>
   <div class='ocr_carea' id='block_1_32' title="bbox 181 3100 1837 3175">
    <p class='ocr_par' dir='ltr' id='par_1_32' title="bbox 181 3100 1837 3175">
     <span class='ocr_line' id='line_1_32' title="bbox 181 3100 1837 3175; baseline -0.005 -13"><span class='ocrx_word' id='word_1_197' title='bbox 181 3105 373 3162; x_wconf 87' lang='lat' dir='ltr'>nostri</span> <span class='ocrx_word' id='word_1_198' title='bbox 406 3103 664 3168; x_wconf 86' lang='lat' dir='ltr'>vincula,</span> <span class='ocrx_word' id='word_1_199' title='bbox 701 3103 925 3175; x_wconf 87' lang='lat' dir='ltr'>quibus</span> <span class='ocrx_word' id='word_1_200' title='bbox 954 3118 1064 3157; x_wconf 91' lang='lat' dir='ltr'>nos</span> <span class='ocrx_word' id='word_1_201' title='bbox 1097 3101 1308 3157; x_wconf 90' lang='lat' dir='ltr'>Christi</span> <span class='ocrx_word' id='word_1_202' title='bbox 1340 3102 1600 3158; x_wconf 88' lang='lat' dir='ltr'>charitas</span> <span class='ocrx_word' id='word_1_203' title='bbox 1631 3100 1837 3168; x_wconf 87' lang='lat' dir='ltr'>alliga-</span> 
     </span>
    </p>
   </div>
   <div class='ocr_carea' id='block_1_33' title="bbox 177 3189 1833 3263">
    <p class='ocr_par' dir='ltr' id='par_1_33' title="bbox 177 3189 1833 3263">
     <span class='ocr_line' id='line_1_33' title="bbox 177 3189 1833 3263; baseline -0.004 -14"><span class='ocrx_word' id='word_1_204' title='bbox 177 3195 282 3259; x_wconf 94' lang='lat' dir='ltr'>vit,</span> <span class='ocrx_word' id='word_1_205' title='bbox 326 3209 400 3249; x_wconf 93' lang='lat' dir='ltr'>ne</span> <span class='ocrx_word' id='word_1_206' title='bbox 430 3193 781 3248; x_wconf 86' lang='lat' dir='ltr'>deseramus</span> <span class='ocrx_word' id='word_1_207' title='bbox 827 3191 1113 3246; x_wconf 89' lang='lat' dir='ltr'>Eeclesias</span> <span class='ocrx_word' id='word_1_208' title='bbox 1156 3190 1376 3263; x_wconf 89' lang='lat' dir='ltr'>quibus</span> <span class='ocrx_word' id='word_1_209' title='bbox 1407 3191 1625 3246; x_wconf 87' lang='lat' dir='ltr'>servire</span> <span class='ocrx_word' id='word_1_210' title='bbox 1653 3189 1833 3244; x_wconf 90' lang='lat' dir='ltr'>debe-</span> 
     </span>
    </p>
   </div>
   <div class='ocr_carea' id='block_1_34' title="bbox 183 3280 1840 3352">
    <p class='ocr_par' dir='ltr' id='par_1_34' title="bbox 183 3280 1840 3352">
     <span class='ocr_line' id='line_1_34' title="bbox 183 3280 1840 3352; baseline -0.003 -14"><span class='ocrx_word' id='word_1_211' title='bbox 183 3299 342 3349; x_wconf 93' lang='lat' dir='ltr'>mus,</span> <span class='ocrx_word' id='word_1_212' title='bbox 377 3297 498 3338; x_wconf 91' lang='lat' dir='ltr'>non</span> <span class='ocrx_word' id='word_1_213' title='bbox 529 3297 661 3337; x_wconf 87' lang='lat' dir='ltr'>esse</span> <span class='ocrx_word' id='word_1_214' title='bbox 691 3280 1050 3352; x_wconf 89' lang='lat' dir='ltr'>rumpenda.</span> <span class='ocrx_word' id='word_1_215' title='bbox 1084 3282 1198 3334; x_wconf 89' lang='lat' dir='ltr'>lsta</span> <span class='ocrx_word' id='word_1_216' title='bbox 1229 3280 1453 3352; x_wconf 89' lang='lat' dir='ltr'>quippe</span> <span class='ocrx_word' id='word_1_217' title='bbox 1484 3280 1667 3335; x_wconf 88' lang='lat' dir='ltr'>verba</span> <span class='ocrx_word' id='word_1_218' title='bbox 1701 3283 1840 3333; x_wconf 89' lang='lat' dir='ltr'>sunt</span> 
     </span>
    </p>
   </div>
   <div class='ocr_carea' id='block_1_35' title="bbox 176 3369 1835 3445">
    <p class='ocr_par' dir='ltr' id='par_1_35' title="bbox 176 3369 1835 3445">
     <span class='ocr_line' id='line_1_35' title="bbox 176 3369 1835 3445; baseline -0.001 -21"><span class='ocrx_word' id='word_1_219' title='bbox 176 3388 316 3445; x_wconf 68' lang='lat' dir='ltr'>quea</span> <span class='ocrx_word' id='word_1_220' title='bbox 335 3373 393 3426; x_wconf 91' lang='lat' dir='ltr'>in</span> <span class='ocrx_word' id='word_1_221' title='bbox 420 3371 518 3426; x_wconf 91' lang='lat' dir='ltr'>illa</span> <span class='ocrx_word' id='word_1_222' title='bbox 537 3370 788 3442; x_wconf 87' lang='lat' dir='ltr'>epistola</span> <span class='ocrx_word' id='word_1_223' title='bbox 812 3369 986 3440; x_wconf 90' lang='lat' dir='ltr'>posui</span> <span class='ocrx_word' id='word_1_224' title='bbox 1011 3369 1223 3437; x_wconf 81' lang='lat' dir='ltr'>(Epist.</span> <span class='ocrx_word' id='word_1_225' title='bbox 1253 3370 1333 3425; x_wconf 90' lang='lat' dir='ltr'>ad</span> <span class='ocrx_word' id='word_1_226' title='bbox 1357 3369 1835 3436; x_wconf 85' lang='lat' dir='ltr'>Quodvultdeum</span> 
     </span>
    </p>
   </div>
   <div class='ocr_carea' id='block_1_36' title="bbox 177 3459 1835 3532">
    <p class='ocr_par' dir='ltr' id='par_1_36' title="bbox 177 3459 1835 3532">
     <span class='ocr_line' id='line_1_36' title="bbox 177 3459 1835 3532; baseline -0.003 -15"><span class='ocrx_word' id='word_1_227' title='bbox 177 3461 540 3530; x_wconf 84' lang='lat' dir='ltr'>episcopum,</span> <span class='ocrx_word' id='word_1_228' title='bbox 570 3475 700 3532; x_wconf 75' lang='lat' dir='ltr'>quae</span> <span class='ocrx_word' id='word_1_229' title='bbox 726 3475 844 3515; x_wconf 89' lang='lat' dir='ltr'>non</span> <span class='ocrx_word' id='word_1_230' title='bbox 869 3459 1086 3530; x_wconf 73' lang='lat' dir='ltr'>exstat)</span> <span class='ocrx_word' id='word_1_231' title='bbox 1110 3476 1125 3513; x_wconf 91' lang='lat'><em>:</em></span> <span class='ocrx_word' id='word_1_232' title='bbox 1147 3461 1347 3514; x_wconf 81' lang='lat' dir='ltr'>Restat</span> <span class='ocrx_word' id='word_1_233' title='bbox 1376 3473 1536 3528; x_wconf 89' lang='lat' dir='ltr'>ergo,</span> <span class='ocrx_word' id='word_1_234' title='bbox 1566 3459 1835 3528; x_wconf 89' lang='lat' dir='ltr'>inquam,</span> 
     </span>
    </p>
   </div>
   <div class='ocr_carea' id='block_1_37' title="bbox 176 3546 1842 3622">
    <p class='ocr_par' dir='ltr' id='par_1_37' title="bbox 176 3546 1842 3622">
     <span class='ocr_line' id='line_1_37' title="bbox 176 3546 1842 3622; baseline -0.003 -16"><span class='ocrx_word' id='word_1_235' title='bbox 176 3557 240 3606; x_wconf 89' lang='lat' dir='ltr'>ut</span> <span class='ocrx_word' id='word_1_236' title='bbox 274 3565 378 3606; x_wconf 89' lang='lat' dir='ltr'>nos</span> <span class='ocrx_word' id='word_1_237' title='bbox 409 3565 659 3622; x_wconf 85' lang='lat' dir='ltr'>quorum</span> <span class='ocrx_word' id='word_1_238' title='bbox 683 3549 1066 3604; x_wconf 78' lang='lat' dir='ltr'>ministerium</span> <span class='ocrx_word' id='word_1_239' title='bbox 1103 3547 1666 3618; x_wconf 61' lang='lat' dir='ltr'>quantulaecumque</span> <span class='ocrx_word' id='word_1_240' title='bbox 1687 3546 1842 3614; x_wconf 82' lang='lat' dir='ltr'>plebi</span> 
     </span>
    </p>
   </div>
   <div class='ocr_carea' id='block_1_38' title="bbox 176 3637 1840 3705">
    <p class='ocr_par' dir='ltr' id='par_1_38' title="bbox 176 3637 1840 3705">
     <span class='ocr_line' id='line_1_38' title="bbox 176 3637 1840 3705; baseline -0.002 -9"><span class='ocrx_word' id='word_1_241' title='bbox 176 3640 287 3696; x_wconf 86' lang='lat' dir='ltr'>Dei</span> <span class='ocrx_word' id='word_1_242' title='bbox 308 3639 622 3694; x_wconf 86' lang='lat' dir='ltr'>ubisumus</span> <span class='ocrx_word' id='word_1_243' title='bbox 644 3638 926 3702; x_wconf 84' lang='lat' dir='ltr'>manenti,</span> <span class='ocrx_word' id='word_1_244' title='bbox 955 3637 1037 3692; x_wconf 88' lang='lat' dir='ltr'>ita</span> <span class='ocrx_word' id='word_1_245' title='bbox 1067 3637 1462 3694; x_wconf 82' lang='lat' dir='ltr'>necessarium</span> <span class='ocrx_word' id='word_1_246' title='bbox 1495 3644 1599 3705; x_wconf 88' lang='lat' dir='ltr'>est,</span> <span class='ocrx_word' id='word_1_247' title='bbox 1626 3642 1689 3690; x_wconf 86' lang='lat' dir='ltr'>ut</span> <span class='ocrx_word' id='word_1_248' title='bbox 1715 3637 1840 3692; x_wconf 85' lang='lat' dir='ltr'>sine</span> 
     </span>
    </p>
   </div>
   <div class='ocr_carea' id='block_1_39' title="bbox 178 3725 1838 3796">
    <p class='ocr_par' dir='ltr' id='par_1_39' title="bbox 178 3725 1838 3796">
     <span class='ocr_line' id='line_1_39' title="bbox 178 3725 1838 3796; baseline -0.002 -11"><span class='ocrx_word' id='word_1_249' title='bbox 178 3729 288 3785; x_wconf 87' lang='lat' dir='ltr'>hoc</span> <span class='ocrx_word' id='word_1_250' title='bbox 315 3743 443 3785; x_wconf 88' lang='lat' dir='ltr'>eam</span> <span class='ocrx_word' id='word_1_251' title='bbox 473 3744 591 3782; x_wconf 85' lang='lat' dir='ltr'>non</span> <span class='ocrx_word' id='word_1_252' title='bbox 613 3732 883 3795; x_wconf 87' lang='lat' dir='ltr'>oporteat</span> <span class='ocrx_word' id='word_1_253' title='bbox 903 3742 1232 3791; x_wconf 86' lang='lat' dir='ltr'>remanere,</span> <span class='ocrx_word' id='word_1_254' title='bbox 1260 3727 1529 3782; x_wconf 84' lang='lat' dir='ltr'>dicamus</span> <span class='ocrx_word' id='word_1_255' title='bbox 1563 3725 1838 3796; x_wconf 88' lang='lat' dir='ltr'>Domino,</span> 
     </span>
    </p>
   </div>
   <div class='ocr_carea' id='block_1_40' title="bbox 178 3816 1842 3886">
    <p class='ocr_par' dir='ltr' id='par_1_40' title="bbox 178 3816 1842 3886">
     <span class='ocr_line' id='line_1_40' title="bbox 178 3816 1842 3886; baseline -0.002 -12"><span class='ocrx_word' id='word_1_256' title='bbox 178 3819 321 3874; x_wconf 84' lang='lat' dir='ltr'>Esto</span> <span class='ocrx_word' id='word_1_257' title='bbox 351 3817 517 3873; x_wconf 88' lang='lat' dir='ltr'>nobis</span> <span class='ocrx_word' id='word_1_258' title='bbox 558 3819 617 3872; x_wconf 88' lang='lat' dir='ltr'>in</span> <span class='ocrx_word' id='word_1_259' title='bbox 649 3818 836 3872; x_wconf 87' lang='lat' dir='ltr'>Deum</span> <span class='ocrx_word' id='word_1_260' title='bbox 865 3822 1277 3886; x_wconf 83' lang='lat' dir='ltr'>protectorem,</span> <span class='ocrx_word' id='word_1_261' title='bbox 1313 3822 1367 3872; x_wconf 90' lang='lat' dir='ltr'>et</span> <span class='ocrx_word' id='word_1_262' title='bbox 1392 3816 1454 3870; x_wconf 83' lang='lat' dir='ltr'>in</span> <span class='ocrx_word' id='word_1_263' title='bbox 1492 3816 1683 3871; x_wconf 88' lang='lat' dir='ltr'>locum</span> <span class='ocrx_word' id='word_1_264' title='bbox 1712 3831 1842 3870; x_wconf 85' lang='lat' dir='ltr'>mu-</span> 
     </span>
    </p>
   </div>
   <div class='ocr_carea' id='block_1_41' title="bbox 175 3905 870 3977">
    <p class='ocr_par' dir='ltr' id='par_1_41' title="bbox 175 3905 870 3977">
     <span class='ocr_line' id='line_1_41' title="bbox 175 3905 870 3977; baseline -0.006 -14"><span class='ocrx_word' id='word_1_265' title='bbox 175 3907 376 3963; x_wconf 84' lang='lat' dir='ltr'>nitum</span> <span class='ocrx_word' id='word_1_266' title='bbox 404 3906 595 3977; x_wconf 89' lang='lat' dir='ltr'>(Psal.</span> <span class='ocrx_word' id='word_1_267' title='bbox 628 3921 768 3974; x_wconf 81' lang='lat' dir='ltr'>xxx,</span> <span class='ocrx_word' id='word_1_268' title='bbox 800 3905 870 3974; x_wconf 89' lang='lat'>3).</span> 
     </span>
    </p>
   </div>
   <div class='ocr_carea' id='block_1_42' title="bbox 246 3992 1837 4065">
    <p class='ocr_par' dir='ltr' id='par_1_42' title="bbox 246 3992 1837 4065">
     <span class='ocr_line' id='line_1_42' title="bbox 246 3992 1837 4065; baseline -0.001 -15"><span class='ocrx_word' id='word_1_269' title='bbox 246 3999 300 4050; x_wconf 82' lang='lat'>2.</span> <span class='ocrx_word' id='word_1_270' title='bbox 330 3994 450 4050; x_wconf 90' lang='lat' dir='ltr'>Sed</span> <span class='ocrx_word' id='word_1_271' title='bbox 479 3995 593 4050; x_wconf 90' lang='lat' dir='ltr'>hoe</span> <span class='ocrx_word' id='word_1_272' title='bbox 619 3993 937 4049; x_wconf 90' lang='lat' dir='ltr'>consilium</span> <span class='ocrx_word' id='word_1_273' title='bbox 970 3993 1074 4049; x_wconf 91' lang='lat' dir='ltr'>tibi</span> <span class='ocrx_word' id='word_1_274' title='bbox 1102 3996 1419 4065; x_wconf 87' lang='lat' dir='ltr'>propterea</span> <span class='ocrx_word' id='word_1_275' title='bbox 1445 4007 1565 4048; x_wconf 91' lang='lat' dir='ltr'>non</span> <span class='ocrx_word' id='word_1_276' title='bbox 1595 3992 1837 4058; x_wconf 86' lang='lat' dir='ltr'>sufﬁcit,</span> 
     </span>
    </p>
   </div>
   <div class='ocr_carea' id='block_1_43' title="bbox 177 4081 1844 4153">
    <p class='ocr_par' dir='ltr' id='par_1_43' title="bbox 177 4081 1844 4153">
     <span class='ocr_line' id='line_1_43' title="bbox 177 4081 1844 4153; baseline -0.002 -13"><span class='ocrx_word' id='word_1_277' title='bbox 177 4088 246 4140; x_wconf 89' lang='lat' dir='ltr'>ut</span> <span class='ocrx_word' id='word_1_278' title='bbox 276 4084 505 4148; x_wconf 90' lang='lat' dir='ltr'>scribis,</span> <span class='ocrx_word' id='word_1_279' title='bbox 530 4099 600 4138; x_wconf 90' lang='lat' dir='ltr'>ne</span> <span class='ocrx_word' id='word_1_280' title='bbox 636 4089 844 4139; x_wconf 90' lang='lat' dir='ltr'>contra</span> <span class='ocrx_word' id='word_1_281' title='bbox 873 4083 1106 4138; x_wconf 91' lang='lat' dir='ltr'>Domini</span> <span class='ocrx_word' id='word_1_282' title='bbox 1139 4086 1504 4153; x_wconf 70' lang='lat' dir='ltr'>praeceptum</span> <span class='ocrx_word' id='word_1_283' title='bbox 1528 4081 1618 4136; x_wconf 90' lang='lat' dir='ltr'>vel</span> <span class='ocrx_word' id='word_1_284' title='bbox 1640 4097 1844 4136; x_wconf 84' lang='lat' dir='ltr'>exem-</span> 
     </span>
    </p>
   </div>
   <div class='ocr_carea' id='block_1_44' title="bbox 175 4170 1840 4246">
    <p class='ocr_par' dir='ltr' id='par_1_44' title="bbox 175 4170 1840 4246">
     <span class='ocr_line' id='line_1_44' title="bbox 175 4170 1840 4246; baseline -0.001 -18"><span class='ocrx_word' id='word_1_285' title='bbox 175 4173 350 4246; x_wconf 88' lang='lat' dir='ltr'>plum</span> <span class='ocrx_word' id='word_1_286' title='bbox 368 4172 561 4228; x_wconf 87' lang='lat' dir='ltr'>facere</span> <span class='ocrx_word' id='word_1_287' title='bbox 584 4172 970 4236; x_wconf 90' lang='lat' dir='ltr'>nitamur,ubi</span> <span class='ocrx_word' id='word_1_288' title='bbox 998 4171 1349 4241; x_wconf 84' lang='lat' dir='ltr'>fugiendum</span> <span class='ocrx_word' id='word_1_289' title='bbox 1367 4186 1493 4225; x_wconf 92' lang='lat' dir='ltr'>esse</span> <span class='ocrx_word' id='word_1_290' title='bbox 1516 4170 1589 4225; x_wconf 92' lang='lat' dir='ltr'>de</span> <span class='ocrx_word' id='word_1_291' title='bbox 1608 4172 1840 4227; x_wconf 90' lang='lat' dir='ltr'>civitate</span> 
     </span>
    </p>
   </div>
   <div class='ocr_carea' id='block_1_45' title="bbox 175 4259 1838 4324">
    <p class='ocr_par' dir='ltr' id='par_1_45' title="bbox 175 4259 1838 4324">
     <span class='ocr_line' id='line_1_45' title="bbox 175 4259 1838 4324; baseline -0.002 -6"><span class='ocrx_word' id='word_1_292' title='bbox 175 4264 239 4318; x_wconf 91' lang='lat' dir='ltr'>in</span> <span class='ocrx_word' id='word_1_293' title='bbox 264 4261 562 4318; x_wconf 90' lang='lat' dir='ltr'>civitatem</span> <span class='ocrx_word' id='word_1_294' title='bbox 587 4261 1153 4317; x_wconf 82' lang='lat' dir='ltr'>monet.Recolimus</span> <span class='ocrx_word' id='word_1_295' title='bbox 1186 4260 1345 4314; x_wconf 91' lang='lat' dir='ltr'>enim</span> <span class='ocrx_word' id='word_1_296' title='bbox 1370 4259 1552 4314; x_wconf 86' lang='lat' dir='ltr'>verba</span> <span class='ocrx_word' id='word_1_297' title='bbox 1566 4259 1838 4324; x_wconf 88' lang='lat' dir='ltr'>dicentis,</span> 
     </span>
    </p>
   </div>
   <div class='ocr_carea' id='block_1_46' title="bbox 179 4349 1842 4422">
    <p class='ocr_par' dir='ltr' id='par_1_46' title="bbox 179 4349 1842 4422">
     <span class='ocr_line' id='line_1_46' title="bbox 179 4349 1842 4422; baseline -0.002 -13"><span class='ocrx_word' id='word_1_298' title='bbox 179 4352 333 4409; x_wconf 85' lang='lat' dir='ltr'>Cum</span> <span class='ocrx_word' id='word_1_299' title='bbox 372 4358 568 4407; x_wconf 86' lang='lat' dir='ltr'>autem</span> <span class='ocrx_word' id='word_1_300' title='bbox 596 4361 1029 4422; x_wconf 79' lang='lat' dir='ltr'>persequentur</span> <span class='ocrx_word' id='word_1_301' title='bbox 1050 4365 1147 4405; x_wconf 88' lang='lat' dir='ltr'>vos</span> <span class='ocrx_word' id='word_1_302' title='bbox 1174 4350 1237 4403; x_wconf 92' lang='lat' dir='ltr'>in</span> <span class='ocrx_word' id='word_1_303' title='bbox 1259 4349 1493 4405; x_wconf 85' lang='lat' dir='ltr'>civitate</span> <span class='ocrx_word' id='word_1_304' title='bbox 1518 4349 1842 4421; x_wconf 70' lang='lat' dir='ltr'>istafugite</span> 
     </span>
    </p>
   </div>
   <div class='ocr_carea' id='block_1_47' title="bbox 176 4437 1841 4512">
    <p class='ocr_par' dir='ltr' id='par_1_47' title="bbox 176 4437 1841 4512">
     <span class='ocr_line' id='line_1_47' title="bbox 176 4437 1841 4512; baseline -0.002 -15"><span class='ocrx_word' id='word_1_305' title='bbox 176 4443 242 4497; x_wconf 88' lang='lat' dir='ltr'>in</span> <span class='ocrx_word' id='word_1_306' title='bbox 257 4441 440 4497; x_wconf 87' lang='lat' dir='ltr'>aliam</span> <span class='ocrx_word' id='word_1_307' title='bbox 459 4439 879 4512; x_wconf 68' lang='lat' dir='ltr'>(Matth.x,2zt):</span> <span class='ocrx_word' id='word_1_308' title='bbox 914 4439 1045 4511; x_wconf 87' lang='lat' dir='ltr'>quis</span> <span class='ocrx_word' id='word_1_309' title='bbox 1073 4443 1268 4494; x_wconf 88' lang='lat' dir='ltr'>autem</span> <span class='ocrx_word' id='word_1_310' title='bbox 1286 4437 1486 4493; x_wconf 89' lang='lat' dir='ltr'>credat</span> <span class='ocrx_word' id='word_1_311' title='bbox 1509 4439 1585 4494; x_wconf 89' lang='lat' dir='ltr'>ita</span> <span class='ocrx_word' id='word_1_312' title='bbox 1605 4439 1718 4494; x_wconf 94' lang='lat' dir='ltr'>hoc</span> <span class='ocrx_word' id='word_1_313' title='bbox 1735 4440 1841 4493; x_wconf 81' lang='lat' dir='ltr'>Do-</span> 
     </span>
    </p>
   </div>
   <div class='ocr_carea' id='block_1_48' title="bbox 179 4527 1838 4599">
    <p class='ocr_par' dir='ltr' id='par_1_48' title="bbox 179 4527 1838 4599">
     <span class='ocr_line' id='line_1_48' title="bbox 179 4527 1838 4599; baseline -0.001 -14"><span class='ocrx_word' id='word_1_314' title='bbox 179 4532 415 4586; x_wconf 91' lang='lat' dir='ltr'>minum</span> <span class='ocrx_word' id='word_1_315' title='bbox 437 4528 561 4584; x_wconf 87' lang='lat' dir='ltr'>ﬁeri</span> <span class='ocrx_word' id='word_1_316' title='bbox 579 4528 860 4592; x_wconf 86' lang='lat' dir='ltr'>voluisse,</span> <span class='ocrx_word' id='word_1_317' title='bbox 897 4533 958 4583; x_wconf 89' lang='lat' dir='ltr'>ut</span> <span class='ocrx_word' id='word_1_318' title='bbox 989 4527 1324 4582; x_wconf 82' lang='lat' dir='ltr'>necessario</span> <span class='ocrx_word' id='word_1_319' title='bbox 1354 4527 1838 4599; x_wconf 88' lang='lat' dir='ltr'>ministerio,sine</span> 
     </span>
    </p>
   </div>
   <div class='ocr_carea' id='block_1_49' title="bbox 176 4617 1837 4692">
    <p class='ocr_par' dir='ltr' id='par_1_49' title="bbox 176 4617 1837 4692">
     <span class='ocr_line' id='line_1_49' title="bbox 176 4617 1837 4692; baseline -0.001 -18"><span class='ocrx_word' id='word_1_320' title='bbox 176 4634 304 4692; x_wconf 90' lang='lat' dir='ltr'>quo</span> <span class='ocrx_word' id='word_1_321' title='bbox 335 4619 528 4674; x_wconf 90' lang='lat' dir='ltr'>vivere</span> <span class='ocrx_word' id='word_1_322' title='bbox 559 4622 883 4690; x_wconf 87' lang='lat' dir='ltr'>nequeunt,</span> <span class='ocrx_word' id='word_1_323' title='bbox 910 4617 1259 4673; x_wconf 85' lang='lat' dir='ltr'>deserantur</span> <span class='ocrx_word' id='word_1_324' title='bbox 1289 4632 1519 4687; x_wconf 88' lang='lat' dir='ltr'>greges,</span> <span class='ocrx_word' id='word_1_325' title='bbox 1552 4633 1706 4688; x_wconf 87' lang='lat' dir='ltr'>quos</span> <span class='ocrx_word' id='word_1_326' title='bbox 1729 4633 1837 4673; x_wconf 90' lang='lat' dir='ltr'>suo</span> 
     </span>
    </p>
   </div>
   <div class='ocr_carea' id='block_1_50' title="bbox 244 4827 1833 4893">
    <p class='ocr_par' dir='ltr' id='par_1_50' title="bbox 244 4827 1833 4893">
     <span class='ocr_line' id='line_1_50' title="bbox 244 4827 1833 4893; baseline -0.001 -15"><span class='ocrx_word' id='word_1_327' title='bbox 244 4834 262 4852; x_wconf 81' lang='lat'>&#39;</span> <span class='ocrx_word' id='word_1_328' title='bbox 291 4832 541 4881; x_wconf 91' lang='lat' dir='ltr'>Correcta</span> <span class='ocrx_word' id='word_1_329' title='bbox 575 4830 641 4879; x_wconf 89' lang='lat' dir='ltr'>ad</span> <span class='ocrx_word' id='word_1_330' title='bbox 677 4845 724 4880; x_wconf 88' lang='lat' dir='ltr'>a.</span> <span class='ocrx_word' id='word_1_331' title='bbox 766 4830 818 4879; x_wconf 91' lang='lat' dir='ltr'>b.</span> <span class='ocrx_word' id='word_1_332' title='bbox 852 4829 937 4893; x_wconf 86' lang='lat' dir='ltr'>bg.</span> <span class='ocrx_word' id='word_1_333' title='bbox 977 4829 1045 4879; x_wconf 91' lang='lat' dir='ltr'>bl.</span> <span class='ocrx_word' id='word_1_334' title='bbox 1079 4843 1124 4878; x_wconf 93' lang='lat' dir='ltr'>e.</span> <span class='ocrx_word' id='word_1_335' title='bbox 1166 4843 1242 4879; x_wconf 91' lang='lat' dir='ltr'>cc.</span> <span class='ocrx_word' id='word_1_336' title='bbox 1275 4828 1310 4877; x_wconf 88' lang='lat' dir='ltr'>f.</span> <span class='ocrx_word' id='word_1_337' title='bbox 1345 4827 1400 4877; x_wconf 82' lang='lat' dir='ltr'>ff.</span> <span class='ocrx_word' id='word_1_338' title='bbox 1446 4828 1515 4880; x_wconf 90' lang='lat' dir='ltr'>fs.</span> <span class='ocrx_word' id='word_1_339' title='bbox 1543 4843 1742 4893; x_wconf 25' lang='grc' dir='ltr'>ελεγ.</span> <span class='ocrx_word' id='word_1_340' title='bbox 1779 4842 1833 4877; x_wconf 89' lang='lat' dir='ltr'>n.</span> 
     </span>
    </p>
   </div>
   <div class='ocr_carea' id='block_1_51' title="bbox 179 4891 1833 4956">
    <p class='ocr_par' dir='ltr' id='par_1_51' title="bbox 179 4891 1833 4956">
     <span class='ocr_line' id='line_1_51' title="bbox 179 4891 1833 4956; baseline -0.002 -13"><span class='ocrx_word' id='word_1_341' title='bbox 179 4910 224 4944; x_wconf 90' lang='lat' dir='ltr'>r.</span> <span class='ocrx_word' id='word_1_342' title='bbox 245 4895 381 4944; x_wconf 90' lang='lat' dir='ltr'>duos</span> <span class='ocrx_word' id='word_1_343' title='bbox 400 4896 475 4943; x_wconf 91' lang='lat' dir='ltr'>sb.</span> <span class='ocrx_word' id='word_1_344' title='bbox 506 4895 643 4944; x_wconf 90' lang='lat' dir='ltr'>duos</span> <span class='ocrx_word' id='word_1_345' title='bbox 666 4897 702 4942; x_wconf 91' lang='lat' dir='ltr'>t.</span> <span class='ocrx_word' id='word_1_346' title='bbox 727 4894 864 4942; x_wconf 90' lang='lat' dir='ltr'>duos</span> <span class='ocrx_word' id='word_1_347' title='bbox 885 4891 964 4943; x_wconf 78' lang='lat' dir='ltr'>vc.</span> <span class='ocrx_word' id='word_1_348' title='bbox 992 4897 1226 4956; x_wconf 82' lang='lat' dir='ltr'>quatuor</span> <span class='ocrx_word' id='word_1_349' title='bbox 1246 4906 1294 4940; x_wconf 82' lang='grc' dir='ltr'>ν.</span> <span class='ocrx_word' id='word_1_350' title='bbox 1314 4894 1428 4940; x_wconf 83' lang='lat' dir='ltr'>Am.</span> <span class='ocrx_word' id='word_1_351' title='bbox 1450 4891 1579 4941; x_wconf 71' lang='lat' dir='ltr'>BadI</span> <span class='ocrx_word' id='word_1_352' title='bbox 1600 4891 1682 4956; x_wconf 69' lang='lat' dir='ltr'>Er.</span> <span class='ocrx_word' id='word_1_353' title='bbox 1708 4891 1833 4941; x_wconf 87' lang='lat' dir='ltr'>Lov.</span> 
     </span>
    </p>
   </div>
   <div class='ocr_carea' id='block_1_52' title="bbox 247 4954 1838 5020">
    <p class='ocr_par' dir='ltr' id='par_1_52' title="bbox 247 4954 1838 5020">
     <span class='ocr_line' id='line_1_52' title="bbox 247 4954 1838 5020; baseline 0 -16"><span class='ocrx_word' id='word_1_354' title='bbox 247 4960 315 5018; x_wconf 87' lang='lat' dir='ltr'>(a)</span> <span class='ocrx_word' id='word_1_355' title='bbox 347 4957 487 5006; x_wconf 84' lang='lat' dir='ltr'>Alias</span> <span class='ocrx_word' id='word_1_356' title='bbox 514 4959 599 5005; x_wconf 81' lang='lat'>180</span> <span class='ocrx_word' id='word_1_357' title='bbox 626 4972 636 5004; x_wconf 89' lang='lat'><strong>:</strong></span> <span class='ocrx_word' id='word_1_358' title='bbox 667 4971 785 5020; x_wconf 70' lang='lat' dir='ltr'>quae</span> <span class='ocrx_word' id='word_1_359' title='bbox 815 4954 1110 5005; x_wconf 63' lang='grc' dir='ltr'>διηθωῖὶὸ</span> <span class='ocrx_word' id='word_1_360' title='bbox 1134 4958 1263 5010; x_wconf 87' lang='lat' dir='ltr'>erat,</span> <span class='ocrx_word' id='word_1_361' title='bbox 1296 4968 1440 5003; x_wconf 90' lang='lat' dir='ltr'>nunc</span> <span class='ocrx_word' id='word_1_362' title='bbox 1474 4956 1586 5003; x_wconf 74' lang='lat' dir='ltr'>1H.</span> <span class='ocrx_word' id='word_1_363' title='bbox 1628 4954 1838 5018; x_wconf 82' lang='lat' dir='ltr'>Scripta</span> 
     </span>
    </p>
   </div>
   <div class='ocr_carea' id='block_1_53' title="bbox 182 5020 838 5077">
    <p class='ocr_par' dir='ltr' id='par_1_53' title="bbox 182 5020 838 5077">
     <span class='ocr_line' id='line_1_53' title="bbox 182 5020 838 5077; baseline -0.005 -8"><span class='ocrx_word' id='word_1_364' title='bbox 182 5021 314 5073; x_wconf 85' lang='lat' dir='ltr'>circ.</span> <span class='ocrx_word' id='word_1_365' title='bbox 346 5033 432 5068; x_wconf 87' lang='lat' dir='ltr'>an.</span> <span class='ocrx_word' id='word_1_366' title='bbox 467 5020 573 5077; x_wconf 75' lang='grc'>428,</span> <span class='ocrx_word' id='word_1_367' title='bbox 609 5024 701 5068; x_wconf 91' lang='lat' dir='ltr'>aut</span> <span class='ocrx_word' id='word_1_368' title='bbox 729 5020 838 5066; x_wconf 76' lang='grc'>429.</span> 
     </span>
    </p>
   </div>
   <div class='ocr_carea' id='block_1_54' title="bbox 248 5078 1836 5144">
    <p class='ocr_par' dir='ltr' id='par_1_54' title="bbox 248 5078 1836 5144">
     <span class='ocr_line' id='line_1_54' title="bbox 248 5078 1836 5144; baseline -0.002 -14"><span class='ocrx_word' id='word_1_369' title='bbox 248 5083 318 5144; x_wconf 79' lang='lat' dir='ltr'>(b)</span> <span class='ocrx_word' id='word_1_370' title='bbox 346 5083 534 5131; x_wconf 87' lang='lat' dir='ltr'>Totam</span> <span class='ocrx_word' id='word_1_371' title='bbox 566 5083 764 5130; x_wconf 88' lang='lat' dir='ltr'>hancce</span> <span class='ocrx_word' id='word_1_372' title='bbox 796 5079 1090 5144; x_wconf 10' lang='lat' dir='ltr'>Epistolamﬁ</span> <span class='ocrx_word' id='word_1_373' title='bbox 1110 5080 1162 5127; x_wconf 91' lang='lat' dir='ltr'>in</span> <span class='ocrx_word' id='word_1_374' title='bbox 1190 5079 1238 5127; x_wconf 94' lang='lat' dir='ltr'>S.</span> <span class='ocrx_word' id='word_1_375' title='bbox 1263 5078 1545 5144; x_wconf 55' lang='lat' dir='ltr'>Augustini</span> <span class='ocrx_word' id='word_1_376' title='bbox 1573 5079 1680 5144; x_wconf 81' lang='lat' dir='ltr'>vita</span> <span class='ocrx_word' id='word_1_377' title='bbox 1702 5079 1836 5144; x_wconf 83' lang='lat' dir='ltr'>inse-</span> 
     </span>
    </p>
   </div>
   <div class='ocr_carea' id='block_1_55' title="bbox 181 5141 1835 5198">
    <p class='ocr_par' dir='ltr' id='par_1_55' title="bbox 181 5141 1835 5198">
     <span class='ocr_line' id='line_1_55' title="bbox 181 5141 1835 5198; baseline -0.004 -4"><span class='ocrx_word' id='word_1_378' title='bbox 181 5141 409 5194; x_wconf 85' lang='lat' dir='ltr'>rendam</span> <span class='ocrx_word' id='word_1_379' title='bbox 467 5144 620 5193; x_wconf 81' lang='lat' dir='ltr'>duxit</span> <span class='ocrx_word' id='word_1_380' title='bbox 656 5141 943 5198; x_wconf 81' lang='lat' dir='ltr'>Possidius,</span> <span class='ocrx_word' id='word_1_381' title='bbox 994 5156 1037 5190; x_wconf 90' lang='lat' dir='ltr'>c.</span> <span class='ocrx_word' id='word_1_382' title='bbox 1076 5143 1154 5190; x_wconf 91' lang='lat'>30.</span> <span class='ocrx_word' id='word_1_383' title='bbox 1201 5158 1225 5187; x_wconf 72' lang='grc' dir='ltr'>ι</span> <span class='ocrx_word' id='word_1_384' title='bbox 1262 5142 1468 5190; x_wconf 88' lang='lat' dir='ltr'>Interea</span> <span class='ocrx_word' id='word_1_385' title='bbox 1500 5141 1835 5190; x_wconf 87' lang='lat' dir='ltr'>reticendum</span> 
     </span>
    </p>
   </div>
   <div class='ocr_carea' id='block_1_56' title="bbox 184 5204 1837 5269">
    <p class='ocr_par' dir='ltr' id='par_1_56' title="bbox 184 5204 1837 5269">
     <span class='ocr_line' id='line_1_56' title="bbox 184 5204 1837 5269; baseline -0.001 -15"><span class='ocrx_word' id='word_1_386' title='bbox 184 5225 209 5254; x_wconf 71' lang='grc' dir='ltr'>ι</span> <span class='ocrx_word' id='word_1_387' title='bbox 246 5206 466 5255; x_wconf 89' lang='lat' dir='ltr'>minime</span> <span class='ocrx_word' id='word_1_388' title='bbox 498 5209 593 5269; x_wconf 84' lang='lat' dir='ltr'>est,</span> <span class='ocrx_word' id='word_1_389' title='bbox 628 5207 818 5269; x_wconf 89' lang='lat' dir='ltr'>inquit,</span> <span class='ocrx_word' id='word_1_390' title='bbox 853 5220 976 5254; x_wconf 88' lang='lat' dir='ltr'>cum</span> <span class='ocrx_word' id='word_1_391' title='bbox 1007 5205 1286 5254; x_wconf 83' lang='lat' dir='ltr'>memorati</span> <span class='ocrx_word' id='word_1_392' title='bbox 1314 5204 1837 5269; x_wconf 82' lang='lat' dir='ltr'>impenderent_l_ios-</span> 
     </span>
    </p>
   </div>
   <div class='ocr_carea' id='block_1_57' title="bbox 184 5266 1836 5329">
    <p class='ocr_par' dir='ltr' id='par_1_57' title="bbox 184 5266 1836 5329">
     <span class='ocr_line' id='line_1_57' title="bbox 184 5266 1836 5329; baseline -0.001 -12"><span class='ocrx_word' id='word_1_393' title='bbox 184 5287 210 5317; x_wconf 73' lang='grc' dir='ltr'>ι</span> <span class='ocrx_word' id='word_1_394' title='bbox 239 5274 320 5318; x_wconf 87' lang='lat' dir='ltr'>tes</span> <span class='ocrx_word' id='word_1_395' title='bbox 361 5268 645 5328; x_wconf 75' lang='lat' dir='ltr'>(Vandali),</span> <span class='ocrx_word' id='word_1_396' title='bbox 693 5266 723 5317; x_wconf 74' lang='grc' dir='ltr'>εἰ</span> <span class='ocrx_word' id='word_1_397' title='bbox 759 5272 942 5316; x_wconf 85' lang='lat' dir='ltr'>sancto</span> <span class='ocrx_word' id='word_1_398' title='bbox 980 5269 1089 5315; x_wconf 74' lang='lat' dir='ltr'>viro</span> <span class='ocrx_word' id='word_1_399' title='bbox 1125 5271 1310 5322; x_wconf 86' lang='lat' dir='ltr'>nostro</span> <span class='ocrx_word' id='word_1_400' title='bbox 1343 5266 1659 5329; x_wconf 83' lang='lat' dir='ltr'>coepiscopo</span> <span class='ocrx_word' id='word_1_401' title='bbox 1685 5266 1836 5315; x_wconf 85' lang='lat' dir='ltr'>Thia-</span> 
     </span>
    </p>
   </div>
   <div class='ocr_carea' id='block_1_58' title="bbox 183 5329 1834 5384">
    <p class='ocr_par' dir='ltr' id='par_1_58' title="bbox 183 5329 1834 5384">
     <span class='ocr_line' id='line_1_58' title="bbox 183 5329 1834 5384; baseline -0.002 -5"><span class='ocrx_word' id='word_1_402' title='bbox 183 5350 208 5379; x_wconf 77' lang='grc' dir='ltr'>ι</span> <span class='ocrx_word' id='word_1_403' title='bbox 243 5332 424 5380; x_wconf 89' lang='lat' dir='ltr'>vensis</span> <span class='ocrx_word' id='word_1_404' title='bbox 473 5331 719 5380; x_wconf 64' lang='lat' dir='ltr'>Ecclesia}</span> <span class='ocrx_word' id='word_1_405' title='bbox 755 5331 1025 5384; x_wconf 83' lang='lat' dir='ltr'>Honorato</span> <span class='ocrx_word' id='word_1_406' title='bbox 1065 5329 1254 5379; x_wconf 83' lang='lat' dir='ltr'>litteris</span> <span class='ocrx_word' id='word_1_407' title='bbox 1298 5330 1465 5377; x_wconf 88' lang='lat' dir='ltr'>fuisse</span> <span class='ocrx_word' id='word_1_408' title='bbox 1506 5329 1834 5384; x_wconf 85' lang='lat' dir='ltr'>consultum,</span> 
     </span>
    </p>
   </div>
   <div class='ocr_carea' id='block_1_59' title="bbox 183 5391 1837 5462">
    <p class='ocr_par' dir='ltr' id='par_1_59' title="bbox 183 5391 1837 5462">
     <span class='ocr_line' id='line_1_59' title="bbox 183 5391 1837 5462; baseline -0.002 -20"><span class='ocrx_word' id='word_1_409' title='bbox 183 5412 210 5442; x_wconf 72' lang='grc' dir='ltr'><strong>ι</strong></span> <span class='ocrx_word' id='word_1_410' title='bbox 247 5399 561 5462; x_wconf 76' lang='lat' dir='ltr'>utrumnam</span> <span class='ocrx_word' id='word_1_411' title='bbox 597 5394 700 5441; x_wconf 87' lang='lat' dir='ltr'>illis</span> <span class='ocrx_word' id='word_1_412' title='bbox 723 5392 1161 5462; x_wconf 76' lang='lat' dir='ltr'>adventantibus,</span> <span class='ocrx_word' id='word_1_413' title='bbox 1196 5406 1257 5440; x_wconf 84' lang='lat' dir='ltr'>ex</span> <span class='ocrx_word' id='word_1_414' title='bbox 1293 5391 1538 5462; x_wconf 78' lang='lat' dir='ltr'>Ecclesiis</span> <span class='ocrx_word' id='word_1_415' title='bbox 1573 5392 1837 5462; x_wconf 83' lang='lat' dir='ltr'>episcopis</span> 
     </span>
    </p>
   </div>
   <div class='ocr_carea' id='block_1_60' title="bbox 186 5455 1839 5516">
    <p class='ocr_par' dir='ltr' id='par_1_60' title="bbox 186 5455 1839 5516">
     <span class='ocr_line' id='line_1_60' title="bbox 186 5455 1839 5516; baseline -0.003 -12"><span class='ocrx_word' id='word_1_416' title='bbox 186 5473 213 5504; x_wconf 70' lang='grc' dir='ltr'>κ</span> <span class='ocrx_word' id='word_1_417' title='bbox 241 5458 322 5505; x_wconf 87' lang='lat' dir='ltr'>vel</span> <span class='ocrx_word' id='word_1_418' title='bbox 355 5457 560 5504; x_wconf 88' lang='lat' dir='ltr'>clericis</span> <span class='ocrx_word' id='word_1_419' title='bbox 586 5455 940 5505; x_wconf 86' lang='lat' dir='ltr'>recedendum</span> <span class='ocrx_word' id='word_1_420' title='bbox 971 5457 1126 5510; x_wconf 88' lang='lat' dir='ltr'>esset,</span> <span class='ocrx_word' id='word_1_421' title='bbox 1153 5467 1221 5502; x_wconf 89' lang='lat' dir='ltr'>an</span> <span class='ocrx_word' id='word_1_422' title='bbox 1249 5467 1357 5501; x_wconf 91' lang='lat' dir='ltr'>non</span> <span class='ocrx_word' id='word_1_423' title='bbox 1382 5469 1393 5509; x_wconf 92' lang='lat'>;</span> <span class='ocrx_word' id='word_1_424' title='bbox 1428 5456 1585 5516; x_wconf 85' lang='lat' dir='ltr'>eique</span> <span class='ocrx_word' id='word_1_425' title='bbox 1616 5455 1839 5516; x_wconf 82' lang='lat' dir='ltr'>rescrip-</span> 
     </span>
    </p>
   </div>
   <div class='ocr_carea' id='block_1_61' title="bbox 188 5516 1839 5581">
    <p class='ocr_par' dir='ltr' id='par_1_61' title="bbox 188 5516 1839 5581">
     <span class='ocr_line' id='line_1_61' title="bbox 188 5516 1839 5581; baseline -0.002 -15"><span class='ocrx_word' id='word_1_426' title='bbox 188 5538 213 5566; x_wconf 76' lang='grc' dir='ltr'>ι</span> <span class='ocrx_word' id='word_1_427' title='bbox 247 5522 314 5568; x_wconf 90' lang='lat' dir='ltr'>tis</span> <span class='ocrx_word' id='word_1_428' title='bbox 345 5520 646 5568; x_wconf 84' lang='lat' dir='ltr'>insinuasse</span> <span class='ocrx_word' id='word_1_429' title='bbox 684 5517 826 5581; x_wconf 16' lang='lat' dir='ltr'>quid,</span> <span class='ocrx_word' id='word_1_430' title='bbox 851 5518 1025 5581; x_wconf 77' lang='lat' dir='ltr'>magis</span> <span class='ocrx_word' id='word_1_431' title='bbox 1051 5517 1115 5565; x_wconf 90' lang='lat' dir='ltr'>ab</span> <span class='ocrx_word' id='word_1_432' title='bbox 1145 5516 1258 5581; x_wconf 81' lang='lat' dir='ltr'>illis</span> <span class='ocrx_word' id='word_1_433' title='bbox 1281 5516 1839 5581; x_wconf 55' lang='lat' dir='ltr'>Romanimeversori-</span> 
     </span>
    </p>
   </div>
   <div class='ocr_carea' id='block_1_62' title="bbox 187 5577 1838 5640">
    <p class='ocr_par' dir='ltr' id='par_1_62' title="bbox 187 5577 1838 5640">
     <span class='ocr_line' id='line_1_62' title="bbox 187 5577 1838 5640; baseline -0.002 -10"><span class='ocrx_word' id='word_1_434' title='bbox 187 5600 215 5629; x_wconf 75' lang='grc' dir='ltr'>ι</span> <span class='ocrx_word' id='word_1_435' title='bbox 248 5583 347 5630; x_wconf 90' lang='lat' dir='ltr'>bus</span> <span class='ocrx_word' id='word_1_436' title='bbox 393 5585 531 5630; x_wconf 91' lang='lat' dir='ltr'>esset</span> <span class='ocrx_word' id='word_1_437' title='bbox 579 5577 962 5630; x_wconf 33' lang='lat' dir='ltr'>metuendum.‘</span> <span class='ocrx_word' id='word_1_438' title='bbox 998 5579 1165 5637; x_wconf 88' lang='lat' dir='ltr'>Quam</span> <span class='ocrx_word' id='word_1_439' title='bbox 1216 5578 1329 5640; x_wconf 90' lang='lat' dir='ltr'>ejus</span> <span class='ocrx_word' id='word_1_440' title='bbox 1381 5577 1660 5640; x_wconf 78' lang='lat' dir='ltr'>epistolam</span> <span class='ocrx_word' id='word_1_441' title='bbox 1716 5578 1838 5627; x_wconf 89' lang='lat' dir='ltr'>huic</span> 
     </span>
    </p>
   </div>
   <div class='ocr_carea' id='block_1_63' title="bbox 189 5639 1840 5706">
    <p class='ocr_par' dir='ltr' id='par_1_63' title="bbox 189 5639 1840 5706">
     <span class='ocr_line' id='line_1_63' title="bbox 189 5639 1840 5706; baseline 0 -16"><span class='ocrx_word' id='word_1_442' title='bbox 189 5662 215 5690; x_wconf 72' lang='grc' dir='ltr'>ι</span> <span class='ocrx_word' id='word_1_443' title='bbox 249 5645 526 5706; x_wconf 62' lang='lat' dir='ltr'>scriptura:</span> <span class='ocrx_word' id='word_1_444' title='bbox 557 5644 796 5706; x_wconf 83' lang='lat' dir='ltr'>inserere</span> <span class='ocrx_word' id='word_1_445' title='bbox 820 5642 963 5691; x_wconf 87' lang='lat' dir='ltr'>volui</span> <span class='ocrx_word' id='word_1_446' title='bbox 989 5657 1000 5706; x_wconf 68' lang='grc' dir='ltr'><strong><em>ς</em></strong></span> <span class='ocrx_word' id='word_1_447' title='bbox 1026 5646 1105 5706; x_wconf 83' lang='lat' dir='ltr'>est</span> <span class='ocrx_word' id='word_1_448' title='bbox 1136 5639 1276 5706; x_wconf 82' lang='lat' dir='ltr'>enim</span> <span class='ocrx_word' id='word_1_449' title='bbox 1304 5639 1639 5706; x_wconf 81' lang='lat' dir='ltr'>sacerdotum</span> <span class='ocrx_word' id='word_1_450' title='bbox 1671 5640 1761 5691; x_wconf 90' lang='lat' dir='ltr'>Dei</span> <span class='ocrx_word' id='word_1_451' title='bbox 1787 5645 1840 5690; x_wconf 91' lang='lat' dir='ltr'>et</span> 
     </span>
    </p>
   </div>
   <div class='ocr_carea' id='block_1_64' title="bbox 188 5703 1680 5758">
    <p class='ocr_par' dir='ltr' id='par_1_64' title="bbox 188 5703 1680 5758">
     <span class='ocr_line' id='line_1_64' title="bbox 188 5703 1680 5758; baseline -0.003 -2"><span class='ocrx_word' id='word_1_452' title='bbox 188 5726 217 5756; x_wconf 71' lang='grc' dir='ltr'>ι</span> <span class='ocrx_word' id='word_1_453' title='bbox 253 5703 628 5758; x_wconf 79' lang='lat' dir='ltr'>ministrorum</span> <span class='ocrx_word' id='word_1_454' title='bbox 648 5705 888 5758; x_wconf 88' lang='lat' dir='ltr'>moribus</span> <span class='ocrx_word' id='word_1_455' title='bbox 922 5704 1072 5757; x_wconf 81' lang='lat' dir='ltr'>valde</span> <span class='ocrx_word' id='word_1_456' title='bbox 1090 5704 1234 5755; x_wconf 87' lang='lat' dir='ltr'>utilis</span> <span class='ocrx_word' id='word_1_457' title='bbox 1251 5707 1302 5756; x_wconf 88' lang='lat' dir='ltr'>et</span> <span class='ocrx_word' id='word_1_458' title='bbox 1323 5703 1638 5756; x_wconf 83' lang='lat' dir='ltr'>necessaria.</span> <span class='ocrx_word' id='word_1_459' title='bbox 1655 5719 1680 5751; x_wconf 68' lang='grc' dir='ltr'><strong>ι</strong></span> 
     </span>
    </p>
   </div>
   <div class='ocr_carea' id='block_1_65' title="bbox 1432 167 2404 228">
    <p class='ocr_par' dir='ltr' id='par_1_65' title="bbox 1432 167 2404 228">
     <span class='ocr_line' id='line_1_65' title="bbox 1432 167 2404 228; baseline -0.004 0"><span class='ocrx_word' id='word_1_460' title='bbox 1432 167 1941 228; x_wconf 80' lang='lat' dir='ltr'>EPISTOLARUM</span> <span class='ocrx_word' id='word_1_461' title='bbox 1979 167 2272 225; x_wconf 85' lang='lat' dir='ltr'>CLASSIS</span> <span class='ocrx_word' id='word_1_462' title='bbox 2310 168 2404 225; x_wconf 92' lang='lat' dir='ltr'>III.</span> 
     </span>
    </p>
   </div>
   <div class='ocr_carea' id='block_1_66' title="bbox 3443 172 3580 229">
    <p class='ocr_par' dir='ltr' id='par_1_66' title="bbox 3443 172 3580 229">
     <span class='ocr_line' id='line_1_66' title="bbox 3443 172 3580 229; baseline -0.007 0"><span class='ocrx_word' id='word_1_463' title='bbox 3443 172 3580 229; x_wconf 70' lang='grc'><strong>1014</strong></span> 
     </span>
    </p>
   </div>
   <div class='ocr_carea' id='block_1_67' title="bbox 1939 294 3668 369">
    <p class='ocr_par' dir='ltr' id='par_1_67' title="bbox 1939 294 3668 369">
     <span class='ocr_line' id='line_1_67' title="bbox 1939 294 3668 369; baseline 0.002 -19"><span class='ocrx_word' id='word_1_464' title='bbox 1939 295 2232 364; x_wconf 87' lang='lat' dir='ltr'>sanguine</span> <span class='ocrx_word' id='word_1_465' title='bbox 2250 294 3092 369; x_wconf 84' lang='lat' dir='ltr'>comparavit?Numquidhoc</span> <span class='ocrx_word' id='word_1_466' title='bbox 3104 295 3598 369; x_wconf 89' lang='lat' dir='ltr'>fecitipse,quan-</span> <span class='ocrx_word' id='word_1_467' title='bbox 3661 313 3668 320; x_wconf 78' lang='lat'><em>&quot;</em></span> 
     </span>
    </p>
   </div>
   <div class='ocr_carea' id='block_1_68' title="bbox 1936 383 3590 458">
    <p class='ocr_par' dir='ltr' id='par_1_68' title="bbox 1936 383 3590 458">
     <span class='ocr_line' id='line_1_68' title="bbox 1936 383 3590 458; baseline 0 -19"><span class='ocrx_word' id='word_1_468' title='bbox 1936 383 2016 439; x_wconf 93' lang='lat' dir='ltr'>do</span> <span class='ocrx_word' id='word_1_469' title='bbox 2065 385 2440 454; x_wconf 84' lang='lat' dir='ltr'>portantibus</span> <span class='ocrx_word' id='word_1_470' title='bbox 2481 385 2833 457; x_wconf 89' lang='lat' dir='ltr'>parentibus</span> <span class='ocrx_word' id='word_1_471' title='bbox 2857 386 2918 441; x_wconf 87' lang='lat' dir='ltr'>in</span> <span class='ocrx_word' id='word_1_472' title='bbox 2957 389 3272 458; x_wconf 63' lang='lat' dir='ltr'>[Egyptum</span> <span class='ocrx_word' id='word_1_473' title='bbox 3303 386 3590 458; x_wconf 88' lang='lat' dir='ltr'>parvulus</span> 
     </span>
    </p>
   </div>
   <div class='ocr_carea' id='block_1_69' title="bbox 1937 471 3591 546">
    <p class='ocr_par' dir='ltr' id='par_1_69' title="bbox 1937 471 3591 546">
     <span class='ocr_line' id='line_1_69' title="bbox 1937 471 3591 546; baseline 0.002 -20"><span class='ocrx_word' id='word_1_474' title='bbox 1937 471 2088 542; x_wconf 85' lang='lat' dir='ltr'>fugit</span> <span class='ocrx_word' id='word_1_475' title='bbox 2108 472 2217 544; x_wconf 88' lang='lat' dir='ltr'>(Id.</span> <span class='ocrx_word' id='word_1_476' title='bbox 2244 490 2301 539; x_wconf 88' lang='lat' dir='ltr'>ii,</span> <span class='ocrx_word' id='word_1_477' title='bbox 2330 475 2437 544; x_wconf 77' lang='grc'><strong>14),</strong></span> <span class='ocrx_word' id='word_1_478' title='bbox 2455 475 2556 546; x_wconf 92' lang='lat' dir='ltr'>qui</span> <span class='ocrx_word' id='word_1_479' title='bbox 2573 475 3152 530; x_wconf 87' lang='lat' dir='ltr'>nondumEcclesias</span> <span class='ocrx_word' id='word_1_480' title='bbox 3197 490 3591 545; x_wconf 86' lang='lat' dir='ltr'>congregave-</span> 
     </span>
    </p>
   </div>
   <div class='ocr_carea' id='block_1_70' title="bbox 1935 562 3594 632">
    <p class='ocr_par' dir='ltr' id='par_1_70' title="bbox 1935 562 3594 632">
     <span class='ocr_line' id='line_1_70' title="bbox 1935 562 3594 632; baseline 0.002 -16"><span class='ocrx_word' id='word_1_481' title='bbox 1935 565 2050 627; x_wconf 89' lang='lat' dir='ltr'>rat,</span> <span class='ocrx_word' id='word_1_482' title='bbox 2101 577 2254 632; x_wconf 90' lang='lat' dir='ltr'>quas</span> <span class='ocrx_word' id='word_1_483' title='bbox 2310 562 2387 618; x_wconf 92' lang='lat' dir='ltr'>ab</span> <span class='ocrx_word' id='word_1_484' title='bbox 2419 578 2489 617; x_wconf 93' lang='lat' dir='ltr'>eo</span> <span class='ocrx_word' id='word_1_485' title='bbox 2541 563 2806 619; x_wconf 89' lang='lat' dir='ltr'>desertas</span> <span class='ocrx_word' id='word_1_486' title='bbox 2839 563 3018 618; x_wconf 89' lang='lat' dir='ltr'>fuisse</span> <span class='ocrx_word' id='word_1_487' title='bbox 3057 563 3380 619; x_wconf 81' lang='lat' dir='ltr'>dicamus?</span> <span class='ocrx_word' id='word_1_488' title='bbox 3410 566 3594 619; x_wconf 89' lang='lat' dir='ltr'>Num-</span> 
     </span>
    </p>
   </div>
   <div class='ocr_carea' id='block_1_71' title="bbox 1936 649 3592 721">
    <p class='ocr_par' dir='ltr' id='par_1_71' title="bbox 1936 649 3592 721">
     <span class='ocr_line' id='line_1_71' title="bbox 1936 649 3592 721; baseline 0.002 -18"><span class='ocrx_word' id='word_1_489' title='bbox 1936 649 2082 721; x_wconf 89' lang='lat' dir='ltr'>quid</span> <span class='ocrx_word' id='word_1_490' title='bbox 2095 650 2341 721; x_wconf 91' lang='lat' dir='ltr'>quando</span> <span class='ocrx_word' id='word_1_491' title='bbox 2355 651 2664 721; x_wconf 88' lang='lat' dir='ltr'>apostolus</span> <span class='ocrx_word' id='word_1_492' title='bbox 2687 652 3005 718; x_wconf 88' lang='lat' dir='ltr'>Paulus,ne</span> <span class='ocrx_word' id='word_1_493' title='bbox 3021 652 3186 707; x_wconf 91' lang='lat' dir='ltr'>illum</span> <span class='ocrx_word' id='word_1_494' title='bbox 3203 651 3592 720; x_wconf 90' lang='lat' dir='ltr'>comprehen-</span> 
     </span>
    </p>
   </div>
   <div class='ocr_carea' id='block_1_72' title="bbox 1937 737 3591 811">
    <p class='ocr_par' dir='ltr' id='par_1_72' title="bbox 1937 737 3591 811">
     <span class='ocr_line' id='line_1_72' title="bbox 1937 737 3591 811; baseline 0.001 -18"><span class='ocrx_word' id='word_1_495' title='bbox 1937 737 2102 794; x_wconf 89' lang='lat' dir='ltr'>deret</span> <span class='ocrx_word' id='word_1_496' title='bbox 2127 738 2538 810; x_wconf 89' lang='lat' dir='ltr'>inimieus,per</span> <span class='ocrx_word' id='word_1_497' title='bbox 2571 739 2890 796; x_wconf 78' lang='lat' dir='ltr'>fenestram</span> <span class='ocrx_word' id='word_1_498' title='bbox 2926 741 2985 794; x_wconf 90' lang='lat' dir='ltr'>in</span> <span class='ocrx_word' id='word_1_499' title='bbox 3027 747 3232 811; x_wconf 90' lang='lat' dir='ltr'>sporta</span> <span class='ocrx_word' id='word_1_500' title='bbox 3252 741 3591 796; x_wconf 90' lang='lat' dir='ltr'>submissus</span> 
     </span>
    </p>
   </div>
   <div class='ocr_carea' id='block_1_73' title="bbox 1938 826 3593 899">
    <p class='ocr_par' dir='ltr' id='par_1_73' title="bbox 1938 826 3593 899">
     <span class='ocr_line' id='line_1_73' title="bbox 1938 826 3593 899; baseline 0.002 -17"><span class='ocrx_word' id='word_1_501' title='bbox 1938 831 2044 892; x_wconf 89' lang='lat' dir='ltr'>est,</span> <span class='ocrx_word' id='word_1_502' title='bbox 2071 832 2128 882; x_wconf 90' lang='lat' dir='ltr'>et</span> <span class='ocrx_word' id='word_1_503' title='bbox 2155 826 2360 897; x_wconf 76' lang='lat' dir='ltr'>effugit</span> <span class='ocrx_word' id='word_1_504' title='bbox 2391 842 2607 882; x_wconf 90' lang='lat' dir='ltr'>manus</span> <span class='ocrx_word' id='word_1_505' title='bbox 2624 829 2754 899; x_wconf 90' lang='lat' dir='ltr'>ejus</span> <span class='ocrx_word' id='word_1_506' title='bbox 2775 829 2837 899; x_wconf 89' lang='lat' dir='ltr'>(ll</span> <span class='ocrx_word' id='word_1_507' title='bbox 2863 831 3000 884; x_wconf 86' lang='lat' dir='ltr'>Cor.</span> <span class='ocrx_word' id='word_1_508' title='bbox 3017 845 3096 894; x_wconf 84' lang='lat' dir='ltr'>x1,</span> <span class='ocrx_word' id='word_1_509' title='bbox 3113 831 3224 899; x_wconf 89' lang='lat'>33),</span> <span class='ocrx_word' id='word_1_510' title='bbox 3240 829 3475 885; x_wconf 89' lang='lat' dir='ltr'>deserta</span> <span class='ocrx_word' id='word_1_511' title='bbox 3504 833 3593 885; x_wconf 91' lang='lat' dir='ltr'>est</span> 
     </span>
    </p>
   </div>
   <div class='ocr_carea' id='block_1_74' title="bbox 1937 915 3592 987">
    <p class='ocr_par' dir='ltr' id='par_1_74' title="bbox 1937 915 3592 987">
     <span class='ocr_line' id='line_1_74' title="bbox 1937 915 3592 987; baseline 0.001 -17"><span class='ocrx_word' id='word_1_512' title='bbox 1937 930 2073 987; x_wconf 72' lang='lat' dir='ltr'>quae</span> <span class='ocrx_word' id='word_1_513' title='bbox 2100 915 2181 970; x_wconf 90' lang='lat' dir='ltr'>ibi</span> <span class='ocrx_word' id='word_1_514' title='bbox 2209 921 2334 972; x_wconf 87' lang='lat' dir='ltr'>erat</span> <span class='ocrx_word' id='word_1_515' title='bbox 2367 915 2623 972; x_wconf 86' lang='lat' dir='ltr'>Ecclesia</span> <span class='ocrx_word' id='word_1_516' title='bbox 2650 918 2987 972; x_wconf 88' lang='lat' dir='ltr'>necessario</span> <span class='ocrx_word' id='word_1_517' title='bbox 3013 917 3362 983; x_wconf 90' lang='lat' dir='ltr'>ministerio,</span> <span class='ocrx_word' id='word_1_518' title='bbox 3385 921 3441 972; x_wconf 90' lang='lat' dir='ltr'>et</span> <span class='ocrx_word' id='word_1_519' title='bbox 3470 931 3592 972; x_wconf 91' lang='lat' dir='ltr'>non</span> 
     </span>
    </p>
   </div>
   <div class='ocr_carea' id='block_1_75' title="bbox 1938 1004 3596 1077">
    <p class='ocr_par' dir='ltr' id='par_1_75' title="bbox 1938 1004 3596 1077">
     <span class='ocr_line' id='line_1_75' title="bbox 1938 1004 3596 1077; baseline 0.001 -17"><span class='ocrx_word' id='word_1_520' title='bbox 1938 1004 2016 1060; x_wconf 89' lang='lat' dir='ltr'>ab</span> <span class='ocrx_word' id='word_1_521' title='bbox 2042 1005 2172 1060; x_wconf 88' lang='lat' dir='ltr'>aliis</span> <span class='ocrx_word' id='word_1_522' title='bbox 2199 1004 2482 1060; x_wconf 88' lang='lat' dir='ltr'>fratribus</span> <span class='ocrx_word' id='word_1_523' title='bbox 2498 1005 2722 1062; x_wconf 90' lang='lat' dir='ltr'>ibidem</span> <span class='ocrx_word' id='word_1_524' title='bbox 2743 1006 3263 1077; x_wconf 87' lang='lat' dir='ltr'>eonstitutisquod</span> <span class='ocrx_word' id='word_1_525' title='bbox 3281 1006 3596 1077; x_wconf 86' lang='lat' dir='ltr'>oportebat</span> 
     </span>
    </p>
   </div>
   <div class='ocr_carea' id='block_1_76' title="bbox 1937 1093 3592 1168">
    <p class='ocr_par' dir='ltr' id='par_1_76' title="bbox 1937 1093 3592 1168">
     <span class='ocr_line' id='line_1_76' title="bbox 1937 1093 3592 1168; baseline 0 -19"><span class='ocrx_word' id='word_1_526' title='bbox 1937 1093 2250 1165; x_wconf 91' lang='lat' dir='ltr'>impletum</span> <span class='ocrx_word' id='word_1_527' title='bbox 2275 1100 2363 1150; x_wconf 91' lang='lat' dir='ltr'>est</span> <span class='ocrx_word' id='word_1_528' title='bbox 2391 1093 2521 1150; x_wconf 75' lang='lat' dir='ltr'>‘fEis</span> <span class='ocrx_word' id='word_1_529' title='bbox 2542 1096 2765 1168; x_wconf 89' lang='lat' dir='ltr'>quippe</span> <span class='ocrx_word' id='word_1_530' title='bbox 2783 1096 3125 1152; x_wconf 89' lang='lat' dir='ltr'>volentibus</span> <span class='ocrx_word' id='word_1_531' title='bbox 3140 1096 3256 1150; x_wconf 91' lang='lat' dir='ltr'>hoc</span> <span class='ocrx_word' id='word_1_532' title='bbox 3273 1095 3592 1166; x_wconf 85' lang='lat' dir='ltr'>Apostolus</span> 
     </span>
    </p>
   </div>
   <div class='ocr_carea' id='block_1_77' title="bbox 1937 1181 3593 1256">
    <p class='ocr_par' dir='ltr' id='par_1_77' title="bbox 1937 1181 3593 1256">
     <span class='ocr_line' id='line_1_77' title="bbox 1937 1181 3593 1256; baseline 0.002 -20"><span class='ocrx_word' id='word_1_533' title='bbox 1937 1181 2174 1248; x_wconf 89' lang='lat' dir='ltr'>fecerat,</span> <span class='ocrx_word' id='word_1_534' title='bbox 2203 1190 2260 1236; x_wconf 91' lang='lat' dir='ltr'>ut</span> <span class='ocrx_word' id='word_1_535' title='bbox 2282 1183 2544 1254; x_wconf 90' lang='lat' dir='ltr'>seipsum</span> <span class='ocrx_word' id='word_1_536' title='bbox 2561 1190 2824 1240; x_wconf 88' lang='lat' dir='ltr'>servaret</span> <span class='ocrx_word' id='word_1_537' title='bbox 2839 1185 3132 1251; x_wconf 67' lang='lat' dir='ltr'>Ecclesiae,</span> <span class='ocrx_word' id='word_1_538' title='bbox 3152 1200 3334 1256; x_wconf 88' lang='lat' dir='ltr'>quem</span> <span class='ocrx_word' id='word_1_539' title='bbox 3354 1184 3593 1254; x_wconf 89' lang='lat' dir='ltr'>proprie</span> 
     </span>
    </p>
   </div>
   <div class='ocr_carea' id='block_1_78' title="bbox 1937 1272 3588 1343">
    <p class='ocr_par' dir='ltr' id='par_1_78' title="bbox 1937 1272 3588 1343">
     <span class='ocr_line' id='line_1_78' title="bbox 1937 1272 3588 1343; baseline 0.001 -19"><span class='ocrx_word' id='word_1_540' title='bbox 1937 1275 2278 1342; x_wconf 90' lang='lat' dir='ltr'>persecutor</span> <span class='ocrx_word' id='word_1_541' title='bbox 2308 1272 2402 1328; x_wconf 93' lang='lat' dir='ltr'>ille</span> <span class='ocrx_word' id='word_1_542' title='bbox 2415 1272 2738 1342; x_wconf 68' lang='lat' dir='ltr'>quaerebat.</span> <span class='ocrx_word' id='word_1_543' title='bbox 2759 1274 3000 1329; x_wconf 87' lang='lat' dir='ltr'>Faciant</span> <span class='ocrx_word' id='word_1_544' title='bbox 3020 1289 3163 1343; x_wconf 87' lang='lat' dir='ltr'>ergo</span> <span class='ocrx_word' id='word_1_545' title='bbox 3178 1273 3332 1327; x_wconf 89' lang='lat' dir='ltr'>servi</span> <span class='ocrx_word' id='word_1_546' title='bbox 3360 1272 3588 1337; x_wconf 89' lang='lat' dir='ltr'>Christi,</span> 
     </span>
    </p>
   </div>
   <div class='ocr_carea' id='block_1_79' title="bbox 1936 1359 3594 1433">
    <p class='ocr_par' dir='ltr' id='par_1_79' title="bbox 1936 1359 3594 1433">
     <span class='ocr_line' id='line_1_79' title="bbox 1936 1359 3594 1433; baseline 0.002 -20"><span class='ocrx_word' id='word_1_547' title='bbox 1936 1359 2191 1414; x_wconf 85' lang='lat' dir='ltr'>ministri</span> <span class='ocrx_word' id='word_1_548' title='bbox 2218 1359 2386 1415; x_wconf 88' lang='lat' dir='ltr'>verbi</span> <span class='ocrx_word' id='word_1_549' title='bbox 2415 1366 2471 1416; x_wconf 91' lang='lat' dir='ltr'>et</span> <span class='ocrx_word' id='word_1_550' title='bbox 2511 1361 2885 1417; x_wconf 88' lang='lat' dir='ltr'>Sacramenti</span> <span class='ocrx_word' id='word_1_551' title='bbox 2930 1362 3082 1432; x_wconf 92' lang='lat' dir='ltr'>ejus,</span> <span class='ocrx_word' id='word_1_552' title='bbox 3113 1361 3279 1433; x_wconf 92' lang='lat' dir='ltr'>quod</span> <span class='ocrx_word' id='word_1_553' title='bbox 3310 1359 3594 1431; x_wconf 82' lang='lat' dir='ltr'>praecepit</span> 
     </span>
    </p>
   </div>
   <div class='ocr_carea' id='block_1_80' title="bbox 1939 1448 3594 1520">
    <p class='ocr_par' dir='ltr' id='par_1_80' title="bbox 1939 1448 3594 1520">
     <span class='ocr_line' id='line_1_80' title="bbox 1939 1448 3594 1520; baseline 0.001 -18"><span class='ocrx_word' id='word_1_554' title='bbox 1939 1448 2064 1504; x_wconf 89' lang='lat' dir='ltr'>sive</span> <span class='ocrx_word' id='word_1_555' title='bbox 2090 1448 2378 1520; x_wconf 89' lang='lat' dir='ltr'>permisit.</span> <span class='ocrx_word' id='word_1_556' title='bbox 2409 1449 2659 1519; x_wconf 86' lang='lat' dir='ltr'>Fugianl</span> <span class='ocrx_word' id='word_1_557' title='bbox 2679 1451 2924 1506; x_wconf 92' lang='lat' dir='ltr'>omnino</span> <span class='ocrx_word' id='word_1_558' title='bbox 2949 1450 3024 1506; x_wconf 91' lang='lat' dir='ltr'>de</span> <span class='ocrx_word' id='word_1_559' title='bbox 3047 1451 3285 1506; x_wconf 89' lang='lat' dir='ltr'>civitate</span> <span class='ocrx_word' id='word_1_560' title='bbox 3317 1450 3378 1504; x_wconf 90' lang='lat' dir='ltr'>in</span> <span class='ocrx_word' id='word_1_561' title='bbox 3395 1449 3594 1504; x_wconf 87' lang='lat' dir='ltr'>civita-</span> 
     </span>
    </p>
   </div>
   <div class='ocr_carea' id='block_1_81' title="bbox 1939 1537 3593 1610">
    <p class='ocr_par' dir='ltr' id='par_1_81' title="bbox 1939 1537 3593 1610">
     <span class='ocr_line' id='line_1_81' title="bbox 1939 1537 3593 1610; baseline -0.001 -17"><span class='ocrx_word' id='word_1_562' title='bbox 1939 1542 2081 1603; x_wconf 89' lang='lat' dir='ltr'>tem,</span> <span class='ocrx_word' id='word_1_563' title='bbox 2107 1537 2355 1610; x_wconf 89' lang='lat' dir='ltr'>quando</span> <span class='ocrx_word' id='word_1_564' title='bbox 2384 1552 2590 1593; x_wconf 91' lang='lat' dir='ltr'>eorum</span> <span class='ocrx_word' id='word_1_565' title='bbox 2621 1539 2945 1610; x_wconf 88' lang='lat' dir='ltr'>quisquam</span> <span class='ocrx_word' id='word_1_566' title='bbox 2971 1539 3306 1610; x_wconf 90' lang='lat' dir='ltr'>specialiter</span> <span class='ocrx_word' id='word_1_567' title='bbox 3327 1554 3362 1593; x_wconf 90' lang='lat' dir='ltr'>a</span> <span class='ocrx_word' id='word_1_568' title='bbox 3391 1552 3593 1609; x_wconf 89' lang='lat' dir='ltr'>perse-</span> 
     </span>
    </p>
   </div>
   <div class='ocr_carea' id='block_1_82' title="bbox 1939 1626 3596 1698">
    <p class='ocr_par' dir='ltr' id='par_1_82' title="bbox 1939 1626 3596 1698">
     <span class='ocr_line' id='line_1_82' title="bbox 1939 1626 3596 1698; baseline -0.001 -17"><span class='ocrx_word' id='word_1_569' title='bbox 1939 1626 2243 1682; x_wconf 92' lang='lat' dir='ltr'>cutoribus</span> <span class='ocrx_word' id='word_1_570' title='bbox 2268 1626 2571 1698; x_wconf 64' lang='lat' dir='ltr'>quaeritur,</span> <span class='ocrx_word' id='word_1_571' title='bbox 2604 1631 2668 1681; x_wconf 89' lang='lat' dir='ltr'>ut</span> <span class='ocrx_word' id='word_1_572' title='bbox 2683 1628 2758 1682; x_wconf 88' lang='lat' dir='ltr'>ab</span> <span class='ocrx_word' id='word_1_573' title='bbox 2773 1628 2903 1682; x_wconf 89' lang='lat' dir='ltr'>aliis</span> <span class='ocrx_word' id='word_1_574' title='bbox 2919 1628 3022 1698; x_wconf 91' lang='lat' dir='ltr'>qui</span> <span class='ocrx_word' id='word_1_575' title='bbox 3043 1643 3164 1683; x_wconf 91' lang='lat' dir='ltr'>non</span> <span class='ocrx_word' id='word_1_576' title='bbox 3184 1628 3264 1682; x_wconf 92' lang='lat' dir='ltr'>ita</span> <span class='ocrx_word' id='word_1_577' title='bbox 3277 1627 3596 1697; x_wconf 90' lang='lat' dir='ltr'>requirun-</span> 
     </span>
    </p>
   </div>
   <div class='ocr_carea' id='block_1_83' title="bbox 1939 1713 3595 1787">
    <p class='ocr_par' dir='ltr' id='par_1_83' title="bbox 1939 1713 3595 1787">
     <span class='ocr_line' id='line_1_83' title="bbox 1939 1713 3595 1787; baseline -0.001 -16"><span class='ocrx_word' id='word_1_578' title='bbox 1939 1720 2054 1778; x_wconf 91' lang='lat' dir='ltr'>tur,</span> <span class='ocrx_word' id='word_1_579' title='bbox 2087 1730 2208 1771; x_wconf 92' lang='lat' dir='ltr'>non</span> <span class='ocrx_word' id='word_1_580' title='bbox 2234 1714 2546 1770; x_wconf 89' lang='lat' dir='ltr'>deseratur</span> <span class='ocrx_word' id='word_1_581' title='bbox 2571 1714 2849 1781; x_wconf 85' lang='lat' dir='ltr'>Ecclesia,</span> <span class='ocrx_word' id='word_1_582' title='bbox 2897 1715 2996 1771; x_wconf 90' lang='lat' dir='ltr'>sed</span> <span class='ocrx_word' id='word_1_583' title='bbox 3031 1716 3343 1787; x_wconf 58' lang='lat' dir='ltr'>praebeant</span> <span class='ocrx_word' id='word_1_584' title='bbox 3369 1713 3595 1769; x_wconf 87' lang='lat' dir='ltr'>cibaria</span> 
     </span>
    </p>
   </div>
   <div class='ocr_carea' id='block_1_84' title="bbox 1940 1803 3596 1875">
    <p class='ocr_par' dir='ltr' id='par_1_84' title="bbox 1940 1803 3596 1875">
     <span class='ocr_line' id='line_1_84' title="bbox 1940 1803 3596 1875; baseline -0.001 -16"><span class='ocrx_word' id='word_1_585' title='bbox 1940 1803 2246 1860; x_wconf 85' lang='lat' dir='ltr'>conservis</span> <span class='ocrx_word' id='word_1_586' title='bbox 2279 1804 2423 1871; x_wconf 90' lang='lat' dir='ltr'>suis,</span> <span class='ocrx_word' id='word_1_587' title='bbox 2447 1819 2601 1875; x_wconf 90' lang='lat' dir='ltr'>quos</span> <span class='ocrx_word' id='word_1_588' title='bbox 2634 1803 2801 1859; x_wconf 90' lang='lat' dir='ltr'>aliter</span> <span class='ocrx_word' id='word_1_589' title='bbox 2827 1804 3016 1859; x_wconf 87' lang='lat' dir='ltr'>vivere</span> <span class='ocrx_word' id='word_1_590' title='bbox 3053 1819 3174 1859; x_wconf 91' lang='lat' dir='ltr'>non</span> <span class='ocrx_word' id='word_1_591' title='bbox 3206 1817 3386 1874; x_wconf 91' lang='lat' dir='ltr'>posse</span> <span class='ocrx_word' id='word_1_592' title='bbox 3410 1817 3596 1858; x_wconf 90' lang='lat' dir='ltr'>nove-</span> 
     </span>
    </p>
   </div>
   <div class='ocr_carea' id='block_1_85' title="bbox 1939 1890 3596 1964">
    <p class='ocr_par' dir='ltr' id='par_1_85' title="bbox 1939 1890 3596 1964">
     <span class='ocr_line' id='line_1_85' title="bbox 1939 1890 3596 1964; baseline -0.002 -15"><span class='ocrx_word' id='word_1_593' title='bbox 1939 1894 2251 1949; x_wconf 91' lang='lat' dir='ltr'>runt.Cum</span> <span class='ocrx_word' id='word_1_594' title='bbox 2278 1895 2478 1948; x_wconf 90' lang='lat' dir='ltr'>autem</span> <span class='ocrx_word' id='word_1_595' title='bbox 2501 1892 2794 1958; x_wconf 90' lang='lat' dir='ltr'>omnium,</span> <span class='ocrx_word' id='word_1_596' title='bbox 2827 1892 2888 1947; x_wconf 93' lang='lat' dir='ltr'>id</span> <span class='ocrx_word' id='word_1_597' title='bbox 2911 1897 3001 1948; x_wconf 90' lang='lat' dir='ltr'>est</span> <span class='ocrx_word' id='word_1_598' title='bbox 3018 1893 3457 1964; x_wconf 88' lang='lat' dir='ltr'>episcoporum,</span> <span class='ocrx_word' id='word_1_599' title='bbox 3483 1890 3596 1946; x_wconf 93' lang='lat' dir='ltr'>cle-</span> 
     </span>
    </p>
   </div>
   <div class='ocr_carea' id='block_1_86' title="bbox 1938 1979 3594 2052">
    <p class='ocr_par' dir='ltr' id='par_1_86' title="bbox 1938 1979 3594 2052">
     <span class='ocr_line' id='line_1_86' title="bbox 1938 1979 3594 2052; baseline -0.003 -14"><span class='ocrx_word' id='word_1_600' title='bbox 1938 1982 2198 2038; x_wconf 90' lang='lat' dir='ltr'>ricorum</span> <span class='ocrx_word' id='word_1_601' title='bbox 2227 1986 2282 2037; x_wconf 91' lang='lat' dir='ltr'>et</span> <span class='ocrx_word' id='word_1_602' title='bbox 2310 1981 2602 2037; x_wconf 91' lang='lat' dir='ltr'>laicorum</span> <span class='ocrx_word' id='word_1_603' title='bbox 2630 1981 2646 2017; x_wconf 84' lang='grc'>¹</span> <span class='ocrx_word' id='word_1_604' title='bbox 2687 1984 2774 2036; x_wconf 90' lang='lat' dir='ltr'>est</span> <span class='ocrx_word' id='word_1_605' title='bbox 2798 1996 3121 2036; x_wconf 89' lang='lat' dir='ltr'>commune</span> <span class='ocrx_word' id='word_1_606' title='bbox 3151 1980 3507 2052; x_wconf 90' lang='lat' dir='ltr'>periculum,</span> <span class='ocrx_word' id='word_1_607' title='bbox 3531 1979 3594 2034; x_wconf 92' lang='lat' dir='ltr'>hi</span> 
     </span>
    </p>
   </div>
   <div class='ocr_carea' id='block_1_87' title="bbox 1939 2068 3595 2142">
    <p class='ocr_par' dir='ltr' id='par_1_87' title="bbox 1939 2068 3595 2142">
     <span class='ocr_line' id='line_1_87' title="bbox 1939 2068 3595 2142; baseline -0.002 -17"><span class='ocrx_word' id='word_1_608' title='bbox 1939 2071 2045 2142; x_wconf 89' lang='lat' dir='ltr'>qui</span> <span class='ocrx_word' id='word_1_609' title='bbox 2076 2069 2207 2127; x_wconf 90' lang='lat' dir='ltr'>aliis</span> <span class='ocrx_word' id='word_1_610' title='bbox 2237 2070 2526 2140; x_wconf 88' lang='lat' dir='ltr'>indigent,</span> <span class='ocrx_word' id='word_1_611' title='bbox 2553 2084 2675 2124; x_wconf 91' lang='lat' dir='ltr'>non</span> <span class='ocrx_word' id='word_1_612' title='bbox 2692 2069 3045 2125; x_wconf 90' lang='lat' dir='ltr'>deserantur</span> <span class='ocrx_word' id='word_1_613' title='bbox 3058 2069 3137 2125; x_wconf 90' lang='lat' dir='ltr'>ab</span> <span class='ocrx_word' id='word_1_614' title='bbox 3161 2068 3256 2124; x_wconf 88' lang='lat' dir='ltr'>his</span> <span class='ocrx_word' id='word_1_615' title='bbox 3275 2068 3595 2141; x_wconf 85' lang='lat' dir='ltr'>quibusin-</span> 
     </span>
    </p>
   </div>
   <div class='ocr_carea' id='block_1_88' title="bbox 1941 2159 3591 2230">
    <p class='ocr_par' dir='ltr' id='par_1_88' title="bbox 1941 2159 3591 2230">
     <span class='ocr_line' id='line_1_88' title="bbox 1941 2159 3591 2230; baseline -0.002 -15"><span class='ocrx_word' id='word_1_616' title='bbox 1941 2159 2484 2230; x_wconf 73' lang='lat' dir='ltr'>digenLAutigitur</span> <span class='ocrx_word' id='word_1_617' title='bbox 2515 2159 2592 2214; x_wconf 90' lang='lat' dir='ltr'>ad</span> <span class='ocrx_word' id='word_1_618' title='bbox 2623 2159 2756 2214; x_wconf 90' lang='lat' dir='ltr'>loca</span> <span class='ocrx_word' id='word_1_619' title='bbox 2782 2159 3241 2214; x_wconf 88' lang='lat' dir='ltr'>munitaomnes</span> <span class='ocrx_word' id='word_1_620' title='bbox 3257 2161 3591 2224; x_wconf 84' lang='lat' dir='ltr'>transeant;</span> 
     </span>
    </p>
   </div>
   <div class='ocr_carea' id='block_1_89' title="bbox 1942 2245 3594 2321">
    <p class='ocr_par' dir='ltr' id='par_1_89' title="bbox 1942 2245 3594 2321">
     <span class='ocr_line' id='line_1_89' title="bbox 1942 2245 3594 2321; baseline -0.002 -17"><span class='ocrx_word' id='word_1_621' title='bbox 1942 2253 2046 2304; x_wconf 91' lang='lat' dir='ltr'>aut</span> <span class='ocrx_word' id='word_1_622' title='bbox 2075 2249 2177 2321; x_wconf 90' lang='lat' dir='ltr'>qui</span> <span class='ocrx_word' id='word_1_623' title='bbox 2208 2247 3387 2307; x_wconf 87' lang='lat' dir='ltr'>habentremanendinecessitatem.non</span> <span class='ocrx_word' id='word_1_624' title='bbox 3413 2245 3594 2301; x_wconf 90' lang='lat' dir='ltr'>relin-</span> 
     </span>
    </p>
   </div>
   <div class='ocr_carea' id='block_1_90' title="bbox 1942 2335 3597 2410">
    <p class='ocr_par' dir='ltr' id='par_1_90' title="bbox 1942 2335 3597 2410">
     <span class='ocr_line' id='line_1_90' title="bbox 1942 2335 3597 2410; baseline -0.001 -18"><span class='ocrx_word' id='word_1_625' title='bbox 1942 2343 2206 2410; x_wconf 87' lang='lat' dir='ltr'>quantur</span> <span class='ocrx_word' id='word_1_626' title='bbox 2237 2337 2312 2395; x_wconf 90' lang='lat' dir='ltr'>ab</span> <span class='ocrx_word' id='word_1_627' title='bbox 2341 2337 2426 2392; x_wconf 90' lang='lat' dir='ltr'>eis</span> <span class='ocrx_word' id='word_1_628' title='bbox 2456 2352 2557 2408; x_wconf 91' lang='lat' dir='ltr'>per</span> <span class='ocrx_word' id='word_1_629' title='bbox 2608 2352 2761 2408; x_wconf 92' lang='lat' dir='ltr'>quos</span> <span class='ocrx_word' id='word_1_630' title='bbox 2792 2335 3029 2392; x_wconf 91' lang='lat' dir='ltr'>illorum</span> <span class='ocrx_word' id='word_1_631' title='bbox 3074 2340 3159 2391; x_wconf 93' lang='lat' dir='ltr'>est</span> <span class='ocrx_word' id='word_1_632' title='bbox 3198 2335 3597 2391; x_wconf 89' lang='lat' dir='ltr'>ecclesiastica</span> 
     </span>
    </p>
   </div>
   <div class='ocr_carea' id='block_1_91' title="bbox 1943 2424 3599 2498">
    <p class='ocr_par' dir='ltr' id='par_1_91' title="bbox 1943 2424 3599 2498">
     <span class='ocr_line' id='line_1_91' title="bbox 1943 2424 3599 2498; baseline 0 -18"><span class='ocrx_word' id='word_1_633' title='bbox 1943 2426 2280 2498; x_wconf 89' lang='lat' dir='ltr'>supplenda</span> <span class='ocrx_word' id='word_1_634' title='bbox 2312 2427 2738 2490; x_wconf 89' lang='lat' dir='ltr'>necessitas,ut</span> <span class='ocrx_word' id='word_1_635' title='bbox 2769 2424 3599 2496; x_wconf 86' lang='lat' dir='ltr'>aut.paritervivant,autpa—</span> 
     </span>
    </p>
   </div>
   <div class='ocr_carea' id='block_1_92' title="bbox 1945 2512 3594 2586">
    <p class='ocr_par' dir='ltr' id='par_1_92' title="bbox 1945 2512 3594 2586">
     <span class='ocr_line' id='line_1_92' title="bbox 1945 2512 3594 2586; baseline -0.001 -16"><span class='ocrx_word' id='word_1_636' title='bbox 1945 2516 2082 2572; x_wconf 91' lang='lat' dir='ltr'>riter</span> <span class='ocrx_word' id='word_1_637' title='bbox 2106 2514 2398 2570; x_wconf 75' lang='lat' dir='ltr'>sufferant</span> <span class='ocrx_word' id='word_1_638' title='bbox 2423 2514 2586 2586; x_wconf 90' lang='lat' dir='ltr'>quod</span> <span class='ocrx_word' id='word_1_639' title='bbox 2619 2530 2720 2570; x_wconf 93' lang='lat' dir='ltr'>eos</span> <span class='ocrx_word' id='word_1_640' title='bbox 2736 2514 3164 2585; x_wconf 90' lang='lat' dir='ltr'>paterfamilias</span> <span class='ocrx_word' id='word_1_641' title='bbox 3180 2514 3332 2570; x_wconf 82' lang='lat' dir='ltr'>volet</span> <span class='ocrx_word' id='word_1_642' title='bbox 3347 2512 3594 2585; x_wconf 84' lang='lat' dir='ltr'>perpeti.</span> 
     </span>
    </p>
   </div>
   <div class='ocr_carea' id='block_1_93' title="bbox 2016 2619 3597 2690">
    <p class='ocr_par' dir='ltr' id='par_1_93' title="bbox 2016 2619 3597 2690">
     <span class='ocr_line' id='line_1_93' title="bbox 2016 2619 3597 2690; baseline -0.003 -14"><span class='ocrx_word' id='word_1_643' title='bbox 2016 2625 2069 2676; x_wconf 88' lang='lat'>3.</span> <span class='ocrx_word' id='word_1_644' title='bbox 2105 2620 2340 2686; x_wconf 90' lang='lat' dir='ltr'>Quodsi</span> <span class='ocrx_word' id='word_1_645' title='bbox 2372 2619 2897 2690; x_wconf 87' lang='lat' dir='ltr'>contigeritutsive</span> <span class='ocrx_word' id='word_1_646' title='bbox 2912 2619 3011 2674; x_wconf 88' lang='lat' dir='ltr'>alii</span> <span class='ocrx_word' id='word_1_647' title='bbox 3031 2619 3356 2685; x_wconf 88' lang='lat' dir='ltr'>minus,alii</span> <span class='ocrx_word' id='word_1_648' title='bbox 3373 2619 3597 2690; x_wconf 82' lang='lat' dir='ltr'>majus,</span> 
     </span>
    </p>
   </div>
   <div class='ocr_carea' id='block_1_94' title="bbox 1946 2707 3605 2780">
    <p class='ocr_par' dir='ltr' id='par_1_94' title="bbox 1946 2707 3605 2780">
     <span class='ocr_line' id='line_1_94' title="bbox 1946 2707 3605 2780; baseline -0.002 -15"><span class='ocrx_word' id='word_1_649' title='bbox 1946 2710 2069 2765; x_wconf 91' lang='lat' dir='ltr'>sive</span> <span class='ocrx_word' id='word_1_650' title='bbox 2100 2726 2308 2765; x_wconf 91' lang='lat' dir='ltr'>omnes</span> <span class='ocrx_word' id='word_1_651' title='bbox 2334 2708 2643 2780; x_wconf 67' lang='lat' dir='ltr'>aequaliter</span> <span class='ocrx_word' id='word_1_652' title='bbox 2670 2707 2992 2779; x_wconf 89' lang='lat' dir='ltr'>patiantur,</span> <span class='ocrx_word' id='word_1_653' title='bbox 3023 2708 3351 2780; x_wconf 90' lang='lat' dir='ltr'>quieorum</span> <span class='ocrx_word' id='word_1_654' title='bbox 3367 2707 3605 2780; x_wconf 89' lang='lat' dir='ltr'>sintqui</span> 
     </span>
    </p>
   </div>
   <div class='ocr_carea' id='block_1_95' title="bbox 1947 2797 3607 2870">
    <p class='ocr_par' dir='ltr' id='par_1_95' title="bbox 1947 2797 3607 2870">
     <span class='ocr_line' id='line_1_95' title="bbox 1947 2797 3607 2870; baseline -0.001 -16"><span class='ocrx_word' id='word_1_655' title='bbox 1947 2814 2056 2870; x_wconf 90' lang='lat' dir='ltr'>pro</span> <span class='ocrx_word' id='word_1_656' title='bbox 2087 2799 2216 2854; x_wconf 90' lang='lat' dir='ltr'>aliis</span> <span class='ocrx_word' id='word_1_657' title='bbox 2243 2799 2570 2869; x_wconf 87' lang='lat' dir='ltr'>patiuntur,</span> <span class='ocrx_word' id='word_1_658' title='bbox 2600 2803 2851 2867; x_wconf 88' lang='lat' dir='ltr'>apparet</span> <span class='ocrx_word' id='word_1_659' title='bbox 2882 2797 2993 2864; x_wconf 88' lang='lat' dir='ltr'>;illi</span> <span class='ocrx_word' id='word_1_660' title='bbox 3008 2798 3228 2853; x_wconf 91' lang='lat' dir='ltr'>scilicet</span> <span class='ocrx_word' id='word_1_661' title='bbox 3255 2798 3511 2869; x_wconf 91' lang='lat' dir='ltr'>quicum</span> <span class='ocrx_word' id='word_1_662' title='bbox 3543 2811 3607 2854; x_wconf 88' lang='lat' dir='ltr'>se</span> 
     </span>
    </p>
   </div>
   <div class='ocr_carea' id='block_1_96' title="bbox 1947 2885 3606 2960">
    <p class='ocr_par' dir='ltr' id='par_1_96' title="bbox 1947 2885 3606 2960">
     <span class='ocr_line' id='line_1_96' title="bbox 1947 2885 3606 2960; baseline -0.002 -17"><span class='ocrx_word' id='word_1_663' title='bbox 1947 2892 2194 2960; x_wconf 89' lang='lat' dir='ltr'>possent</span> <span class='ocrx_word' id='word_1_664' title='bbox 2224 2887 2438 2942; x_wconf 91' lang='lat' dir='ltr'>talibus</span> <span class='ocrx_word' id='word_1_665' title='bbox 2457 2885 2630 2940; x_wconf 91' lang='lat' dir='ltr'>malis</span> <span class='ocrx_word' id='word_1_666' title='bbox 2647 2885 2870 2956; x_wconf 90' lang='lat' dir='ltr'>eripere</span> <span class='ocrx_word' id='word_1_667' title='bbox 2910 2885 3218 2955; x_wconf 89' lang='lat' dir='ltr'>fugiendo,</span> <span class='ocrx_word' id='word_1_668' title='bbox 3248 2902 3322 2942; x_wconf 92' lang='lat' dir='ltr'>ne</span> <span class='ocrx_word' id='word_1_669' title='bbox 3350 2887 3606 2943; x_wconf 89' lang='lat' dir='ltr'>aliorum</span> 
     </span>
    </p>
   </div>
   <div class='ocr_carea' id='block_1_97' title="bbox 1947 2974 3604 3042">
    <p class='ocr_par' dir='ltr' id='par_1_97' title="bbox 1947 2974 3604 3042">
     <span class='ocr_line' id='line_1_97' title="bbox 1947 2974 3604 3042; baseline -0.002 -10"><span class='ocrx_word' id='word_1_670' title='bbox 1947 2977 2366 3032; x_wconf 89' lang='lat' dir='ltr'>necessitatem</span> <span class='ocrx_word' id='word_1_671' title='bbox 2394 2974 2758 3042; x_wconf 87' lang='lat' dir='ltr'>desererent,</span> <span class='ocrx_word' id='word_1_672' title='bbox 2785 2989 3026 3030; x_wconf 90' lang='lat' dir='ltr'>manere</span> <span class='ocrx_word' id='word_1_673' title='bbox 3060 2975 3423 3030; x_wconf 83' lang='lat' dir='ltr'>maluerunt.</span> <span class='ocrx_word' id='word_1_674' title='bbox 3459 2975 3604 3029; x_wconf 83' lang='lat' dir='ltr'>Hine</span> 
     </span>
    </p>
   </div>
   <div class='ocr_carea' id='block_1_98' title="bbox 1949 3061 3608 3135">
    <p class='ocr_par' dir='ltr' id='par_1_98' title="bbox 1949 3061 3608 3135">
     <span class='ocr_line' id='line_1_98' title="bbox 1949 3061 3608 3135; baseline -0.003 -14"><span class='ocrx_word' id='word_1_675' title='bbox 1949 3065 2208 3121; x_wconf 82' lang='lat' dir='ltr'>maxime</span> <span class='ocrx_word' id='word_1_676' title='bbox 2225 3064 2506 3135; x_wconf 88' lang='lat' dir='ltr'>probatur</span> <span class='ocrx_word' id='word_1_677' title='bbox 2522 3062 2618 3117; x_wconf 87' lang='lat' dir='ltr'>illa</span> <span class='ocrx_word' id='word_1_678' title='bbox 2632 3061 2890 3116; x_wconf 87' lang='lat' dir='ltr'>charitas</span> <span class='ocrx_word' id='word_1_679' title='bbox 2903 3078 3078 3132; x_wconf 89' lang='lat' dir='ltr'>quam</span> <span class='ocrx_word' id='word_1_680' title='bbox 3093 3063 3352 3117; x_wconf 85' lang='lat' dir='ltr'>Joannes</span> <span class='ocrx_word' id='word_1_681' title='bbox 3369 3066 3608 3132; x_wconf 89' lang='lat' dir='ltr'>aposto-</span> 
     </span>
    </p>
   </div>
   <div class='ocr_carea' id='block_1_99' title="bbox 1947 3150 3605 3216">
    <p class='ocr_par' dir='ltr' id='par_1_99' title="bbox 1947 3150 3605 3216">
     <span class='ocr_line' id='line_1_99' title="bbox 1947 3150 3605 3216; baseline -0.003 -7"><span class='ocrx_word' id='word_1_682' title='bbox 1947 3155 2040 3209; x_wconf 89' lang='lat' dir='ltr'>lus</span> <span class='ocrx_word' id='word_1_683' title='bbox 2065 3151 2470 3216; x_wconf 88' lang='lat' dir='ltr'>commendat,</span> <span class='ocrx_word' id='word_1_684' title='bbox 2525 3151 2732 3206; x_wconf 89' lang='lat' dir='ltr'>dieens</span> <span class='ocrx_word' id='word_1_685' title='bbox 2765 3167 2777 3205; x_wconf 92' lang='lat'><strong><em>:</em></strong></span> <span class='ocrx_word' id='word_1_686' title='bbox 2825 3150 2988 3205; x_wconf 88' lang='lat' dir='ltr'>Sicut</span> <span class='ocrx_word' id='word_1_687' title='bbox 3023 3151 3285 3206; x_wconf 84' lang='lat' dir='ltr'>Christus</span> <span class='ocrx_word' id='word_1_688' title='bbox 3337 3151 3605 3206; x_wconf 83' lang='lat' dir='ltr'>animum</span> 
     </span>
    </p>
   </div>
   <div class='ocr_carea' id='block_1_100' title="bbox 1946 3239 3602 3311">
    <p class='ocr_par' dir='ltr' id='par_1_100' title="bbox 1946 3239 3602 3311">
     <span class='ocr_line' id='line_1_100' title="bbox 1946 3239 3602 3311; baseline -0.004 -11"><span class='ocrx_word' id='word_1_689' title='bbox 1946 3259 2115 3300; x_wconf 88' lang='lat' dir='ltr'>suam</span> <span class='ocrx_word' id='word_1_690' title='bbox 2131 3257 2242 3311; x_wconf 83' lang='lat' dir='ltr'>pro</span> <span class='ocrx_word' id='word_1_691' title='bbox 2257 3242 2422 3297; x_wconf 85' lang='lat' dir='ltr'>nobis</span> <span class='ocrx_word' id='word_1_692' title='bbox 2431 3239 2726 3311; x_wconf 80' lang='lat' dir='ltr'>posuit,sic</span> <span class='ocrx_word' id='word_1_693' title='bbox 2740 3245 2793 3295; x_wconf 92' lang='lat' dir='ltr'>et</span> <span class='ocrx_word' id='word_1_694' title='bbox 2809 3255 2911 3295; x_wconf 83' lang='lat' dir='ltr'>nos</span> <span class='ocrx_word' id='word_1_695' title='bbox 2930 3239 3198 3295; x_wconf 85' lang='lat' dir='ltr'>debemus</span> <span class='ocrx_word' id='word_1_696' title='bbox 3212 3240 3450 3294; x_wconf 79' lang='lat' dir='ltr'>animas</span> <span class='ocrx_word' id='word_1_697' title='bbox 3461 3255 3602 3308; x_wconf 82' lang='lat' dir='ltr'>pro-</span> 
     </span>
    </p>
   </div>
   <div class='ocr_carea' id='block_1_101' title="bbox 1945 3327 3607 3403">
    <p class='ocr_par' dir='ltr' id='par_1_101' title="bbox 1945 3327 3607 3403">
     <span class='ocr_line' id='line_1_101' title="bbox 1945 3327 3607 3403; baseline -0.003 -16"><span class='ocrx_word' id='word_1_698' title='bbox 1945 3332 2246 3403; x_wconf 82' lang='lat' dir='ltr'>fratribus</span> <span class='ocrx_word' id='word_1_699' title='bbox 2272 3345 2486 3400; x_wconf 82' lang='lat' dir='ltr'>ponere</span> <span class='ocrx_word' id='word_1_700' title='bbox 2507 3328 2947 3398; x_wconf 76' lang='lat' dir='ltr'>(lJoan.in,16).</span> <span class='ocrx_word' id='word_1_701' title='bbox 2966 3331 3112 3383; x_wconf 87' lang='lat' dir='ltr'>Nam</span> <span class='ocrx_word' id='word_1_702' title='bbox 3126 3328 3228 3399; x_wconf 91' lang='lat' dir='ltr'>qui</span> <span class='ocrx_word' id='word_1_703' title='bbox 3251 3327 3607 3396; x_wconf 86' lang='lat' dir='ltr'>fugiunt,vel</span> 
     </span>
    </p>
   </div>
   <div class='ocr_carea' id='block_1_102' title="bbox 1952 3416 3606 3488">
    <p class='ocr_par' dir='ltr' id='par_1_102' title="bbox 1952 3416 3606 3488">
     <span class='ocr_line' id='line_1_102' title="bbox 1952 3416 3606 3488; baseline -0.002 -13"><span class='ocrx_word' id='word_1_704' title='bbox 1952 3422 2076 3476; x_wconf 91' lang='lat' dir='ltr'>suis</span> <span class='ocrx_word' id='word_1_705' title='bbox 2103 3420 2361 3475; x_wconf 90' lang='lat' dir='ltr'>devincti</span> <span class='ocrx_word' id='word_1_706' title='bbox 2391 3417 2854 3474; x_wconf 90' lang='lat' dir='ltr'>necessitatibus</span> <span class='ocrx_word' id='word_1_707' title='bbox 2878 3417 3080 3488; x_wconf 86' lang='lat' dir='ltr'>fugere</span> <span class='ocrx_word' id='word_1_708' title='bbox 3110 3432 3230 3471; x_wconf 92' lang='lat' dir='ltr'>non</span> <span class='ocrx_word' id='word_1_709' title='bbox 3245 3421 3501 3487; x_wconf 91' lang='lat' dir='ltr'>possunt</span> <span class='ocrx_word' id='word_1_710' title='bbox 3524 3433 3536 3481; x_wconf 93' lang='lat'><strong>;</strong></span> <span class='ocrx_word' id='word_1_711' title='bbox 3557 3416 3606 3471; x_wconf 88' lang='lat' dir='ltr'>si</span> 
     </span>
    </p>
   </div>
   <div class='ocr_carea' id='block_1_103' title="bbox 1951 3504 3609 3582">
    <p class='ocr_par' dir='ltr' id='par_1_103' title="bbox 1951 3504 3609 3582">
     <span class='ocr_line' id='line_1_103' title="bbox 1951 3504 3609 3582; baseline -0.004 -16"><span class='ocrx_word' id='word_1_712' title='bbox 1951 3510 2370 3582; x_wconf 91' lang='lat' dir='ltr'>comprehensi</span> <span class='ocrx_word' id='word_1_713' title='bbox 2405 3509 2728 3580; x_wconf 90' lang='lat' dir='ltr'>patiuntur,</span> <span class='ocrx_word' id='word_1_714' title='bbox 2763 3521 2867 3578; x_wconf 92' lang='lat' dir='ltr'>pro</span> <span class='ocrx_word' id='word_1_715' title='bbox 2893 3506 3130 3578; x_wconf 89' lang='lat' dir='ltr'>seipsis,</span> <span class='ocrx_word' id='word_1_716' title='bbox 3187 3520 3309 3560; x_wconf 91' lang='lat' dir='ltr'>non</span> <span class='ocrx_word' id='word_1_717' title='bbox 3339 3521 3448 3576; x_wconf 87' lang='lat' dir='ltr'>pro</span> <span class='ocrx_word' id='word_1_718' title='bbox 3492 3504 3609 3560; x_wconf 87' lang='lat' dir='ltr'>fra-</span> 
     </span>
    </p>
   </div>
   <div class='ocr_carea' id='block_1_104' title="bbox 1950 3595 3609 3669">
    <p class='ocr_par' dir='ltr' id='par_1_104' title="bbox 1950 3595 3609 3669">
     <span class='ocr_line' id='line_1_104' title="bbox 1950 3595 3609 3669; baseline -0.003 -14"><span class='ocrx_word' id='word_1_719' title='bbox 1950 3600 2165 3662; x_wconf 90' lang='lat' dir='ltr'>tribus,</span> <span class='ocrx_word' id='word_1_720' title='bbox 2198 3599 2400 3669; x_wconf 92' lang='lat' dir='ltr'>utique</span> <span class='ocrx_word' id='word_1_721' title='bbox 2441 3596 2748 3668; x_wconf 89' lang='lat' dir='ltr'>patiuntur</span> <span class='ocrx_word' id='word_1_722' title='bbox 2779 3611 2791 3647; x_wconf 93' lang='lat'>:</span> <span class='ocrx_word' id='word_1_723' title='bbox 2827 3595 2930 3666; x_wconf 91' lang='lat' dir='ltr'>qui</span> <span class='ocrx_word' id='word_1_724' title='bbox 2975 3610 3122 3665; x_wconf 84' lang='lat' dir='ltr'>vero</span> <span class='ocrx_word' id='word_1_725' title='bbox 3147 3599 3462 3666; x_wconf 90' lang='lat' dir='ltr'>propterea</span> <span class='ocrx_word' id='word_1_726' title='bbox 3502 3609 3609 3666; x_wconf 82' lang='lat' dir='ltr'>pa-</span> 
     </span>
    </p>
   </div>
   <div class='ocr_carea' id='block_1_105' title="bbox 1953 3681 3608 3759">
    <p class='ocr_par' dir='ltr' id='par_1_105' title="bbox 1953 3681 3608 3759">
     <span class='ocr_line' id='line_1_105' title="bbox 1953 3681 3608 3759; baseline -0.003 -14"><span class='ocrx_word' id='word_1_727' title='bbox 1953 3690 2197 3753; x_wconf 86' lang='lat' dir='ltr'>tiuntur,</span> <span class='ocrx_word' id='word_1_728' title='bbox 2231 3688 2374 3759; x_wconf 89' lang='lat' dir='ltr'>quia</span> <span class='ocrx_word' id='word_1_729' title='bbox 2406 3685 2638 3751; x_wconf 89' lang='lat' dir='ltr'>fratres,</span> <span class='ocrx_word' id='word_1_730' title='bbox 2670 3683 2774 3756; x_wconf 87' lang='lat' dir='ltr'>qui</span> <span class='ocrx_word' id='word_1_731' title='bbox 2807 3684 2890 3738; x_wconf 90' lang='lat' dir='ltr'>eis</span> <span class='ocrx_word' id='word_1_732' title='bbox 2923 3684 2999 3739; x_wconf 90' lang='lat' dir='ltr'>ad</span> <span class='ocrx_word' id='word_1_733' title='bbox 3033 3683 3418 3739; x_wconf 89' lang='lat' dir='ltr'>christianam</span> <span class='ocrx_word' id='word_1_734' title='bbox 3443 3681 3608 3740; x_wconf 86' lang='lat' dir='ltr'>salu-</span> 
     </span>
    </p>
   </div>
   <div class='ocr_carea' id='block_1_106' title="bbox 1953 3772 3605 3847">
    <p class='ocr_par' dir='ltr' id='par_1_106' title="bbox 1953 3772 3605 3847">
     <span class='ocr_line' id='line_1_106' title="bbox 1953 3772 3605 3847; baseline -0.002 -14"><span class='ocrx_word' id='word_1_735' title='bbox 1953 3782 2071 3834; x_wconf 93' lang='lat' dir='ltr'>tem</span> <span class='ocrx_word' id='word_1_736' title='bbox 2098 3776 2470 3847; x_wconf 89' lang='lat' dir='ltr'>indigebant,</span> <span class='ocrx_word' id='word_1_737' title='bbox 2518 3775 2791 3829; x_wconf 91' lang='lat' dir='ltr'>deserere</span> <span class='ocrx_word' id='word_1_738' title='bbox 2847 3772 3188 3838; x_wconf 90' lang='lat' dir='ltr'>noluerunt,</span> <span class='ocrx_word' id='word_1_739' title='bbox 3242 3773 3369 3828; x_wconf 89' lang='lat' dir='ltr'>sine</span> <span class='ocrx_word' id='word_1_740' title='bbox 3416 3772 3605 3830; x_wconf 90' lang='lat' dir='ltr'>dubio</span> 
     </span>
    </p>
   </div>
   <div class='ocr_carea' id='block_1_107' title="bbox 1951 3862 3098 3935">
    <p class='ocr_par' dir='ltr' id='par_1_107' title="bbox 1951 3862 3098 3935">
     <span class='ocr_line' id='line_1_107' title="bbox 1951 3862 3098 3935; baseline -0.003 -14"><span class='ocrx_word' id='word_1_741' title='bbox 1951 3883 2093 3923; x_wconf 89' lang='lat' dir='ltr'>suas</span> <span class='ocrx_word' id='word_1_742' title='bbox 2132 3864 2368 3922; x_wconf 90' lang='lat' dir='ltr'>animas</span> <span class='ocrx_word' id='word_1_743' title='bbox 2401 3879 2508 3935; x_wconf 89' lang='lat' dir='ltr'>pro</span> <span class='ocrx_word' id='word_1_744' title='bbox 2536 3862 2813 3919; x_wconf 90' lang='lat' dir='ltr'>fratribus</span> <span class='ocrx_word' id='word_1_745' title='bbox 2845 3866 3098 3932; x_wconf 90' lang='lat' dir='ltr'>ponunt.</span> 
     </span>
    </p>
   </div>
   <div class='ocr_carea' id='block_1_108' title="bbox 2021 3967 3604 4044">
    <p class='ocr_par' dir='ltr' id='par_1_108' title="bbox 2021 3967 3604 4044">
     <span class='ocr_line' id='line_1_108' title="bbox 2021 3967 3604 4044; baseline -0.003 -14"><span class='ocrx_word' id='word_1_746' title='bbox 2021 3976 2075 4029; x_wconf 72' lang='lat'>4.</span> <span class='ocrx_word' id='word_1_747' title='bbox 2101 3974 2263 4030; x_wconf 91' lang='lat' dir='ltr'>Unde</span> <span class='ocrx_word' id='word_1_748' title='bbox 2295 3972 2441 4028; x_wconf 92' lang='lat' dir='ltr'>illud</span> <span class='ocrx_word' id='word_1_749' title='bbox 2471 3971 2636 4044; x_wconf 89' lang='lat' dir='ltr'>quod</span> <span class='ocrx_word' id='word_1_750' title='bbox 2663 3970 3014 4042; x_wconf 88' lang='lat' dir='ltr'>episcopum</span> <span class='ocrx_word' id='word_1_751' title='bbox 3040 3967 3366 4040; x_wconf 89' lang='lat' dir='ltr'>quemdam</span> <span class='ocrx_word' id='word_1_752' title='bbox 3389 3967 3604 4026; x_wconf 86' lang='lat' dir='ltr'>dixisse</span> 
     </span>
    </p>
   </div>
   <div class='ocr_carea' id='block_1_109' title="bbox 1947 4057 3599 4129">
    <p class='ocr_par' dir='ltr' id='par_1_109' title="bbox 1947 4057 3599 4129">
     <span class='ocr_line' id='line_1_109' title="bbox 1947 4057 3599 4129; baseline -0.005 -7"><span class='ocrx_word' id='word_1_753' title='bbox 1947 4062 2388 4128; x_wconf 90' lang='lat' dir='ltr'>audivimus,Si</span> <span class='ocrx_word' id='word_1_754' title='bbox 2418 4061 2702 4117; x_wconf 85' lang='lat' dir='ltr'>Dominus</span> <span class='ocrx_word' id='word_1_755' title='bbox 2733 4059 2898 4115; x_wconf 86' lang='lat' dir='ltr'>nobis</span> <span class='ocrx_word' id='word_1_756' title='bbox 2937 4057 3253 4127; x_wconf 84' lang='lat' dir='ltr'>imperavit</span> <span class='ocrx_word' id='word_1_757' title='bbox 3280 4059 3495 4129; x_wconf 83' lang='lat' dir='ltr'>fugam</span> <span class='ocrx_word' id='word_1_758' title='bbox 3535 4059 3599 4114; x_wconf 85' lang='lat' dir='ltr'>in</span> 
     </span>
    </p>
   </div>
   <div class='ocr_carea' id='block_1_110' title="bbox 1950 4149 3606 4223">
    <p class='ocr_par' dir='ltr' id='par_1_110' title="bbox 1950 4149 3606 4223">
     <span class='ocr_line' id='line_1_110' title="bbox 1950 4149 3606 4223; baseline -0.004 -13"><span class='ocrx_word' id='word_1_759' title='bbox 1950 4154 2029 4211; x_wconf 87' lang='lat' dir='ltr'>eis</span> <span class='ocrx_word' id='word_1_760' title='bbox 2049 4149 2681 4223; x_wconf 84' lang='lat' dir='ltr'>persecutionibus,ubi</span> <span class='ocrx_word' id='word_1_761' title='bbox 2700 4153 2880 4218; x_wconf 87' lang='lat' dir='ltr'>potest</span> <span class='ocrx_word' id='word_1_762' title='bbox 2891 4149 3133 4217; x_wconf 87' lang='lat' dir='ltr'>fructus</span> <span class='ocrx_word' id='word_1_763' title='bbox 3147 4163 3263 4204; x_wconf 85' lang='lat' dir='ltr'>esse</span> <span class='ocrx_word' id='word_1_764' title='bbox 3286 4149 3606 4219; x_wconf 83' lang='lat' dir='ltr'>martyrii;</span> 
     </span>
    </p>
   </div>
   <div class='ocr_carea' id='block_1_111' title="bbox 1948 4238 3576 4314">
    <p class='ocr_par' dir='ltr' id='par_1_111' title="bbox 1948 4238 3576 4314">
     <span class='ocr_line' id='line_1_111' title="bbox 1948 4238 3576 4314; baseline -0.003 -15"><span class='ocrx_word' id='word_1_765' title='bbox 1948 4250 2174 4314; x_wconf 87' lang='lat' dir='ltr'>quanto</span> <span class='ocrx_word' id='word_1_766' title='bbox 2226 4241 2406 4312; x_wconf 88' lang='lat' dir='ltr'>magis</span> <span class='ocrx_word' id='word_1_767' title='bbox 2451 4240 2724 4296; x_wconf 86' lang='lat' dir='ltr'>debemus</span> <span class='ocrx_word' id='word_1_768' title='bbox 2771 4240 2985 4309; x_wconf 81' lang='lat' dir='ltr'>fugere</span> <span class='ocrx_word' id='word_1_769' title='bbox 3012 4238 3239 4294; x_wconf 81' lang='lat' dir='ltr'>steriles</span> <span class='ocrx_word' id='word_1_770' title='bbox 3289 4238 3576 4307; x_wconf 82' lang='lat' dir='ltr'>passiones</span> 
     </span>
    </p>
   </div>
   <div class='ocr_carea' id='block_1_112' title="bbox 1951 4324 3597 4404">
    <p class='ocr_par' dir='ltr' id='par_1_112' title="bbox 1951 4324 3597 4404">
     <span class='ocr_line' id='line_1_112' title="bbox 1951 4324 3597 4404; baseline -0.003 -18"><span class='ocrx_word' id='word_1_771' title='bbox 1951 4331 2189 4404; x_wconf 88' lang='lat' dir='ltr'>quando</span> <span class='ocrx_word' id='word_1_772' title='bbox 2221 4337 2302 4386; x_wconf 90' lang='lat' dir='ltr'>est</span> <span class='ocrx_word' id='word_1_773' title='bbox 2332 4328 2677 4385; x_wconf 83' lang='lat' dir='ltr'>barbaricus</span> <span class='ocrx_word' id='word_1_774' title='bbox 2700 4332 2753 4382; x_wconf 87' lang='lat' dir='ltr'>et</span> <span class='ocrx_word' id='word_1_775' title='bbox 2768 4326 2998 4382; x_wconf 81' lang='lat' dir='ltr'>hostilis</span> <span class='ocrx_word' id='word_1_776' title='bbox 3026 4327 3303 4381; x_wconf 88' lang='lat' dir='ltr'>incursus</span> <span class='ocrx_word' id='word_1_777' title='bbox 3331 4324 3359 4379; x_wconf 81' lang='lat'><strong>?</strong></span> <span class='ocrx_word' id='word_1_778' title='bbox 3387 4341 3597 4381; x_wconf 92' lang='lat' dir='ltr'>verum</span> 
     </span>
    </p>
   </div>
   <div class='ocr_carea' id='block_1_113' title="bbox 1950 4411 3600 4492">
    <p class='ocr_par' dir='ltr' id='par_1_113' title="bbox 1950 4411 3600 4492">
     <span class='ocr_line' id='line_1_113' title="bbox 1950 4411 3600 4492; baseline -0.004 -17"><span class='ocrx_word' id='word_1_779' title='bbox 1950 4420 2292 4492; x_wconf 89' lang='lat' dir='ltr'>estquidem</span> <span class='ocrx_word' id='word_1_780' title='bbox 2327 4424 2384 4474; x_wconf 89' lang='lat' dir='ltr'>et</span> <span class='ocrx_word' id='word_1_781' title='bbox 2413 4415 2798 4487; x_wconf 89' lang='lat' dir='ltr'>acceptabile,</span> <span class='ocrx_word' id='word_1_782' title='bbox 2815 4416 2918 4469; x_wconf 92' lang='lat' dir='ltr'>sed</span> <span class='ocrx_word' id='word_1_783' title='bbox 2936 4415 3026 4468; x_wconf 90' lang='lat' dir='ltr'>his</span> <span class='ocrx_word' id='word_1_784' title='bbox 3041 4429 3194 4484; x_wconf 90' lang='lat' dir='ltr'>quos</span> <span class='ocrx_word' id='word_1_785' title='bbox 3212 4411 3600 4468; x_wconf 87' lang='lat' dir='ltr'>ecclesiastici</span> 
     </span>
    </p>
   </div>
   <div class='ocr_carea' id='block_1_114' title="bbox 1948 4500 3598 4572">
    <p class='ocr_par' dir='ltr' id='par_1_114' title="bbox 1948 4500 3598 4572">
     <span class='ocr_line' id='line_1_114' title="bbox 1948 4500 3598 4572; baseline -0.005 -7"><span class='ocrx_word' id='word_1_786' title='bbox 1948 4509 2128 4566; x_wconf 86' lang='lat' dir='ltr'>ofﬁcii</span> <span class='ocrx_word' id='word_1_787' title='bbox 2151 4523 2271 4563; x_wconf 91' lang='lat' dir='ltr'>non</span> <span class='ocrx_word' id='word_1_788' title='bbox 2294 4509 2494 4562; x_wconf 90' lang='lat' dir='ltr'>tenent</span> <span class='ocrx_word' id='word_1_789' title='bbox 2521 4503 2773 4559; x_wconf 88' lang='lat' dir='ltr'>vincula.</span> <span class='ocrx_word' id='word_1_790' title='bbox 2809 4506 2956 4558; x_wconf 89' lang='lat' dir='ltr'>Nam</span> <span class='ocrx_word' id='word_1_791' title='bbox 2983 4502 3088 4572; x_wconf 91' lang='lat' dir='ltr'>qui</span> <span class='ocrx_word' id='word_1_792' title='bbox 3120 4501 3321 4556; x_wconf 91' lang='lat' dir='ltr'>clades</span> <span class='ocrx_word' id='word_1_793' title='bbox 3349 4500 3598 4556; x_wconf 84' lang='lat' dir='ltr'>hostiles</span> 
     </span>
    </p>
   </div>
   <div class='ocr_carea' id='block_1_115' title="bbox 1947 4589 3601 4664">
    <p class='ocr_par' dir='ltr' id='par_1_115' title="bbox 1947 4589 3601 4664">
     <span class='ocr_line' id='line_1_115' title="bbox 1947 4589 3601 4664; baseline -0.006 -10"><span class='ocrx_word' id='word_1_794' title='bbox 1947 4599 2082 4654; x_wconf 90' lang='lat' dir='ltr'>ideo</span> <span class='ocrx_word' id='word_1_795' title='bbox 2109 4613 2228 4652; x_wconf 90' lang='lat' dir='ltr'>non</span> <span class='ocrx_word' id='word_1_796' title='bbox 2259 4596 2423 4664; x_wconf 88' lang='lat' dir='ltr'>fugit,</span> <span class='ocrx_word' id='word_1_797' title='bbox 2448 4609 2586 4649; x_wconf 94' lang='lat' dir='ltr'>eum</span> <span class='ocrx_word' id='word_1_798' title='bbox 2615 4592 2801 4663; x_wconf 91' lang='lat' dir='ltr'>possit</span> <span class='ocrx_word' id='word_1_799' title='bbox 2827 4590 3106 4661; x_wconf 74' lang='lat' dir='ltr'>effugere,</span> <span class='ocrx_word' id='word_1_800' title='bbox 3138 4605 3211 4644; x_wconf 92' lang='lat' dir='ltr'>ne</span> <span class='ocrx_word' id='word_1_801' title='bbox 3232 4589 3469 4645; x_wconf 90' lang='lat' dir='ltr'>deserat</span> <span class='ocrx_word' id='word_1_802' title='bbox 3492 4589 3601 4645; x_wconf 87' lang='lat' dir='ltr'>mi-</span> 
     </span>
    </p>
   </div>
   <div class='ocr_carea' id='block_1_116' title="bbox 1947 4679 3600 4753">
    <p class='ocr_par' dir='ltr' id='par_1_116' title="bbox 1947 4679 3600 4753">
     <span class='ocr_line' id='line_1_116' title="bbox 1947 4679 3600 4753; baseline -0.004 -11"><span class='ocrx_word' id='word_1_803' title='bbox 1947 4686 2255 4742; x_wconf 90' lang='lat' dir='ltr'>nisterium</span> <span class='ocrx_word' id='word_1_804' title='bbox 2271 4683 2498 4748; x_wconf 90' lang='lat' dir='ltr'>Christi,</span> <span class='ocrx_word' id='word_1_805' title='bbox 2515 4682 2776 4753; x_wconf 91' lang='lat' dir='ltr'>sinequo</span> <span class='ocrx_word' id='word_1_806' title='bbox 2791 4695 2912 4735; x_wconf 89' lang='lat' dir='ltr'>non</span> <span class='ocrx_word' id='word_1_807' title='bbox 2925 4685 3186 4751; x_wconf 90' lang='lat' dir='ltr'>possunt</span> <span class='ocrx_word' id='word_1_808' title='bbox 3202 4679 3476 4734; x_wconf 90' lang='lat' dir='ltr'>homines</span> <span class='ocrx_word' id='word_1_809' title='bbox 3504 4679 3600 4736; x_wconf 91' lang='lat' dir='ltr'>vel</span> 
     </span>
    </p>
   </div>
   <div class='ocr_carea' id='block_1_117' title="bbox 1946 4768 3598 4840">
    <p class='ocr_par' dir='ltr' id='par_1_117' title="bbox 1946 4768 3598 4840">
     <span class='ocr_line' id='line_1_117' title="bbox 1946 4768 3598 4840; baseline -0.005 -8"><span class='ocrx_word' id='word_1_810' title='bbox 1946 4775 2070 4832; x_wconf 86' lang='lat' dir='ltr'>ﬁeri</span> <span class='ocrx_word' id='word_1_811' title='bbox 2099 4775 2191 4830; x_wconf 93' lang='lat' dir='ltr'>vel</span> <span class='ocrx_word' id='word_1_812' title='bbox 2207 4774 2401 4828; x_wconf 90' lang='lat' dir='ltr'>vivere</span> <span class='ocrx_word' id='word_1_813' title='bbox 2424 4769 2749 4835; x_wconf 88' lang='lat' dir='ltr'>christiani,</span> <span class='ocrx_word' id='word_1_814' title='bbox 2786 4769 3080 4840; x_wconf 90' lang='lat' dir='ltr'>majorem</span> <span class='ocrx_word' id='word_1_815' title='bbox 3103 4768 3406 4825; x_wconf 90' lang='lat' dir='ltr'>charitatis</span> <span class='ocrx_word' id='word_1_816' title='bbox 3435 4769 3598 4825; x_wconf 87' lang='lat' dir='ltr'>inve-</span> 
     </span>
    </p>
   </div>
   <div class='ocr_carea' id='block_1_118' title="bbox 1945 4857 3601 4933">
    <p class='ocr_par' dir='ltr' id='par_1_118' title="bbox 1945 4857 3601 4933">
     <span class='ocr_line' id='line_1_118' title="bbox 1945 4857 3601 4933; baseline -0.004 -12"><span class='ocrx_word' id='word_1_817' title='bbox 1945 4866 2033 4921; x_wconf 89' lang='lat' dir='ltr'>nit</span> <span class='ocrx_word' id='word_1_818' title='bbox 2088 4864 2366 4926; x_wconf 89' lang='lat' dir='ltr'>fructum,</span> <span class='ocrx_word' id='word_1_819' title='bbox 2402 4876 2587 4933; x_wconf 89' lang='lat' dir='ltr'>quam</span> <span class='ocrx_word' id='word_1_820' title='bbox 2637 4859 2740 4932; x_wconf 90' lang='lat' dir='ltr'>qui</span> <span class='ocrx_word' id='word_1_821' title='bbox 2788 4873 2910 4914; x_wconf 89' lang='lat' dir='ltr'>non</span> <span class='ocrx_word' id='word_1_822' title='bbox 2944 4862 3185 4930; x_wconf 91' lang='lat' dir='ltr'>propter</span> <span class='ocrx_word' id='word_1_823' title='bbox 3232 4857 3460 4924; x_wconf 89' lang='lat' dir='ltr'>fratres,</span> <span class='ocrx_word' id='word_1_824' title='bbox 3495 4858 3601 4914; x_wconf 90' lang='lat' dir='ltr'>sed</span> 
     </span>
    </p>
   </div>
   <div class='ocr_carea' id='block_1_119' title="bbox 1944 4948 3597 5028">
    <p class='ocr_par' dir='ltr' id='par_1_119' title="bbox 1944 4948 3597 5028">
     <span class='ocr_line' id='line_1_119' title="bbox 1944 4948 3597 5028; baseline -0.005 -18"><span class='ocrx_word' id='word_1_825' title='bbox 1944 4959 2187 5028; x_wconf 90' lang='lat' dir='ltr'>propter</span> <span class='ocrx_word' id='word_1_826' title='bbox 2213 4952 2478 5022; x_wconf 91' lang='lat' dir='ltr'>seipsum</span> <span class='ocrx_word' id='word_1_827' title='bbox 2502 4949 2757 5020; x_wconf 88' lang='lat' dir='ltr'>fugiens,</span> <span class='ocrx_word' id='word_1_828' title='bbox 2775 4953 2952 5018; x_wconf 88' lang='lat' dir='ltr'>atque</span> <span class='ocrx_word' id='word_1_829' title='bbox 2974 4948 3444 5018; x_wconf 89' lang='lat' dir='ltr'>comprehensus</span> <span class='ocrx_word' id='word_1_830' title='bbox 3474 4961 3597 5002; x_wconf 91' lang='lat' dir='ltr'>non</span> 
     </span>
    </p>
   </div>
   <div class='ocr_carea' id='block_1_120' title="bbox 1947 5037 3290 5114">
    <p class='ocr_par' dir='ltr' id='par_1_120' title="bbox 1947 5037 3290 5114">
     <span class='ocr_line' id='line_1_120' title="bbox 1947 5037 3290 5114; baseline -0.006 -15"><span class='ocrx_word' id='word_1_831' title='bbox 1947 5049 2121 5114; x_wconf 88' lang='lat' dir='ltr'>negat</span> <span class='ocrx_word' id='word_1_832' title='bbox 2151 5042 2471 5109; x_wconf 89' lang='lat' dir='ltr'>Christum,</span> <span class='ocrx_word' id='word_1_833' title='bbox 2505 5039 2877 5111; x_wconf 90' lang='lat' dir='ltr'>suscipitque</span> <span class='ocrx_word' id='word_1_834' title='bbox 2911 5037 3290 5110; x_wconf 88' lang='lat' dir='ltr'>martyrium.</span> 
     </span>
    </p>
   </div>
   <div class='ocr_carea' id='block_1_121' title="bbox 2017 5141 3598 5218">
    <p class='ocr_par' dir='ltr' id='par_1_121' title="bbox 2017 5141 3598 5218">
     <span class='ocr_line' id='line_1_121' title="bbox 2017 5141 3598 5218; baseline -0.004 -14"><span class='ocrx_word' id='word_1_835' title='bbox 2017 5152 2068 5205; x_wconf 86' lang='lat'>5.</span> <span class='ocrx_word' id='word_1_836' title='bbox 2092 5149 2242 5214; x_wconf 88' lang='lat' dir='ltr'>Quid</span> <span class='ocrx_word' id='word_1_837' title='bbox 2270 5153 2359 5204; x_wconf 88' lang='lat' dir='ltr'>est</span> <span class='ocrx_word' id='word_1_838' title='bbox 2393 5162 2536 5217; x_wconf 86' lang='lat' dir='ltr'>ergo</span> <span class='ocrx_word' id='word_1_839' title='bbox 2570 5146 2732 5218; x_wconf 90' lang='lat' dir='ltr'>quod</span> <span class='ocrx_word' id='word_1_840' title='bbox 2771 5146 2830 5201; x_wconf 91' lang='lat' dir='ltr'>in</span> <span class='ocrx_word' id='word_1_841' title='bbox 2864 5145 3115 5217; x_wconf 89' lang='lat' dir='ltr'>epistola</span> <span class='ocrx_word' id='word_1_842' title='bbox 3141 5148 3240 5199; x_wconf 91' lang='lat' dir='ltr'>tua</span> <span class='ocrx_word' id='word_1_843' title='bbox 3270 5141 3463 5214; x_wconf 88' lang='lat' dir='ltr'>priore</span> <span class='ocrx_word' id='word_1_844' title='bbox 3493 5156 3598 5214; x_wconf 86' lang='lat' dir='ltr'>po-</span> 
     </span>
    </p>
   </div>
   <div class='ocr_carea' id='block_1_122' title="bbox 1947 5231 3595 5304">
    <p class='ocr_par' dir='ltr' id='par_1_122' title="bbox 1947 5231 3595 5304">
     <span class='ocr_line' id='line_1_122' title="bbox 1947 5231 3595 5304; baseline -0.005 -10"><span class='ocrx_word' id='word_1_845' title='bbox 1947 5239 2115 5294; x_wconf 89' lang='lat' dir='ltr'>suisti</span> <span class='ocrx_word' id='word_1_846' title='bbox 2150 5238 2177 5293; x_wconf 76' lang='lat' dir='ltr'>‘i</span> <span class='ocrx_word' id='word_1_847' title='bbox 2197 5237 2346 5293; x_wconf 89' lang='lat' dir='ltr'>dicis</span> <span class='ocrx_word' id='word_1_848' title='bbox 2378 5237 2560 5303; x_wconf 91' lang='lat' dir='ltr'>enim,</span> <span class='ocrx_word' id='word_1_849' title='bbox 2581 5235 2647 5292; x_wconf 86' lang='lat' dir='ltr'>Si</span> <span class='ocrx_word' id='word_1_850' title='bbox 2662 5236 2722 5290; x_wconf 89' lang='lat' dir='ltr'>in</span> <span class='ocrx_word' id='word_1_851' title='bbox 2740 5231 3463 5304; x_wconf 83' lang='lat' dir='ltr'>Ecclesiispersistendum</span> <span class='ocrx_word' id='word_1_852' title='bbox 3494 5236 3595 5299; x_wconf 87' lang='lat' dir='ltr'>est,</span> 
     </span>
    </p>
   </div>
   <div class='ocr_carea' id='block_1_123' title="bbox 1947 5320 3596 5400">
    <p class='ocr_par' dir='ltr' id='par_1_123' title="bbox 1947 5320 3596 5400">
     <span class='ocr_line' id='line_1_123' title="bbox 1947 5320 3596 5400; baseline -0.004 -17"><span class='ocrx_word' id='word_1_853' title='bbox 1947 5329 2090 5400; x_wconf 81' lang='lat' dir='ltr'>quid</span> <span class='ocrx_word' id='word_1_854' title='bbox 2119 5328 2298 5383; x_wconf 87' lang='lat' dir='ltr'>simus</span> <span class='ocrx_word' id='word_1_855' title='bbox 2326 5327 2490 5382; x_wconf 84' lang='lat' dir='ltr'>nobis</span> <span class='ocrx_word' id='word_1_856' title='bbox 2522 5327 2612 5382; x_wconf 90' lang='lat' dir='ltr'>vel</span> <span class='ocrx_word' id='word_1_857' title='bbox 2640 5326 2863 5394; x_wconf 88' lang='lat' dir='ltr'>populo</span> <span class='ocrx_word' id='word_1_858' title='bbox 2892 5321 3209 5392; x_wconf 84' lang='lat' dir='ltr'>profuturi</span> <span class='ocrx_word' id='word_1_859' title='bbox 3256 5336 3375 5377; x_wconf 87' lang='lat' dir='ltr'>non</span> <span class='ocrx_word' id='word_1_860' title='bbox 3406 5320 3596 5391; x_wconf 85' lang='lat' dir='ltr'>video,</span> 
     </span>
    </p>
   </div>
   <div class='ocr_carea' id='block_1_124' title="bbox 1947 5409 3600 5480">
    <p class='ocr_par' dir='ltr' id='par_1_124' title="bbox 1947 5409 3600 5480">
     <span class='ocr_line' id='line_1_124' title="bbox 1947 5409 3600 5480; baseline -0.004 -8"><span class='ocrx_word' id='word_1_861' title='bbox 1947 5417 2062 5472; x_wconf 85' lang='lat' dir='ltr'>nisi</span> <span class='ocrx_word' id='word_1_862' title='bbox 2087 5424 2148 5472; x_wconf 89' lang='lat' dir='ltr'>ut</span> <span class='ocrx_word' id='word_1_863' title='bbox 2172 5423 2308 5472; x_wconf 86' lang='lat' dir='ltr'>ante</span> <span class='ocrx_word' id='word_1_864' title='bbox 2320 5417 2518 5471; x_wconf 84' lang='lat' dir='ltr'>oculos</span> <span class='ocrx_word' id='word_1_865' title='bbox 2533 5421 2764 5469; x_wconf 82' lang='lat' dir='ltr'>nostros</span> <span class='ocrx_word' id='word_1_866' title='bbox 2785 5413 2899 5468; x_wconf 87' lang='lat' dir='ltr'>viri</span> <span class='ocrx_word' id='word_1_867' title='bbox 2920 5411 3160 5475; x_wconf 88' lang='lat' dir='ltr'>cadant,</span> <span class='ocrx_word' id='word_1_868' title='bbox 3182 5409 3419 5480; x_wconf 73' lang='lat' dir='ltr'>feminae</span> <span class='ocrx_word' id='word_1_869' title='bbox 3432 5425 3600 5466; x_wconf 87' lang='lat' dir='ltr'>cons-</span> 
     </span>
    </p>
   </div>
   <div class='ocr_carea' id='block_1_125' title="bbox 1947 5499 3602 5574">
    <p class='ocr_par' dir='ltr' id='par_1_125' title="bbox 1947 5499 3602 5574">
     <span class='ocr_line' id='line_1_125' title="bbox 1947 5499 3602 5574; baseline -0.004 -13"><span class='ocrx_word' id='word_1_870' title='bbox 1947 5504 2696 5574; x_wconf 87' lang='lat' dir='ltr'>tuprentur,incendantur</span> <span class='ocrx_word' id='word_1_871' title='bbox 2709 5501 2983 5565; x_wconf 58' lang='lat' dir='ltr'>ecclesia,</span> <span class='ocrx_word' id='word_1_872' title='bbox 3000 5515 3103 5555; x_wconf 86' lang='lat' dir='ltr'>nos</span> <span class='ocrx_word' id='word_1_873' title='bbox 3121 5500 3235 5569; x_wconf 90' lang='lat' dir='ltr'>ipsi</span> <span class='ocrx_word' id='word_1_874' title='bbox 3261 5499 3325 5554; x_wconf 89' lang='lat' dir='ltr'>in</span> <span class='ocrx_word' id='word_1_875' title='bbox 3339 5505 3602 5555; x_wconf 82' lang='lat' dir='ltr'>tormen-</span> 
     </span>
    </p>
   </div>
   <div class='ocr_carea' id='block_1_126' title="bbox 1946 5588 3602 5662">
    <p class='ocr_par' dir='ltr' id='par_1_126' title="bbox 1946 5588 3602 5662">
     <span class='ocr_line' id='line_1_126' title="bbox 1946 5588 3602 5662; baseline -0.004 -11"><span class='ocrx_word' id='word_1_876' title='bbox 1946 5597 2019 5652; x_wconf 86' lang='lat' dir='ltr'>tis</span> <span class='ocrx_word' id='word_1_877' title='bbox 2041 5594 2406 5662; x_wconf 80' lang='lat' dir='ltr'>deﬁciamus,</span> <span class='ocrx_word' id='word_1_878' title='bbox 2431 5608 2565 5648; x_wconf 88' lang='lat' dir='ltr'>cum</span> <span class='ocrx_word' id='word_1_879' title='bbox 2592 5591 2664 5646; x_wconf 87' lang='lat' dir='ltr'>de</span> <span class='ocrx_word' id='word_1_880' title='bbox 2679 5590 2841 5646; x_wconf 88' lang='lat' dir='ltr'>nobis</span> <span class='ocrx_word' id='word_1_881' title='bbox 2856 5589 3149 5662; x_wconf 69' lang='lat' dir='ltr'>quaeritur</span> <span class='ocrx_word' id='word_1_882' title='bbox 3173 5588 3333 5660; x_wconf 88' lang='lat' dir='ltr'>quod</span> <span class='ocrx_word' id='word_1_883' title='bbox 3350 5603 3471 5644; x_wconf 85' lang='lat' dir='ltr'>non</span> <span class='ocrx_word' id='word_1_884' title='bbox 3494 5588 3602 5645; x_wconf 82' lang='lat' dir='ltr'>ha-</span> 
     </span>
    </p>
   </div>
   <div class='ocr_carea' id='block_1_127' title="bbox 1963 5693 3603 5766">
    <p class='ocr_par' dir='ltr' id='par_1_127' title="bbox 1963 5693 3603 5766">
     <span class='ocr_line' id='line_1_127' title="bbox 1963 5693 3603 5766; baseline -0.004 -16"><span class='ocrx_word' id='word_1_885' title='bbox 1963 5716 1968 5722; x_wconf 62' lang='grc' dir='ltr'>ί</span> <span class='ocrx_word' id='word_1_886' title='bbox 2012 5702 2028 5734; x_wconf 77' lang='grc' dir='ltr'>ί</span> <span class='ocrx_word' id='word_1_887' title='bbox 2045 5699 2183 5750; x_wconf 90' lang='lat' dir='ltr'>Editi</span> <span class='ocrx_word' id='word_1_888' title='bbox 2200 5699 2472 5758; x_wconf 89' lang='lat' dir='ltr'>omittunt,</span> <span class='ocrx_word' id='word_1_889' title='bbox 2493 5701 2536 5748; x_wconf 78' lang='lat' dir='ltr'>et</span> <span class='ocrx_word' id='word_1_890' title='bbox 2558 5697 2809 5749; x_wconf 79' lang='lat' dir='ltr'>laicorum</span> <span class='ocrx_word' id='word_1_891' title='bbox 2824 5708 2847 5761; x_wconf 84' lang='lat'><em>;</em></span> <span class='ocrx_word' id='word_1_892' title='bbox 2866 5694 3010 5766; x_wconf 89' lang='lat' dir='ltr'>quod</span> <span class='ocrx_word' id='word_1_893' title='bbox 3027 5708 3092 5747; x_wconf 84' lang='lat' dir='ltr'>cx</span> <span class='ocrx_word' id='word_1_894' title='bbox 3111 5693 3603 5747; x_wconf 81' lang='lat' dir='ltr'>Mss.restituimus.</span> 
     </span>
    </p>
   </div>
  </div>
