4138 6172
565 159 701 216 1015

548 286 999 343 -ὐθγηαεΡοῑθιιε
1011 284 1353 356 estquidem
1373 286 1525 340 Deus
1537 283 1745 341 audire
1758 298 1963 356 preces
1976 277 2212 336 familiae

565 391 710 441 suae,
740 381 794 431 et
824 376 971 436 haec,
1005 389 1139 445 quae
1162 372 1576 439 formidantur,
1611 379 1910 438 avertere;
1944 386 2052 425 nec
2077 367 2210 422 ideo

569 470 772 522 tamen
793 468 1032 535 propter
1059 462 1192 526 ista,
1226 478 1361 534 quae
1380 463 1602 520 incerta
1629 469 1786 528 sunt,
1819 461 1998 517 debet
2027 455 2212 513 nostri

568 554 745 612 ofﬁcii
773 568 903 607 esse
931 555 1092 606 certa
1113 553 1186 607 de
1211 552 1412 617 sertio,
1447 553 1574 608 sine
1603 569 1724 625 quo
1755 557 1841 607 est
1871 548 2028 622 plebi
2053 550 2214 602 certa

567 640 880 713 pernicies,
907 656 1029 695 non
1061 641 1119 694 in
1146 641 1324 696 rebus
1355 641 1490 696 vitae
1516 641 1717 712 hujus,
1738 641 1841 696 sed
1864 638 2103 696 alterius
2130 635 2212 690 in-

567 729 1052 801 comparabiliter
1076 729 1420 799 diligentius
1449 731 1876 802 sollicitiusque
1907 725 2210 783 curandae.

566 822 715 875 Nam
745 818 796 873 si
826 825 986 875 certa
1017 825 1213 875 essent
1239 820 1348 874 ista
1376 821 1556 885 mala,
1586 834 1721 891 quae
1741 819 2022 874 timentur
2052 830 2125 870 ne
2152 813 2208 868 in

563 908 705 965 locis
735 908 796 963 in
821 908 1042 980 quibus
1068 925 1302 976 sumus,
1327 908 1472 964 forte
1493 908 1860 979 contingant,
1888 906 2053 978 prius
2076 902 2214 958 inde

567 998 840 1070 fugerent
868 1012 1078 1053 omnes
1109 1002 1353 1070 propter
1394 1013 1547 1069 quos
1592 997 1672 1052 ibi
1705 995 2073 1052 manendum
2105 995 2208 1056 est,

570 1092 626 1143 et
653 1103 763 1143 nos
793 1087 1140 1143 amanendi
1198 1087 1548 1142 necessitate
1601 1086 1820 1141 liberos
1862 1083 2211 1138 redderent:

567 1176 863 1233 nonenim
891 1177 1210 1248 quisquam
1239 1181 1324 1230 est
1346 1176 1619 1247 quidicat
1642 1175 1949 1230 ministros
1973 1186 2214 1227 manere

569 1271 862 1337 oportere,
895 1265 998 1320 ubi
1039 1266 1163 1336 jam
1209 1281 1330 1320 non
1362 1265 1576 1320 fuerint
1622 1265 1840 1335 quibus
1872 1277 2116 1317 necesse
2143 1261 2216 1315 sit

570 1355 931 1410 ministrare.
967 1355 1049 1409 Ita
1081 1353 1329 1425 quidam
1344 1352 1809 1425 sanctiepiscopi
1833 1352 1905 1406 de
1929 1349 2216 1422 Hispania

570 1444 978 1515 profugerunt,
1040 1443 1202 1514 prius
1255 1442 1530 1513 plebibus
1579 1442 1795 1514 partim
1829 1441 1970 1509 fuga
2001 1438 2211 1510 lapsis,

565 1532 784 1604 partim
817 1531 1160 1602 peremptis,
1209 1531 1426 1601 partim
1471 1530 1784 1586 obsidione
1817 1527 2211 1598 consumptis,

565 1621 783 1692 partim
818 1619 1157 1691 captivitate
1224 1619 1556 1689 dispersis:
1609 1618 1706 1674 sed
1763 1618 1949 1673 multo
1988 1616 2211 1687 plures,

565 1709 681 1765 illic
740 1708 1119 1764 manentibus
1199 1713 1440 1779 propter
1510 1723 1661 1779 quos
1710 1710 2042 1770 manerent,
2101 1704 2212 1759 sub

567 1798 917 1854 eorumdem
949 1796 1347 1868 periculorum
1393 1797 1684 1852 densitate
1726 1799 2108 1852 manserunt.
2150 1796 2215 1849 Et

565 1889 612 1944 si
647 1887 829 1958 aliqui
861 1887 1250 1942 deseruerunt
1293 1885 1498 1956 plebes
1543 1902 1707 1954 suas,
1764 1886 1878 1940 hoc
1929 1888 2018 1940 est
2047 1882 2212 1954 quod

561 1977 816 2032 dicimus
851 1975 971 2029 fieri
1003 1990 1124 2032 non
1156 1974 1372 2030 debere
1408 1996 1419 2028 :
1454 1989 1648 2044 neque
1675 1973 1833 2029 enim
1875 1973 2020 2028 tales
2050 1971 2206 2028 docti

555 2065 905 2122 auctoritate
936 2063 1160 2128 divina,
1196 2063 1301 2119 sed
1330 2064 1596 2120 humano
1617 2063 1710 2120 vel
1738 2079 1933 2119 errore
1955 2063 2208 2134 decepti,

558 2155 657 2211 ‘vel
683 2154 895 2211 timore
923 2157 1062 2208 sunt
1083 2153 1237 2207 victi.

628 2265 799 2319 6.Cur
823 2263 983 2318 enim
1016 2261 1764 2333 sibiputantindiﬁerenter
1793 2261 2211 2334 obtemperan-

558 2353 706 2408 dum
739 2367 865 2407 esse
890 2357 1208 2422 praecepto,
1241 2350 1338 2405 ubi
1363 2350 1569 2420 legunt
1589 2351 1662 2406 de
1680 2350 1992 2406 civitatein
2015 2351 2208 2406 civita-

554 2444 668 2497 tem
705 2457 836 2495 esse
866 2439 1218 2509 fugiendum
1255 2455 1268 2503 ;
1303 2444 1355 2494 et
1386 2440 1824 2494 mercenarium
1849 2455 1968 2494 non
1993 2439 2203 2494 exhor-

552 2535 702 2597 rent,
722 2530 825 2602 qui
858 2529 1014 2584 videt
1035 2529 1248 2598 lupum
1282 2528 1621 2582 venientem
1647 2528 1884 2597 etfugit,
1913 2529 2205 2600 quoniam

552 2633 677 2675 non
708 2621 796 2673 est
823 2617 873 2672 ei
904 2633 1047 2671 cura
1077 2619 1150 2671 de
1182 2616 1395 2671 ovibus
1425 2616 1873 2688 (Joan.x,t?,i3)
1898 2617 1924 2672 ?
1949 2618 2060 2673 Cur
2083 2633 2204 2673 non

554 2707 698 2762 istas
713 2707 863 2761 duas
879 2705 1207 2760 dominicas
1225 2721 1523 2776 verasque
1538 2707 1879 2772 sententias,
1903 2723 2084 2762 unam
2099 2708 2206 2762 sci—

555 2795 693 2851 licet
721 2794 821 2850 ubi
853 2794 996 2865 fuga
1031 2795 1240 2850 sinitur
1271 2799 1374 2850 aut
1397 2795 1663 2867 jubetur,
1695 2795 1942 2852 alteram
1975 2796 2076 2851 ubi
2109 2813 2206 2852 ar-

553 2885 752 2955 guitur
764 2890 941 2955 atque
959 2884 1253 2954 culpatur,
1271 2885 1354 2939 sic
1376 2884 1698 2956 intelligere
1712 2886 2207 2951 student,utinter

553 2991 617 3030 se
640 2973 1013 3045 reperiantur
1045 2988 1166 3029 non
1197 2989 1324 3028 esse
1354 2976 1688 3040 contrariae,
1720 2976 1869 3030 sicut
1889 2991 2009 3030 non
2029 2976 2206 3030 sunt?

552 3066 620 3119 Et
653 3066 769 3119 hoc
827 3062 1136 3134 quomodo
1167 3064 1477 3134 reperitur,
1509 3064 1624 3119 nisi
1678 3065 2016 3120 attendatur
2042 3064 2206 3136 quod

547 3154 674 3225 jam
706 3153 980 3224 superius
1012 3151 1334 3223 disputavi,
1361 3155 1501 3208 tunc
1528 3153 1600 3209 de
1626 3154 1770 3209 locis
1796 3154 2087 3226 inquibus
2111 3170 2207 3208 su-

549 3257 713 3307 mus,
737 3246 1048 3314 premente
1066 3241 1476 3311 persecutione
1491 3242 1983 3311 fugiendumesse
1999 3241 2207 3298 Christi

554 3331 861 3400 ministris,
885 3330 1132 3402 quando
1161 3329 1243 3385 ibi
1267 3334 1367 3385 aut
1392 3329 1558 3401 plebs
1573 3330 1916 3387 Christinon
1932 3331 2205 3387 fueritcui

553 3421 958 3483 ministretur;
993 3423 1094 3474 aut
1124 3419 1302 3474 etiam
1330 3419 1522 3485 fuerit,
1557 3425 1612 3476 et
1639 3427 1828 3491 potest
1848 3421 2080 3492 impleri
2105 3437 2210 3493 per

543 3511 706 3568 alios
733 3509 1140 3564 necessarium
1173 3507 1828 3581 ministerium,quibus
1851 3511 2061 3566 eadem
2087 3527 2208 3566 non

544 3605 643 3656 Bst
675 3614 858 3653 causa
882 3597 1179 3667 fugiendi:
1217 3599 1440 3654 sicutin
1457 3603 1659 3669 sporta
1673 3599 2206 3672 submissus,quod

547 3697 744 3754 supra
775 3682 1127 3748 memoravi,
1154 3681 1665 3754 fugitApostolus,
1699 3700 1836 3740 cum
1871 3702 1906 3741 a
1937 3701 2210 3757 persecu-

555 3775 681 3830 tore
716 3771 948 3843 proprie
981 3770 1108 3843 ipse
1155 3775 1541 3843 quaereretur,
1575 3773 1705 3829 aliis
1733 3774 1930 3845 utique
1957 3776 2211 3830 necessi—

556 3865 739 3918 tatem
769 3861 1023 3917 similem
1058 3876 1179 3917 non
1209 3861 1592 3931 habentibus,
1625 3879 1660 3919 a
1686 3864 1906 3935 quibus
1950 3865 2065 3920 illic
2100 3866 2210 3919 mi-

556 3951 866 4007 nisterium
894 3949 1050 4006 absit
1074 3955 1136 4006 ut
1165 3949 1532 4007 desereretur
1554 3953 1824 4010 Ecclesiae
1860 3955 2038 4019 ;sicut
2065 3954 2212 4024 fugit

560 4044 804 4096 sanctus
835 4039 1196 4094 Athanasius
1235 4039 1671 4096 Alexandrinus
1697 4043 2029 4114 episcopus,
2073 4060 2210 4098 cum

557 4145 699 4184 eum
727 4127 1058 4198 specialiter
1099 4128 1547 4198 apprehendere
1580 4132 1924 4185 Contantius
1972 4137 2212 4202 cuperet

563 4218 903 4288 imperator,
933 4231 1320 4288 nequaquam
1349 4232 1385 4272 a
1407 4217 1632 4272 caeteris
1663 4219 1950 4274 ministris
1981 4221 2211 4277 deserta

562 4305 736 4378 plebe
769 4303 1061 4360 catholica
1113 4320 1251 4376 quae
1284 4305 1342 4360 in
1375 4305 1734 4362 Alexandria
1764 4309 2207 4366 commanebat.

565 4396 707 4450 Cum
734 4398 934 4450 autem
952 4393 1122 4466 plebs
1145 4399 1362 4460 manet,
1392 4399 1447 4450 et
1473 4396 1721 4452 ministri
1741 4396 2212 4469 fugiunt,minis-

560 4484 896 4556 teriumque
910 4483 1448 4556 subtrahitur;quid
1463 4485 1569 4542 erit
1582 4486 1694 4541 nisi
1710 4504 1761 4541 ω
1771 4488 2211 4544 ercenariorum

563 4573 662 4630 illa
676 4573 820 4644 fuga
831 4573 1445 4645 damnabilis,quibus
1463 4590 1584 4631 non
1606 4579 1694 4632 es't
1708 4592 1850 4631 cura
1865 4577 1938 4631 de
1953 4577 2165 4633 ovibus
2183 4579 2212 4632 ?

564 4662 770 4719 Veniet
798 4663 956 4718 enim
983 4663 1162 4735 lupus
1196 4685 1206 4728 ;
1243 4679 1362 4718 non
1396 4663 1601 4729 homo,
1646 4665 1749 4720 sed
1775 4665 2072 4731 diabolus,
2105 4667 2210 4738 qui

560 4751 1136 4823 plerumqueﬁdeles
1163 4757 1466 4823 apostatas
1483 4769 1615 4809 esse
1641 4757 1956 4826 persuasit,
1987 4756 2209 4828 quibus

560 4839 982 4914 quotidianum
1043 4841 1437 4897 ministerium
1496 4843 1781 4898 dominici
1813 4845 2080 4915 corporis
2111 4845 2207 4900 de-

558 4930 668 4988 fuit
701 4947 713 4996 ;
748 4934 802 4986 et
831 4928 1043 5001 peribit
1097 4930 1372 4986 inﬁrmus
1426 4931 1488 4986 in
1520 4937 1620 4987 tua
1651 4947 1772 4988 non
1801 4933 2065 4998 scientia,
2101 4933 2205 4989 sed

557 5019 898 5091 ignorantia
929 5019 1127 5085 frater,
1162 5024 1403 5092 propter
1431 5037 1614 5093 quem
1642 5021 1906 5078 Christus
1933 5027 2204 5079 mortuus

555 5118 646 5170 est
672 5113 713 5177 (Ι
747 5109 881 5167 Cor.
923 5125 1044 5175 vui,
1081 5109 1187 5180 ll).

622 5225 674 5273 7.
703 5217 874 5283 Quod
906 5221 1105 5273 autem
1135 5216 1211 5272 ad
1237 5231 1340 5272 eos
1370 5217 1596 5284 attinet,
1626 5218 1729 5289 qui
1756 5218 1813 5274 in
1842 5219 1954 5274 hac
1986 5235 2046 5275 re
2077 5235 2200 5275 non

548 5305 835 5363 falluntur
865 5321 1082 5370 errore,
1109 5305 1213 5361 sed
1239 5305 1559 5361 formidine
1592 5313 1949 5377 superantur
1977 5326 1990 5375 ;
2014 5324 2200 5379 quare

546 5407 669 5450 non
709 5395 908 5465 potius
947 5399 1157 5450 contra
1197 5409 1375 5449 suum
1406 5395 1678 5450 timorem
1722 5396 1974 5450 Domino
2015 5397 2195 5451 mise-

545 5487 711 5537 rante
759 5487 936 5554 atque
966 5484 1291 5554 adjuvante
1336 5483 1560 5540 fortiter
1588 5484 1896 5551 dimicant,
1928 5501 2000 5540 ne
2033 5487 2197 5543 mala

550 5567 676 5620 sine
717 5573 1163 5637 comparatione
1209 5573 1502 5640 graviora,
1536 5589 1671 5645 quae
1708 5573 1895 5630 multo
1935 5574 2194 5646 amplius

549 5655 690 5723 sunt
717 5655 1045 5722 tremenda,
1073 5660 1422 5742 contingant
1455 5660 1482 5720 ‘i
1527 5663 1610 5720 Fit
1645 5662 1761 5721 hoc
1797 5663 1895 5721 ubi
1926 5664 2026 5721 Dei
2057 5665 2196 5724 cha-

1840 156 1904 214 S.
1946 147 2323 211 AUGUSTINI
2362 145 2692 205 EPISCOPI

3841 145 3972 204 1016

2323 274 2466 330 ritas
2492 274 2726 343 ﬂagrat,
2761 288 2881 329 non
2911 271 3123 328 mundi
3148 269 3443 344 cupiditas
3473 269 3686 326 fumat.
3721 269 3973 326 Charitas

2320 364 2479 420 enim
2505 363 2646 418 dicit
2676 378 2689 416 :
2726 362 2864 430 Quis
2890 362 3259 431 inﬁrmatur,
3298 363 3350 416 et
3384 375 3501 416 non
3534 375 3639 430 ego
3664 360 3978 427 inﬁrmor?

2319 454 2450 524 quis
2471 452 2943 517 scandalizatur,
2965 459 3018 507 et
3046 467 3160 506 non
3179 465 3283 520 ego
3310 466 3458 506 uror
3487 450 3558 518 (ll
3593 449 3733 506 Cor.
3760 466 3838 514 ιι,
3858 451 3978 518 29)?

2323 542 2438 599 Sed
2475 542 2736 598 charitas
2769 557 2841 596 ex
2876 544 2991 596 Deo
3025 547 3132 596 est.
3178 542 3431 596 Oremus
3469 555 3613 609 ergo
3666 545 3732 594 ut
3773 537 3855 594 ab
3895 538 3978 595 illo

2321 631 2513 698 detur,
2537 647 2571 687 a
2595 647 2718 703 quo
2739 631 2991 703 jubetur
3015 648 3028 686 :
3054 635 3108 684 et
3133 646 3237 701 per
3262 630 3423 685 hanc
3451 628 3645 698 magis
3668 630 3979 684 timeamus

2321 735 2395 776 ne
2417 736 2560 776 oves
2582 721 2791 776 Christi
2815 717 3139 791 spiritualis
3163 718 3448 789 nequitiae
3476 717 3680 788 gladio
3704 717 3764 772 in
3787 717 3976 783 corde,

2321 824 2505 880 quam
2537 823 2611 863 ne
2659 807 2812 864 ferro
2854 809 2912 863 in
2953 824 3198 879 corpore
3229 807 3619 872 trucidentur,
3656 805 3762 860 ubi
3798 821 3976 877 quan-

2322 899 2684 970 documque,
2751 913 3138 969 quocumque
3183 897 3391 952 mortis
3432 911 3670 966 genere,
3715 897 3979 954 morituri

2323 992 2480 1043 sunt.
2514 988 2695 1056 Magis
2727 988 3046 1044 timeamus
3077 1003 3150 1043 ne
3175 1003 3364 1042 sensu
3386 986 3648 1041 interiori
3678 993 3974 1056 corrupto,

2322 1081 2525 1148 pereat
2565 1077 2807 1132 castitas
2851 1076 3010 1142 ﬁdei,
3060 1092 3247 1148 quam
3295 1091 3369 1131 ne
3413 1075 3647 1131 femina:
3698 1075 3979 1130 violenter

2323 1169 2788 1236 constuprentur
2822 1165 2881 1221 in
2905 1181 3120 1221 carne:
3157 1166 3301 1237 quia
3330 1164 3610 1221 violentia
3640 1179 3769 1219 non
3803 1163 3976 1219 viola-

2326 1259 2416 1311 tur
2442 1254 2746 1326 pudicitia,
2778 1257 2828 1310 si
2863 1260 3058 1310 mente
3091 1261 3360 1311 servatur
3394 1270 3407 1320 ;
3453 1254 3745 1325 quoniam
3779 1268 3894 1308 nec
3927 1255 3976 1307 in

2323 1359 2502 1400 carne
2526 1343 2796 1410 violatur,
2824 1344 3070 1414 quando
3091 1343 3371 1399 voluntas
3403 1343 3688 1415 patientis
3725 1358 3846 1397 sua
3872 1347 3980 1396 tur-

2324 1432 2473 1504 piter
2503 1449 2682 1488 carne
2705 1449 2825 1488 non
2852 1434 3051 1497 utitur,
3081 1436 3184 1487 sed
3205 1433 3330 1487 sine
3354 1432 3755 1487 consensione
3783 1431 3982 1486 tolerat

2323 1522 2488 1594 quod
2515 1522 2666 1577 alius
2698 1528 3000 1593 operatur.
3046 1522 3228 1591 Magis
3265 1521 3583 1577 timeamus
3629 1536 3707 1575 ne
3751 1520 3982 1591 lapides

2323 1612 2437 1666 vivi
2486 1611 2947 1680 exstinguantur
2999 1611 3414 1666 deserentibus
3449 1609 3644 1675 nobis,
3680 1625 3877 1681 quam
3919 1624 3982 1665 ne

2322 1699 2556 1772 lapides
2579 1705 2635 1755 et
2656 1699 2816 1769 ligna
2843 1703 3214 1756 terrenorum
3243 1699 3632 1755 aedificiorum
3662 1699 3983 1754 incendan-

2323 1792 2416 1844 tur
2446 1789 2844 1861 prtesentibus
2875 1789 3076 1845 nobis.
3108 1789 3288 1858 Magis
3324 1791 3645 1844 timeamus
3680 1804 3756 1843 ne
3805 1803 3983 1844 mem-

2321 1877 2430 1934 bra
2461 1879 2729 1949 corporis
2764 1879 2976 1935 Christi
3007 1879 3292 1934 destituta
3346 1877 3632 1950 spirituali
3691 1878 3858 1932 victu
3887 1894 3982 1933 ne-

2322 1972 2546 2038 centur,
2571 1983 2755 2039 quam
2783 1984 2857 2023 ne
2883 1968 3158 2023 membra
3183 1968 3448 2039 corporis
3478 1968 3668 2023 nostri
3689 1982 3981 2038 oppressa

2322 2057 2520 2112 hostili
2550 2057 2778 2128 impetu
2803 2063 3214 2129 torqueantur.
3239 2060 3362 2113 Non
3391 2056 3532 2128 quia
3551 2057 3669 2110 ista
3687 2071 3816 2111 non
3849 2062 3979 2112 sunt

2322 2146 2567 2202 vitanda
2619 2162 2755 2202 cum
2804 2152 3102 2220 possunt;
3149 2147 3252 2200 sed
3287 2147 3430 2218 quia
3475 2146 3678 2218 potius
3736 2145 3976 2202 ferenda

2323 2239 2479 2301 sunt,
2512 2235 2758 2306 quando
2802 2236 2973 2292 vitari
3006 2236 3133 2290 sine
3164 2235 3468 2307 impietate
3501 2251 3622 2291 non
3675 2239 3932 2307 possunt
3965 2252 3975 2290 :

2322 2324 2431 2379 nisi
2450 2324 2599 2380 forte
2619 2326 2943 2396 quisquam
2964 2324 3330 2380 contenderit
3348 2340 3466 2380 non
3487 2340 3618 2380 esse
3633 2324 3976 2379 ministrum

2321 2413 2598 2486 impium,
2643 2414 2746 2485 qui
2800 2418 2939 2468 tunc
2979 2413 3277 2469 subtrahit
3327 2413 3725 2468 ministerium
3784 2412 3977 2484 pietati

2319 2502 2745 2567 necessarium,
2777 2503 3023 2574 quando
3050 2503 3242 2572 magis
3265 2506 3354 2558 est
3379 2501 3817 2558 necessarium.

2388 2621 2441 2673 8.
2473 2621 2558 2673 An
2590 2633 2710 2672 non
2737 2618 3099 2687 cogitamus,
3125 2634 3264 2674 cum
3289 2617 3367 2674 ad
3400 2619 3655 2674 istorum
3693 2617 3978 2688 periculo-

2314 2722 2447 2762 rum
2481 2706 2818 2778 pervenitur
2845 2711 3131 2769 extrema,
3165 2722 3273 2762 nec
3304 2712 3390 2761 est
3417 2711 3689 2777 potestas
3725 2705 3854 2761 ulla
3896 2705 3976 2760 fu-

2314 2795 2537 2864 giendi,
2570 2799 2834 2868 quantus
2865 2796 2925 2850 in
2958 2795 3218 2852 Ecclesia
3247 2796 3374 2852 fieri
3400 2795 3589 2851 soleat
3616 2796 3698 2851 ab
3731 2802 3977 2867 utroque

2314 2899 2480 2949 sexu,
2515 2889 2693 2955 atque
2727 2884 2803 2939 ab
2835 2885 2999 2940 omni
3031 2889 3200 2940 aetate
3244 2900 3574 2940 concursus
3609 2899 3625 2949 ;
3661 2884 3798 2940 aliis
3841 2886 3982 2955 Bap-

2313 2972 2556 3028 tismum
2588 2973 3018 3043 flagitantibus,
3061 2973 3192 3029 aliis
3223 2973 3805 3036 reconciliationem,
3860 2973 3980 3029 aliis

2313 3061 2496 3117 etiam
2539 3063 2897 3133 paenitentiae
2930 3062 3118 3134 ipsius
3159 3063 3477 3128 actionem,
3515 3063 3814 3118 omnibus
3847 3078 3975 3117 con-

2313 3150 2664 3206 solationem
2693 3157 3280 3208 etsacramentorum
3306 3152 3746 3208 coniectionem
3778 3160 3836 3206 et
3859 3167 3976 3208 ero-

2314 3240 2616 3309 gationem
2635 3240 2662 3294 ?
2681 3240 2788 3296 Ubi
2812 3241 2857 3295 si
2883 3241 3139 3295 ministri
3163 3241 3380 3307 desint,
3400 3247 3700 3312 quantum
3730 3243 3971 3297 exitium

2315 3328 2581 3399 sequitur
2605 3344 2728 3396 eos,
2753 3329 2853 3401 qui
2879 3329 2952 3384 de
2981 3330 3096 3386 isto
3127 3329 3343 3386 saculo
3372 3330 3462 3385 vel
3489 3345 3611 3386 non
3645 3331 3974 3400 regenerati

2315 3422 2532 3472 exeunt
2549 3417 2642 3472 vel
2663 3417 2826 3487 ligati
2860 3418 2870 3472 l
2900 3424 3164 3490 quantus
3186 3425 3276 3475 est
3293 3419 3470 3474 etiam
3491 3418 3689 3475 luctus
3709 3419 3970 3474 ﬁdelium

2316 3522 2583 3572 suorum,
2612 3508 2715 3578 qui
2743 3524 2846 3562 eos
2879 3523 3084 3563 secum
3111 3508 3170 3563 in
3199 3509 3332 3563 vitae
3361 3514 3601 3564 aaternae
3619 3509 3836 3581 requie
3855 3523 3967 3564 non

2313 3594 2625 3650 habebunt
2657 3595 2669 3651 l
2713 3601 2977 3668 quantus
3011 3597 3269 3668 denique
3303 3597 3559 3666 gemitus
3590 3598 3892 3661 omnium,
3923 3601 3972 3652 et

2316 3684 2722 3754 quorumdam
2769 3690 2998 3756 quanta
3027 3685 3410 3757 blasphemia
3436 3685 3510 3740 de
3551 3686 3836 3741 absentia
3875 3685 3972 3740 mi-

2320 3772 2698 3828 nisteriorum
2729 3779 2786 3829 et
2818 3774 3228 3830 ministrorum
3258 3775 3271 3831 l
3299 3775 3443 3830 Vide
3470 3775 3613 3846 quid
3644 3776 3836 3832 faciat
3862 3791 3973 3830 ma-

2319 3860 2510 3917 lorum
2529 3862 2943 3934 temporalium
2972 3864 3166 3928 timor,
3189 3869 3484 3936 etquanta
3506 3864 3564 3918 in
3589 3879 3659 3919 eo
3684 3864 3757 3920 sit
3780 3866 3974 3936 acqui-

2320 3950 2450 4005 sitio
2473 3950 2768 4007 malorum
2787 3957 3168 4008 aeternorum.
3189 3951 3246 4009 Si
3260 3957 3459 4008 autem
3477 3953 3738 4009 ministri
3760 3953 3974 4016 adsint,

2320 4055 2428 4111 pro
2453 4040 2673 4096 viribus
2700 4057 2852 4112 quas
2883 4040 2970 4096 eis
3006 4042 3290 4096 Dominus
3323 4043 3762 4106 subministrat,
3796 4044 3976 4098 omni-

2318 4127 2432 4183 bus
2464 4129 2812 4184 subvenitur
2840 4148 2852 4188 :
2901 4130 3000 4185 alii
3031 4131 3428 4202 baptizantur,
3457 4131 3556 4186 alii
3587 4132 3980 4188 reconcilian-

2321 4221 2432 4282 tur,
2462 4218 2608 4273 nulli
2638 4218 2926 4274 Dominici
2948 4220 3213 4290 corporis
3236 4220 3663 4276 communione
3687 4221 3973 4276 fraudan-

2320 4310 2432 4371 tur,
2457 4322 2667 4361 omnes
2694 4306 3100 4374 consolantur,
3129 4307 3522 4374 (adiﬁcantur,
3553 4309 3974 4374 exhortantur,

2321 4399 2386 4450 ut
2411 4395 2595 4450 Deum
2619 4401 2846 4465 rogent,
2875 4397 2976 4469 qui
3000 4404 3214 4468 potens
3246 4402 3335 4453 est
3362 4399 3569 4454 omnia
3601 4414 3740 4470 quae
3773 4401 3979 4455 timen-

2321 4487 2432 4549 tur,
2467 4489 2727 4540 avertere
2763 4503 2776 4553 ;
2809 4487 2999 4556 parati
3039 4486 3113 4541 ad
3145 4491 3488 4558 utrumque,
3524 4492 3584 4542 ut
3615 4488 3661 4542 si
3707 4504 3836 4544 non
3870 4505 3977 4560 po-

2321 4577 2432 4627 test
2475 4572 2552 4628 ab
2597 4574 2679 4628 eis
2721 4575 2869 4630 calix
2918 4575 3024 4630 iste
3069 4575 3342 4641 transire,
3380 4576 3485 4632 ﬁat
3526 4576 3813 4632 voluntas
3854 4579 3980 4648 ejus

2319 4661 2560 4732 (Matth.
2586 4679 2747 4728 xxv1,
2769 4663 2858 4734 42)
2886 4664 2989 4736 qui
3014 4664 3152 4719 mali
3180 4664 3409 4737 aliquid
3433 4681 3552 4720 non
3577 4671 3776 4737 potest
3809 4666 3976 4722 velle.

2390 4780 2442 4831 9.
2476 4777 2639 4832 Certe
2666 4779 2794 4847 jam
2823 4779 2986 4834 vides
3007 4780 3172 4852 quod
3194 4785 3244 4834 te
3262 4781 3588 4852 scripseras
3612 4797 3734 4836 non
3754 4782 3978 4844 videre,

2316 4872 2613 4937 quantum
2636 4867 3240 4940 boniconsequantur
3259 4870 3463 4940 populi
3484 4871 3826 4935 Christiani,
3856 4873 3904 4926 si
3923 4871 3979 4925 in

2317 4955 2714 5025 praesentibus
2736 4956 2907 5012 malis
2925 4973 3045 5012 non
3064 4957 3146 5012 eis
3164 4957 3312 5012 desit
3339 4961 3654 5029 praesentia
3679 4959 3981 5015 ministro-

2314 5059 2448 5099 rum
2469 5044 2673 5100 Christi
2695 5063 2708 5100 :
2728 5062 2985 5116 quorum
3003 5047 3163 5102 vides
3183 5046 3364 5102 etiam
3379 5053 3673 5119 quantum
3700 5049 3866 5105 obsit
3885 5049 3981 5104 ab

2313 5133 2522 5198 sentia,
2548 5134 2690 5189 dum
2717 5151 2822 5189 sua
2846 5141 3251 5206 quaeruntnon
3270 5139 3549 5208 qumlesu
3567 5137 3778 5192 Christi
3817 5138 3979 5210 (Phi-

2313 5223 2458 5292 lipp.
2502 5239 2561 5288 ιι,
2594 5225 2724 5293 21);
2756 5240 2862 5280 nec
2888 5224 3114 5280 habent
3143 5225 3304 5280 illam
3327 5226 3401 5280 de
3423 5242 3544 5298 qua
3584 5226 3817 5283 dictum
3871 5233 3972 5288 est,

2307 5311 2439 5368 Non
2463 5312 2671 5384 quaerit
2691 5328 2816 5383 quae
2839 5328 2948 5368 sua
2964 5323 3102 5368 sunt
3127 5314 3182 5380 (Ι
3201 5314 3475 5381 Cor.xm,
3497 5314 3548 5385 5)
3568 5330 3581 5379 ;
3605 5330 3713 5370 nec
3733 5317 3970 5371 imitan-

2307 5405 2398 5456 tur
2411 5417 2546 5456 eum
2568 5403 2668 5472 qui
2689 5402 2856 5468 dixit,
2879 5403 3016 5458 Non
3033 5417 3300 5472 quaerens
3317 5403 3468 5473 quod
3491 5403 3640 5458 mihi
3673 5405 3840 5468 utile,
3865 5404 3964 5460 sed

2306 5490 2464 5561 quod
2503 5492 2725 5554 multis,
2759 5498 2821 5547 ut
2863 5491 3018 5548 salvi
3053 5494 3204 5558 ﬁant
3238 5491 3352 5562 (Id.
3393 5508 3450 5557 χ,
3502 5493 3616 5561 33).
3652 5495 3762 5559 Qui
3795 5496 3964 5548 etiam

2305 5579 2700 5648 persecutoris
2734 5579 3013 5652 principis
3045 5579 3200 5634 illius
3231 5580 3479 5636 insidias
3529 5597 3650 5636 non
3703 5582 3964 5652 fugisset,

2304 5666 2422 5724 nisi
2449 5684 2508 5725 se
2523 5668 2655 5731 aliis
2675 5669 2897 5745 quibus
2921 5671 3296 5731 necessarius
3323 5677 3468 5738 erat,
3496 5687 3734 5732 servare
3759 5670 3965 5732 voluis-
