4138 6172
255 183 396 239 1017

238 308 332 361 eet
356 321 369 360 :
393 311 635 378 propter
663 309 827 380 quod
851 310 948 381 ait,
981 314 1309 386 Compellor
1322 325 1516 375 autem
1536 335 1610 376 ex
1630 320 1857 375 duobus
1881 333 1900 370 :

242 397 772 463 concupiscentiam
789 399 1010 458 habens
1027 404 1264 462 dissolvi
1279 414 1330 463 et
1354 423 1472 464 esse
1492 424 1623 465 cum
1643 409 1899 473 Christo,

243 485 430 539 mullo
461 487 645 556 magis
666 490 949 556 optimum
970 504 994 562 ,'
1015 509 1258 551 manere
1281 502 1475 554 autem
1497 498 1559 554 in
1583 513 1782 563 carne,
1807 513 1902 554 ne-

242 573 557 630 cessarium
587 584 823 646 propter
852 595 945 634 vos
969 581 1258 652 (Philipp.
1292 603 1327 650 ι,
1361 587 1472 657 23).

321 679 403 735 lO.
437 680 534 735 Hic
565 680 710 736 forte
737 685 871 754 quis
905 685 1058 742 dicat
1081 688 1213 744 ideo
1236 689 1449 746 debere
1472 693 1567 747 Dei
1595 692 1900 747 ministros

240 765 444 835 fugere
463 768 677 824 talibus
703 771 1153 831 imminentibus
1173 779 1365 845 malis,
1382 787 1443 835 ut
1457 797 1517 834 se
1535 797 1641 852 pro
1658 781 1900 836 utilitate

241 855 516 912 Ecclesia
535 861 908 930 temporibus
929 866 1434 936 tranquillioribus
1454 877 1707 925 servent.
1731 873 1900 926 Recte

238 943 352 1000 hoc
366 945 874 1018 ﬁtaquibusdam,
894 954 1140 1024 quando
1154 972 1272 1011 non
1288 957 1612 1013 desuntalii
1633 975 1899 1030 perquos

241 1034 592 1106 suppleatur
617 1037 1082 1098 ecclesiasticum
1099 1045 1511 1110 ministerium,
1531 1064 1601 1103 ne
1617 1049 1694 1103 ab
1710 1049 1900 1103 omni-

239 1121 355 1178 bus
386 1124 696 1182 deseratur
722 1149 732 1192 ;
767 1130 929 1200 quod
958 1130 1162 1188 fecisse
1186 1135 1577 1191 Athanasium
1612 1153 1794 1208 supra
1815 1138 1900 1191 di-

241 1211 438 1267 ximus
464 1230 476 1267 :
521 1230 662 1270 nam
689 1223 975 1288 quantum
994 1224 1585 1280 necessariumfuerit
1605 1226 1895 1282 Ecclesia,

236 1305 656 1375 quantumque
673 1306 977 1375 profuerit,
999 1311 1159 1381 quod
1176 1313 1262 1367 vir
1279 1313 1373 1368 ille
1391 1315 1680 1370 mansitin
1697 1332 1897 1381 carne,

237 1389 533 1447 catholica
563 1393 713 1448 ﬁdes
741 1398 923 1463 novit,
957 1415 1091 1470 qua
1124 1401 1412 1457 adversus
1439 1403 1689 1459 Arianos
1722 1404 1897 1459 hare-

238 1478 382 1534 ticos
413 1496 513 1536 ore
542 1481 696 1537 illius
728 1491 783 1539 et
813 1501 1018 1542 amore
1043 1488 1297 1546 defensa
1323 1496 1427 1547 est.
1483 1493 1595 1548 Sed
1650 1494 1897 1565 quando

238 1572 326 1623 est
354 1585 676 1627 commune
709 1575 1061 1644 periculum,
1092 1580 1404 1653 magisque
1437 1582 1766 1637 timendum
1811 1588 1896 1638 est

235 1671 311 1712 ne
344 1659 670 1732 quisquam
701 1663 758 1716 id
791 1663 982 1721 facere
1030 1668 1325 1736 credatur,
1377 1685 1500 1725 non
1540 1671 1894 1726 consulendi

232 1746 559 1816 voluntate,
584 1751 688 1806 sed
707 1752 918 1808 timore
942 1756 1256 1827 moriendi,
1283 1759 1601 1831 magisque
1625 1759 1895 1830 fugiendi

233 1834 397 1892 obsit
428 1839 720 1910 exemplo,
749 1857 931 1912 quam
975 1843 1207 1900 vivendi
1246 1849 1430 1918 prosit
1467 1847 1677 1912 officio,
1728 1848 1894 1905 nulla

229 1925 463 1982 ratione
494 1927 836 1984 faciendum
867 1935 969 1986 est.
1007 1933 1272 2006 Denique
1302 1942 1544 1992 sanctus
1579 1937 1785 2001 David,
1820 1953 1892 1992 ne

235 2029 300 2070 se
339 2018 731 2074 committeret
770 2019 1042 2090 periculis
1099 2023 1456 2095 praliorum,
1513 2030 1567 2081 et
1620 2026 1892 2082 fortassis

231 2105 726 2176 exstinguerelur,
760 2108 912 2165 sicut
944 2111 1023 2166 ibi
1051 2111 1276 2167 dictum
1305 2119 1412 2179 est,
1433 2116 1682 2171 lucerna
1702 2117 1892 2172 Israel

231 2192 304 2260 (Il
333 2192 472 2264 Reg.
502 2211 581 2260 xi,
617 2195 719 2265 l7),
745 2213 780 2252 a
801 2201 924 2252 suis
945 2199 1059 2255 hoc
1092 2202 1429 2272 petentibus
1467 2204 1744 2273 sumpsit,
1771 2219 1890 2258 non

230 2281 359 2353 ipse
377 2287 788 2357 prasumpsit;
805 2286 1071 2359 alioquin
1089 2291 1306 2346 multos
1322 2291 1646 2348 imitatores
1661 2292 1891 2348 fecisset

235 2370 515 2440 ignavia,
548 2374 652 2445 qui
689 2391 828 2431 eum
859 2377 1169 2434 crederent
1199 2379 1311 2435 hoc
1343 2379 1551 2436 fecisse
1590 2397 1713 2437 non
1744 2398 1889 2437 con-

237 2460 594 2517 sideratione
617 2463 877 2521 utilitatis
891 2464 1165 2533 aliorum,
1184 2468 1287 2523 sed
1303 2486 1425 2524 sua
1442 2470 1890 2542 perturbatione

239 2547 603 2608 formidinis.

310 2662 392 2713 tt.
426 2659 690 2715 Occurrit
711 2665 910 2717 autem
933 2661 1050 2719 alia
1071 2665 1325 2735 quastio
1348 2680 1528 2736 quam
1552 2670 1891 2722 contemne-

236 2761 298 2801 re
331 2762 450 2802 non
478 2747 788 2804 debemus.
822 2749 879 2805 Si
913 2751 1071 2806 enim
1103 2753 1230 2808 hac
1265 2753 1482 2809 utilitas
1533 2755 1890 2824 negligenda

233 2840 478 2906 nonest,
507 2843 568 2891 ut
594 2837 778 2909 aliqui
804 2839 1050 2894 ministri
1086 2847 1402 2912 pr0pterea
1432 2842 1663 2911 fugiant
1696 2845 1887 2898 immi-

231 2931 409 2980 nente
439 2924 640 2997 aliqua
668 2927 959 2996 vastitate,
996 2934 1056 2984 ut
1083 2936 1393 2986 serventur
1419 2931 1522 3003 qui
1549 2932 1890 2988 ministrent

233 3014 317 3068 eis
334 3029 488 3086 quos
510 3020 649 3086 post
669 3015 829 3071 illam
848 3016 1082 3073 cladem
1109 3019 1382 3075 residuos
1406 3022 1707 3092 potuerint
1726 3025 1891 3078 inve-

232 3103 360 3158 nire
387 3119 399 3165 ;
427 3103 573 3176 quid
609 3104 704 3160 fiet
737 3105 836 3161 ubi
867 3123 1074 3162 omnes
1099 3107 1379 3164 videntur
1407 3111 1719 3175 interituri,
1775 3111 1889 3167 nisi

234 3191 420 3263 aliqui
449 3193 722 3262 fugiant?
750 3195 894 3266 quid
927 3195 972 3249 si
1003 3195 1164 3251 enim
1197 3197 1486 3253 hactenus
1541 3200 1746 3255 saviat
1790 3201 1890 3258 illa

233 3283 554 3354 pernicies,
581 3283 814 3340 utsolos
835 3285 1136 3341 ministros
1162 3287 1432 3343 Ecclesia
1449 3295 1841 3360 persequatur
1861 3291 1889 3346 ‘i

236 3371 392 3437 Quid
420 3371 690 3428 dicemus
712 3371 742 3428 ?
767 3389 843 3429 an
874 3375 1267 3447 relinquenda
1299 3381 1387 3430 est
1418 3393 1452 3431 a
1485 3377 1767 3432 ministris
1797 3378 1891 3433 fu-

233 3459 535 3531 gientibus
564 3461 838 3533 Ecclesia,
864 3478 937 3517 ne
964 3480 999 3519 a
1044 3465 1437 3520 morientibus
1495 3467 1890 3522 miserabilius

228 3548 644 3622 relinquatur?
669 3552 784 3608 Sed
802 3555 848 3606 si
871 3551 1006 3608 laici
1021 3569 1141 3608 non
1161 3559 1512 3624 quaruntur
1525 3556 1600 3610 ad
1618 3562 1893 3626 mortem,

229 3643 485 3711 possunt
513 3640 812 3696 occultare
842 3656 1087 3714 quoquo
1119 3643 1302 3698 modo
1336 3643 1652 3715 episcopos
1686 3650 1740 3700 et
1779 3645 1893 3700 cle-

231 3727 388 3783 ricos
407 3743 570 3794 suos,
596 3729 853 3784 sicutille
869 3730 964 3802 adj
980 3731 1165 3786 uverit
1185 3731 1242 3785 in
1267 3733 1436 3802 cujus
1454 3737 1738 3802 potestate
1757 3741 1895 3790 sunt

233 3818 458 3886 omnia,
488 3818 590 3888 qui
624 3821 816 3890 potest
839 3823 895 3874 et
917 3835 1037 3874 non
1067 3820 1390 3890 fugientem
1415 3837 1519 3893 per
1557 3823 1890 3879 mirabilem

233 3921 592 3962 conservare
625 3909 975 3979 potentiam.
1011 3909 1122 3965 Sed
1185 3909 1320 3964 ideo
1373 3911 1700 3982 quarimus
1744 3911 1892 3984 quid

233 4010 345 4050 nos
375 3995 566 4051 facere
593 3997 944 4062 debeamus,
982 4014 1053 4054 ne
1081 4000 1139 4053 in
1171 3999 1454 4054 omnibus
1487 4002 1892 4071 exspectando

231 4083 442 4140 divina
464 4084 753 4141 miracula
781 4091 1003 4142 tentare
1039 4087 1736 4159 Dominumjudicemur.
1766 4093 1892 4145 Non

231 4173 478 4245 quidem
511 4174 643 4230 talis
681 4179 768 4230 est
793 4175 908 4231 ista
933 4182 1275 4247 tempestas,
1310 4178 1559 4248 quando
1600 4178 1887 4234 laicorum

233 4261 651 4319 etclericorum
671 4268 758 4319 est
780 4280 1098 4320 commune
1125 4265 1477 4336 periculum,
1503 4267 1652 4322 sicut
1672 4267 1728 4322 in
1754 4269 1892 4324 navi

237 4367 358 4407 una
386 4367 708 4408 commune
741 4353 1071 4424 periculum
1119 4362 1204 4409 est
1260 4361 1657 4412 mercatorum
1714 4362 1892 4429 atque

232 4445 576 4498 nautarum.
611 4443 826 4497 Verum
857 4442 1014 4498 absit
1047 4448 1110 4498 ut
1140 4444 1282 4499 tanti
1321 4446 1642 4516 pendenda
1669 4446 1738 4501 sit
1767 4447 1892 4502 hac

233 4529 402 4585 navis
431 4535 653 4595 nostra,
691 4531 1031 4588 utdebeant
1071 4548 1203 4588 eam
1247 4539 1463 4598 nauta,
1522 4539 1578 4590 et
1627 4535 1891 4591 maxime

234 4619 621 4689 gubernator,
637 4620 1065 4690 periclitantem
1086 4621 1379 4687 deserere,
1396 4623 1627 4678 etiamsi
1643 4624 1701 4678 in
1722 4639 1893 4694 scap-

234 4707 380 4763 ham
412 4707 797 4764 transiliendo
824 4708 913 4764 vel
953 4709 1131 4765 etiam
1173 4710 1436 4766 natando
1482 4711 1713 4781 possint
1743 4711 1893 4766 effu-

229 4811 390 4867 gere.
421 4797 649 4861 Quibus
677 4797 835 4852 enim
870 4798 1194 4853 metuimus
1223 4813 1296 4854 ne
1328 4805 1531 4854 nostra
1553 4800 1890 4855 desertione

234 4889 500 4957 pereant,
527 4901 648 4940 non
667 4885 1058 4958 temporalem
1085 4892 1354 4952 mortem,
1374 4904 1507 4959 qua
1526 4888 1891 4961 quandoque

231 4980 483 5030 ventura
507 4979 616 5040 est,
650 4974 754 5029 sed
777 4979 1085 5040 aternam,
1124 4991 1256 5047 qua
1289 4981 1504 5048 potest,
1539 4978 1585 5031 si
1633 4993 1751 5032 non
1793 4994 1894 5034 ca-

231 5068 457 5128 veatur,
517 5063 736 5128 venire,
762 5069 817 5119 et
856 5069 1070 5135 potest,
1117 5067 1164 5120 si
1216 5071 1512 5136 caveatur,
1549 5067 1726 5123 etiam
1773 5083 1890 5124 non

233 5153 460 5216 venire,
485 5153 831 5209 metuimus.
851 5154 911 5208 In
933 5155 1238 5210 communi
1254 5159 1455 5210 autem
1475 5156 1740 5224 periculo
1766 5158 1893 5213 vita

232 5242 538 5312 hujuscur
555 5242 991 5308 existimamus,
1019 5244 1382 5316 ubicumque
1412 5244 1587 5301 fuerit
1618 5246 1893 5302 hostilius

233 5331 537 5396 incursus,
559 5347 773 5386 omnes
795 5331 1039 5387 clericos
1062 5338 1116 5388 et
1139 5349 1258 5388 non
1281 5335 1460 5389 etiam
1476 5351 1687 5390 omnes
1707 5335 1891 5392 laicos

235 5436 368 5476 esse
384 5421 723 5486 morituros,
743 5426 804 5476 ut
822 5421 1000 5476 simul
1023 5421 1403 5478 fiuianthanc
1427 5424 1625 5489 vitam,
1646 5425 1739 5479 cui
1755 5429 1894 5480 sunt

236 5509 429 5565 clerici
454 5508 815 5566 necessarii?
830 5515 929 5566 aut
953 5526 1056 5565 cur
1072 5526 1189 5565 non
1211 5527 1521 5582 speremus
1545 5513 1892 5569 sicutlaicos

235 5599 492 5671 aliquos,
517 5600 599 5655 sic
617 5599 792 5656 etiam
816 5599 1062 5655 clericos
1083 5615 1486 5665 remansuros,
1517 5617 1551 5656 a
1573 5601 1793 5673 quibus
1811 5604 1894 5660 eis

235 5689 647 5749 necessarium
668 5689 1056 5746 ministerium
1075 5689 1269 5747 valeat
1293 5689 1560 5746 exhiberi
1581 5691 1609 5752 ?

1504 191 2008 252 EPISTOLARUM
2044 193 2329 253 CLASSIS
2366 195 2464 252 III.

3522 193 3664 250 1018

2090 322 2173 374 l2.
2209 323 2589 393 Quanquam,
2623 337 2660 377 ο
2688 321 2734 377 si
2766 320 2914 376 inter
2947 319 3045 375 Dei
3073 319 3374 375 ministros
3405 318 3544 374 inde
3592 320 3666 375 sit

2009 408 2381 482 disceptatio,
2401 412 2502 483 qui
2529 426 2738 466 eorum
2771 414 3070 472 maneant,
3102 425 3173 463 ne
3202 408 3344 477 fuga
3364 407 3654 473 omnium,

2011 503 2065 552 et
2095 502 2195 570 qui
2219 515 2425 554 eorum
2461 500 2710 570 fugiant,
2742 515 2814 554 ne
2840 504 3026 554 morte
3058 499 3328 553 omnium
3351 496 3660 552 deseratur

2011 587 2268 642 Ecclesia
2294 587 2304 641 Ξ
2339 588 2478 644 Tale
2511 590 2734 660 quippe
2761 592 3062 644 certamen
3090 587 3195 641 erit
3225 586 3377 640 inter
3398 601 3519 650 eos,
3555 583 3662 640 ubi

2011 677 2243 747 utrique
2274 677 2540 733 ferveant
2561 679 2865 741 charitate,
2896 683 2951 732 et
2981 677 3212 747 utrique
3231 675 3501 746 placeant
3526 675 3663 730 cha-

2008 765 2179 820 ritati.
2213 767 2354 831 Qua
2383 766 2734 838 disceptatio
2760 767 2805 820 si
2837 766 3002 821 aliter
3035 780 3152 819 non
3182 764 3437 834 potuerit
3464 763 3662 817 termi—

2009 854 2159 920 nari,
2193 861 2488 926 quantum
2517 855 2662 910 mihi
2688 856 2940 919 videtur,
2974 852 3077 924 qui
3131 855 3416 907 maneant
3459 856 3514 905 et
3558 851 3660 921 qui

2009 942 2259 1012 fugiant,
2293 950 2448 1000 sorte
2478 945 2712 1014 legendi
2745 949 2902 998 sunt.
2934 942 3043 1007 Qui
3096 941 3255 996 enim
3303 941 3554 994 dixerint
3599 955 3662 994 se

2009 1033 2206 1103 potius
2238 1033 2439 1102 fugere
2470 1034 2705 1099 debere,
2741 1039 2842 1088 aut
2872 1031 3060 1086 timidi
3093 1029 3470 1092 videbuntur,
3519 1028 3662 1098 quia

2009 1122 2332 1179 imminens
2374 1123 2598 1178 malum
2641 1122 2928 1176 sustinere
2957 1121 3310 1184 noluerunt;
3349 1122 3451 1173 aut
3497 1131 3663 1172 arro-

2009 1216 2240 1279 gantes,
2285 1212 2426 1283 quia
2453 1227 2513 1266 se
2546 1211 2737 1279 magis
2772 1211 2874 1282 qui
2909 1209 3185 1264 servandi
3209 1211 3432 1271 essent,
3459 1220 3659 1260 neces-

2010 1300 2200 1354 sarios
2235 1299 2504 1355 Ecclesia
2527 1300 2891 1369 judicarunt.
2929 1297 3168 1360 Deinde,
3199 1294 3462 1351 fortassis
3497 1294 3532 1348 ii
3556 1293 3660 1365 qui

2008 1388 2281 1444 meliores
2308 1395 2466 1453 sunt,
2487 1389 2702 1458 eligent
2721 1403 2826 1459 pro
2848 1387 3128 1442 fratribus
3147 1385 3378 1440 animas
3398 1398 3618 1453 ponere
3645 1397 3659 1448 ;

2006 1477 2544 1532 ethiservabuntur
2560 1477 3137 1547 fugiendo,quorum
3152 1479 3241 1529 est
3261 1474 3459 1527 minus
3494 1471 3656 1526 utilis

2007 1565 2144 1628 vita,
2171 1565 2306 1633 quia
2324 1567 2518 1620 minor
2541 1565 2890 1620 consulendi
2918 1573 2972 1619 et
2995 1562 3373 1633 gubernandi
3407 1561 3613 1631 peritia
3641 1577 3654 1614 :

2003 1653 2107 1725 qui
2137 1660 2337 1708 tamen
2371 1655 2415 1708 si
2445 1654 2537 1724 pie
2560 1654 2819 1724 sapiunt,
2853 1652 3262 1708 contradicent
3292 1650 3372 1703 eis
3393 1665 3548 1720 quos
3580 1649 3663 1702 vi-

2003 1740 2144 1796 dent
2171 1746 2226 1796 et
2258 1742 2449 1797 vivere
2475 1742 2675 1813 potius
2698 1746 2991 1813 oportere,
3018 1746 3073 1795 et
3095 1739 3284 1808 magis
3305 1737 3458 1792 mori
3485 1735 3661 1792 malle

2001 1846 2187 1902 quam
2228 1831 2450 1900 fugere.
2485 1831 2640 1896 ldeo,
2676 1833 2829 1886 sicut
2862 1830 3150 1898 scriptum
3177 1833 3284 1892 est,
3320 1826 3662 1882 Contradic-

2003 1920 2187 1976 tiones
2216 1919 2374 1976 sedat
2400 1920 2650 1987 sortitio,
2693 1926 2743 1975 el
2778 1921 2936 1975 inter
2953 1926 3209 1987 potentes
3231 1917 3430 1986 deﬁnit
3453 1917 3654 1986 (Prov.

2001 2026 2159 2075 xvm,
2193 2010 2314 2081 l8):
2350 2009 2559 2064 melius
2590 2009 2748 2063 enim
2781 2010 2934 2062 Deus
2965 2007 3022 2061 iu
3061 2003 3483 2076 hujuscemodi
3525 2019 3656 2058 am-

2000 2097 2288 2169 bagibus,
2334 2114 2518 2169 quam
2558 2097 2850 2160 homines,
2889 2095 3116 2166 judicat
3157 2110 3169 2159 ;
3213 2094 3332 2148 sive
3384 2093 3660 2161 dignetur

1999 2187 2077 2242 ad
2109 2187 2404 2257 passionis
2435 2186 2694 2242 fructum
2723 2201 2936 2241 vocare
2978 2183 3250 2239 meliores
3309 2188 3364 2237 et
3417 2195 3660 2252 parcere

1999 2275 2273 2342 infirmis,
2297 2276 2418 2330 sive
2440 2275 2584 2331 istos
2601 2275 2794 2330 facere
2814 2273 2890 2329 ad
2915 2273 3075 2328 mala
3093 2270 3446 2343 perferenda
3459 2269 3659 2325 fortio-

1997 2381 2116 2431 res,
2137 2371 2190 2421 et
2210 2365 2347 2420 huic
2372 2365 2506 2421 vita
2534 2364 2906 2429 subtrahere,
2932 2377 3193 2434 quorum
3209 2375 3324 2416 non
3345 2358 3651 2431 potestDei

2004 2454 2267 2509 Ecclesia
2316 2459 2545 2510 tantum
2581 2457 2874 2525 quantum
2919 2451 3155 2507 illorum
3189 2450 3308 2505 vita
3350 2449 3655 2520 prodesse.

2000 2547 2111 2598 Res
2152 2543 2397 2614 quidem
2421 2543 2519 2598 ﬁet
2552 2543 2748 2597 minus
2783 2542 3023 2606 usitata,
3051 2540 3099 2594 si
3128 2539 3226 2595 fiat
3253 2539 3364 2594 ista
3388 2537 3652 2593 sortitio:

2000 2633 2105 2688 sed
2127 2634 2173 2686 si
2197 2632 2351 2688 facta
2377 2631 2571 2698 fuerit,
2596 2631 2732 2703 quis
2758 2646 2892 2685 eam
2916 2628 3346 2701 reprehendere
3368 2626 3652 2682 audebit?

2001 2722 2143 2788 Quis
2169 2737 2287 2776 non
2313 2737 2468 2786 eam,
2497 2721 2953 2791 nisiimperitus,
2979 2725 3079 2774 aut
3103 2717 3366 2782 invidus,
3393 2731 3659 2785 congrua

2000 2811 2423 2882 pradicatione
2452 2810 2722 2867 laudabit
2746 2810 2773 2866 ?
2804 2809 2972 2874 Quod
2999 2808 3049 2863 si
3077 2823 3197 2862 non
3224 2807 3413 2879 placet
3441 2806 3652 2870 facere,

1998 2901 2171 2970 cujus
2201 2899 2338 2955 facti
2381 2914 2501 2954 non
2543 2899 2798 2953 occurrit
2847 2895 3209 2966 exemplum,
3263 2894 3481 2950 nullius
3515 2895 3657 2964 fuga

2000 2989 2176 3046 faciat
2208 2994 2267 3044 ut
2300 2987 2562 3043 Ecclesia
2615 2986 3035 3049 ministerium,
3072 2986 3329 3039 maxime
3379 2984 3438 3037 in
3485 2985 3659 3038 tantis

1999 3077 2275 3150 periculis
2307 3077 2713 3132 necessarium
2735 3091 2804 3131 ac
2836 3073 3126 3138 debitum,
3158 3071 3328 3127 desit.
3358 3073 3541 3126 Nemo
3562 3087 3658 3127 ex-

2000 3167 2179 3237 cipiat
2205 3168 2221 3202 ¹
2253 3181 2577 3238 personam
2603 3181 2797 3229 suam,
2827 3168 2886 3220 ut
2916 3163 2966 3218 si
2993 3161 3196 3234 aliqua
3217 3161 3408 3231 gratia
3429 3159 3660 3216 videtur

1999 3256 2304 3320 excellere,
2339 3255 2473 3310 ideo
2511 3269 2574 3310 se
2607 3255 2763 3310 dicat
2797 3254 2938 3318 vita,
2965 3258 3016 3308 et
3049 3250 3127 3308 ob
3175 3251 3291 3306 hoc
3334 3250 3493 3319 fuga,
3529 3264 3658 3305 esse

1999 3344 2357 3414 digniorem.
2393 3344 2674 3415 Quisquis
2703 3342 2865 3398 enim
2888 3343 3002 3398 hoc
3029 3345 3216 3413 putat,
3265 3339 3517 3394 nimium
3544 3338 3656 3393 sibi

1999 3434 2224 3505 placet:
2255 3433 2537 3506 quisquis
2596 3438 2797 3490 autem
2840 3433 3019 3488 etiam
3045 3431 3156 3486 hoc
3183 3429 3341 3494 dicit,
3374 3427 3655 3484 omnibus

2004 3523 2302 3594 displicet.

2078 3644 2160 3698 13.
2189 3647 2333 3699 Sunt
2351 3659 2493 3700 sane
2509 3644 2610 3716 qui
2625 3643 2990 3700 arbitrantur
3011 3642 3326 3714 episcopos
3339 3643 3394 3696 et
3412 3639 3656 3696 clericos

2002 3749 2122 3789 non
2173 3734 2464 3801 fugientes
2498 3733 2555 3787 in
2587 3733 2805 3788 talibus
2839 3732 3136 3804 periculis,
3172 3733 3273 3786 sed
3325 3735 3658 3795 manentes,

2003 3823 2195 3878 facere
2219 3827 2280 3876 ut
2303 3822 2507 3893 plebes
2526 3821 2921 3893 decipiantur,
2946 3838 3082 3876 cum
3109 3821 3241 3876 ideo
3261 3835 3381 3875 non
3401 3819 3657 3888 fugiunt,

2001 3910 2144 3982 quia
2178 3926 2419 3966 manere
2449 3926 2590 3965 suos
2620 3913 2976 3981 prapositos
3005 3913 3273 3963 cernunt.
3326 3907 3439 3962 Sed
3490 3905 3658 3960 facile

2002 4005 2088 4054 est
2109 3999 2266 4055 hanc
2285 4000 2737 4070 responsionem
2759 4000 2846 4054 vel
2873 3999 3160 4053 invidiam
3185 3997 3504 4060 declinare,
3521 3995 3661 4050 allo-

2003 4089 2244 4161 quendo
2275 4090 2515 4143 easdem
2545 4089 2770 4160 plebes,
2807 4094 2983 4160 atque
3026 4087 3324 4142 dicendo:
3377 4088 3502 4140 Non
3550 4099 3656 4139 vos

2002 4178 2279 4249 decipiat,
2305 4179 2469 4251 quod
2493 4177 2566 4232 de
2590 4178 2721 4234 loco
2744 4179 2854 4234 isto
2877 4192 2996 4232 non
3029 4176 3292 4245 fugimus
3317 4192 3329 4229 :
3353 4190 3472 4230 non
3499 4173 3658 4229 enim

2002 4274 2244 4339 propter
2273 4283 2402 4333 nos,
2440 4268 2546 4323 sed
2569 4273 2812 4340 propter
2839 4284 2941 4323 vos
2967 4267 3164 4338 potius
3198 4266 3291 4321 hic
3321 4279 3660 4330 manemus,

2003 4371 2076 4411 ne
2107 4357 2275 4411 vobis
2308 4373 2426 4411 non
2459 4357 2866 4412 ministremus
2893 4355 3190 4427 quidquid
3224 4353 3396 4408 saluti
3421 4356 3653 4415 vestra,

2002 4461 2137 4516 qua
2169 4447 2227 4499 in
2259 4445 2491 4500 Christo
2531 4449 2638 4507 est,
2673 4445 2951 4498 novimus
2986 4443 3410 4498 necessarium.
3435 4440 3493 4494 Si
3517 4453 3658 4508 ergo

2002 4533 2204 4602 fugere
2227 4533 2548 4596 volueritis,
2582 4537 2637 4587 et
2666 4548 2777 4588 nos
2810 4532 2886 4587 ab
2913 4531 3058 4600 istis,
3094 4530 3316 4604 quibus
3364 4535 3656 4593 tenemur,

2003 4622 2255 4678 vinculis
2287 4621 2564 4678 solvistis.
2602 4621 2772 4688 Quod
2809 4625 2949 4676 tunc
2982 4609 3126 4691 puto
3156 4636 3282 4675 esse
3310 4616 3656 4684 dicendum,

2002 4712 2250 4783 quando
2281 4727 2416 4766 vere
2444 4711 2676 4766 videtur
2705 4710 2838 4765 utile
2865 4725 2995 4765 esse
3029 4709 3106 4765 ad
3138 4709 3269 4765 loca
3301 4709 3521 4765 tutiora
3547 4708 3662 4763 mi-

2003 4815 2193 4870 grare.
2222 4802 2347 4867 Quo
2374 4800 2600 4865 audito,
2635 4799 2682 4854 si
2709 4799 2799 4855 vel
2822 4815 3034 4854 omnes
3063 4799 3152 4854 vel
3173 4798 3356 4871 aliqui
3383 4798 3658 4862 dixerint,

2004 4891 2067 4944 In
2101 4890 2254 4945 illius
2285 4895 2576 4962 potestate
2607 4906 2833 4954 sumus,
2873 4890 3043 4960 cujus
3069 4889 3220 4945 iram
3243 4889 3461 4958 nullus,
3510 4903 3663 4959 quo-

2004 4995 2264 5052 cumque
2291 4980 2470 5045 vadit,
2504 4979 2740 5044 evadit;
2774 4979 2946 5051 cujus
2985 4978 3478 5043 misericordiam,
3526 4975 3661 5032 ubi-

2004 5085 2265 5142 cumque
2296 5069 2389 5137 sit,
2423 5074 2617 5141 potest
2645 5069 2910 5125 invenire
2941 5070 3044 5140 qui
3075 5083 3374 5140 nusquam
3402 5067 3527 5122 vult
3554 5067 3659 5132 ire,

2006 5158 2133 5214 sive
2164 5159 2335 5213 certis
2361 5159 2816 5215 necessitatibus
2849 5158 3192 5229 impeditus,
3230 5157 3355 5213 sive
3385 5156 3659 5213 laborare

2004 5247 2214 5303 nolens
2245 5248 2317 5303 ad
2351 5248 2573 5304 incerta
2607 5248 2882 5318 suffugia,
2909 5253 2965 5302 et
2992 5262 3113 5302 non
3143 5247 3219 5302 ad
3243 5245 3528 5310 ﬁnienda,
3560 5246 3659 5300 sed

2005 5338 2082 5394 ad
2114 5337 2404 5394 mutanda
2433 5337 2728 5409 pericula:
2762 5336 2968 5408 procul
3000 5336 3185 5392 dubio
3211 5336 3307 5392 isti
3344 5335 3659 5391 deserendi

2004 5442 2126 5482 non
2140 5432 2276 5482 sunt
2291 5426 2975 5493 ministerio_christiano.
2989 5427 3045 5480 Si
3061 5430 3286 5493 autem,
3304 5427 3417 5480 hoc
3433 5423 3657 5491 audito,

2007 5514 2172 5571 abire
2188 5515 2521 5580 maluerint,
2540 5530 2647 5570 nec
2661 5513 2773 5570 illis
2792 5515 3163 5571 manendum
3178 5520 3282 5582 est,
3300 5514 3402 5587 qui
3417 5517 3658 5588 propter

2067 5701 2084 5735 ί
2105 5699 2297 5750 Decem
2321 5699 2464 5757 Mss,
2497 5699 2733 5763 accipiat.
