4138 6172
501 174 639 234 1019

492 299 632 356 illos
667 298 1032 368 manebant;
1056 295 1292 368 quiaibi
1310 296 1437 366 jam
1463 297 1987 368 nonsuntpropter
2002 309 2155 366 quos

490 405 738 445 manere
766 389 962 444 adhuc
992 386 1268 441 debeant.

570 501 652 551 14.
681 496 1053 564 Quicumque
1074 492 1251 560 igitur
1273 492 1380 546 isto
1401 492 1582 547 modo
1599 492 1767 561 fugit,
1795 492 2146 548 utEcclesite

491 585 902 642 necessarium
934 582 1328 637 ministerium
1356 582 1455 637 illo
1477 582 1737 652 fugiente
1791 598 1913 638 non
1961 582 2136 649 desit,

488 675 632 730 facit
662 672 829 744 quod
858 672 1143 726 Dominus
1185 671 1482 742 praecepit,
1517 673 1634 726 sive
1687 672 1976 744 permisit.
2036 670 2144 736 Qui

487 766 688 818 autem
725 761 809 816 sic
839 760 1006 831 fugit,
1050 765 1115 814 ut
1145 760 1308 829 gregi
1359 759 1574 815 Christi
1620 775 1690 815 ea
1723 761 1941 832 quibus
1983 761 2149 831 spiri-

487 850 719 908 tualiter
748 850 906 914 vivit,
940 849 1226 904 alimenta
1253 849 1703 915 subtrahantur,
1746 849 2151 905 mercenarius

487 939 581 995 ille
614 945 718 1004 est,
754 940 854 1010 qui
884 939 1044 993 videt
1070 938 1282 1009 lupum
1315 939 1671 1004 venientem,
1703 943 1758 993 et
1798 938 1964 1008 fugit,
2005 953 2151 1010 quo-

487 1030 651 1085 niam
677 1044 797 1083 non
829 1032 914 1082 est
943 1026 992 1081 ei
1019 1043 1161 1082 cura
1187 1026 1259 1081 de
1291 1027 1528 1081 ovibus.
1563 1031 1692 1083 Haec
1724 1028 1850 1089 tibi,
1876 1029 2018 1099 quia
2047 1040 2141 1082 me

488 1117 860 1180 consuluisti,
894 1116 1072 1171 frater
1097 1115 1500 1182 dilectissime,
1530 1133 1652 1187 qua
1682 1117 2009 1172 existimavi
2059 1131 2148 1171 ve-

485 1207 656 1262 ritate
688 1211 742 1260 et
760 1209 918 1259 certa
940 1204 1227 1258 charitate
1251 1204 1562 1274 rescripsi;
1589 1206 1691 1259 sed
1717 1221 1789 1260 ne
1815 1204 2143 1269 meliorem,

488 1296 534 1350 si
563 1294 878 1358 inveneris,
915 1294 1184 1364 sequaris
1216 1293 1596 1358 sententiam,
1625 1309 1745 1348 non
1786 1293 2144 1364 praescripsi.

489 1382 688 1442 Melius
716 1387 916 1438 tamen
938 1382 1102 1454 quod
1135 1382 1194 1436 in
1219 1381 1308 1436 his
1335 1382 1610 1452 periculis
1640 1383 1954 1452 faciamus,
1987 1383 2147 1438 inve-

490 1474 615 1529 nire
647 1487 768 1527 non
797 1488 1144 1544 possumus,
1174 1487 1358 1542 quam
1391 1473 1689 1527 orationes
1718 1472 1794 1527 ad
1825 1473 2145 1527 Dominum

492 1565 678 1618 Deum
706 1566 999 1625 nostrum,
1030 1565 1093 1614 ut
1119 1560 1468 1615 misereatur
1485 1561 1690 1616 nostri.
1727 1561 1894 1626 Quod
1924 1560 2144 1631 ipsum,

491 1655 553 1706 ut
584 1649 801 1705 scilicet
839 1650 935 1703 Dei
969 1649 1254 1704 Ecclesias
1287 1665 1406 1704 non
1427 1649 1781 1713 desererent,
1834 1649 1933 1704 Dei
1985 1648 2148 1704 dono

487 1739 763 1794 nonnulli
795 1737 1116 1810 prudentes
1147 1742 1202 1792 et
1233 1737 1421 1792 sancti
1452 1737 1554 1792 viri
1593 1743 1650 1793 et
1677 1738 1823 1793 velle
1853 1743 1908 1792 et
1953 1737 2146 1793 facere

492 1836 857 1894 meruerunt,
884 1832 939 1883 et
960 1827 1113 1882 inter
1136 1827 1344 1882 dentes
1364 1827 1823 1883 obtrectantium
1845 1843 1880 1884 a
1906 1826 1996 1883 sui
2016 1842 2147 1899 pro-

487 1918 674 1988 positi
704 1917 1024 1973 intentione
1053 1917 1295 1971 minime
1318 1915 1680 1972 defecerunt.

923 2061 1262 2116 EPISTULA
1305 2060 1569 2117 ccxxnr
1609 2060 1715 2132 (a).

493 2185 864 2256 Augustinus
885 2185 1066 2241 Dario
1088 2185 1305 2251 comiti,
1322 2185 1427 2257 qui
1441 2185 1607 2254 pacis
1621 2183 1994 2254 conferenda
2007 2198 2146 2240 cau-

563 2291 628 2331 sa
643 2275 848 2331 missus
865 2275 957 2340 sit,
972 2276 1337 2346 gratulatur,
1354 2281 1407 2331 et
1429 2281 1705 2344 provocat
1719 2275 1798 2331 ad
1823 2274 2148 2331 rescriben-

565 2366 729 2421 dum.

495 2491 746 2547 Domino
775 2489 984 2545 merito
1006 2489 1237 2554 illustri,
1273 2495 1328 2546 et
1360 2489 1949 2562 magniﬁcentissimo
1968 2492 2147 2561 atque

562 2580 622 2634 in
656 2579 881 2634 Christo
910 2579 1260 2634 charissimo
1284 2579 1404 2634 ﬁlio
1426 2581 1600 2634 DARIO
1634 2580 1736 2650 (b),
1773 2580 2142 2645 AUGUSTINUS,

564 2670 626 2724 in
669 2668 920 2723 Domino
962 2668 1230 2722 salutem.

571 2805 615 2854 t.
650 2803 694 2855 Α
719 2800 938 2854 sanctis
960 2799 1240 2855 fratribus
1259 2804 1315 2856 et
1337 2801 1706 2873 coepiscopis
1733 2801 1880 2857 meis
1910 2801 2146 2858 Urbano

493 2895 548 2946 et
580 2890 1030 2960 Novato,qualis
1052 2891 1129 2944 sis
1147 2890 1303 2946 viret
1320 2897 1599 2962 quantus,
1621 2892 1821 2962 accepi
1848 2911 1859 2950 ε
1886 2907 2145 2962 quorum

495 2979 658 3035 alteri
674 2979 836 3049 apud
855 2979 1267 3047 Carthaginem
1289 2981 1347 3034 in
1369 2981 1654 3037 Hilarensi
1673 2980 1921 3051 oppido,
1949 2985 2002 3035 et
2024 2996 2147 3035 mo-

491 3069 570 3124 do
603 3070 659 3123 in
688 3069 979 3134 Siccensi;
1014 3068 1178 3123 alteri
1211 3075 1412 3125 autem
1444 3069 1608 3140 apud
1641 3071 1845 3126 Sitiﬁm
1883 3076 1935 3125 te
1967 3085 2146 3125 nosse

491 3159 781 3229 provenit.
824 3161 927 3212 Per
952 3158 1062 3213 hos
1092 3174 1233 3227 ergo
1265 3158 1488 3213 factum
1523 3163 1628 3224 est,
1663 3163 1726 3214 ut
1777 3174 1885 3214 nec
1933 3174 2044 3227 ego
2095 3163 2147 3214 te

491 3249 711 3304 habere
743 3248 1109 3318 incognitum
1141 3265 1408 3320 possem.
1443 3252 1640 3321 Neque
1672 3249 1830 3303 enim
1871 3251 2012 3319 quia
2053 3264 2147 3304 me

492 3337 806 3392 inﬁrmitas
838 3337 1122 3407 corporis,
1159 3342 1214 3391 et
1243 3337 1624 3406 congenitum
1665 3337 1873 3409 frigus,
1923 3337 1982 3392 id
2038 3342 2143 3403 est,

493 3441 680 3496 genus
708 3427 894 3481 (etatis
922 3441 1041 3479 non
1074 3426 1209 3479 sinit
1232 3440 1434 3480 coram
1476 3432 1670 3481 tecum
1708 3426 1987 3497 colloqui,
2011 3425 2146 3482 ideo

492 3530 612 3569 non
647 3520 699 3568 te
729 3514 844 3568 vidi
871 3529 883 3568 :
921 3529 1063 3568 nam
1095 3520 1148 3568 et
1180 3515 1285 3568 iste
1320 3515 1462 3569 mihi
1489 3531 1774 3586 praesens,
1800 3517 2045 3587 quando
2069 3515 2147 3569 ad

492 3619 588 3660 me
617 3604 818 3658 venire
850 3603 1129 3670 dignatus
1156 3610 1262 3668 est,
1298 3603 1391 3658 ille
1419 3610 1618 3659 autem
1651 3604 1873 3670 litteris,
1903 3619 2024 3660 non
2065 3604 2149 3659 fa-

492 3694 642 3747 ciem
676 3696 784 3746 tuas
816 3692 1028 3756 carnis,
1063 3692 1165 3747 sed
1197 3693 1388 3748 cordis
1427 3693 1705 3761 ostendit,
1736 3699 1798 3749 ut
1821 3697 1986 3749 tanto
2013 3709 2148 3748 sua-

491 3781 636 3852 vius,
661 3787 888 3852 quanto
906 3781 1151 3836 interius
1184 3786 1236 3836 te
1255 3781 1538 3837 viderem.
1565 3785 1724 3838 Hanc
1742 3783 1952 3838 faciem
1983 3787 2146 3839 tuam

492 3875 548 3926 et
575 3871 634 3926 in
668 3875 874 3926 sancto
903 3870 1217 3942 Evangelio
1243 3875 1317 3940 et,
1351 3887 1481 3936 nos,
1514 3876 1569 3926 et
1594 3876 1654 3926 tu
1699 3872 1844 3943 ipse,
1887 3872 2146 3942 pr0pitio

493 3960 633 4026 Deo,
664 3964 954 4032 tanquam
984 3961 1044 4014 in
1079 3960 1324 4031 speculo
1354 3960 1696 4016 laetissimus
1740 3961 2002 4032 inspicis,
2045 3959 2147 4015 ubi

492 4049 779 4120 scriptum
807 4054 944 4124 esta
971 4050 1488 4104 veritatedicente:
1515 4050 1690 4106 Beati
1709 4050 1946 4118 paciﬁci
1969 4068 1989 4115 ,-
2009 4065 2148 4120 quo-

491 4138 655 4193 niam
685 4138 798 4204 ﬁlii
826 4138 936 4192 Dei
965 4139 1594 4207 vocabuntur(Matth.
1627 4155 1682 4203 v,
1712 4141 1788 4208 9).

564 4246 616 4298 2.
645 4242 836 4310 Magni
866 4241 1112 4313 quidem
1143 4247 1299 4306 sunt,
1330 4246 1386 4297 et
1414 4243 1638 4299 habent
1669 4243 1923 4314 gloriam
1948 4261 2144 4312 suam,

492 4347 612 4388 non
633 4329 1162 4397 solumiortissimi,
1181 4331 1284 4386 sed
1300 4332 1500 4396 etiam,
1515 4333 1678 4404 quod
1696 4333 1942 4389 verioris
1958 4348 2146 4402 genus

491 4426 581 4478 est
601 4421 816 4486 laudis,
848 4420 1172 4476 ﬁdelissimi
1198 4420 1534 4487 bellatores,
1554 4438 1812 4493 quorum
1835 4422 2146 4478 laboribus

492 4515 670 4582 atque
685 4510 977 4582 periculis,
1000 4511 1096 4565 Dei
1110 4510 1473 4582 protegentis
1489 4516 1666 4583 atque
1679 4511 2024 4583 opitulantis
2038 4528 2147 4568 au-

488 4601 649 4667 xilio,
682 4601 871 4656 hostis
892 4599 1218 4655 indomitus
1243 4601 1512 4666 vincitur,
1537 4605 1592 4656 et
1615 4601 1785 4673 quies
1807 4601 2145 4674 reipublicae

489 4690 837 4762 pacatisque
866 4689 1190 4759 provinciis
1209 4695 1623 4761 comparatur:
1653 4691 1759 4746 sed
1785 4691 2034 4762 majoris
2058 4699 2146 4750 est

491 4777 708 4848 glorias,
750 4777 880 4847 ipsa
908 4776 1068 4833 bella
1094 4777 1276 4832 verbo
1318 4777 1609 4846 Occidere,
1654 4795 1838 4850 quam
1870 4780 2147 4838 homines

490 4867 686 4932 ferro;
731 4872 787 4921 et
826 4865 1132 4937 acquirere
1163 4867 1254 4922 vel
1286 4866 1552 4922 obtinere
1587 4884 1799 4938 pacem
1826 4884 1989 4940 pace,
2024 4887 2146 4928 non

489 4956 668 5014 bello.
704 4959 852 5012 Nam
884 4961 939 5011 et
963 4955 1023 5011 hi
1054 4956 1157 5027 qui
1190 4963 1480 5027 pugnant,
1507 4957 1554 5011 si
1578 4957 1719 5012 boni
1744 4964 1901 5025 sunt,
1939 4961 2146 5030 procul

493 5048 679 5103 dubio
707 5063 939 5118 pacem,
975 5046 1078 5101 sed
1099 5050 1298 5101 tamen
1324 5062 1428 5117 per
1449 5047 1805 5115 sanguinem
1829 5056 2106 5120 quierunt
2130 5069 2144 5118 ;

490 5143 554 5195 tu
599 5143 798 5194 autem
853 5152 926 5192 ne
969 5136 1334 5208 cujusquam
1371 5136 1614 5204 sanguis
1663 5146 2044 5210 quaereretur,
2085 5157 2147 5197 es

553 5350 582 5383 *
615 5349 803 5414 Epistt.
837 5360 1065 5414 CCXXIX
1090 5352 1140 5414 et
1159 5360 1376 5414 ccxxx
1396 5350 1683 5413 recognitio
1702 5354 1828 5400 sunt
1853 5352 1920 5400 ad
1948 5351 2147 5402 Vatica-

495 5423 626 5461 num
657 5412 933 5474 exemplar
966 5417 1019 5461 et
1047 5412 1115 5462 ad
1155 5412 1281 5462 Lov.

558 5476 627 5534 (α)
659 5476 803 5523 Alias
838 5475 965 5545 2_62:
1004 5489 1120 5538 quae
1153 5479 1329 5548 autem
1351 5476 1441 5523 229
1472 5479 1601 5533 erat,
1621 5490 1765 5525 nunc
1797 5477 1903 5527 113.
1938 5477 2149 5541 Scripta

558 5533 598 5579 .b
635 5533 793 5581 ﬁnem
829 5540 949 5583 vntze
986 5540 1291 5586 Auaustmi.
1322 5537 1456 5586 forte
1483 5551 1569 5586 an.
1601 5541 1710 5586 429.

498 5545 598 5580 sub
635 5545 793 5581 nnem
829 5545 949 5583 Viue
986 5545 1291 5597 Augustini,
1322 5545 1456 5586 forte
1483 5551 1569 5586 an.
1601 5545 1710 5586 429.

562 5592 941 5665 (bihl‘jeseimus
967 5609 1033 5645 an
1067 5598 1157 5665 hic_
1181 5600 1249 5646 sit
1283 5599 1423 5648 idem
1444 5601 1543 5665 ille
1566 5601 1772 5660 Darius,
1795 5602 1886 5665 qui
1916 5602 2149 5665 praefecti

504 5652 758 5717 praetorio
792 5665 989 5703 munus
1017 5659 1237 5718 gerebat
1270 5673 1362 5715 an.
1405 5663 1512 5733 $46.

1767 169 1828 227 S.
1867 167 1959 226 AU
1968 165 2252 226 GUSTINI
2290 166 2610 225 EPISCOPI

3793 168 3927 228 {020

2259 293 2519 352 missus:
2556 299 2647 350 est
2674 293 2875 367 itaque
2905 293 3038 351 aliis
3061 294 3160 351 illa
3181 295 3522 363 necessitas,
3553 296 3658 353 tibi
3703 297 3817 353 ista
3845 296 3933 352 fe-

2259 383 2472 438 licitas.
2506 384 2775 450 Proinde,
2809 384 3054 440 domine
3084 385 3296 440 merito
3327 384 3569 442 illustris
3601 390 3655 441 et
3692 387 3927 454 magni-

2257 472 2664 537 ficentissime,
2689 477 2869 544 atque
2893 473 2953 528 in
2977 472 3209 530 Christo
3232 474 3582 530 charissime
3600 474 3704 540 ﬁli,
3725 473 3925 545 gaude

2258 561 2368 616 isto
2397 565 2498 616 tuo
2529 565 2650 616 tam
2682 577 2906 632 magno
2931 565 2987 617 et
3014 577 3149 618 vere
3177 562 3354 629 bono,
3385 568 3441 619 et
3480 562 3672 619 fruere
3699 564 3758 619 in
3808 566 3924 619 Deo

2257 650 2417 707 unde
2438 651 2766 721 sumpsisti,
2803 657 2865 707 ut
2887 650 3018 707 talis
3046 666 3232 718 esses,
3262 658 3318 708 et
3340 653 3479 708 talia
3497 652 3764 723 gerenda
3793 669 3922 707 sus-

2255 740 2503 812 ciperes.
2538 739 2860 796 Conﬁrmet
2888 742 3041 796 Deus
3071 740 3238 812 quod
3264 757 3371 812 per
3403 746 3458 796 te
3503 746 3790 813 operatus
3835 747 3922 798 est

2256 829 2431 884 nobis
2471 828 2654 901 (Psal.
2693 845 2865 894 van,
2899 829 3010 899 29).
3041 831 3255 901 Accipe
3301 831 3458 887 hanc
3495 830 3919 887 salutationem

2255 922 2547 984 nostram,
2579 925 2633 974 et
2659 922 2828 974 tuam
2859 918 3100 990 dignare
3149 919 3497 991 rependere.
3555 921 3718 976 Sicut
3773 919 3917 976 mihi

2255 1008 2486 1078 scripsit
2517 1008 2692 1064 frater
2719 1011 2999 1073 Novatus,
3047 1009 3164 1081 egit
3213 1014 3274 1066 ut
3323 1024 3419 1066 me
3473 1009 3830 1066 excellentia
3867 1015 3921 1066 et

2255 1097 2506 1153 eruditio
2532 1101 2634 1154 tua
2656 1098 2832 1153 etiam
2858 1097 2918 1153 in
2940 1097 3092 1153 meis
3118 1099 3426 1170 opusculis
3449 1104 3675 1155 nosset.
3699 1101 3753 1156 Si
3777 1114 3920 1170 ergo

2253 1187 2443 1255 legisti
2469 1204 2600 1260 quae
2629 1186 2813 1251 dedit,
2848 1203 2960 1258 ego
2986 1203 3228 1260 quoque
3257 1189 3491 1245 innotui
3529 1189 3921 1245 interioribus

2255 1277 2367 1331 tuis
2400 1276 2701 1332 sensibus.
2733 1276 2866 1331 Non
2915 1277 3171 1332 multum
3211 1277 3550 1349 displicent,
3611 1285 3917 1350 quantum

2255 1365 2553 1431 existimo,
2586 1366 2633 1420 si
2658 1366 3045 1439 propensiore
3063 1366 3367 1435 charitate,
3386 1382 3574 1439 quam
3597 1367 3920 1424 severitate

2252 1455 2461 1524 legisti.
2491 1458 2617 1510 Non
2648 1461 2740 1510 est
2769 1455 3022 1510 multum
3052 1471 3065 1522 ;
3099 1455 3204 1510 sed
3251 1455 3509 1511 multum
3564 1461 3832 1525 gratum,
3873 1457 3920 1511 si

2253 1559 2362 1616 pro
2390 1544 2594 1599 litteris
2621 1544 2859 1610 nostris,
2889 1549 2946 1600 et
2966 1544 3058 1599 his
3090 1549 3148 1599 et
3172 1543 3308 1610 illis,
3341 1561 3524 1601 unam
3556 1545 3737 1602 nobis
3759 1547 3920 1617 epis-

2255 1632 2437 1689 tolam
2469 1633 2711 1688 reddas.
2739 1633 2940 1688 Saluto
2959 1637 3015 1688 et
3040 1633 3256 1704 pignus
3287 1635 3452 1705 pacis
3479 1636 3587 1705 (a),
3607 1634 3779 1708 quod
3807 1637 3920 1691 Do-

2253 1721 2417 1778 mino
2451 1725 2567 1778 Deo
2598 1727 2801 1777 nostro
2823 1723 3143 1792 adjuvante
3185 1721 3429 1780 feliciter
3485 1723 3798 1796 accepisti,
3848 1739 3917 1781 ea

2253 1811 2566 1868 dilectione
2596 1828 2718 1884 qua
2748 1812 2964 1868 debeo.

2716 1973 3052 2031 EPISTOLA
3107 1971 3321 2031 ccxxx
3361 1974 3464 2046 (b).

2251 2117 2473 2175 Darius
2503 2118 2854 2189 Augustino,
2894 2135 3005 2189 pro
3038 2119 3242 2176 litteris
3275 2119 3349 2176 ab
3387 2135 3450 2177 eo
3486 2122 3746 2190 acceptis
3780 2136 3916 2193 gra-

2325 2207 2464 2263 tiam
2493 2209 2778 2277 referens,
2800 2215 2854 2265 et
2882 2216 3082 2276 petens
3109 2210 3270 2265 mitti
3291 2209 3404 2264 sibi
3447 2209 3626 2264 libros
3683 2211 3919 2280 Con/es-

2320 2296 2569 2363 sionum,
2603 2312 2778 2369 seque
2806 2297 2992 2366 ipsius
3021 2299 3188 2368 apud
3213 2300 3398 2355 Deum
3435 2299 3717 2369 precibus
3759 2316 3918 2356 com-

2325 2387 2665 2443 mendatum
2701 2386 2965 2455 cupiens.

2399 2510 2605 2564 Damus
2642 2509 2959 2564 Aususrmo
2991 2508 3240 2566 domino
3275 2526 3384 2566 suo
3420 2509 3699 2567 salutem.

2333 2639 2380 2689 l.
2429 2634 2671 2698 Utinam,
2711 2633 2920 2689 domine
2965 2642 3144 2690 sancte
3187 2643 3366 2707 pater,
3407 2644 3468 2694 ut
3512 2655 3686 2693 meum
3730 2656 3920 2694 nomen

2256 2723 2325 2778 ad
2354 2739 2518 2778 aures
2556 2731 2693 2789 tuas,
2725 2724 3172 2795 coepiscoporum,
3205 2733 3262 2780 ut
3305 2728 3406 2790 ais,
3439 2733 3658 2783 tuorum
3707 2728 3921 2784 Urbani

2256 2819 2304 2866 et
2344 2812 2545 2868 Novati
2590 2813 2818 2883 benigna
2855 2829 2984 2883 erga
3027 2830 3104 2868 me
3141 2815 3328 2885 gratia
3355 2814 3608 2884 faciente,
3645 2816 3921 2886 perlatum

2254 2907 2328 2954 est
2352 2916 2373 2968 ,'
2411 2901 2494 2955 ita
2531 2904 2893 2971 memetipsum
2936 2901 3075 2956 Deus
3122 2903 3383 2967 omnium,
3423 2904 3564 2959 Deus
3610 2913 3769 2972 tuus,
3807 2923 3922 2960 ma-

2257 2989 2412 3044 nibus
2463 2992 2572 3044 tuis
2610 2998 2769 3061 atque
2793 2991 2961 3046 oculis
2990 2991 3262 3047 obtulisset
3299 3009 3316 3046 :
3349 3010 3453 3047 non
3492 3010 3593 3064 quo
3637 2996 3920 3066 majorem,

2255 3086 2350 3134 aut
2393 3079 2629 3149 forsitan
2669 3079 2860 3145 talem,
2901 3081 3112 3151 qualem
3160 3088 3433 3136 tantorum
3477 3084 3728 3139 vivorum
3778 3085 3922 3154 apud

2257 3175 2304 3222 te
2362 3167 2636 3223 benevolus
2693 3184 2883 3233 sermo,
2934 3176 2982 3224 et
3047 3170 3369 3226 litterarum
3430 3173 3631 3227 mentio
3686 3175 3920 3243 fecerat,

2257 3257 2342 3312 tui
2386 3274 2464 3311 me
2512 3257 2781 3327 probasset
2810 3257 3004 3313 melior
3044 3258 3173 3313 lima
3207 3260 3415 3330 iudicii
3435 3277 3454 3326 ;
3489 3261 3579 3315 sed
3623 3269 3688 3316 ut
3740 3262 3923 3320 cades-

2258 3347 2327 3400 tis
2349 3347 2631 3415 sapientiae
2663 3353 2769 3400 tusc
2808 3348 3112 3402 verissimae
3137 3355 3292 3419 atque
3319 3350 3646 3405 immortales
3677 3353 3918 3419 fructus,

2254 3452 2344 3490 ore
2365 3443 2454 3490 tuo
2480 3436 2679 3506 potius,
2704 3435 2876 3490 veluti
2896 3437 3179 3506 cujusdam
3209 3454 3362 3507 pura
3380 3456 3531 3511 aquae
3553 3439 3917 3506 dulcedinem,

2252 3524 2318 3578 ab
2359 3526 2468 3595 ipso
2491 3525 2657 3595 Ioniis
2691 3527 2962 3595 presenti
2999 3543 3060 3581 ac
3107 3535 3360 3598 perpetuo
3400 3529 3606 3600 liquore
3649 3531 3917 3600 sumpsis-

2254 3632 2380 3670 sem.
2420 3614 2463 3669 0
2499 3632 2596 3680 me,
2640 3633 2745 3669 non
2775 3616 2924 3670 modo
2963 3623 3045 3670 ter
3081 3624 3174 3672 aut
3207 3624 3418 3688 quater,
3451 3626 3510 3674 ut
3545 3619 3697 3689 apud
3745 3621 3919 3676 nescio

2255 3721 2404 3776 quem
2434 3711 2527 3770 est,
2566 3705 2655 3758 sed
2685 3704 2902 3769 millies,
2935 3712 2984 3759 et
3015 3722 3158 3761 omni
3190 3723 3413 3762 numero
3437 3707 3562 3779 plus
3594 3708 3807 3764 beatum
3835 3710 3922 3765 lsi

2257 3794 2396 3848 mihi
2423 3793 2609 3848 datum
2653 3801 2782 3848 esset
2815 3797 3080 3862 praesenti
3115 3795 3330 3851 intueri
3371 3804 3486 3851 tuos
3525 3814 3652 3853 vere
3688 3799 3919 3854 sidereos

2255 3884 2452 3948 vultus,
2488 3900 2754 3954 vocemque
2795 3883 3061 3950 divinam,
3089 3900 3150 3940 ac
3180 3885 3374 3940 divina
3401 3894 3700 3954 canentem,
3733 3895 3787 3943 et
3820 3906 3918 3943 non

2255 3972 2422 4028 solum
2453 3973 2650 4028 mentis
2677 3973 2915 4042 fructus,
2945 3973 3036 4028 sed
3072 3974 3236 4028 etiam
3263 3991 3383 4030 cum
3410 3978 3630 4032 aurium
3655 3977 3920 4048 jucundio

2259 4067 2363 4116 tate
2405 4079 2611 4117 sumere
2662 4068 2712 4116 et
2774 4062 3000 4116 haurire
3055 4063 3314 4121 licuisset.
3363 4065 3619 4120 Putarem
3680 4069 3920 4138 profecto

2257 4168 2334 4205 me
2357 4151 2616 4221 quasdam
2640 4151 3074 4207 immortalitatis
3099 4152 3252 4224 leges,
3274 4169 3379 4208 non
3404 4154 3553 4209 modo
3579 4155 3641 4209 de
3665 4156 3814 4221 calo,
3837 4156 3921 4211 sed

2255 4240 2316 4294 in
2364 4241 2477 4310 ipso
2524 4240 2878 4295 constitutum
2931 4240 3056 4295 calo
3095 4245 3382 4313 suscipere,
3426 4249 3474 4298 et
3510 4244 3773 4314 quasdam
3825 4245 3922 4300 Dei

2254 4344 2406 4386 voces
2431 4345 2535 4383 non
2565 4328 2714 4399 longe
2747 4329 2808 4383 de
2839 4330 3052 4400 templo,
3078 4330 3168 4385 sed
3191 4347 3359 4403 prope
3391 4334 3566 4403 ipsum
3605 4333 3714 4388 Dei
3743 4340 3922 4390 astan-

2256 4424 2358 4472 tem
2388 4417 2637 4473 tribunal
2666 4417 2883 4474 audire.

2325 4512 2376 4562 2.
2395 4509 2498 4562 Hoc
2523 4513 2582 4562 ut
2597 4508 2728 4562 mihi
2754 4507 3338 4580 contingeret,pr0pter
3356 4509 3810 4567 ardentissimum
3830 4515 3910 4567 tui

2253 4597 2577 4652 desiderium
2599 4597 2848 4667 forsitan
2881 4597 3159 4667 merebar;
3183 4606 3408 4670 propter
3419 4602 3915 4672 oonscientiam,fa—

2257 4693 2391 4751 teor,
2428 4703 2526 4740 non
2543 4686 2914 4741 merebar.Sed
2925 4687 3108 4742 absens
3128 4705 3330 4760 quoque
3341 4690 3461 4760 cepi
3475 4690 3692 4761 fructus
3705 4692 3918 4763 cupidi.

2255 4776 2386 4832 tatis
2409 4775 2559 4831 bona
2573 4793 2675 4830 non
2689 4777 3012 4841 minimos,et
3027 4781 3102 4832 est
3119 4777 3257 4832 mihi
3267 4778 3331 4832 de
3341 4779 3586 4834 secundis
3601 4780 3753 4834 bonis
3769 4781 3923 4836 bono-

2255 4882 2378 4920 rum
2394 4881 2601 4920 summa
2621 4866 2911 4935 perfectio.
2942 4865 3350 4925 Commendatus
3372 4884 3488 4923 sum
3511 4870 3564 4923 ei
3588 4869 3682 4924 cui
3715 4871 3921 4936 vellem,

2255 4961 2667 5010 oresanctorum
2693 4961 2741 5008 et
2767 4954 3001 5010 duorum
3029 4955 3232 5011 locisac
3256 4957 3564 5025 regionibus
3594 4959 3808 5014 interse
3820 4961 3922 5013 dis-

2255 5044 2489 5099 tantium
2500 5043 3186 5115 sacerdotum;unius,quod
3187 5047 3308 5115 jam
3321 5046 3533 5110 dixi,de
3548 5064 3629 5102 me
3643 5047 3922 5104 benevolus

2253 5139 2498 5196 sermo,et
2507 5140 2834 5202 praesensmt
2848 5134 2928 5188 ita
2941 5133 3137 5198 dicam,
3147 5135 3778 5204 testimonium;alterius
3790 5138 3920 5208 ejus-

2252 5221 2368 5276 dem
2379 5238 2558 5276 sensus
2571 5222 2700 5290 pari
2705 5222 2870 5292 lisque
2883 5230 3059 5277 senten
3069 5226 3164 5279 tiae
3177 5223 3418 5278 volantia
3430 5223 3502 5278 ad
3514 5231 3563 5279 te
3574 5226 3690 5280 seri
3691 5233 3787 5296 pta
3805 5243 3920 5280 con-

2255 5314 2512 5366 currunt.
2537 5310 2802 5366 Coronam
2824 5311 2966 5367 mihi
2976 5311 3120 5382 apud
3151 5318 3196 5367 te
3215 5313 3523 5384 quamdam,
3547 5315 3772 5370 tantiac
3793 5315 3920 5371 tales

2321 5542 2392 5600 (a)
2429 5539 2794 5597 Verimodum,
2830 5538 2965 5589 Darii
2986 5540 3173 5590 ﬁlium.

2322 5603 2393 5674 (b)
2427 5602 2683 5674 Alias_263
2708 5618 2718 5651 :
2753 5617 2871 5668 quas
2899 5608 3078 5654 autem
3100 5605 3190 5653 230
3219 5607 3347 5663 erat,
3374 5617 3517 5655 nunc
3550 5606 3666 5660 115.
3717 5605 3914 5669 Scripta

2263 5669 2386 5732 post
2403 5669 2727 5734 superiores.
