4140 6174
256 172 392 231 1021

252 297 390 365 viri,
417 313 527 352 non
540 293 905 352 viridantium
920 291 1383 365 ﬂorumgermine,
1412 290 1501 346 sed
1510 290 1764 362 gloriosae
1774 286 1914 344 vocis

253 387 558 444 testimonio
589 394 848 457 tanquam
874 383 1190 455 quibusdam
1216 380 1604 453 perpetuitatis
1632 377 1910 451 gemmulis

254 483 565 533 texuerunt.
597 476 832 546 Propter
854 472 990 544 quod
1024 473 1187 528 Deum
1234 488 1498 527 summum
1527 486 1623 525 oro
1649 486 1749 541 pro
1769 476 1840 533 te,
1860 471 1911 522 et

253 575 403 623 tuam
415 565 1057 627 intercessionem,sancte
1066 568 1249 633 pater,
1263 562 1558 632 expostulo,
1583 567 1641 614 ut
1654 558 1910 629 quoniam

250 657 474 712 minime
484 655 623 710 mihi
633 653 934 709 testimonii
946 652 1213 707 tantisum
1227 650 1592 718 conscius,esse
1602 649 1738 703 mihi
1748 647 1910 702 talem

253 746 659 817 velquandoque
670 742 978 814 proveniat.
1005 742 1126 797 Jam
1157 740 1254 795 illa
1274 756 1445 795 nonne
1456 739 1636 794 omnia
1652 736 1911 793 absentiae

252 850 386 891 meae
405 834 731 889 detrimenta
781 833 1047 894 vicerunt,
1094 829 1232 901 quod
1256 831 1368 900 ipse
1390 844 1481 883 nos
1513 826 1740 898 alloqui,
1773 825 1913 897 quod

250 924 505 989 scribere,
520 921 657 995 quod
668 923 911 977 salutare
933 920 1202 991 dignaris,
1222 926 1268 973 et
1288 918 1501 973 absente
1521 934 1621 983 me,
1643 916 1913 972 absentem

250 1030 364 1069 esse
382 1029 488 1069 non
509 1011 738 1083 pateris.
763 1009 1028 1066 Dolebam
1056 1026 1136 1064 me
1165 1008 1316 1064 modo
1337 1011 1454 1079 post
1487 1006 1771 1062 Deum.....
1806 1021 1913 1059 non

250 1105 462 1159 visum:
501 1109 737 1157 attamen
766 1117 873 1154 non
919 1099 1107 1154 carnis
1143 1099 1357 1170 faciem,
1407 1098 1487 1152 sic
1523 1096 1665 1152 enim
1691 1097 1796 1160 ais,
1824 1094 1914 1149 sed

251 1192 391 1265 quod
412 1191 534 1263 plus
560 1198 654 1257 est,
680 1189 858 1245 cordis
886 1188 1124 1244 attendis
1137 1204 1154 1254 ;
1184 1204 1340 1260 eoque
1364 1188 1516 1241 visus
1532 1203 1649 1241 sum
1679 1185 1782 1241 tibi
1810 1201 1915 1239 esse

244 1281 567 1355 jucundior,
617 1297 720 1352 quo
770 1278 1013 1351 penitius
1066 1276 1377 1348 inspeaaisti.
1432 1276 1600 1331 Faxit
1643 1274 1809 1338 Deus,
1855 1279 1916 1329 ut

245 1371 478 1445 judicio,
511 1370 589 1425 mi
617 1376 796 1441 pater,
826 1374 916 1424 tuo
944 1366 1307 1438 respondeam,
1336 1381 1431 1421 nec
1457 1365 1559 1420 sim
1585 1364 1729 1436 apud
1744 1380 1915 1419 meam

254 1460 633 1518 conscientiam
676 1475 820 1523 reus,
871 1474 991 1513 cum
1042 1455 1203 1511 talem
1237 1472 1337 1521 me,
1382 1454 1594 1527 qualem
1646 1454 1751 1510 tibi
1803 1454 1917 1525 ipse

259 1550 533 1625 formasti,
574 1548 813 1605 interius
846 1564 937 1619 ego
964 1563 1071 1601 non
1099 1545 1330 1602 videam.

330 1657 383 1711 3.
413 1654 568 1711 Bella
595 1671 676 1710 me
714 1654 776 1709 in
806 1653 986 1708 eadem
1014 1652 1207 1707 divina
1230 1668 1294 1706 ac
1321 1649 1519 1706 caelesti
1545 1649 1769 1721 epistola
1792 1655 1913 1714 tua,

258 1761 335 1803 ea:
346 1762 490 1800 more
503 1744 623 1809 tibi,
639 1743 781 1815 quod
796 1742 1021 1798 laudare
1032 1740 1207 1805 velles,
1221 1741 1522 1811 eloquentia
1540 1738 1912 1803 ministrante,

258 1835 397 1891 bella
421 1851 517 1901 me,
552 1834 796 1905 inquam,
828 1830 985 1887 verbo
1005 1832 1089 1885 ais
1105 1829 1359 1885 occidere.
1390 1829 1494 1883 Hic
1518 1844 1662 1894 vero,
1696 1828 1774 1883 mi
1792 1844 1913 1882 san-

258 1932 336 1981 cte
361 1931 539 1995 pater,
569 1923 785 1977 animus
804 1921 938 1976 mihi
969 1926 1222 1991 tanquam
1252 1936 1277 1973 e
1301 1918 1614 1990 quibusdam
1637 1918 1915 1989 cogitatio-

260 2030 387 2070 num
405 2011 657 2077 tenebris,
676 2011 1003 2084 quasiveras
1022 2010 1112 2064 sui
1135 2008 1321 2063 laudes
1336 2007 1915 2079 recognovisset,emer-

257 2105 351 2159 sit.
370 2102 592 2175 Utienim
607 2106 768 2156 totum
784 2099 1025 2155 breviter
1035 2097 1431 2169 acsimpliciter
1445 2096 1793 2151 Beatitudini
1808 2102 1913 2151 tuae

258 2192 535 2262 conﬁtear,
565 2190 733 2245 sinon
761 2188 1127 2245 exstinximus
1152 2187 1307 2251 bella,
1340 2192 1479 2241 certe
1508 2184 1821 2240 distulimus
1832 2192 1913 2255 ;et

262 2284 372 2338 Deo
382 2280 681 2353 opitulante
693 2295 777 2335 om
786 2279 935 2334 nium
945 2276 1334 2349 principe,quse
1336 2276 1456 2346 jam
1484 2290 1643 2346 usque
1655 2274 1725 2328 ad
1736 2290 1913 2345 quem-

258 2370 381 2426 dam
405 2370 778 2425 calamitatum
802 2368 1004 2439 apicem
1022 2367 1363 2421 increverant
1387 2364 1551 2429 mala,
1578 2364 1753 2434 sopita
1763 2369 1912 2421 sunt.

260 2461 432 2532 Spero
447 2465 626 2514 tamen
647 2458 713 2513 ab
742 2475 819 2524 eo,
845 2473 993 2529 aquo
1018 2454 1283 2527 quidquid
1308 2453 1499 2509 bonum
1528 2460 1789 2508 esttotum
1800 2470 1913 2523 spe-

258 2566 386 2606 rare
415 2548 680 2613 debemus,
707 2548 839 2620 quin
858 2546 1023 2602 etiam
1052 2544 1292 2616 epistolae
1310 2550 1413 2598 tum
1435 2559 1678 2614 auguror
1704 2542 1912 2597 benedi-

258 2640 483 2695 ctionem
516 2644 623 2693 tam
656 2637 1251 2709 largam,tamcertam,
1276 2640 1334 2688 ut
1350 2632 1461 2690 haec
1490 2633 1611 2704 ipsa
1628 2631 1908 2699 bellorum,

259 2727 571 2799 quamdizi,
593 2726 811 2792 dilatio,
843 2726 991 2796 pacis
1014 2724 1202 2779 habeat
1236 2729 1511 2795 teneatque
1536 2737 1819 2793 perennem
1851 2738 1913 2776 ac

255 2825 575 2889 perpetuam
586 2815 919 2887 ﬁrmitatem.
946 2814 1157 2869 Dixiin
1171 2830 1230 2867 en
1240 2813 1332 2876 im,
1354 2818 1401 2867 et
1410 2818 1672 2883 perpetua
1688 2812 1788 2866 Dei
1805 2812 1915 2882 lege

259 2907 459 2980 ﬁxisti,
490 2913 550 2960 ut
575 2905 834 2976 gaudeam
866 2903 985 2968 isto,
1018 2910 1077 2957 ut
1106 2910 1169 2957 tu
1198 2903 1303 2970 ais,
1334 2917 1441 2956 meo
1471 2908 1579 2955 tam
1612 2917 1813 2971 magno
1849 2917 1912 2956 ac

260 2999 379 3051 vere
411 2995 558 3059 bono,
592 2997 641 3050 et
659 2994 827 3064 [ruar
852 2994 913 3048 in
942 2992 1070 3055 Deo,
1108 2991 1245 3047 unde
1266 2991 1551 3061 sumpsisse
1574 3007 1653 3044 me
1674 2989 1832 3058 dicis,
1856 2996 1915 3045 ut

261 3093 309 3141 et
341 3084 469 3141 talis
514 3100 692 3149 essem,
734 3090 781 3137 et
822 3082 961 3137 talia
1004 3081 1236 3153 gerenda
1263 3080 1601 3151 susciperem.
1637 3078 1915 3135 Connectis

262 3173 489 3230 deinde:
513 3193 541 3226 «
570 3173 885 3243 Conﬁrmet,
917 3171 1118 3243 inquis,
1147 3171 1288 3225 Deus
1310 3170 1555 3241 quodper
1587 3175 1633 3223 te
1661 3177 1916 3240 operatus

259 3270 332 3320 est
362 3263 512 3318 nobis
545 3283 594 3318 ».
624 3264 669 3319 0
698 3268 820 3317 vota
872 3278 976 3316 non
1005 3259 1152 3315 modo
1176 3276 1279 3331 pro
1333 3276 1428 3325 me,
1469 3258 1558 3313 sed
1612 3275 1714 3329 pro
1741 3258 1917 3313 salute

259 3354 494 3410 omnium
522 3358 831 3423 nuncupata
852 3354 875 3408 Ι
884 3352 998 3407 Nec
1008 3350 1152 3404 enim
1174 3366 1287 3403 mea
1298 3349 1417 3418 ipsa
1425 3348 1607 3419 gloria
1622 3349 1918 3417 separaria

258 3442 433 3498 salute
456 3441 697 3497 omnium
709 3447 894 3511 potest,
911 3446 962 3494 et
989 3446 1046 3494 ut
1063 3455 1155 3509 ego
1173 3437 1509 3493 orationibus
1526 3438 1635 3492 tuis
1649 3437 1788 3509 felix
1808 3453 1917 3492 esse

253 3532 475 3605 possim,
500 3548 610 3586 una
640 3546 839 3585 mecum
868 3544 1043 3584 omnes
1069 3527 1258 3597 felices
1296 3543 1399 3582 esse
1430 3543 1629 3582 necesse
1654 3533 1747 3582 est.
1781 3528 1914 3592 Diu,

260 3629 439 3694 pater,
464 3637 564 3692 pro
586 3619 823 3675 Romano
848 3618 1097 3689 imperio,
1116 3633 1216 3688 pro
1246 3618 1492 3673 Romana
1506 3616 1802 3687 republica,
1818 3633 1920 3687 pro

264 3710 349 3765 his
375 3710 561 3777 etiam,
592 3724 718 3780 quos
748 3707 937 3779 dignos
973 3723 1082 3761 esse
1122 3706 1225 3761 tibi
1252 3706 1577 3774 occurrerit,
1626 3705 1762 3761 talia
1800 3713 1921 3761 vota

261 3816 440 3855 sumas
466 3813 816 3869 acnuncupes
834 3818 856 3868 ;
875 3796 1187 3868 quandoque
1209 3803 1256 3851 te
1282 3812 1441 3867 usque
1462 3796 1521 3849 in
1545 3795 1729 3851 caelum
1754 3794 1915 3863 tollis,

265 3889 448 3945 tradas
472 3888 723 3960 posteris,
754 3886 1077 3958 mandesque
1101 3884 1466 3957 sequentibus.

335 4000 387 4054 4.
397 3996 551 4053 Satis
576 4010 889 4067 progressus
911 4010 1029 4049 sum
1038 3994 1267 4065 fortasse
1279 4010 1436 4064 quam
1448 3991 1719 4056 debui,sed
1723 4008 1923 4062 parum

268 4088 475 4143 locutus
502 4092 640 4141 certe
661 4102 823 4156 quam
836 4083 1004 4140 volui.
1037 4083 1311 4153 Conﬁteor
1332 4083 1493 4150 enim,
1523 4081 1761 4136 scribens
1778 4082 1848 4136 ad
1871 4088 1925 4138 te

266 4177 445 4232 vultus
464 4175 604 4231 mihi
628 4181 744 4230 tuos
771 4181 1025 4245 tanquam
1078 4171 1366 4244 praesentis
1392 4171 1663 4243 imaginor
1682 4188 1706 4237 ,°
1737 4178 1923 4227 etcum

267 4267 401 4322 olim
418 4281 497 4320 me
519 4281 692 4320 sermo
715 4264 878 4320 rudis
902 4270 950 4318 et
973 4264 1127 4335 inops
1144 4262 1331 4332 lingua
1352 4260 1580 4331 deﬁciat,
1602 4267 1777 4316 tamen
1797 4278 1927 4332 qua-

268 4357 321 4413 si
336 4371 514 4410 eoram
542 4361 713 4409 tecum
725 4353 1001 4423 colloquar
1014 4352 1351 4423 fabulerque,
1372 4368 1477 4405 non
1491 4353 1682 4405 satior.
1692 4352 1927 4407 Proinde

270 4445 396 4501 hinc
423 4446 585 4500 etiam
610 4451 795 4499 nostra
824 4443 886 4497 in
924 4450 975 4497 te
997 4441 1273 4497 desideria
1306 4442 1513 4496 metire.
1551 4442 1687 4496 Cum
1708 4441 1927 4512 jamdiu

268 4536 427 4606 finem
441 4532 1059 4605 merereturepistolaris
1076 4532 1295 4603 paginae
1316 4531 1558 4603 forsitan
1574 4531 1797 4602 ingrata
1815 4548 1928 4586 ver-

271 4623 744 4689 bositas,subtrahi
749 4639 861 4678 mus
876 4620 1281 4691 verecundiam;
1292 4620 1417 4675 dum
1434 4619 1730 4691 cupiditati
1744 4636 1934 4675 consu-

271 4713 506 4779 limus,et
526 4729 814 4769 sermonem
834 4711 1276 4783 relinquere,esse
1305 4727 1339 4764 a
1360 4716 1408 4764 te
1431 4708 1673 4763 recedere
1690 4710 1930 4779 suspica-

270 4819 413 4859 mur.
439 4802 582 4859 Nolo
612 4819 734 4874 ergo
763 4817 869 4856 non
898 4800 1156 4866 desinere,
1189 4798 1278 4854 sed
1309 4814 1410 4853 non
1428 4814 1637 4869 possum
1664 4816 1683 4854 :
1713 4798 1761 4852 si
1785 4798 1927 4854 enim

269 4892 463 4959 credis,
490 4891 569 4945 mi
592 4897 769 4962 pater,
822 4889 951 4944 adeo
1001 4889 1205 4943 nostris
1232 4886 1471 4942 sensibus
1518 4902 1580 4941 ac
1607 4887 1929 4958 praecordiis

271 4981 558 5048 inhzsisti,
593 4996 659 5034 ea:
677 4996 779 5051 quo
816 4995 923 5033 non
949 4981 1183 5033 contenti
1209 4982 1306 5031 tua
1334 4976 1487 5047 fama
1512 4981 1622 5031 tam
1672 4977 1926 5047 gloriosa,

274 5074 382 5124 tam
408 5069 667 5132 maxima,
693 5066 913 5139 scriptis
934 5071 982 5121 te
1005 5069 1117 5122 tuis
1134 5068 1342 5121 intueri
1359 5065 1667 5130 maluimus,
1687 5082 1804 5121 cum
1820 5082 1931 5121 una

270 5159 426 5224 mihi,
455 5159 732 5229 atquehaec
762 5156 937 5212 brevis
957 5156 1183 5227 epistola
1209 5159 1322 5219 tua,
1354 5154 1567 5209 ardoris
1584 5159 1763 5210 tantas
1779 5156 1930 5224 flam-

272 5265 405 5318 mas,
439 5248 789 5319 incendiaque
813 5248 1177 5302 commoverit.
1216 5245 1365 5302 Unde
1394 5245 1743 5317 deprecamur
1768 5250 1835 5309 te,
1868 5262 1929 5299 ac

274 5343 384 5393 tota
404 5341 574 5393 mente
585 5337 799 5408 deposci
805 5343 1014 5401 mus,ut
1034 5337 1283 5406 quoniam
1303 5336 1530 5405 gentiles
1542 5335 1685 5389 ritus
1706 5341 1756 5389 te
1767 5336 1927 5389 etiam

275 5427 511 5497 legendo,
539 5431 600 5482 ut
624 5442 899 5497 nunquam
919 5424 1078 5489 alias,
1110 5424 1314 5479 abunde
1342 5424 1655 5495 aﬂatimque
1668 5427 1931 5494 contemp-

272 5519 441 5572 simus
470 5517 795 5588 (quanquam
809 5517 1002 5570 enima
1028 5514 1361 5586 parentibus,
1393 5513 1458 5567 ab
1488 5514 1626 5577 avis,
1661 5519 1711 5567 et
1725 5517 1932 5583 postre-

277 5623 364 5662 ma
392 5623 553 5679 usque
580 5606 748 5677 gentis
780 5604 930 5677 prole
956 5604 1163 5661 Christi
1197 5605 1331 5672 jura
1359 5603 1708 5674 percepimus,
1756 5606 1932 5658 tamen

274 5696 555 5773 aliquoties
572 5695 808 5754 sensibus
851 5695 1052 5751 nostris
1078 5694 1371 5767 superﬂuae
1415 5692 1819 5768 superstitionis
1840 5709 1935 5752 su-

1523 157 2027 229 EPISTOLARUM
2054 156 2344 217 CLASSIS
2369 157 2465 239 in.

3536 154 3679 213 1022

2022 284 2190 357 perba
2210 285 2425 340 vanitas
2452 282 2761 353 inerrabat)
2791 298 2815 349 ,'
2834 288 2954 354 peto
2982 288 3039 338 ut
3060 281 3227 338 etiam
3275 279 3675 351 Confessionum

2021 375 2185 431 libros
2202 392 2233 429 a
2255 378 2304 428 te
2325 375 2673 444 perscriptas,
2703 372 2854 427 nobis
2872 374 3086 426 mittere
3115 388 3177 426 ac
3188 371 3387 426 donare
3408 369 3673 440 digneris.

2019 464 2078 519 Si
2100 466 2241 519 enim
2271 464 2374 517 alii
2393 479 2611 534 quoque,
2637 479 2808 533 prono
2828 463 3006 516 animo
3022 477 3084 515 ac
3102 460 3328 531 benigna
3352 467 3549 525 mente,
3575 462 3673 513 tua

2020 553 2171 609 nobis
2199 554 2407 624 scripta
2441 552 2636 623 largiti
2666 559 2812 619 sunt,
2857 555 3061 623 quanto
3099 549 3267 621 magis
3296 549 3357 603 de
3396 550 3507 603 tuis
3558 548 3669 619 ipse

2020 659 2273 698 excusare
2302 659 2407 695 non
2432 641 2578 695 debes
2602 639 2630 695 ?

2088 734 2143 787 5.
2174 732 2378 787 Fertur
2396 738 2653 809 satrapae,
2674 745 2764 783 seu
2794 729 2937 799 regis
2958 728 3137 799 potius
3166 726 3448 796 cujusdam
3478 724 3672 795 episto-

2022 822 2075 877 la
2091 822 2189 893 (a),
2218 823 2389 876 Deum
2406 821 2687 874 Dominum
2711 818 2986 874 Christum
3005 817 3359 888 deprecantis,
3378 832 3495 870 cum
3520 815 3675 868 intra

2021 910 2232 967 Iudaeae
2259 910 2498 981 regiones
2519 909 2693 964 adhuc
2720 914 3051 972 versaretur,
3084 912 3134 959 et
3155 904 3378 959 necdum
3410 905 3467 958 in
3486 904 3675 957 cazlum

2021 1018 2175 1057 suum
2197 1005 2552 1063 remeaverat,
2594 997 2847 1069 quoniam
2898 996 2947 1049 is
2971 995 3042 1050 ad
3093 1010 3210 1049 eum
3240 994 3321 1047 ire
3367 1008 3430 1047 ac
3454 1006 3674 1062 pergere

2017 1108 2119 1163 per
2147 1088 2526 1161 mgritudinem
2553 1086 2974 1158 praepediretur,
2990 1091 3038 1138 et
3058 1083 3247 1138 sanari
3272 1082 3443 1137 aliter
3463 1097 3514 1135 se
3525 1094 3672 1151 posse

2022 1198 2127 1236 non
2152 1179 2413 1244 crederet,
2442 1177 2513 1231 ad
2538 1194 2610 1240 se,
2637 1177 2688 1231 si
2714 1176 3055 1245 dignaretur,
3088 1172 3283 1228 mundi
3305 1171 3452 1226 satus
3480 1187 3546 1225 ac
3570 1186 3673 1223 me-

2024 1270 2207 1324 dicina
2235 1268 2541 1323 decurreret
2559 1288 2577 1334 ;
2595 1272 2641 1321 et
2675 1282 2737 1319 ne
2767 1271 2937 1320 tanta?
2962 1262 3256 1334 majestati,
3282 1260 3677 1332 quamignarus

2024 1376 2124 1414 rex
2152 1357 2400 1431 provida,
2426 1356 2516 1411 sed
2536 1372 2640 1409 non
2648 1356 2888 1425 per/ecta
2902 1356 3432 1421 mente,conceperat,
3458 1348 3679 1417 injuria

2024 1448 2456 1521 ﬁerivideretur,
2478 1444 2724 1501 laudasse
2742 1443 2960 1514 insuper
2978 1459 3131 1496 suam
3159 1439 3674 1508 diciturcivitatem,

2026 1548 2085 1597 ut
2111 1536 2517 1611 pulchritudine
2546 1533 2697 1590 urbis
2725 1540 2774 1587 et
2801 1532 2943 1602 regis
2993 1531 3225 1601 hospitio
3277 1529 3420 1584 Deus
3450 1527 3679 1593 illectus,

2024 1645 2205 1703 preces
2232 1625 2497 1697 supplicis
2530 1639 2633 1677 non
2656 1622 3065 1691 dedignaretur.
3098 1618 3297 1689 Adfuit
3352 1619 3496 1671 Deus
3520 1616 3679 1686 regi,-

2025 1724 2247 1776 sanatus
2276 1722 2386 1770 est:
2416 1718 2465 1767 et
2493 1710 2821 1780 ampliﬁcata
2844 1708 3119 1781 petitionis
3148 1723 3384 1769 munere,
3411 1721 3510 1775 per
3538 1704 3683 1775 epis-

2027 1809 2193 1866 tolam
2233 1821 2341 1861 non
2368 1802 2518 1859 modo
2547 1801 2773 1856 salutem
2802 1806 2864 1855 ut
2892 1798 3148 1870 supplici,
3183 1796 3271 1852 sed
3294 1798 3455 1850 etiam
3476 1793 3682 1849 securi-

2026 1906 2188 1956 tatem
2218 1903 2277 1951 ut
2300 1895 2417 1966 regi
2442 1890 2747 1948 transmisit
2767 1907 2786 1954 ;
2803 1888 2972 1961 jussit
3000 1888 3222 1958 insuper
3259 1886 3371 1953 eius
3400 1884 3589 1940 urbem
3616 1882 3682 1938 ab

2025 1988 2266 2045 hostibus
2277 1987 2339 2041 in
2358 1988 2671 2055 perpetuum
2684 1996 2787 2034 esse
2806 1994 2868 2033 ac
2884 1994 3089 2047 semper
3105 1976 3412 2030 immunem.
3443 1973 3523 2039 Qu
3532 1972 3589 2027 id
3601 1972 3686 2026 his

2027 2078 2158 2136 addi
2182 2073 2447 2146 beneﬁciis
2462 2077 2628 2142 potest
2651 2070 2678 2124 ‘I
2701 2068 2815 2139 Ego
2833 2066 3073 2131 humilis,
3089 2069 3141 2120 et
3166 2080 3347 2134 regum
3359 2078 3565 2125 servus,
3582 2078 3617 2115 a
3634 2066 3687 2117 te

2028 2184 2138 2223 meo
2166 2164 2388 2221 domino
2410 2167 2531 2232 peto
2562 2166 2620 2215 ut
2650 2156 2795 2229 apud
2808 2156 2972 2210 istum
2991 2154 3266 2210 Christum
3291 2168 3353 2206 ac
3376 2150 3683 2222 principem

2025 2260 2199 2313 Deum
2228 2250 2464 2325 quotidie
2488 2265 2592 2321 pro
2621 2247 2755 2302 meis
2770 2246 3001 2317 peccatis
3032 2241 3361 2298 intercedere
3382 2258 3445 2295 ne
3469 2246 3683 2295 cuncte-

2026 2347 2126 2411 ris,
2154 2362 2215 2400 ac
2261 2359 2361 2414 pro
2390 2356 2469 2395 me
2499 2337 2793 2408 indefessus
2821 2351 2957 2399 ores,
3000 2348 3061 2388 ac
3086 2338 3236 2404 petas
3265 2328 3537 2403 quidquid
3573 2329 3685 2400 ipse

2027 2434 2280 2492 volueris.

2093 2530 2144 2581 6.
2177 2524 2245 2579 Si
2275 2519 2381 2575 tibi
2408 2517 2636 2574 taedium
2669 2515 2830 2585 affert
2854 2512 3010 2583 longa
3037 2510 3263 2582 epistola
3289 2525 3422 2573 mea,
3458 2507 3552 2563 hoc
3578 2514 3685 2562 tuae

2015 2607 2484 2685 magnanimitatis
2503 2604 2775 2677 patientia
2794 2601 3093 2665 moderare,
3113 2608 3160 2655 et
3181 2598 3283 2653 tibi
3305 2598 3534 2668 imputa,
3548 2613 3687 2668 quo-

2017 2684 2174 2759 niam
2206 2702 2319 2770 ipse
2334 2696 2573 2769 jussisti.
2606 2695 2839 2749 Oramus
2863 2699 3059 2755 tamen,
3083 2695 3239 2760 atque
3262 2684 3687 2742 indentidemde-

2019 2806 2331 2867 precamur,
2363 2794 2422 2841 ut
2450 2786 2651 2839 iterum
2679 2781 2881 2836 scribas
2909 2804 2927 2849 ,-
2955 2781 3032 2834 sic
3063 2778 3203 2833 enim
3240 2778 3330 2847 ﬁet
3360 2784 3419 2832 ut
3460 2774 3687 2829 libenter

2016 2864 2301 2952 suscepisse
2327 2883 2372 2931 te
2401 2874 2611 2945 scripta
2633 2889 2746 2926 mea
2770 2869 3045 2940 suspicari
3068 2869 3345 2938 possimus.
3374 2864 3685 2921 Deusdonet

2020 2971 2169 3027 nobis
2201 2963 2604 3023 Beatitudinem
2653 2967 2799 3015 tuam
2836 2975 2938 3029 per
2967 2957 3160 3012 multos
3189 2972 3355 3009 annos
3381 2970 3484 3025 pro
3536 2952 3685 3007 nobis

2018 3065 2285 3121 orantem,
2317 3054 2525 3109 domine
2550 3067 2670 3106 vere
2699 3055 2878 3103 sancte
2900 3054 3081 3118 pater.
3115 3044 3300 3099 Filius
3326 3049 3504 3098 noster
3533 3039 3687 3097 Veri-

2020 3150 2204 3206 modus
2222 3145 2428 3201 salutat
2448 3140 2854 3198 Beatitudinem
2882 3143 3050 3202 tuam,
3069 3134 3170 3206 qui
3188 3131 3476 3187 admodum
3497 3137 3687 3203 gratu-

2023 3238 2165 3294 latus
2195 3242 2271 3291 est
2301 3231 2437 3306 quod
2464 3233 2525 3286 in
2545 3226 2770 3301 epistola
2797 3226 2866 3281 ad
2894 3242 2984 3279 nos
3016 3232 3118 3279 tua
3136 3223 3251 3293 ejus
3280 3222 3597 3276 mentionem
3610 3217 3686 3289 fe-

2020 3329 2149 3392 cisse
2173 3326 2425 3397 dignatus
2436 3337 2507 3377 es.
2539 3318 2730 3377 Nescio
2746 3333 2862 3389 quae
2883 3314 3271 3369 medicamenta
3293 3310 3357 3365 ab
3379 3309 3686 3372 archiatro,

2021 3418 2116 3490 qui
2142 3396 2411 3471 nobiscum
2432 3418 2529 3476 est,
2560 3413 2775 3479 accepta
2801 3406 3042 3461 dedimus
3063 3405 3279 3473 Lazapo
3301 3415 3454 3455 sacro
3472 3396 3688 3469 presby-

2026 3488 2157 3571 tero,
2180 3505 2250 3560 ad
2269 3511 2413 3558 tuam
2446 3498 2863 3556 Beatitudinem
2884 3492 3173 3564 deferenda
3200 3509 3217 3557 ,'
3245 3506 3362 3562 qua
3394 3495 3457 3544 ut
3484 3488 3574 3541 vir
3586 3502 3689 3540 me-

2023 3601 2269 3653 moratus
2324 3591 2588 3661 afﬁrmat,
2620 3586 2693 3642 ad
2734 3584 3128 3639 alleviationem
3175 3579 3378 3635 doloris
3425 3583 3475 3633 et
3518 3573 3691 3630 morbi

2023 3684 2363 3742 curationem
2396 3696 2500 3734 non
2529 3692 2724 3749 parum
2748 3673 3053 3745 proﬁcient.

2494 3800 2828 3859 EPISTOLA
2852 3796 3098 3854 CCXXXI
3124 3795 3222 3866 (b).

2026 3942 2072 3998 A
2083 3939 2367 4013 ugustinus
2380 3937 2574 4004 Dario,
2591 3932 2875 3989 declarans
2887 3948 2939 3986 se
2963 3930 3134 4001 ipsius
3148 3925 3349 3983 litteris
3365 3937 3692 3994 summopere

2097 4030 2431 4091 delectatum,
2464 4032 2513 4082 et
2539 4040 2747 4098 quare,-
2779 4020 2874 4077 ubi
2904 4019 3076 4075 multa
3126 4017 3298 4072 obiter
3341 4014 3403 4069 de
3443 4013 3691 4069 humanae

2101 4118 2279 4175 laudis
2334 4132 2515 4171 amore
2556 4114 2747 4168 dicit:
2800 4109 3096 4180 mittitique
3149 4107 3253 4178 ipsi
3283 4102 3692 4175 Confessionum

2102 4208 2266 4264 libros
2285 4213 2334 4262 et
2367 4206 2484 4261 alia
2514 4202 2760 4277 qumdam
2786 4217 2885 4256 sua
2916 4197 3192 4271 opuscula.

2036 4347 2390 4398 AUGUSTINUS
2422 4352 2627 4393 servus
2662 4330 3425 4398 Christimembrorumque
3452 4322 3691 4388 Christi,

2128 4431 2312 4485 DARIO
2346 4427 2467 4483 ﬁlio
2496 4423 2773 4481 membro
2795 4420 3025 4486 Christi,
3060 4419 3119 4473 in
3146 4417 3279 4488 ipso
3311 4413 3587 4468 salutem.

2111 4535 2156 4589 1.
2180 4531 2351 4599 Quod
2383 4528 2720 4601 acceperim
2750 4525 3003 4581 libenter
3031 4521 3253 4578 litteras
3280 4523 3432 4584 tuas,
3456 4532 3595 4573 mea
3610 4530 3697 4572 re-

2033 4624 2251 4696 scripta
2279 4620 2499 4676 indicio
2522 4632 2651 4674 esse
2680 4613 2936 4671 voluisti.
2954 4616 3095 4668 Ecce
3107 4607 3394 4673 rescribo,
3413 4611 3470 4663 et
3491 4611 3695 4662 tamen

2032 4694 2331 4781 rescriptis
2352 4706 2746 4763 hocindicare
2767 4719 2885 4759 non
2903 4716 3176 4774 possum,
3192 4698 3284 4754 vel
3299 4697 3443 4763 istis,
3462 4694 3696 4767 velqui-

2033 4798 2293 4857 buslibet
2332 4788 2481 4861 aliis,
2517 4794 2639 4850 sive
2667 4792 2943 4857 breviter,
2980 4790 3099 4845 sive
3129 4785 3531 4860 prolixissime
3558 4782 3696 4838 scri-

2033 4890 2175 4946 bam
2203 4910 2214 4941 :
2232 4901 2428 4959 neque
2440 4884 2602 4940 enim
2629 4884 2735 4939 aut
2756 4880 2961 4953 paucis
2976 4883 3080 4935 aut
3105 4877 3306 4933 multis
3322 4874 3518 4931 verbis
3545 4871 3696 4928 indi-

2036 4977 2157 5034 cari
2188 4980 2385 5047 potest
2412 4972 2577 5047 quod
2605 4970 2854 5027 indicari
2881 4968 3077 5025 verbis
3098 4982 3216 5023 non
3244 4968 3459 5038 potest.
3485 4964 3551 5017 Et
3580 4975 3694 5030 ego

2035 5066 2278 5140 quidem
2312 5079 2530 5137 parum
2564 5060 2832 5134 eloquor,
2872 5057 2981 5115 etsi
3016 5056 3270 5112 multum
3301 5053 3553 5140 loquar:
3587 5049 3695 5105 sed

2036 5139 2180 5211 nulli
2220 5152 2521 5226 eloquenti
2546 5152 2795 5209 omnino
2820 5145 3242 5209 concesserim,
3273 5146 3334 5198 ut
3363 5139 3697 5213 qualicum-

2036 5261 2154 5319 que
2167 5248 2224 5300 et
2235 5248 2723 5316 quantacumque
2737 5236 2987 5310 epistola
3003 5249 3114 5290 sua
3124 5232 3404 5289 affectum
3421 5227 3692 5301 explicet,

2036 5350 2215 5408 quem
2241 5333 2376 5389 fecit
2406 5333 2464 5387 in
2501 5334 2696 5386 mente
2750 5333 2872 5393 tua,
2908 5324 3073 5399 quod
3103 5337 3225 5379 non
3256 5334 3511 5394 possum
3558 5331 3691 5389 ego,

2100 5513 2169 5573 (a)
2198 5509 2453 5574 Abagaris
2473 5508 2611 5571 regis
2625 5504 2861 5570 Epistola
2880 5503 2948 5554 ad
2979 5502 3249 5554 Christum
3279 5499 3345 5551 de
3366 5512 3480 5565 qua
3500 5498 3695 5550 Euseb.

2039 5574 2463 5698 htlbihfiaggéﬁb
2494 5645 2643 5698 πριιιεέ
2679 5634 2861 5682 autem
2890 5630 2978 5679 231
3018 5631 3148 5686 erat,
3190 5639 3334 5679 nunc
3360 5626 3469 5677 116.
3492 5624 3702 5690 Scripta

2032 5695 2164 5769 post
2196 5698 2331 5750 duas
2355 5695 2682 5764 superibres.
