  <div class='ocr_page' id='page_1' title='image "/cluster/home/n/w/nwhite01/storage/ocr_20150623/33/hvd.32044096580568/509.png"; bbox 0 0 4140 6174; ppageno 0'>
   <div class='ocr_carea' id='block_1_1' title="bbox 515 180 652 238">
    <p class='ocr_par' dir='ltr' id='par_1_1' title="bbox 515 180 652 238">
     <span class='ocr_line' id='line_1_1' title="bbox 515 180 652 238; baseline -0.022 -2"><span class='ocrx_word' id='word_1_1' title='bbox 515 180 652 238; x_wconf 82' lang='grc'>1023</span> 
     </span>
    </p>
   </div>
   <div class='ocr_carea' id='block_1_2' title="bbox 515 289 2160 374">
    <p class='ocr_par' dir='ltr' id='par_1_2' title="bbox 515 289 2160 374">
     <span class='ocr_line' id='line_1_2' title="bbox 515 289 2160 374; baseline -0.016 -12"><span class='ocrx_word' id='word_1_2' title='bbox 515 305 626 362; x_wconf 84' lang='lat' dir='ltr'>etsi</span> <span class='ocrx_word' id='word_1_3' title='bbox 657 319 794 360; x_wconf 91' lang='lat' dir='ltr'>eum</span> <span class='ocrx_word' id='word_1_4' title='bbox 815 300 1004 374; x_wconf 86' lang='lat' dir='ltr'>possit</span> <span class='ocrx_word' id='word_1_5' title='bbox 1035 301 1114 354; x_wconf 92' lang='lat' dir='ltr'>ita</span> <span class='ocrx_word' id='word_1_6' title='bbox 1135 299 1192 353; x_wconf 92' lang='lat' dir='ltr'>in</span> <span class='ocrx_word' id='word_1_7' title='bbox 1226 296 1428 352; x_wconf 89' lang='lat' dir='ltr'>animo</span> <span class='ocrx_word' id='word_1_8' title='bbox 1448 309 1581 351; x_wconf 92' lang='lat' dir='ltr'>meo</span> <span class='ocrx_word' id='word_1_9' title='bbox 1609 292 1814 349; x_wconf 87' lang='lat' dir='ltr'>videre</span> <span class='ocrx_word' id='word_1_10' title='bbox 1846 289 2000 345; x_wconf 91' lang='lat' dir='ltr'>sicut</span> <span class='ocrx_word' id='word_1_11' title='bbox 2029 297 2160 352; x_wconf 86' lang='lat' dir='ltr'>ego.</span> 
     </span>
    </p>
   </div>
   <div class='ocr_carea' id='block_1_3' title="bbox 517 374 2166 461">
    <p class='ocr_par' dir='ltr' id='par_1_3' title="bbox 517 374 2166 461">
     <span class='ocr_line' id='line_1_3' title="bbox 517 374 2166 461; baseline -0.015 -11"><span class='ocrx_word' id='word_1_12' title='bbox 517 397 716 450; x_wconf 83' lang='lat' dir='ltr'>Restat</span> <span class='ocrx_word' id='word_1_13' title='bbox 739 407 879 461; x_wconf 90' lang='lat' dir='ltr'>ergo</span> <span class='ocrx_word' id='word_1_14' title='bbox 908 390 987 444; x_wconf 92' lang='lat' dir='ltr'>sic</span> <span class='ocrx_word' id='word_1_15' title='bbox 1010 387 1114 442; x_wconf 86' lang='lat' dir='ltr'>tibi</span> <span class='ocrx_word' id='word_1_16' title='bbox 1145 385 1408 440; x_wconf 90' lang='lat' dir='ltr'>indicare</span> <span class='ocrx_word' id='word_1_17' title='bbox 1434 383 1598 454; x_wconf 90' lang='lat' dir='ltr'>quod</span> <span class='ocrx_word' id='word_1_18' title='bbox 1632 381 1781 438; x_wconf 91' lang='lat' dir='ltr'>scire</span> <span class='ocrx_word' id='word_1_19' title='bbox 1817 374 2074 438; x_wconf 90' lang='lat' dir='ltr'>voluisti,</span> <span class='ocrx_word' id='word_1_20' title='bbox 2105 377 2166 461; x_wconf 76' lang='lat' dir='ltr'>ut</span> 
     </span>
    </p>
   </div>
   <div class='ocr_carea' id='block_1_4' title="bbox 518 458 2165 546">
    <p class='ocr_par' dir='ltr' id='par_1_4' title="bbox 518 458 2165 546">
     <span class='ocr_line' id='line_1_4' title="bbox 518 458 2165 546; baseline -0.016 -6"><span class='ocrx_word' id='word_1_21' title='bbox 518 483 580 538; x_wconf 90' lang='lat' dir='ltr'>in</span> <span class='ocrx_word' id='word_1_22' title='bbox 603 482 793 538; x_wconf 90' lang='lat' dir='ltr'>verbis</span> <span class='ocrx_word' id='word_1_23' title='bbox 809 458 978 545; x_wconf 79' lang='lat' dir='ltr'>meis,</span> <span class='ocrx_word' id='word_1_24' title='bbox 1010 481 1066 530; x_wconf 92' lang='lat' dir='ltr'>et</span> <span class='ocrx_word' id='word_1_25' title='bbox 1096 473 1259 546; x_wconf 91' lang='lat' dir='ltr'>quod</span> <span class='ocrx_word' id='word_1_26' title='bbox 1277 488 1397 528; x_wconf 91' lang='lat' dir='ltr'>non</span> <span class='ocrx_word' id='word_1_27' title='bbox 1431 472 1717 540; x_wconf 89' lang='lat' dir='ltr'>indicant,</span> <span class='ocrx_word' id='word_1_28' title='bbox 1742 467 1980 525; x_wconf 81' lang='lat' dir='ltr'>sentias.</span> <span class='ocrx_word' id='word_1_29' title='bbox 2010 458 2165 528; x_wconf 88' lang='lat' dir='ltr'>Quid</span> 
     </span>
    </p>
   </div>
   <div class='ocr_carea' id='block_1_5' title="bbox 519 551 2164 643">
    <p class='ocr_par' dir='ltr' id='par_1_5' title="bbox 519 551 2164 643">
     <span class='ocr_line' id='line_1_5' title="bbox 519 551 2164 643; baseline -0.015 -16"><span class='ocrx_word' id='word_1_30' title='bbox 519 572 694 643; x_wconf 83' lang='lat' dir='ltr'>igitur</span> <span class='ocrx_word' id='word_1_31' title='bbox 719 569 939 632; x_wconf 91' lang='lat' dir='ltr'>dicam,</span> <span class='ocrx_word' id='word_1_32' title='bbox 982 564 1093 619; x_wconf 88' lang='lat' dir='ltr'>nisi</span> <span class='ocrx_word' id='word_1_33' title='bbox 1127 563 1486 618; x_wconf 89' lang='lat' dir='ltr'>delectatum</span> <span class='ocrx_word' id='word_1_34' title='bbox 1515 577 1608 616; x_wconf 94' lang='lat' dir='ltr'>me</span> <span class='ocrx_word' id='word_1_35' title='bbox 1638 575 1770 616; x_wconf 86' lang='lat' dir='ltr'>esse</span> <span class='ocrx_word' id='word_1_36' title='bbox 1795 555 2003 613; x_wconf 80' lang='lat' dir='ltr'>litteris</span> <span class='ocrx_word' id='word_1_37' title='bbox 2033 551 2164 614; x_wconf 91' lang='lat' dir='ltr'>tuis,</span> 
     </span>
    </p>
   </div>
   <div class='ocr_carea' id='block_1_6' title="bbox 518 644 2171 724">
    <p class='ocr_par' dir='ltr' id='par_1_6' title="bbox 518 644 2171 724">
     <span class='ocr_line' id='line_1_6' title="bbox 518 644 2171 724; baseline -0.011 -9"><span class='ocrx_word' id='word_1_38' title='bbox 518 660 874 715; x_wconf 90' lang='lat' dir='ltr'>delectatum</span> <span class='ocrx_word' id='word_1_39' title='bbox 912 654 1082 710; x_wconf 86' lang='lat' dir='ltr'>valde</span> <span class='ocrx_word' id='word_1_40' title='bbox 1105 653 1132 708; x_wconf 80' lang='lat'><strong>?</strong></span> <span class='ocrx_word' id='word_1_41' title='bbox 1161 652 1444 724; x_wconf 81' lang='lat' dir='ltr'>Repetitio</span> <span class='ocrx_word' id='word_1_42' title='bbox 1481 651 1643 706; x_wconf 86' lang='lat' dir='ltr'>verbi</span> <span class='ocrx_word' id='word_1_43' title='bbox 1673 648 1876 719; x_wconf 84' lang='lat' dir='ltr'>hujus,</span> <span class='ocrx_word' id='word_1_44' title='bbox 1931 658 2052 699; x_wconf 90' lang='lat' dir='ltr'>non</span> <span class='ocrx_word' id='word_1_45' title='bbox 2080 644 2171 696; x_wconf 85' lang='lat' dir='ltr'>est</span> 
     </span>
    </p>
   </div>
   <div class='ocr_carea' id='block_1_7' title="bbox 518 733 2169 819">
    <p class='ocr_par' dir='ltr' id='par_1_7' title="bbox 518 733 2169 819">
     <span class='ocr_line' id='line_1_7' title="bbox 518 733 2169 819; baseline -0.012 -15"><span class='ocrx_word' id='word_1_46' title='bbox 518 745 810 819; x_wconf 88' lang='lat' dir='ltr'>repetitio,</span> <span class='ocrx_word' id='word_1_47' title='bbox 833 745 937 800; x_wconf 89' lang='lat' dir='ltr'>sed</span> <span class='ocrx_word' id='word_1_48' title='bbox 969 743 1141 814; x_wconf 91' lang='lat' dir='ltr'>quasi</span> <span class='ocrx_word' id='word_1_49' title='bbox 1169 746 1457 813; x_wconf 92' lang='lat' dir='ltr'>perpetua</span> <span class='ocrx_word' id='word_1_50' title='bbox 1483 741 1660 795; x_wconf 87' lang='lat' dir='ltr'>dictio</span> <span class='ocrx_word' id='word_1_51' title='bbox 1692 756 1702 794; x_wconf 92' lang='lat'>:</span> <span class='ocrx_word' id='word_1_52' title='bbox 1728 738 1870 809; x_wconf 85' lang='lat' dir='ltr'>quia</span> <span class='ocrx_word' id='word_1_53' title='bbox 1895 733 2018 789; x_wconf 85' lang='lat' dir='ltr'>ﬁeri</span> <span class='ocrx_word' id='word_1_54' title='bbox 2047 745 2169 819; x_wconf 91' lang='lat' dir='ltr'>non</span> 
     </span>
    </p>
   </div>
   <div class='ocr_carea' id='block_1_8' title="bbox 517 818 2170 908">
    <p class='ocr_par' dir='ltr' id='par_1_8' title="bbox 517 818 2170 908">
     <span class='ocr_line' id='line_1_8' title="bbox 517 818 2170 908; baseline -0.011 -16"><span class='ocrx_word' id='word_1_55' title='bbox 517 818 740 908; x_wconf 86' lang='lat' dir='ltr'>posset,</span> <span class='ocrx_word' id='word_1_56' title='bbox 772 837 837 888; x_wconf 93' lang='lat' dir='ltr'>ut</span> <span class='ocrx_word' id='word_1_57' title='bbox 860 848 1096 903; x_wconf 86' lang='lat' dir='ltr'>semper</span> <span class='ocrx_word' id='word_1_58' title='bbox 1122 830 1438 895; x_wconf 85' lang='lat' dir='ltr'>diceretur,</span> <span class='ocrx_word' id='word_1_59' title='bbox 1468 829 1601 884; x_wconf 91' lang='lat' dir='ltr'>ideo</span> <span class='ocrx_word' id='word_1_60' title='bbox 1619 828 1843 883; x_wconf 89' lang='lat' dir='ltr'>factum</span> <span class='ocrx_word' id='word_1_61' title='bbox 1863 827 1950 879; x_wconf 91' lang='lat' dir='ltr'>est</span> <span class='ocrx_word' id='word_1_62' title='bbox 1974 824 2036 876; x_wconf 90' lang='lat' dir='ltr'>ut</span> <span class='ocrx_word' id='word_1_63' title='bbox 2061 818 2170 874; x_wconf 85' lang='lat' dir='ltr'>sal-</span> 
     </span>
    </p>
   </div>
   <div class='ocr_carea' id='block_1_9' title="bbox 519 913 2069 994">
    <p class='ocr_par' dir='ltr' id='par_1_9' title="bbox 519 913 2069 994">
     <span class='ocr_line' id='line_1_9' title="bbox 519 913 2069 994; baseline -0.01 -15"><span class='ocrx_word' id='word_1_64' title='bbox 519 929 641 980; x_wconf 88' lang='lat' dir='ltr'>tem</span> <span class='ocrx_word' id='word_1_65' title='bbox 671 926 1034 994; x_wconf 83' lang='lat' dir='ltr'>repeteretur</span> <span class='ocrx_word' id='word_1_66' title='bbox 1067 937 1080 986; x_wconf 90' lang='lat'><strong>;</strong></span> <span class='ocrx_word' id='word_1_67' title='bbox 1114 919 1195 973; x_wconf 91' lang='lat' dir='ltr'>sic</span> <span class='ocrx_word' id='word_1_68' title='bbox 1235 919 1394 974; x_wconf 93' lang='lat' dir='ltr'>enim</span> <span class='ocrx_word' id='word_1_69' title='bbox 1430 918 1677 973; x_wconf 77' lang='lat' dir='ltr'>fortasse</span> <span class='ocrx_word' id='word_1_70' title='bbox 1703 914 1817 970; x_wconf 92' lang='lat' dir='ltr'>dici</span> <span class='ocrx_word' id='word_1_71' title='bbox 1855 913 2069 984; x_wconf 89' lang='lat' dir='ltr'>potest.</span> 
     </span>
    </p>
   </div>
   <div class='ocr_carea' id='block_1_10' title="bbox 589 995 2170 1082">
    <p class='ocr_par' dir='ltr' id='par_1_10' title="bbox 589 995 2170 1082">
     <span class='ocr_line' id='line_1_10' title="bbox 589 995 2170 1082; baseline -0.011 -15"><span class='ocrx_word' id='word_1_72' title='bbox 589 1017 645 1068; x_wconf 72' lang='lat'>‘2.</span> <span class='ocrx_word' id='word_1_73' title='bbox 673 1013 770 1067; x_wconf 87' lang='lat' dir='ltr'>Hic</span> <span class='ocrx_word' id='word_1_74' title='bbox 804 1011 1097 1082; x_wconf 79' lang='lat' dir='ltr'>siquaerat</span> <span class='ocrx_word' id='word_1_75' title='bbox 1128 1009 1370 1080; x_wconf 87' lang='lat' dir='ltr'>aliquis,</span> <span class='ocrx_word' id='word_1_76' title='bbox 1400 1007 1547 1078; x_wconf 90' lang='lat' dir='ltr'>quid</span> <span class='ocrx_word' id='word_1_77' title='bbox 1579 1021 1673 1061; x_wconf 91' lang='lat' dir='ltr'>me</span> <span class='ocrx_word' id='word_1_78' title='bbox 1700 1003 1943 1060; x_wconf 87' lang='lat' dir='ltr'>tandem</span> <span class='ocrx_word' id='word_1_79' title='bbox 1966 1000 2023 1055; x_wconf 92' lang='lat' dir='ltr'>in</span> <span class='ocrx_word' id='word_1_80' title='bbox 2057 995 2170 1053; x_wconf 88' lang='lat' dir='ltr'>tuis</span> 
     </span>
    </p>
   </div>
   <div class='ocr_carea' id='block_1_11' title="bbox 520 1083 2172 1160">
    <p class='ocr_par' dir='ltr' id='par_1_11' title="bbox 520 1083 2172 1160">
     <span class='ocr_line' id='line_1_11' title="bbox 520 1083 2172 1160; baseline -0.012 -2"><span class='ocrx_word' id='word_1_81' title='bbox 520 1106 644 1158; x_wconf 89' lang='lat' dir='ltr'>tam</span> <span class='ocrx_word' id='word_1_82' title='bbox 674 1100 844 1156; x_wconf 86' lang='lat' dir='ltr'>valde</span> <span class='ocrx_word' id='word_1_83' title='bbox 875 1099 1078 1154; x_wconf 82' lang='lat' dir='ltr'>litteris</span> <span class='ocrx_word' id='word_1_84' title='bbox 1117 1096 1494 1152; x_wconf 89' lang='lat' dir='ltr'>delectaverit</span> <span class='ocrx_word' id='word_1_85' title='bbox 1527 1111 1540 1160; x_wconf 89' lang='lat'><strong>;</strong></span> <span class='ocrx_word' id='word_1_86' title='bbox 1567 1098 1763 1149; x_wconf 91' lang='lat' dir='ltr'>utrum</span> <span class='ocrx_word' id='word_1_87' title='bbox 1805 1088 2109 1160; x_wconf 87' lang='lat' dir='ltr'>eloquium</span> <span class='ocrx_word' id='word_1_88' title='bbox 2144 1083 2172 1138; x_wconf 86' lang='lat'><strong>?</strong></span> 
     </span>
    </p>
   </div>
   <div class='ocr_carea' id='block_1_12' title="bbox 520 1177 2172 1261">
    <p class='ocr_par' dir='ltr' id='par_1_12' title="bbox 520 1177 2172 1261">
     <span class='ocr_line' id='line_1_12' title="bbox 520 1177 2172 1261; baseline -0.011 -15"><span class='ocrx_word' id='word_1_89' title='bbox 520 1188 918 1261; x_wconf 86' lang='lat' dir='ltr'>respondebo,</span> <span class='ocrx_word' id='word_1_90' title='bbox 952 1191 1077 1242; x_wconf 85' lang='lat' dir='ltr'>Non</span> <span class='ocrx_word' id='word_1_91' title='bbox 1104 1205 1115 1241; x_wconf 93' lang='lat'><strong>:</strong></span> <span class='ocrx_word' id='word_1_92' title='bbox 1148 1190 1203 1242; x_wconf 87' lang='lat' dir='ltr'>et</span> <span class='ocrx_word' id='word_1_93' title='bbox 1228 1185 1321 1240; x_wconf 94' lang='lat' dir='ltr'>ille</span> <span class='ocrx_word' id='word_1_94' title='bbox 1336 1184 1581 1240; x_wconf 85' lang='lat' dir='ltr'>forsitan</span> <span class='ocrx_word' id='word_1_95' title='bbox 1600 1177 2172 1253; x_wconf 88' lang='lat' dir='ltr'>respondebit,Ergo</span> 
     </span>
    </p>
   </div>
   <div class='ocr_carea' id='block_1_13' title="bbox 520 1268 2169 1346">
    <p class='ocr_par' dir='ltr' id='par_1_13' title="bbox 520 1268 2169 1346">
     <span class='ocr_line' id='line_1_13' title="bbox 520 1268 2169 1346; baseline -0.01 -12"><span class='ocrx_word' id='word_1_96' title='bbox 520 1279 730 1335; x_wconf 90' lang='lat' dir='ltr'>laudes</span> <span class='ocrx_word' id='word_1_97' title='bbox 761 1282 874 1333; x_wconf 68' lang='lat' dir='ltr'>tuae</span> <span class='ocrx_word' id='word_1_98' title='bbox 905 1296 917 1345; x_wconf 89' lang='lat'>;</span> <span class='ocrx_word' id='word_1_99' title='bbox 949 1276 1052 1331; x_wconf 93' lang='lat' dir='ltr'>sed</span> <span class='ocrx_word' id='word_1_100' title='bbox 1080 1276 1153 1330; x_wconf 91' lang='lat' dir='ltr'>de</span> <span class='ocrx_word' id='word_1_101' title='bbox 1186 1275 1277 1330; x_wconf 89' lang='lat' dir='ltr'>his</span> <span class='ocrx_word' id='word_1_102' title='bbox 1303 1289 1545 1346; x_wconf 89' lang='lat' dir='ltr'>quoque</span> <span class='ocrx_word' id='word_1_103' title='bbox 1567 1269 1966 1342; x_wconf 89' lang='lat' dir='ltr'>respondebo,</span> <span class='ocrx_word' id='word_1_104' title='bbox 2002 1268 2123 1320; x_wconf 87' lang='lat' dir='ltr'>Non</span> <span class='ocrx_word' id='word_1_105' title='bbox 2157 1278 2169 1317; x_wconf 92' lang='lat'><strong>:</strong></span> 
     </span>
    </p>
   </div>
   <div class='ocr_carea' id='block_1_14' title="bbox 523 1355 2178 1438">
    <p class='ocr_par' dir='ltr' id='par_1_14' title="bbox 523 1355 2178 1438">
     <span class='ocr_line' id='line_1_14' title="bbox 523 1355 2178 1438; baseline -0.011 -14"><span class='ocrx_word' id='word_1_106' title='bbox 523 1384 633 1424; x_wconf 91' lang='lat' dir='ltr'>nec</span> <span class='ocrx_word' id='word_1_107' title='bbox 657 1367 810 1435; x_wconf 91' lang='lat' dir='ltr'>ideo,</span> <span class='ocrx_word' id='word_1_108' title='bbox 837 1366 980 1438; x_wconf 87' lang='lat' dir='ltr'>quia</span> <span class='ocrx_word' id='word_1_109' title='bbox 1003 1380 1121 1420; x_wconf 92' lang='lat' dir='ltr'>non</span> <span class='ocrx_word' id='word_1_110' title='bbox 1157 1365 1274 1418; x_wconf 90' lang='lat' dir='ltr'>sint</span> <span class='ocrx_word' id='word_1_111' title='bbox 1300 1364 1417 1418; x_wconf 91' lang='lat' dir='ltr'>ista</span> <span class='ocrx_word' id='word_1_112' title='bbox 1447 1363 1506 1417; x_wconf 92' lang='lat' dir='ltr'>in</span> <span class='ocrx_word' id='word_1_113' title='bbox 1528 1361 1627 1417; x_wconf 90' lang='lat' dir='ltr'>illa</span> <span class='ocrx_word' id='word_1_114' title='bbox 1641 1358 1924 1432; x_wconf 90' lang='lat' dir='ltr'>epistola;</span> <span class='ocrx_word' id='word_1_115' title='bbox 1958 1370 2101 1410; x_wconf 88' lang='lat' dir='ltr'>nam</span> <span class='ocrx_word' id='word_1_116' title='bbox 2119 1355 2178 1408; x_wconf 93' lang='lat' dir='ltr'>et</span> 
     </span>
    </p>
   </div>
   <div class='ocr_carea' id='block_1_15' title="bbox 524 1443 2176 1529">
    <p class='ocr_par' dir='ltr' id='par_1_15' title="bbox 524 1443 2176 1529">
     <span class='ocr_line' id='line_1_15' title="bbox 524 1443 2176 1529; baseline -0.011 -15"><span class='ocrx_word' id='word_1_117' title='bbox 524 1456 831 1529; x_wconf 90' lang='lat' dir='ltr'>eloquium</span> <span class='ocrx_word' id='word_1_118' title='bbox 864 1454 945 1510; x_wconf 89' lang='lat' dir='ltr'>ibi</span> <span class='ocrx_word' id='word_1_119' title='bbox 970 1458 1202 1509; x_wconf 90' lang='lat' dir='ltr'>tantum</span> <span class='ocrx_word' id='word_1_120' title='bbox 1230 1457 1333 1519; x_wconf 91' lang='lat' dir='ltr'>est,</span> <span class='ocrx_word' id='word_1_121' title='bbox 1371 1457 1431 1507; x_wconf 90' lang='lat' dir='ltr'>ut</span> <span class='ocrx_word' id='word_1_122' title='bbox 1453 1452 1754 1522; x_wconf 90' lang='lat' dir='ltr'>etoptimo</span> <span class='ocrx_word' id='word_1_123' title='bbox 1780 1453 1830 1503; x_wconf 94' lang='lat' dir='ltr'>te</span> <span class='ocrx_word' id='word_1_124' title='bbox 1855 1449 2061 1501; x_wconf 89' lang='lat' dir='ltr'>natum</span> <span class='ocrx_word' id='word_1_125' title='bbox 2091 1443 2176 1496; x_wconf 83' lang='lat' dir='ltr'>in-</span> 
     </span>
    </p>
   </div>
   <div class='ocr_carea' id='block_1_16' title="bbox 525 1532 2175 1617">
    <p class='ocr_par' dir='ltr' id='par_1_16' title="bbox 525 1532 2175 1617">
     <span class='ocr_line' id='line_1_16' title="bbox 525 1532 2175 1617; baseline -0.009 -15"><span class='ocrx_word' id='word_1_126' title='bbox 525 1547 722 1617; x_wconf 90' lang='lat' dir='ltr'>genio,</span> <span class='ocrx_word' id='word_1_127' title='bbox 751 1550 805 1600; x_wconf 91' lang='lat' dir='ltr'>et</span> <span class='ocrx_word' id='word_1_128' title='bbox 836 1544 1055 1599; x_wconf 86' lang='lat' dir='ltr'>talibus</span> <span class='ocrx_word' id='word_1_129' title='bbox 1087 1541 1411 1613; x_wconf 89' lang='lat' dir='ltr'>disciplinis</span> <span class='ocrx_word' id='word_1_130' title='bbox 1445 1541 1588 1596; x_wconf 84' lang='lat' dir='ltr'>satis</span> <span class='ocrx_word' id='word_1_131' title='bbox 1607 1538 1904 1595; x_wconf 89' lang='lat' dir='ltr'>eruditum</span> <span class='ocrx_word' id='word_1_132' title='bbox 1939 1532 2175 1606; x_wconf 67' lang='lat' dir='ltr'>praecla-</span> 
     </span>
    </p>
   </div>
   <div class='ocr_carea' id='block_1_17' title="bbox 523 1621 2175 1702">
    <p class='ocr_par' dir='ltr' id='par_1_17' title="bbox 523 1621 2175 1702">
     <span class='ocr_line' id='line_1_17' title="bbox 523 1621 2175 1702; baseline -0.009 -13"><span class='ocrx_word' id='word_1_133' title='bbox 523 1629 760 1689; x_wconf 85' lang='lat' dir='ltr'>rissime</span> <span class='ocrx_word' id='word_1_134' title='bbox 787 1632 1001 1696; x_wconf 88' lang='lat' dir='ltr'>luceat,</span> <span class='ocrx_word' id='word_1_135' title='bbox 1039 1635 1093 1686; x_wconf 90' lang='lat' dir='ltr'>et</span> <span class='ocrx_word' id='word_1_136' title='bbox 1115 1646 1363 1702; x_wconf 89' lang='lat' dir='ltr'>prorsus</span> <span class='ocrx_word' id='word_1_137' title='bbox 1386 1629 1565 1700; x_wconf 91' lang='lat' dir='ltr'>plena</span> <span class='ocrx_word' id='word_1_138' title='bbox 1590 1634 1674 1682; x_wconf 90' lang='lat' dir='ltr'>est</span> <span class='ocrx_word' id='word_1_139' title='bbox 1711 1621 2175 1680; x_wconf 89' lang='lat' dir='ltr'>meislaudibus.</span> 
     </span>
    </p>
   </div>
   <div class='ocr_carea' id='block_1_18' title="bbox 527 1712 2178 1792">
    <p class='ocr_par' dir='ltr' id='par_1_18' title="bbox 527 1712 2178 1792">
     <span class='ocr_line' id='line_1_18' title="bbox 527 1712 2178 1792; baseline -0.008 -14"><span class='ocrx_word' id='word_1_140' title='bbox 527 1726 776 1792; x_wconf 85' lang='lat' dir='ltr'>Ergone,</span> <span class='ocrx_word' id='word_1_141' title='bbox 814 1721 892 1776; x_wconf 92' lang='lat' dir='ltr'>ait</span> <span class='ocrx_word' id='word_1_142' title='bbox 917 1720 1240 1791; x_wconf 87' lang='lat' dir='ltr'>quispiam,</span> <span class='ocrx_word' id='word_1_143' title='bbox 1294 1733 1415 1773; x_wconf 90' lang='lat' dir='ltr'>non</span> <span class='ocrx_word' id='word_1_144' title='bbox 1456 1722 1511 1772; x_wconf 91' lang='lat' dir='ltr'>te</span> <span class='ocrx_word' id='word_1_145' title='bbox 1542 1717 1656 1772; x_wconf 88' lang='lat' dir='ltr'>ista</span> <span class='ocrx_word' id='word_1_146' title='bbox 1686 1713 2023 1769; x_wconf 79' lang='lat' dir='ltr'>delectant?</span> <span class='ocrx_word' id='word_1_147' title='bbox 2053 1712 2178 1764; x_wconf 91' lang='lat' dir='ltr'>Imo</span> 
     </span>
    </p>
   </div>
   <div class='ocr_carea' id='block_1_19' title="bbox 527 1800 2179 1880">
    <p class='ocr_par' dir='ltr' id='par_1_19' title="bbox 527 1800 2179 1880">
     <span class='ocr_line' id='line_1_19' title="bbox 527 1800 2179 1880; baseline -0.01 -12"><span class='ocrx_word' id='word_1_148' title='bbox 527 1827 686 1868; x_wconf 91' lang='lat' dir='ltr'>vero.</span> <span class='ocrx_word' id='word_1_149' title='bbox 713 1811 890 1880; x_wconf 88' lang='lat' dir='ltr'>Neque</span> <span class='ocrx_word' id='word_1_150' title='bbox 917 1810 1066 1864; x_wconf 85' lang='lat' dir='ltr'>enim</span> <span class='ocrx_word' id='word_1_151' title='bbox 1089 1807 1246 1872; x_wconf 86' lang='lat' dir='ltr'>mihi,</span> <span class='ocrx_word' id='word_1_152' title='bbox 1266 1812 1328 1861; x_wconf 91' lang='lat' dir='ltr'>ut</span> <span class='ocrx_word' id='word_1_153' title='bbox 1345 1806 1425 1862; x_wconf 90' lang='lat' dir='ltr'>ait</span> <span class='ocrx_word' id='word_1_154' title='bbox 1453 1805 1923 1878; x_wconf 88' lang='lat' dir='ltr'>quidam,cornea</span> <span class='ocrx_word' id='word_1_155' title='bbox 1940 1801 2081 1870; x_wconf 83' lang='lat' dir='ltr'>ﬁbra</span> <span class='ocrx_word' id='word_1_156' title='bbox 2100 1800 2179 1853; x_wconf 90' lang='lat' dir='ltr'>est</span> 
     </span>
    </p>
   </div>
   <div class='ocr_carea' id='block_1_20' title="bbox 530 1887 2182 1971">
    <p class='ocr_par' dir='ltr' id='par_1_20' title="bbox 530 1887 2182 1971">
     <span class='ocr_line' id='line_1_20' title="bbox 530 1887 2182 1971; baseline -0.008 -16"><span class='ocrx_word' id='word_1_157' title='bbox 530 1902 709 1971; x_wconf 85' lang='lat' dir='ltr'>(Pers.</span> <span class='ocrx_word' id='word_1_158' title='bbox 744 1900 942 1969; x_wconf 82' lang='lat' dir='ltr'>Satyro</span> <span class='ocrx_word' id='word_1_159' title='bbox 967 1898 1037 1968; x_wconf 83' lang='lat' dir='ltr'>t),</span> <span class='ocrx_word' id='word_1_160' title='bbox 1068 1901 1128 1952; x_wconf 94' lang='lat' dir='ltr'>ut</span> <span class='ocrx_word' id='word_1_161' title='bbox 1155 1897 1282 1952; x_wconf 69' lang='lat' dir='ltr'>haec</span> <span class='ocrx_word' id='word_1_162' title='bbox 1302 1911 1422 1950; x_wconf 90' lang='lat' dir='ltr'>non</span> <span class='ocrx_word' id='word_1_163' title='bbox 1445 1892 1822 1958; x_wconf 89' lang='lat' dir='ltr'>sentiam,vel</span> <span class='ocrx_word' id='word_1_164' title='bbox 1845 1892 1970 1946; x_wconf 90' lang='lat' dir='ltr'>sine</span> <span class='ocrx_word' id='word_1_165' title='bbox 1992 1887 2182 1944; x_wconf 83' lang='lat' dir='ltr'>delec-</span> 
     </span>
    </p>
   </div>
   <div class='ocr_carea' id='block_1_21' title="bbox 528 1978 2183 2049">
    <p class='ocr_par' dir='ltr' id='par_1_21' title="bbox 528 1978 2183 2049">
     <span class='ocr_line' id='line_1_21' title="bbox 528 1978 2183 2049; baseline -0.008 -4"><span class='ocrx_word' id='word_1_166' title='bbox 528 1990 749 2046; x_wconf 89' lang='lat' dir='ltr'>tatione</span> <span class='ocrx_word' id='word_1_167' title='bbox 778 1987 1054 2042; x_wconf 88' lang='lat' dir='ltr'>sentiam.</span> <span class='ocrx_word' id='word_1_168' title='bbox 1082 1985 1379 2040; x_wconf 90' lang='lat' dir='ltr'>Delectant</span> <span class='ocrx_word' id='word_1_169' title='bbox 1406 1990 1462 2039; x_wconf 93' lang='lat' dir='ltr'>et</span> <span class='ocrx_word' id='word_1_170' title='bbox 1481 1983 1594 2039; x_wconf 91' lang='lat' dir='ltr'>ista</span> <span class='ocrx_word' id='word_1_171' title='bbox 1624 2005 1635 2046; x_wconf 85' lang='lat'><strong>;</strong></span> <span class='ocrx_word' id='word_1_172' title='bbox 1659 1981 1763 2037; x_wconf 92' lang='lat' dir='ltr'>sed</span> <span class='ocrx_word' id='word_1_173' title='bbox 1790 1980 1862 2036; x_wconf 91' lang='lat' dir='ltr'>ad</span> <span class='ocrx_word' id='word_1_174' title='bbox 1886 1978 2030 2034; x_wconf 91' lang='lat' dir='ltr'>illud</span> <span class='ocrx_word' id='word_1_175' title='bbox 2060 1991 2183 2049; x_wconf 89' lang='lat' dir='ltr'>quo</span> 
     </span>
    </p>
   </div>
   <div class='ocr_carea' id='block_1_22' title="bbox 529 2068 2184 2145">
    <p class='ocr_par' dir='ltr' id='par_1_22' title="bbox 529 2068 2184 2145">
     <span class='ocr_line' id='line_1_22' title="bbox 529 2068 2184 2145; baseline -0.008 -12"><span class='ocrx_word' id='word_1_176' title='bbox 529 2094 625 2133; x_wconf 91' lang='lat' dir='ltr'>me</span> <span class='ocrx_word' id='word_1_177' title='bbox 657 2076 826 2132; x_wconf 90' lang='lat' dir='ltr'>valde</span> <span class='ocrx_word' id='word_1_178' title='bbox 848 2075 968 2130; x_wconf 86' lang='lat' dir='ltr'>dixi</span> <span class='ocrx_word' id='word_1_179' title='bbox 993 2091 1124 2129; x_wconf 93' lang='lat' dir='ltr'>esse</span> <span class='ocrx_word' id='word_1_180' title='bbox 1141 2074 1521 2138; x_wconf 89' lang='lat' dir='ltr'>delectatum,</span> <span class='ocrx_word' id='word_1_181' title='bbox 1551 2071 1652 2145; x_wconf 90' lang='lat' dir='ltr'>qui</span> <span class='ocrx_word' id='word_1_182' title='bbox 1685 2071 1952 2125; x_wconf 88' lang='lat' dir='ltr'>suntista</span> <span class='ocrx_word' id='word_1_183' title='bbox 1977 2068 2004 2122; x_wconf 85' lang='lat'><strong>?</strong></span> <span class='ocrx_word' id='word_1_184' title='bbox 2036 2070 2184 2122; x_wconf 86' lang='lat' dir='ltr'>Nam</span> 
     </span>
    </p>
   </div>
   <div class='ocr_carea' id='block_1_23' title="bbox 528 2156 2185 2239">
    <p class='ocr_par' dir='ltr' id='par_1_23' title="bbox 528 2156 2185 2239">
     <span class='ocr_line' id='line_1_23' title="bbox 528 2156 2185 2239; baseline -0.008 -15"><span class='ocrx_word' id='word_1_185' title='bbox 528 2166 832 2239; x_wconf 90' lang='lat' dir='ltr'>eloquium</span> <span class='ocrx_word' id='word_1_186' title='bbox 861 2170 1028 2220; x_wconf 90' lang='lat' dir='ltr'>tuum</span> <span class='ocrx_word' id='word_1_187' title='bbox 1093 2180 1187 2219; x_wconf 92' lang='lat' dir='ltr'>me</span> <span class='ocrx_word' id='word_1_188' title='bbox 1246 2163 1520 2227; x_wconf 89' lang='lat' dir='ltr'>delectat,</span> <span class='ocrx_word' id='word_1_189' title='bbox 1574 2161 1868 2233; x_wconf 89' lang='lat' dir='ltr'>quoniam</span> <span class='ocrx_word' id='word_1_190' title='bbox 1925 2156 2185 2228; x_wconf 86' lang='lat' dir='ltr'>graviter</span> 
     </span>
    </p>
   </div>
   <div class='ocr_carea' id='block_1_24' title="bbox 532 2246 2182 2324">
    <p class='ocr_par' dir='ltr' id='par_1_24' title="bbox 532 2246 2182 2324">
     <span class='ocr_line' id='line_1_24' title="bbox 532 2246 2182 2324; baseline -0.008 -12"><span class='ocrx_word' id='word_1_191' title='bbox 532 2272 715 2313; x_wconf 85' lang='lat' dir='ltr'>suave</span> <span class='ocrx_word' id='word_1_192' title='bbox 738 2261 843 2321; x_wconf 90' lang='lat' dir='ltr'>est,</span> <span class='ocrx_word' id='word_1_193' title='bbox 858 2254 952 2310; x_wconf 95' lang='lat' dir='ltr'>vel</span> <span class='ocrx_word' id='word_1_194' title='bbox 967 2253 1225 2309; x_wconf 88' lang='lat' dir='ltr'>suaviter</span> <span class='ocrx_word' id='word_1_195' title='bbox 1246 2269 1423 2324; x_wconf 89' lang='lat' dir='ltr'>grave</span> <span class='ocrx_word' id='word_1_196' title='bbox 1453 2270 1464 2308; x_wconf 90' lang='lat'>:</span> <span class='ocrx_word' id='word_1_197' title='bbox 1491 2252 1637 2308; x_wconf 91' lang='lat' dir='ltr'>meis</span> <span class='ocrx_word' id='word_1_198' title='bbox 1653 2258 1852 2306; x_wconf 91' lang='lat' dir='ltr'>autem</span> <span class='ocrx_word' id='word_1_199' title='bbox 1879 2246 2182 2309; x_wconf 89' lang='lat' dir='ltr'>laudibus,</span> 
     </span>
    </p>
   </div>
   <div class='ocr_carea' id='block_1_25' title="bbox 533 2335 2185 2418">
    <p class='ocr_par' dir='ltr' id='par_1_25' title="bbox 533 2335 2185 2418">
     <span class='ocr_line' id='line_1_25' title="bbox 533 2335 2185 2418; baseline -0.009 -15"><span class='ocrx_word' id='word_1_200' title='bbox 533 2363 668 2403; x_wconf 91' lang='lat' dir='ltr'>cum</span> <span class='ocrx_word' id='word_1_201' title='bbox 683 2344 948 2418; x_wconf 81' lang='lat' dir='ltr'>profecto</span> <span class='ocrx_word' id='word_1_202' title='bbox 962 2359 1069 2399; x_wconf 93' lang='lat' dir='ltr'>nec</span> <span class='ocrx_word' id='word_1_203' title='bbox 1083 2343 1368 2398; x_wconf 91' lang='lat' dir='ltr'>omnibus</span> <span class='ocrx_word' id='word_1_204' title='bbox 1383 2342 1772 2405; x_wconf 92' lang='lat' dir='ltr'>delecter,nec</span> <span class='ocrx_word' id='word_1_205' title='bbox 1787 2338 1864 2393; x_wconf 91' lang='lat' dir='ltr'>ab</span> <span class='ocrx_word' id='word_1_206' title='bbox 1880 2335 2185 2397; x_wconf 89' lang='lat' dir='ltr'>omnibus,</span> 
     </span>
    </p>
   </div>
   <div class='ocr_carea' id='block_1_26' title="bbox 533 2426 2190 2505">
    <p class='ocr_par' dir='ltr' id='par_1_26' title="bbox 533 2426 2190 2505">
     <span class='ocr_line' id='line_1_26' title="bbox 533 2426 2190 2505; baseline -0.007 -15"><span class='ocrx_word' id='word_1_207' title='bbox 533 2435 638 2491; x_wconf 91' lang='lat' dir='ltr'>sed</span> <span class='ocrx_word' id='word_1_208' title='bbox 669 2436 751 2490; x_wconf 91' lang='lat' dir='ltr'>eis</span> <span class='ocrx_word' id='word_1_209' title='bbox 783 2433 1063 2505; x_wconf 89' lang='lat' dir='ltr'>qualibus</span> <span class='ocrx_word' id='word_1_210' title='bbox 1090 2448 1183 2487; x_wconf 91' lang='lat' dir='ltr'>me</span> <span class='ocrx_word' id='word_1_211' title='bbox 1215 2433 1468 2500; x_wconf 91' lang='lat' dir='ltr'>dignum</span> <span class='ocrx_word' id='word_1_212' title='bbox 1493 2446 1627 2486; x_wconf 91' lang='lat' dir='ltr'>esse</span> <span class='ocrx_word' id='word_1_213' title='bbox 1657 2429 1983 2484; x_wconf 84' lang='lat' dir='ltr'>arbitratus</span> <span class='ocrx_word' id='word_1_214' title='bbox 2016 2440 2100 2489; x_wconf 92' lang='lat' dir='ltr'>es,</span> <span class='ocrx_word' id='word_1_215' title='bbox 2131 2426 2190 2478; x_wconf 89' lang='lat' dir='ltr'>et</span> 
     </span>
    </p>
   </div>
   <div class='ocr_carea' id='block_1_27' title="bbox 534 2513 2188 2595">
    <p class='ocr_par' dir='ltr' id='par_1_27' title="bbox 534 2513 2188 2595">
     <span class='ocr_line' id='line_1_27' title="bbox 534 2513 2188 2595; baseline -0.008 -16"><span class='ocrx_word' id='word_1_216' title='bbox 534 2525 611 2579; x_wconf 91' lang='lat' dir='ltr'>ab</span> <span class='ocrx_word' id='word_1_217' title='bbox 635 2525 718 2578; x_wconf 91' lang='lat' dir='ltr'>eis</span> <span class='ocrx_word' id='word_1_218' title='bbox 743 2523 937 2595; x_wconf 88' lang='lat' dir='ltr'>qualis</span> <span class='ocrx_word' id='word_1_219' title='bbox 967 2539 1053 2590; x_wconf 89' lang='lat' dir='ltr'>es,</span> <span class='ocrx_word' id='word_1_220' title='bbox 1112 2521 1169 2576; x_wconf 93' lang='lat' dir='ltr'>id</span> <span class='ocrx_word' id='word_1_221' title='bbox 1204 2528 1290 2576; x_wconf 91' lang='lat' dir='ltr'>est</span> <span class='ocrx_word' id='word_1_222' title='bbox 1320 2521 1422 2592; x_wconf 92' lang='lat' dir='ltr'>qui</span> <span class='ocrx_word' id='word_1_223' title='bbox 1458 2525 1702 2590; x_wconf 89' lang='lat' dir='ltr'>propter</span> <span class='ocrx_word' id='word_1_224' title='bbox 1740 2516 2034 2572; x_wconf 86' lang='lat' dir='ltr'>Christum</span> <span class='ocrx_word' id='word_1_225' title='bbox 2060 2513 2188 2568; x_wconf 84' lang='lat' dir='ltr'>dili-</span> 
     </span>
    </p>
   </div>
   <div class='ocr_carea' id='block_1_28' title="bbox 539 2603 2189 2682">
    <p class='ocr_par' dir='ltr' id='par_1_28' title="bbox 539 2603 2189 2682">
     <span class='ocr_line' id='line_1_28' title="bbox 539 2603 2189 2682; baseline -0.007 -15"><span class='ocrx_word' id='word_1_226' title='bbox 539 2619 687 2682; x_wconf 89' lang='lat' dir='ltr'>gunt</span> <span class='ocrx_word' id='word_1_227' title='bbox 719 2629 915 2667; x_wconf 88' lang='lat' dir='ltr'>servos</span> <span class='ocrx_word' id='word_1_228' title='bbox 947 2613 1074 2681; x_wconf 88' lang='lat' dir='ltr'>ejus</span> <span class='ocrx_word' id='word_1_229' title='bbox 1098 2629 1112 2676; x_wconf 82' lang='lat'>&#39;,</span> <span class='ocrx_word' id='word_1_230' title='bbox 1141 2611 1319 2665; x_wconf 90' lang='lat' dir='ltr'>etiam</span> <span class='ocrx_word' id='word_1_231' title='bbox 1343 2608 1625 2664; x_wconf 88' lang='lat' dir='ltr'>laudibus</span> <span class='ocrx_word' id='word_1_232' title='bbox 1648 2607 1794 2662; x_wconf 89' lang='lat' dir='ltr'>meis</span> <span class='ocrx_word' id='word_1_233' title='bbox 1817 2621 1911 2660; x_wconf 91' lang='lat' dir='ltr'>me</span> <span class='ocrx_word' id='word_1_234' title='bbox 1937 2603 2189 2660; x_wconf 87' lang='lat' dir='ltr'>delecta-</span> 
     </span>
    </p>
   </div>
   <div class='ocr_carea' id='block_1_29' title="bbox 542 2699 1828 2768">
    <p class='ocr_par' dir='ltr' id='par_1_29' title="bbox 542 2699 1828 2768">
     <span class='ocr_line' id='line_1_29' title="bbox 542 2699 1828 2768; baseline -0.005 -13"><span class='ocrx_word' id='word_1_235' title='bbox 542 2707 666 2756; x_wconf 89' lang='lat' dir='ltr'>tum</span> <span class='ocrx_word' id='word_1_236' title='bbox 691 2703 751 2756; x_wconf 91' lang='lat' dir='ltr'>in</span> <span class='ocrx_word' id='word_1_237' title='bbox 777 2701 980 2755; x_wconf 90' lang='lat' dir='ltr'>litteris</span> <span class='ocrx_word' id='word_1_238' title='bbox 1012 2699 1125 2755; x_wconf 91' lang='lat' dir='ltr'>tuis</span> <span class='ocrx_word' id='word_1_239' title='bbox 1157 2713 1376 2768; x_wconf 88' lang='lat' dir='ltr'>negare</span> <span class='ocrx_word' id='word_1_240' title='bbox 1406 2713 1525 2752; x_wconf 92' lang='lat' dir='ltr'>non</span> <span class='ocrx_word' id='word_1_241' title='bbox 1554 2711 1828 2768; x_wconf 89' lang='lat' dir='ltr'>possum.</span> 
     </span>
    </p>
   </div>
   <div class='ocr_carea' id='block_1_30' title="bbox 613 2780 2190 2858">
    <p class='ocr_par' dir='ltr' id='par_1_30' title="bbox 613 2780 2190 2858">
     <span class='ocr_line' id='line_1_30' title="bbox 613 2780 2190 2858; baseline -0.006 -14"><span class='ocrx_word' id='word_1_242' title='bbox 613 2793 665 2845; x_wconf 88' lang='lat'>3.</span> <span class='ocrx_word' id='word_1_243' title='bbox 701 2788 966 2844; x_wconf 88' lang='lat' dir='ltr'>Viderint</span> <span class='ocrx_word' id='word_1_244' title='bbox 1004 2804 1217 2857; x_wconf 85' lang='lat' dir='ltr'>graves</span> <span class='ocrx_word' id='word_1_245' title='bbox 1245 2792 1300 2842; x_wconf 91' lang='lat' dir='ltr'>et</span> <span class='ocrx_word' id='word_1_246' title='bbox 1325 2787 1494 2858; x_wconf 92' lang='lat' dir='ltr'>periti</span> <span class='ocrx_word' id='word_1_247' title='bbox 1522 2784 1630 2840; x_wconf 89' lang='lat' dir='ltr'>viri</span> <span class='ocrx_word' id='word_1_248' title='bbox 1648 2784 1789 2856; x_wconf 89' lang='lat' dir='ltr'>quid</span> <span class='ocrx_word' id='word_1_249' title='bbox 1820 2783 1893 2838; x_wconf 91' lang='lat' dir='ltr'>de</span> <span class='ocrx_word' id='word_1_250' title='bbox 1915 2781 2013 2837; x_wconf 94' lang='lat' dir='ltr'>illo</span> <span class='ocrx_word' id='word_1_251' title='bbox 2043 2780 2190 2836; x_wconf 91' lang='lat' dir='ltr'>The-</span> 
     </span>
    </p>
   </div>
   <div class='ocr_carea' id='block_1_31' title="bbox 542 2875 2186 2942">
    <p class='ocr_par' dir='ltr' id='par_1_31' title="bbox 542 2875 2186 2942">
     <span class='ocr_line' id='line_1_31' title="bbox 542 2875 2186 2942; baseline -0.005 -8"><span class='ocrx_word' id='word_1_252' title='bbox 542 2878 810 2934; x_wconf 89' lang='lat' dir='ltr'>mistocle</span> <span class='ocrx_word' id='word_1_253' title='bbox 839 2878 1110 2942; x_wconf 88' lang='lat' dir='ltr'>sentiant,</span> <span class='ocrx_word' id='word_1_254' title='bbox 1137 2877 1184 2932; x_wconf 91' lang='lat' dir='ltr'>si</span> <span class='ocrx_word' id='word_1_255' title='bbox 1224 2881 1420 2932; x_wconf 90' lang='lat' dir='ltr'>tamen</span> <span class='ocrx_word' id='word_1_256' title='bbox 1444 2875 1706 2930; x_wconf 81' lang='lat' dir='ltr'>hominis</span> <span class='ocrx_word' id='word_1_257' title='bbox 1726 2888 1948 2928; x_wconf 92' lang='lat' dir='ltr'>nomen</span> <span class='ocrx_word' id='word_1_258' title='bbox 1978 2886 2186 2926; x_wconf 90' lang='lat' dir='ltr'>verum</span> 
     </span>
    </p>
   </div>
   <div class='ocr_carea' id='block_1_32' title="bbox 539 2960 2189 3038">
    <p class='ocr_par' dir='ltr' id='par_1_32' title="bbox 539 2960 2189 3038">
     <span class='ocr_line' id='line_1_32' title="bbox 539 2960 2189 3038; baseline -0.005 -16"><span class='ocrx_word' id='word_1_259' title='bbox 539 2967 866 3038; x_wconf 92' lang='lat' dir='ltr'>recolo,qui</span> <span class='ocrx_word' id='word_1_260' title='bbox 890 2982 1025 3021; x_wconf 92' lang='lat' dir='ltr'>cum</span> <span class='ocrx_word' id='word_1_261' title='bbox 1055 2965 1113 3020; x_wconf 91' lang='lat' dir='ltr'>in</span> <span class='ocrx_word' id='word_1_262' title='bbox 1142 2964 1520 3036; x_wconf 92' lang='lat' dir='ltr'>epulis,quod</span> <span class='ocrx_word' id='word_1_263' title='bbox 1555 2963 1696 3018; x_wconf 91' lang='lat' dir='ltr'>clari</span> <span class='ocrx_word' id='word_1_264' title='bbox 1725 2967 1778 3017; x_wconf 90' lang='lat' dir='ltr'>et</span> <span class='ocrx_word' id='word_1_265' title='bbox 1804 2960 2013 3016; x_wconf 90' lang='lat' dir='ltr'>eruditi</span> <span class='ocrx_word' id='word_1_266' title='bbox 2037 2960 2189 3014; x_wconf 76' lang='lat' dir='ltr'>Grae-</span> 
     </span>
    </p>
   </div>
   <div class='ocr_carea' id='block_1_33' title="bbox 541 3049 2188 3120">
    <p class='ocr_par' dir='ltr' id='par_1_33' title="bbox 541 3049 2188 3120">
     <span class='ocr_line' id='line_1_33' title="bbox 541 3049 2188 3120; baseline -0.005 -8"><span class='ocrx_word' id='word_1_267' title='bbox 541 3057 644 3112; x_wconf 81' lang='lat' dir='ltr'>ciae</span> <span class='ocrx_word' id='word_1_268' title='bbox 675 3055 865 3112; x_wconf 85' lang='lat' dir='ltr'>facere</span> <span class='ocrx_word' id='word_1_269' title='bbox 879 3055 1170 3120; x_wconf 87' lang='lat' dir='ltr'>solebant,</span> <span class='ocrx_word' id='word_1_270' title='bbox 1193 3070 1404 3110; x_wconf 90' lang='lat' dir='ltr'>canere</span> <span class='ocrx_word' id='word_1_271' title='bbox 1430 3052 1652 3108; x_wconf 89' lang='lat' dir='ltr'>ﬁdibus</span> <span class='ocrx_word' id='word_1_272' title='bbox 1673 3053 2090 3115; x_wconf 89' lang='lat' dir='ltr'>recusasset,et</span> <span class='ocrx_word' id='word_1_273' title='bbox 2109 3049 2188 3104; x_wconf 93' lang='lat' dir='ltr'>ob</span> 
     </span>
    </p>
   </div>
   <div class='ocr_carea' id='block_1_34' title="bbox 537 3138 2190 3213">
    <p class='ocr_par' dir='ltr' id='par_1_34' title="bbox 537 3138 2190 3213">
     <span class='ocr_line' id='line_1_34' title="bbox 537 3138 2190 3213; baseline -0.004 -12"><span class='ocrx_word' id='word_1_274' title='bbox 537 3146 653 3202; x_wconf 92' lang='lat' dir='ltr'>hoc</span> <span class='ocrx_word' id='word_1_275' title='bbox 667 3144 960 3200; x_wconf 92' lang='lat' dir='ltr'>indoctior</span> <span class='ocrx_word' id='word_1_276' title='bbox 971 3143 1631 3213; x_wconf 90' lang='lat' dir='ltr'>haberetur,totumque</span> <span class='ocrx_word' id='word_1_277' title='bbox 1645 3138 2190 3210; x_wconf 89' lang='lat' dir='ltr'>illudjucunditatis</span> 
     </span>
    </p>
   </div>
   <div class='ocr_carea' id='block_1_35' title="bbox 539 3228 2187 3306">
    <p class='ocr_par' dir='ltr' id='par_1_35' title="bbox 539 3228 2187 3306">
     <span class='ocr_line' id='line_1_35' title="bbox 539 3228 2187 3306; baseline -0.005 -17"><span class='ocrx_word' id='word_1_278' title='bbox 539 3250 728 3306; x_wconf 91' lang='lat' dir='ltr'>genus</span> <span class='ocrx_word' id='word_1_279' title='bbox 754 3240 1108 3305; x_wconf 85' lang='lat' dir='ltr'>aspernatus</span> <span class='ocrx_word' id='word_1_280' title='bbox 1130 3236 1286 3288; x_wconf 91' lang='lat' dir='ltr'>esset</span> <span class='ocrx_word' id='word_1_281' title='bbox 1323 3251 1336 3300; x_wconf 88' lang='lat'><strong>;</strong></span> <span class='ocrx_word' id='word_1_282' title='bbox 1371 3231 1594 3286; x_wconf 92' lang='lat' dir='ltr'>dictum</span> <span class='ocrx_word' id='word_1_283' title='bbox 1620 3229 1701 3284; x_wconf 92' lang='lat' dir='ltr'>illi</span> <span class='ocrx_word' id='word_1_284' title='bbox 1731 3233 1819 3284; x_wconf 89' lang='lat' dir='ltr'>est</span> <span class='ocrx_word' id='word_1_285' title='bbox 1851 3248 1863 3284; x_wconf 94' lang='lat'>:</span> <span class='ocrx_word' id='word_1_286' title='bbox 1896 3228 2034 3296; x_wconf 82' lang='lat' dir='ltr'>Quid</span> <span class='ocrx_word' id='word_1_287' title='bbox 2064 3243 2187 3297; x_wconf 87' lang='lat' dir='ltr'>ergo</span> 
     </span>
    </p>
   </div>
   <div class='ocr_carea' id='block_1_36' title="bbox 537 3317 2184 3391">
    <p class='ocr_par' dir='ltr' id='par_1_36' title="bbox 537 3317 2184 3391">
     <span class='ocr_line' id='line_1_36' title="bbox 537 3317 2184 3391; baseline -0.004 -12"><span class='ocrx_word' id='word_1_288' title='bbox 537 3324 732 3379; x_wconf 86' lang='lat' dir='ltr'>audire</span> <span class='ocrx_word' id='word_1_289' title='bbox 757 3327 808 3378; x_wconf 86' lang='lat' dir='ltr'>te</span> <span class='ocrx_word' id='word_1_290' title='bbox 832 3323 1059 3378; x_wconf 87' lang='lat' dir='ltr'>delectat</span> <span class='ocrx_word' id='word_1_291' title='bbox 1084 3322 1110 3375; x_wconf 85' lang='lat'><strong><em>?</em></strong></span> <span class='ocrx_word' id='word_1_292' title='bbox 1133 3321 1219 3376; x_wconf 90' lang='lat' dir='ltr'>Ad</span> <span class='ocrx_word' id='word_1_293' title='bbox 1243 3320 1406 3391; x_wconf 91' lang='lat' dir='ltr'>quod</span> <span class='ocrx_word' id='word_1_294' title='bbox 1438 3319 1530 3374; x_wconf 92' lang='lat' dir='ltr'>ille</span> <span class='ocrx_word' id='word_1_295' title='bbox 1556 3317 1943 3390; x_wconf 89' lang='lat' dir='ltr'>respondisse</span> <span class='ocrx_word' id='word_1_296' title='bbox 1968 3317 2184 3373; x_wconf 88' lang='lat' dir='ltr'>fertur:</span> 
     </span>
    </p>
   </div>
   <div class='ocr_carea' id='block_1_37' title="bbox 539 3405 2188 3480">
    <p class='ocr_par' dir='ltr' id='par_1_37' title="bbox 539 3405 2188 3480">
     <span class='ocr_line' id='line_1_37' title="bbox 539 3405 2188 3480; baseline -0.004 -12"><span class='ocrx_word' id='word_1_297' title='bbox 539 3413 745 3468; x_wconf 85' lang='lat' dir='ltr'>Laudes</span> <span class='ocrx_word' id='word_1_298' title='bbox 768 3429 933 3467; x_wconf 90' lang='lat' dir='ltr'>meas.</span> <span class='ocrx_word' id='word_1_299' title='bbox 950 3410 1365 3479; x_wconf 86' lang='lat' dir='ltr'>Viderintergo</span> <span class='ocrx_word' id='word_1_300' title='bbox 1379 3425 1494 3480; x_wconf 92' lang='lat' dir='ltr'>quo</span> <span class='ocrx_word' id='word_1_301' title='bbox 1509 3408 1625 3463; x_wconf 89' lang='lat' dir='ltr'>ﬁne</span> <span class='ocrx_word' id='word_1_302' title='bbox 1648 3412 1704 3463; x_wconf 94' lang='lat' dir='ltr'>et</span> <span class='ocrx_word' id='word_1_303' title='bbox 1720 3422 1840 3479; x_wconf 90' lang='lat' dir='ltr'>qua</span> <span class='ocrx_word' id='word_1_304' title='bbox 1861 3405 2188 3462; x_wconf 90' lang='lat' dir='ltr'>intentione</span> 
     </span>
    </p>
   </div>
   <div class='ocr_carea' id='block_1_38' title="bbox 538 3495 2191 3569">
    <p class='ocr_par' dir='ltr' id='par_1_38' title="bbox 538 3495 2191 3569">
     <span class='ocr_line' id='line_1_38' title="bbox 538 3495 2191 3569; baseline -0.004 -11"><span class='ocrx_word' id='word_1_305' title='bbox 538 3502 685 3558; x_wconf 91' lang='lat' dir='ltr'>illud</span> <span class='ocrx_word' id='word_1_306' title='bbox 703 3502 921 3557; x_wconf 79' lang='lat' dir='ltr'>dixisse</span> <span class='ocrx_word' id='word_1_307' title='bbox 954 3499 1332 3563; x_wconf 88' lang='lat' dir='ltr'>crediderint,</span> <span class='ocrx_word' id='word_1_308' title='bbox 1367 3498 1455 3553; x_wconf 88' lang='lat' dir='ltr'>vir</span> <span class='ocrx_word' id='word_1_309' title='bbox 1480 3498 1609 3569; x_wconf 90' lang='lat' dir='ltr'>ipse</span> <span class='ocrx_word' id='word_1_310' title='bbox 1634 3512 1756 3569; x_wconf 91' lang='lat' dir='ltr'>qua</span> <span class='ocrx_word' id='word_1_311' title='bbox 1786 3495 2025 3550; x_wconf 87' lang='lat' dir='ltr'>dixerit.</span> <span class='ocrx_word' id='word_1_312' title='bbox 2056 3497 2191 3551; x_wconf 87' lang='lat' dir='ltr'>Erat</span> 
     </span>
    </p>
   </div>
   <div class='ocr_carea' id='block_1_39' title="bbox 539 3583 2189 3655">
    <p class='ocr_par' dir='ltr' id='par_1_39' title="bbox 539 3583 2189 3655">
     <span class='ocr_line' id='line_1_39' title="bbox 539 3583 2189 3655; baseline -0.004 -9"><span class='ocrx_word' id='word_1_313' title='bbox 539 3592 700 3647; x_wconf 87' lang='lat' dir='ltr'>enim</span> <span class='ocrx_word' id='word_1_314' title='bbox 735 3590 1068 3646; x_wconf 91' lang='lat' dir='ltr'>secundum</span> <span class='ocrx_word' id='word_1_315' title='bbox 1085 3588 1200 3644; x_wconf 90' lang='lat' dir='ltr'>hoc</span> <span class='ocrx_word' id='word_1_316' title='bbox 1233 3587 1518 3643; x_wconf 76' lang='lat' dir='ltr'>saeculum</span> <span class='ocrx_word' id='word_1_317' title='bbox 1544 3586 1634 3641; x_wconf 91' lang='lat' dir='ltr'>vel</span> <span class='ocrx_word' id='word_1_318' title='bbox 1659 3583 2189 3655; x_wconf 89' lang='lat' dir='ltr'>magniﬁcus.Nam</span> 
     </span>
    </p>
   </div>
   <div class='ocr_carea' id='block_1_40' title="bbox 541 3675 2189 3747">
    <p class='ocr_par' dir='ltr' id='par_1_40' title="bbox 541 3675 2189 3747">
     <span class='ocr_line' id='line_1_40' title="bbox 541 3675 2189 3747; baseline -0.004 -12"><span class='ocrx_word' id='word_1_319' title='bbox 541 3680 719 3735; x_wconf 88' lang='lat' dir='ltr'>etiam</span> <span class='ocrx_word' id='word_1_320' title='bbox 736 3695 872 3734; x_wconf 90' lang='lat' dir='ltr'>cum</span> <span class='ocrx_word' id='word_1_321' title='bbox 895 3679 947 3734; x_wconf 92' lang='lat' dir='ltr'>ei</span> <span class='ocrx_word' id='word_1_322' title='bbox 960 3678 1183 3734; x_wconf 91' lang='lat' dir='ltr'>dictum</span> <span class='ocrx_word' id='word_1_323' title='bbox 1199 3677 1574 3745; x_wconf 84' lang='lat' dir='ltr'>fuisset,Quid</span> <span class='ocrx_word' id='word_1_324' title='bbox 1590 3677 1761 3747; x_wconf 78' lang='lat' dir='ltr'>igitur</span> <span class='ocrx_word' id='word_1_325' title='bbox 1772 3675 1912 3730; x_wconf 86' lang='lat' dir='ltr'>nosti</span> <span class='ocrx_word' id='word_1_326' title='bbox 1925 3675 1952 3728; x_wconf 77' lang='lat'><strong><em>?</em></strong></span> <span class='ocrx_word' id='word_1_327' title='bbox 1965 3677 2189 3745; x_wconf 82' lang='lat' dir='ltr'>Rempu-</span> 
     </span>
    </p>
   </div>
   <div class='ocr_carea' id='block_1_41' title="bbox 541 3767 2190 3841">
    <p class='ocr_par' dir='ltr' id='par_1_41' title="bbox 541 3767 2190 3841">
     <span class='ocr_line' id='line_1_41' title="bbox 541 3767 2190 3841; baseline -0.004 -17"><span class='ocrx_word' id='word_1_328' title='bbox 541 3768 759 3833; x_wconf 88' lang='lat' dir='ltr'>blicam,</span> <span class='ocrx_word' id='word_1_329' title='bbox 784 3767 997 3841; x_wconf 88' lang='lat' dir='ltr'>inquit,</span> <span class='ocrx_word' id='word_1_330' title='bbox 1030 3783 1099 3824; x_wconf 79' lang='lat' dir='ltr'>ea:</span> <span class='ocrx_word' id='word_1_331' title='bbox 1127 3783 1297 3839; x_wconf 81' lang='lat' dir='ltr'>parva</span> <span class='ocrx_word' id='word_1_332' title='bbox 1326 3783 1582 3839; x_wconf 86' lang='lat' dir='ltr'>magnam</span> <span class='ocrx_word' id='word_1_333' title='bbox 1607 3768 1803 3835; x_wconf 84' lang='lat' dir='ltr'>facere.</span> <span class='ocrx_word' id='word_1_334' title='bbox 1841 3767 1961 3836; x_wconf 90' lang='lat' dir='ltr'>Ego</span> <span class='ocrx_word' id='word_1_335' title='bbox 1989 3769 2190 3819; x_wconf 91' lang='lat' dir='ltr'>autem</span> 
     </span>
    </p>
   </div>
   <div class='ocr_carea' id='block_1_42' title="bbox 539 3853 2188 3933">
    <p class='ocr_par' dir='ltr' id='par_1_42' title="bbox 539 3853 2188 3933">
     <span class='ocr_line' id='line_1_42' title="bbox 539 3853 2188 3933; baseline -0.004 -19"><span class='ocrx_word' id='word_1_336' title='bbox 539 3859 705 3933; x_wconf 90' lang='lat' dir='ltr'>quod</span> <span class='ocrx_word' id='word_1_337' title='bbox 723 3858 802 3914; x_wconf 86' lang='lat' dir='ltr'>ait</span> <span class='ocrx_word' id='word_1_338' title='bbox 817 3859 1058 3926; x_wconf 91' lang='lat' dir='ltr'>Ennius,</span> <span class='ocrx_word' id='word_1_339' title='bbox 1069 3858 1262 3914; x_wconf 85' lang='lat' dir='ltr'>Omnes</span> <span class='ocrx_word' id='word_1_340' title='bbox 1275 3858 1529 3912; x_wconf 84' lang='lat' dir='ltr'>mortales</span> <span class='ocrx_word' id='word_1_341' title='bbox 1542 3871 1653 3911; x_wconf 87' lang='lat' dir='ltr'>sese</span> <span class='ocrx_word' id='word_1_342' title='bbox 1673 3853 1890 3909; x_wconf 87' lang='lat' dir='ltr'>laudari</span> <span class='ocrx_word' id='word_1_343' title='bbox 1910 3859 2188 3925; x_wconf 74' lang='lat' dir='ltr'>exoptant,</span> 
     </span>
    </p>
   </div>
   <div class='ocr_carea' id='block_1_43' title="bbox 538 3943 2191 4022">
    <p class='ocr_par' dir='ltr' id='par_1_43' title="bbox 538 3943 2191 4022">
     <span class='ocr_line' id='line_1_43' title="bbox 538 3943 2191 4022; baseline -0.004 -18"><span class='ocrx_word' id='word_1_344' title='bbox 538 3949 757 4022; x_wconf 89' lang='lat' dir='ltr'>partim</span> <span class='ocrx_word' id='word_1_345' title='bbox 790 3953 934 4020; x_wconf 92' lang='lat' dir='ltr'>puto</span> <span class='ocrx_word' id='word_1_346' title='bbox 958 3947 1440 4019; x_wconf 89' lang='lat' dir='ltr'>approbandum,</span> <span class='ocrx_word' id='word_1_347' title='bbox 1466 3945 1684 4017; x_wconf 90' lang='lat' dir='ltr'>partim</span> <span class='ocrx_word' id='word_1_348' title='bbox 1727 3943 2087 3998; x_wconf 89' lang='lat' dir='ltr'>cavendum.</span> <span class='ocrx_word' id='word_1_349' title='bbox 2122 3944 2191 3998; x_wconf 91' lang='lat' dir='ltr'>Ut</span> 
     </span>
    </p>
   </div>
   <div class='ocr_carea' id='block_1_44' title="bbox 541 4032 2191 4109">
    <p class='ocr_par' dir='ltr' id='par_1_44' title="bbox 541 4032 2191 4109">
     <span class='ocr_line' id='line_1_44' title="bbox 541 4032 2191 4109; baseline -0.004 -16"><span class='ocrx_word' id='word_1_350' title='bbox 541 4038 704 4093; x_wconf 90' lang='lat' dir='ltr'>enim</span> <span class='ocrx_word' id='word_1_351' title='bbox 735 4038 1074 4109; x_wconf 90' lang='lat' dir='ltr'>appetenda</span> <span class='ocrx_word' id='word_1_352' title='bbox 1105 4044 1190 4091; x_wconf 89' lang='lat' dir='ltr'>est</span> <span class='ocrx_word' id='word_1_353' title='bbox 1229 4038 1466 4101; x_wconf 89' lang='lat' dir='ltr'>veritas,</span> <span class='ocrx_word' id='word_1_354' title='bbox 1490 4051 1625 4106; x_wconf 64' lang='lat' dir='ltr'>quae</span> <span class='ocrx_word' id='word_1_355' title='bbox 1649 4032 2057 4105; x_wconf 89' lang='lat' dir='ltr'>proculdubio</span> <span class='ocrx_word' id='word_1_356' title='bbox 2085 4039 2191 4099; x_wconf 92' lang='lat' dir='ltr'>est,</span> 
     </span>
    </p>
   </div>
   <div class='ocr_carea' id='block_1_45' title="bbox 543 4122 2188 4194">
    <p class='ocr_par' dir='ltr' id='par_1_45' title="bbox 543 4122 2188 4194">
     <span class='ocr_line' id='line_1_45' title="bbox 543 4122 2188 4194; baseline -0.002 -14"><span class='ocrx_word' id='word_1_357' title='bbox 543 4126 774 4180; x_wconf 88' lang='lat' dir='ltr'>etiamsi</span> <span class='ocrx_word' id='word_1_358' title='bbox 806 4141 923 4180; x_wconf 91' lang='lat' dir='ltr'>non</span> <span class='ocrx_word' id='word_1_359' title='bbox 945 4125 1239 4194; x_wconf 88' lang='lat' dir='ltr'>laudetur,</span> <span class='ocrx_word' id='word_1_360' title='bbox 1276 4123 1764 4188; x_wconf 89' lang='lat' dir='ltr'>solalaudabilis;</span> <span class='ocrx_word' id='word_1_361' title='bbox 1791 4122 1876 4176; x_wconf 91' lang='lat' dir='ltr'>sic</span> <span class='ocrx_word' id='word_1_362' title='bbox 1895 4122 2074 4177; x_wconf 91' lang='lat' dir='ltr'>etiam</span> <span class='ocrx_word' id='word_1_363' title='bbox 2100 4137 2188 4190; x_wconf 92' lang='lat' dir='ltr'>ea,</span> 
     </span>
    </p>
   </div>
   <div class='ocr_carea' id='block_1_46' title="bbox 545 4209 2195 4286">
    <p class='ocr_par' dir='ltr' id='par_1_46' title="bbox 545 4209 2195 4286">
     <span class='ocr_line' id='line_1_46' title="bbox 545 4209 2195 4286; baseline -0.003 -17"><span class='ocrx_word' id='word_1_364' title='bbox 545 4230 678 4286; x_wconf 77' lang='lat' dir='ltr'>quae</span> <span class='ocrx_word' id='word_1_365' title='bbox 710 4214 878 4269; x_wconf 84' lang='lat' dir='ltr'>facile</span> <span class='ocrx_word' id='word_1_366' title='bbox 909 4213 1196 4284; x_wconf 88' lang='lat' dir='ltr'>subrepit,</span> <span class='ocrx_word' id='word_1_367' title='bbox 1221 4213 1449 4268; x_wconf 88' lang='lat' dir='ltr'>vanitas</span> <span class='ocrx_word' id='word_1_368' title='bbox 1476 4213 1534 4266; x_wconf 93' lang='lat' dir='ltr'>in</span> <span class='ocrx_word' id='word_1_369' title='bbox 1561 4210 1877 4266; x_wconf 88' lang='lat' dir='ltr'>hominum</span> <span class='ocrx_word' id='word_1_370' title='bbox 1899 4210 2076 4264; x_wconf 90' lang='lat' dir='ltr'>laude</span> <span class='ocrx_word' id='word_1_371' title='bbox 2108 4209 2195 4264; x_wconf 83' lang='lat' dir='ltr'>fu-</span> 
     </span>
    </p>
   </div>
   <div class='ocr_carea' id='block_1_47' title="bbox 544 4299 2193 4375">
    <p class='ocr_par' dir='ltr' id='par_1_47' title="bbox 544 4299 2193 4375">
     <span class='ocr_line' id='line_1_47' title="bbox 544 4299 2193 4375; baseline -0.002 -16"><span class='ocrx_word' id='word_1_372' title='bbox 544 4303 762 4375; x_wconf 90' lang='lat' dir='ltr'>gienda</span> <span class='ocrx_word' id='word_1_373' title='bbox 793 4307 882 4359; x_wconf 91' lang='lat' dir='ltr'>est</span> <span class='ocrx_word' id='word_1_374' title='bbox 909 4321 921 4359; x_wconf 88' lang='lat'><strong>:</strong></span> <span class='ocrx_word' id='word_1_375' title='bbox 957 4302 1085 4357; x_wconf 84' lang='lat' dir='ltr'>haec</span> <span class='ocrx_word' id='word_1_376' title='bbox 1115 4306 1202 4357; x_wconf 92' lang='lat' dir='ltr'>est</span> <span class='ocrx_word' id='word_1_377' title='bbox 1217 4300 1838 4372; x_wconf 89' lang='lat' dir='ltr'>autem,velcumipsa</span> <span class='ocrx_word' id='word_1_378' title='bbox 1867 4299 2193 4370; x_wconf 74' lang='lat' dir='ltr'>bona,qu£e</span> 
     </span>
    </p>
   </div>
   <div class='ocr_carea' id='block_1_48' title="bbox 541 4388 2192 4462">
    <p class='ocr_par' dir='ltr' id='par_1_48' title="bbox 541 4388 2192 4462">
     <span class='ocr_line' id='line_1_48' title="bbox 541 4388 2192 4462; baseline -0.004 -13"><span class='ocrx_word' id='word_1_379' title='bbox 541 4392 889 4450; x_wconf 89' lang='lat' dir='ltr'>laudatione</span> <span class='ocrx_word' id='word_1_380' title='bbox 936 4392 1121 4462; x_wconf 91' lang='lat' dir='ltr'>digna</span> <span class='ocrx_word' id='word_1_381' title='bbox 1187 4396 1344 4458; x_wconf 87' lang='lat' dir='ltr'>sunt,</span> <span class='ocrx_word' id='word_1_382' title='bbox 1385 4406 1508 4446; x_wconf 90' lang='lat' dir='ltr'>non</span> <span class='ocrx_word' id='word_1_383' title='bbox 1565 4393 1852 4462; x_wconf 92' lang='lat' dir='ltr'>putantur</span> <span class='ocrx_word' id='word_1_384' title='bbox 1890 4388 2192 4453; x_wconf 87' lang='lat' dir='ltr'>habenda,</span> 
     </span>
    </p>
   </div>
   <div class='ocr_carea' id='block_1_49' title="bbox 542 4477 2190 4549">
    <p class='ocr_par' dir='ltr' id='par_1_49' title="bbox 542 4477 2190 4549">
     <span class='ocr_line' id='line_1_49' title="bbox 542 4477 2190 4549; baseline -0.003 -11"><span class='ocrx_word' id='word_1_385' title='bbox 542 4481 655 4538; x_wconf 89' lang='lat' dir='ltr'>nisi</span> <span class='ocrx_word' id='word_1_386' title='bbox 687 4482 961 4538; x_wconf 90' lang='lat' dir='ltr'>laudetur</span> <span class='ocrx_word' id='word_1_387' title='bbox 993 4481 1070 4536; x_wconf 91' lang='lat' dir='ltr'>ab</span> <span class='ocrx_word' id='word_1_388' title='bbox 1093 4479 1442 4536; x_wconf 88' lang='lat' dir='ltr'>hominibus</span> <span class='ocrx_word' id='word_1_389' title='bbox 1471 4479 1657 4535; x_wconf 90' lang='lat' dir='ltr'>homo</span> <span class='ocrx_word' id='word_1_390' title='bbox 1692 4494 1705 4544; x_wconf 92' lang='lat'>;</span> <span class='ocrx_word' id='word_1_391' title='bbox 1737 4477 1827 4534; x_wconf 90' lang='lat' dir='ltr'>vel</span> <span class='ocrx_word' id='word_1_392' title='bbox 1857 4493 1928 4533; x_wconf 88' lang='lat' dir='ltr'>ea</span> <span class='ocrx_word' id='word_1_393' title='bbox 1949 4492 2190 4549; x_wconf 89' lang='lat' dir='ltr'>quoque</span> 
     </span>
    </p>
   </div>
   <div class='ocr_carea' id='block_1_50' title="bbox 543 4567 2197 4642">
    <p class='ocr_par' dir='ltr' id='par_1_50' title="bbox 543 4567 2197 4642">
     <span class='ocr_line' id='line_1_50' title="bbox 543 4567 2197 4642; baseline -0.002 -15"><span class='ocrx_word' id='word_1_394' title='bbox 543 4571 669 4627; x_wconf 91' lang='lat' dir='ltr'>vult</span> <span class='ocrx_word' id='word_1_395' title='bbox 691 4572 823 4628; x_wconf 88' lang='lat' dir='ltr'>inse</span> <span class='ocrx_word' id='word_1_396' title='bbox 843 4571 1100 4626; x_wconf 91' lang='lat' dir='ltr'>multum</span> <span class='ocrx_word' id='word_1_397' title='bbox 1126 4570 1383 4642; x_wconf 88' lang='lat' dir='ltr'>quisque</span> <span class='ocrx_word' id='word_1_398' title='bbox 1409 4567 1664 4634; x_wconf 91' lang='lat' dir='ltr'>laudari,</span> <span class='ocrx_word' id='word_1_399' title='bbox 1688 4583 1824 4640; x_wconf 70' lang='lat' dir='ltr'>quae</span> <span class='ocrx_word' id='word_1_400' title='bbox 1853 4572 1956 4624; x_wconf 90' lang='lat' dir='ltr'>aut</span> <span class='ocrx_word' id='word_1_401' title='bbox 1981 4568 2197 4638; x_wconf 88' lang='lat' dir='ltr'>exigua</span> 
     </span>
    </p>
   </div>
   <div class='ocr_carea' id='block_1_51' title="bbox 547 4658 2195 4730">
    <p class='ocr_par' dir='ltr' id='par_1_51' title="bbox 547 4658 2195 4730">
     <span class='ocr_line' id='line_1_51' title="bbox 547 4658 2195 4730; baseline -0.003 -13"><span class='ocrx_word' id='word_1_402' title='bbox 547 4661 744 4724; x_wconf 90' lang='lat' dir='ltr'>laude,</span> <span class='ocrx_word' id='word_1_403' title='bbox 809 4665 910 4716; x_wconf 92' lang='lat' dir='ltr'>aut</span> <span class='ocrx_word' id='word_1_404' title='bbox 963 4661 1139 4716; x_wconf 86' lang='lat' dir='ltr'>etiam</span> <span class='ocrx_word' id='word_1_405' title='bbox 1199 4659 1633 4730; x_wconf 88' lang='lat' dir='ltr'>vituperatione</span> <span class='ocrx_word' id='word_1_406' title='bbox 1688 4658 1967 4728; x_wconf 89' lang='lat' dir='ltr'>digniora</span> <span class='ocrx_word' id='word_1_407' title='bbox 2034 4661 2195 4713; x_wconf 90' lang='lat' dir='ltr'>sunt.</span> 
     </span>
    </p>
   </div>
   <div class='ocr_carea' id='block_1_52' title="bbox 551 4747 1765 4818">
    <p class='ocr_par' dir='ltr' id='par_1_52' title="bbox 551 4747 1765 4818">
     <span class='ocr_line' id='line_1_52' title="bbox 551 4747 1765 4818; baseline -0.002 -12"><span class='ocrx_word' id='word_1_408' title='bbox 551 4749 716 4806; x_wconf 90' lang='lat' dir='ltr'>Unde</span> <span class='ocrx_word' id='word_1_409' title='bbox 758 4749 1031 4804; x_wconf 87' lang='lat' dir='ltr'>Horatius</span> <span class='ocrx_word' id='word_1_410' title='bbox 1067 4749 1253 4805; x_wconf 89' lang='lat' dir='ltr'>Ennio</span> <span class='ocrx_word' id='word_1_411' title='bbox 1285 4747 1623 4818; x_wconf 85' lang='lat' dir='ltr'>vigilantior</span> <span class='ocrx_word' id='word_1_412' title='bbox 1650 4747 1765 4803; x_wconf 90' lang='lat' dir='ltr'>ait:</span> 
     </span>
    </p>
   </div>
   <div class='ocr_carea' id='block_1_53' title="bbox 643 4868 2106 4932">
    <p class='ocr_par' dir='ltr' id='par_1_53' title="bbox 643 4868 2106 4932">
     <span class='ocr_line' id='line_1_53' title="bbox 643 4868 2106 4932; baseline -0.001 -13"><span class='ocrx_word' id='word_1_413' title='bbox 643 4869 838 4921; x_wconf 83' lang='lat' dir='ltr'>Laudis</span> <span class='ocrx_word' id='word_1_414' title='bbox 864 4881 1046 4918; x_wconf 79' lang='lat' dir='ltr'>amore</span> <span class='ocrx_word' id='word_1_415' title='bbox 1062 4871 1251 4932; x_wconf 71' lang='lat' dir='ltr'>tumes</span> <span class='ocrx_word' id='word_1_416' title='bbox 1276 4869 1300 4916; x_wconf 62' lang='grc' dir='ltr'>Ὺ</span> <span class='ocrx_word' id='word_1_417' title='bbox 1329 4868 1464 4918; x_wconf 88' lang='lat' dir='ltr'>Sunt</span> <span class='ocrx_word' id='word_1_418' title='bbox 1487 4872 1630 4918; x_wconf 85' lang='lat' dir='ltr'>certa</span> <span class='ocrx_word' id='word_1_419' title='bbox 1650 4869 1879 4932; x_wconf 85' lang='lat' dir='ltr'>piacula,</span> <span class='ocrx_word' id='word_1_420' title='bbox 1907 4882 2028 4932; x_wconf 64' lang='lat' dir='ltr'>quae</span> <span class='ocrx_word' id='word_1_421' title='bbox 2056 4872 2106 4918; x_wconf 91' lang='lat' dir='ltr'>te</span> 
     </span>
    </p>
   </div>
   <div class='ocr_carea' id='block_1_54' title="bbox 770 4931 1978 4996">
    <p class='ocr_par' dir='ltr' id='par_1_54' title="bbox 770 4931 1978 4996">
     <span class='ocr_line' id='line_1_54' title="bbox 770 4931 1978 4996; baseline 0.002 -14"><span class='ocrx_word' id='word_1_422' title='bbox 770 4934 871 4982; x_wconf 85' lang='lat' dir='ltr'>Ter</span> <span class='ocrx_word' id='word_1_423' title='bbox 899 4946 1030 4996; x_wconf 90' lang='lat' dir='ltr'>pure</span> <span class='ocrx_word' id='word_1_424' title='bbox 1061 4931 1196 4981; x_wconf 91' lang='lat' dir='ltr'>lecto</span> <span class='ocrx_word' id='word_1_425' title='bbox 1231 4936 1484 4995; x_wconf 89' lang='lat' dir='ltr'>poterunt</span> <span class='ocrx_word' id='word_1_426' title='bbox 1510 4931 1750 4982; x_wconf 82' lang='lat' dir='ltr'>recreare</span> <span class='ocrx_word' id='word_1_427' title='bbox 1779 4931 1978 4984; x_wconf 91' lang='lat' dir='ltr'>libello.</span> 
     </span>
    </p>
   </div>
   <div class='ocr_carea' id='block_1_55' title="bbox 1360 5021 2073 5083">
    <p class='ocr_par' dir='ltr' id='par_1_55' title="bbox 1360 5021 2073 5083">
     <span class='ocr_line' id='line_1_55' title="bbox 1360 5021 2073 5083; baseline -0.003 -15"><span class='ocrx_word' id='word_1_428' title='bbox 1360 5021 1563 5083; x_wconf 86' lang='lat' dir='ltr'>(Horat.</span> <span class='ocrx_word' id='word_1_429' title='bbox 1604 5021 1696 5070; x_wconf 88' lang='lat' dir='ltr'>lib.</span> <span class='ocrx_word' id='word_1_430' title='bbox 1727 5023 1772 5078; x_wconf 83' lang='grc'>1,</span> <span class='ocrx_word' id='word_1_431' title='bbox 1804 5021 1973 5083; x_wconf 84' lang='lat' dir='ltr'>Epist.</span> <span class='ocrx_word' id='word_1_432' title='bbox 2010 5021 2073 5082; x_wconf 92' lang='grc'>1).</span> 
     </span>
    </p>
   </div>
   <div class='ocr_carea' id='block_1_56' title="bbox 623 5127 2202 5194">
    <p class='ocr_par' dir='ltr' id='par_1_56' title="bbox 623 5127 2202 5194">
     <span class='ocr_line' id='line_1_56' title="bbox 623 5127 2202 5194; baseline -0.001 -8"><span class='ocrx_word' id='word_1_433' title='bbox 623 5132 674 5187; x_wconf 87' lang='grc'>4.</span> <span class='ocrx_word' id='word_1_434' title='bbox 704 5131 792 5187; x_wconf 93' lang='lat' dir='ltr'>Ita</span> <span class='ocrx_word' id='word_1_435' title='bbox 813 5133 1109 5186; x_wconf 90' lang='lat' dir='ltr'>tumorem</span> <span class='ocrx_word' id='word_1_436' title='bbox 1131 5128 1204 5184; x_wconf 89' lang='lat' dir='ltr'>de</span> <span class='ocrx_word' id='word_1_437' title='bbox 1222 5143 1425 5185; x_wconf 91' lang='lat' dir='ltr'>amore</span> <span class='ocrx_word' id='word_1_438' title='bbox 1439 5128 1632 5184; x_wconf 90' lang='lat' dir='ltr'>laudis</span> <span class='ocrx_word' id='word_1_439' title='bbox 1652 5127 1954 5194; x_wconf 74' lang='lat' dir='ltr'>humanae,</span> <span class='ocrx_word' id='word_1_440' title='bbox 1975 5128 2115 5185; x_wconf 87' lang='lat' dir='ltr'>vela</span> <span class='ocrx_word' id='word_1_441' title='bbox 2138 5144 2202 5185; x_wconf 90' lang='lat' dir='ltr'>se</span> 
     </span>
    </p>
   </div>
   <div class='ocr_carea' id='block_1_57' title="bbox 552 5217 2202 5293">
    <p class='ocr_par' dir='ltr' id='par_1_57' title="bbox 552 5217 2202 5293">
     <span class='ocr_line' id='line_1_57' title="bbox 552 5217 2202 5293; baseline -0.002 -16"><span class='ocrx_word' id='word_1_442' title='bbox 552 5221 791 5293; x_wconf 89' lang='lat' dir='ltr'>penitus</span> <span class='ocrx_word' id='word_1_443' title='bbox 806 5235 1075 5275; x_wconf 89' lang='lat' dir='ltr'>morsum</span> <span class='ocrx_word' id='word_1_444' title='bbox 1089 5217 1549 5275; x_wconf 90' lang='lat' dir='ltr'>medicinalibus</span> <span class='ocrx_word' id='word_1_445' title='bbox 1571 5217 1769 5272; x_wconf 89' lang='lat' dir='ltr'>verbis</span> <span class='ocrx_word' id='word_1_446' title='bbox 1795 5218 1971 5290; x_wconf 91' lang='lat' dir='ltr'>quasi</span> <span class='ocrx_word' id='word_1_447' title='bbox 1989 5233 2202 5274; x_wconf 85' lang='lat' dir='ltr'>excan-</span> 
     </span>
    </p>
   </div>
   <div class='ocr_carea' id='block_1_58' title="bbox 553 5307 2203 5380">
    <p class='ocr_par' dir='ltr' id='par_1_58' title="bbox 553 5307 2203 5380">
     <span class='ocr_line' id='line_1_58' title="bbox 553 5307 2203 5380; baseline -0.001 -15"><span class='ocrx_word' id='word_1_448' title='bbox 553 5309 808 5365; x_wconf 88' lang='lat' dir='ltr'>tandum</span> <span class='ocrx_word' id='word_1_449' title='bbox 831 5309 1077 5380; x_wconf 90' lang='lat' dir='ltr'>putavit.</span> <span class='ocrx_word' id='word_1_450' title='bbox 1107 5308 1317 5364; x_wconf 89' lang='lat' dir='ltr'>Docuit</span> <span class='ocrx_word' id='word_1_451' title='bbox 1339 5309 1540 5379; x_wconf 90' lang='lat' dir='ltr'>itaque</span> <span class='ocrx_word' id='word_1_452' title='bbox 1570 5322 1680 5362; x_wconf 90' lang='lat' dir='ltr'>nos</span> <span class='ocrx_word' id='word_1_453' title='bbox 1711 5322 1816 5377; x_wconf 90' lang='lat' dir='ltr'>per</span> <span class='ocrx_word' id='word_1_454' title='bbox 1848 5307 2203 5378; x_wconf 80' lang='lat' dir='ltr'>Apostolum</span> 
     </span>
    </p>
   </div>
   <div class='ocr_carea' id='block_1_59' title="bbox 555 5397 2204 5468">
    <p class='ocr_par' dir='ltr' id='par_1_59' title="bbox 555 5397 2204 5468">
     <span class='ocr_line' id='line_1_59' title="bbox 555 5397 2204 5468; baseline 0 -16"><span class='ocrx_word' id='word_1_455' title='bbox 555 5413 732 5454; x_wconf 89' lang='lat' dir='ltr'>suum</span> <span class='ocrx_word' id='word_1_456' title='bbox 762 5397 1037 5467; x_wconf 88' lang='lat' dir='ltr'>Magister</span> <span class='ocrx_word' id='word_1_457' title='bbox 1089 5397 1303 5462; x_wconf 91' lang='lat' dir='ltr'>bonus,</span> <span class='ocrx_word' id='word_1_458' title='bbox 1344 5412 1538 5468; x_wconf 89' lang='lat' dir='ltr'>neque</span> <span class='ocrx_word' id='word_1_459' title='bbox 1568 5401 1886 5468; x_wconf 90' lang='lat' dir='ltr'>propterea</span> <span class='ocrx_word' id='word_1_460' title='bbox 1915 5412 2022 5451; x_wconf 90' lang='lat' dir='ltr'>nos</span> <span class='ocrx_word' id='word_1_461' title='bbox 2051 5401 2204 5453; x_wconf 91' lang='lat' dir='ltr'>recte</span> 
     </span>
    </p>
   </div>
   <div class='ocr_carea' id='block_1_60' title="bbox 559 5484 2204 5553">
    <p class='ocr_par' dir='ltr' id='par_1_60' title="bbox 559 5484 2204 5553">
     <span class='ocr_line' id='line_1_60' title="bbox 559 5484 2204 5553; baseline 0.001 -14"><span class='ocrx_word' id='word_1_462' title='bbox 559 5485 770 5550; x_wconf 80' lang='lat' dir='ltr'>facere,</span> <span class='ocrx_word' id='word_1_463' title='bbox 788 5493 847 5542; x_wconf 92' lang='lat' dir='ltr'>ut</span> <span class='ocrx_word' id='word_1_464' title='bbox 860 5487 1179 5541; x_wconf 89' lang='lat' dir='ltr'>laudemur</span> <span class='ocrx_word' id='word_1_465' title='bbox 1198 5486 1273 5541; x_wconf 91' lang='lat' dir='ltr'>ab</span> <span class='ocrx_word' id='word_1_466' title='bbox 1286 5485 1656 5550; x_wconf 89' lang='lat' dir='ltr'>hominibus,</span> <span class='ocrx_word' id='word_1_467' title='bbox 1672 5485 1730 5539; x_wconf 93' lang='lat' dir='ltr'>id</span> <span class='ocrx_word' id='word_1_468' title='bbox 1747 5491 1850 5553; x_wconf 91' lang='lat' dir='ltr'>est,</span> <span class='ocrx_word' id='word_1_469' title='bbox 1866 5484 2046 5540; x_wconf 90' lang='lat' dir='ltr'>ﬁnem</span> <span class='ocrx_word' id='word_1_470' title='bbox 2063 5487 2204 5542; x_wconf 90' lang='lat' dir='ltr'>recti</span> 
     </span>
    </p>
   </div>
   <div class='ocr_carea' id='block_1_61' title="bbox 559 5573 2208 5646">
    <p class='ocr_par' dir='ltr' id='par_1_61' title="bbox 559 5573 2208 5646">
     <span class='ocr_line' id='line_1_61' title="bbox 559 5573 2208 5646; baseline 0 -16"><span class='ocrx_word' id='word_1_471' title='bbox 559 5573 750 5630; x_wconf 87' lang='lat' dir='ltr'>nostri</span> <span class='ocrx_word' id='word_1_472' title='bbox 777 5589 895 5628; x_wconf 90' lang='lat' dir='ltr'>non</span> <span class='ocrx_word' id='word_1_473' title='bbox 923 5575 983 5628; x_wconf 92' lang='lat' dir='ltr'>in</span> <span class='ocrx_word' id='word_1_474' title='bbox 1013 5574 1328 5630; x_wconf 88' lang='lat' dir='ltr'>hominum</span> <span class='ocrx_word' id='word_1_475' title='bbox 1346 5574 1626 5630; x_wconf 90' lang='lat' dir='ltr'>laudibus</span> <span class='ocrx_word' id='word_1_476' title='bbox 1640 5589 1863 5646; x_wconf 86' lang='lat' dir='ltr'>ponere</span> <span class='ocrx_word' id='word_1_477' title='bbox 1895 5579 1980 5642; x_wconf 91' lang='lat' dir='ltr'>;et</span> <span class='ocrx_word' id='word_1_478' title='bbox 2010 5579 2208 5630; x_wconf 86' lang='lat' dir='ltr'>tamen</span> 
     </span>
    </p>
   </div>
   <div class='ocr_carea' id='block_1_62' title="bbox 561 5663 2206 5743">
    <p class='ocr_par' dir='ltr' id='par_1_62' title="bbox 561 5663 2206 5743">
     <span class='ocr_line' id='line_1_62' title="bbox 561 5663 2206 5743; baseline 0 -22"><span class='ocrx_word' id='word_1_479' title='bbox 561 5667 802 5740; x_wconf 86' lang='lat' dir='ltr'>propter</span> <span class='ocrx_word' id='word_1_480' title='bbox 831 5663 993 5734; x_wconf 90' lang='lat' dir='ltr'>ipsos</span> <span class='ocrx_word' id='word_1_481' title='bbox 1030 5663 1305 5721; x_wconf 87' lang='lat' dir='ltr'>homines</span> <span class='ocrx_word' id='word_1_482' title='bbox 1335 5680 1601 5737; x_wconf 81' lang='lat' dir='ltr'>quaerere</span> <span class='ocrx_word' id='word_1_483' title='bbox 1630 5663 1839 5723; x_wconf 88' lang='lat' dir='ltr'>laudes</span> <span class='ocrx_word' id='word_1_484' title='bbox 1868 5663 2206 5743; x_wconf 62' lang='lat' dir='ltr'>hominum.</span> 
     </span>
    </p>
   </div>
   <div class='ocr_carea' id='block_1_63' title="bbox 1739 145 2640 222">
    <p class='ocr_par' dir='ltr' id='par_1_63' title="bbox 1739 145 2640 222">
     <span class='ocr_line' id='line_1_63' title="bbox 1739 145 2640 222; baseline -0.026 2"><span class='ocrx_word' id='word_1_485' title='bbox 1739 180 1749 190; x_wconf 71' lang='lat'><strong><em>‘</em></strong></span> <span class='ocrx_word' id='word_1_486' title='bbox 1788 165 1849 222; x_wconf 88' lang='lat' dir='ltr'>S.</span> <span class='ocrx_word' id='word_1_487' title='bbox 1889 149 2277 219; x_wconf 82' lang='lat' dir='ltr'>AUGUSTINI</span> <span class='ocrx_word' id='word_1_488' title='bbox 2317 145 2640 205; x_wconf 87' lang='lat' dir='ltr'>EPlSCOPI</span> 
     </span>
    </p>
   </div>
   <div class='ocr_carea' id='block_1_64' title="bbox 3753 138 3871 194">
    <p class='ocr_par' dir='ltr' id='par_1_64' title="bbox 3753 138 3871 194">
     <span class='ocr_line' id='line_1_64' title="bbox 3753 138 3871 194; baseline 0.008 -1"><span class='ocrx_word' id='word_1_489' title='bbox 3753 138 3871 194; x_wconf 64' lang='grc'>1024</span> 
     </span>
    </p>
   </div>
   <div class='ocr_carea' id='block_1_65' title="bbox 2272 259 3875 331">
    <p class='ocr_par' dir='ltr' id='par_1_65' title="bbox 2272 259 3875 331">
     <span class='ocr_line' id='line_1_65' title="bbox 2272 259 3875 331; baseline -0.007 1"><span class='ocrx_word' id='word_1_490' title='bbox 2272 274 2502 331; x_wconf 90' lang='lat' dir='ltr'>Etenim</span> <span class='ocrx_word' id='word_1_491' title='bbox 2535 287 2671 329; x_wconf 92' lang='lat' dir='ltr'>cum</span> <span class='ocrx_word' id='word_1_492' title='bbox 2692 269 3018 328; x_wconf 86' lang='lat' dir='ltr'>laudantur</span> <span class='ocrx_word' id='word_1_493' title='bbox 3038 265 3203 331; x_wconf 88' lang='lat' dir='ltr'>boni,</span> <span class='ocrx_word' id='word_1_494' title='bbox 3231 277 3355 320; x_wconf 88' lang='lat' dir='ltr'>non</span> <span class='ocrx_word' id='word_1_495' title='bbox 3379 259 3647 328; x_wconf 86' lang='lat' dir='ltr'>laudatis,</span> <span class='ocrx_word' id='word_1_496' title='bbox 3662 262 3756 318; x_wconf 88' lang='lat' dir='ltr'>sed</span> <span class='ocrx_word' id='word_1_497' title='bbox 3768 261 3875 320; x_wconf 87' lang='lat' dir='ltr'>lau-</span> 
     </span>
    </p>
   </div>
   <div class='ocr_carea' id='block_1_66' title="bbox 2272 351 3876 434">
    <p class='ocr_par' dir='ltr' id='par_1_66' title="bbox 2272 351 3876 434">
     <span class='ocr_line' id='line_1_66' title="bbox 2272 351 3876 434; baseline -0.009 -12"><span class='ocrx_word' id='word_1_498' title='bbox 2272 364 2557 422; x_wconf 89' lang='lat' dir='ltr'>dantibus</span> <span class='ocrx_word' id='word_1_499' title='bbox 2589 361 3012 434; x_wconf 86' lang='lat' dir='ltr'>prodest.Nam</span> <span class='ocrx_word' id='word_1_500' title='bbox 3037 356 3173 422; x_wconf 88' lang='lat' dir='ltr'>illis,</span> <span class='ocrx_word' id='word_1_501' title='bbox 3196 357 3491 428; x_wconf 89' lang='lat' dir='ltr'>quantum</span> <span class='ocrx_word' id='word_1_502' title='bbox 3518 351 3593 406; x_wconf 90' lang='lat' dir='ltr'>ad</span> <span class='ocrx_word' id='word_1_503' title='bbox 3615 351 3762 421; x_wconf 89' lang='lat' dir='ltr'>ipsos</span> <span class='ocrx_word' id='word_1_504' title='bbox 3775 354 3876 408; x_wconf 88' lang='lat' dir='ltr'>atti-</span> 
     </span>
    </p>
   </div>
   <div class='ocr_carea' id='block_1_67' title="bbox 2274 440 3877 524">
    <p class='ocr_par' dir='ltr' id='par_1_67' title="bbox 2274 440 3877 524">
     <span class='ocr_line' id='line_1_67' title="bbox 2274 440 3877 524; baseline -0.007 -14"><span class='ocrx_word' id='word_1_505' title='bbox 2274 460 2393 522; x_wconf 90' lang='lat' dir='ltr'>net,</span> <span class='ocrx_word' id='word_1_506' title='bbox 2425 452 2591 524; x_wconf 92' lang='lat' dir='ltr'>quod</span> <span class='ocrx_word' id='word_1_507' title='bbox 2627 449 2770 508; x_wconf 88' lang='lat' dir='ltr'>boni</span> <span class='ocrx_word' id='word_1_508' title='bbox 2792 445 3161 504; x_wconf 88' lang='lat' dir='ltr'>suntsufﬁcit</span> <span class='ocrx_word' id='word_1_509' title='bbox 3185 462 3198 498; x_wconf 90' lang='lat'><strong>:</strong></span> <span class='ocrx_word' id='word_1_510' title='bbox 3221 442 3324 499; x_wconf 92' lang='lat' dir='ltr'>sed</span> <span class='ocrx_word' id='word_1_511' title='bbox 3338 440 3662 513; x_wconf 85' lang='lat' dir='ltr'>eis,quibus</span> <span class='ocrx_word' id='word_1_512' title='bbox 3678 441 3877 511; x_wconf 84' lang='lat' dir='ltr'>expedit</span> 
     </span>
    </p>
   </div>
   <div class='ocr_carea' id='block_1_68' title="bbox 2272 528 3879 609">
    <p class='ocr_par' dir='ltr' id='par_1_68' title="bbox 2272 528 3879 609">
     <span class='ocr_line' id='line_1_68' title="bbox 2272 528 3879 609; baseline -0.009 -10"><span class='ocrx_word' id='word_1_513' title='bbox 2272 543 2493 600; x_wconf 90' lang='lat' dir='ltr'>imitari</span> <span class='ocrx_word' id='word_1_514' title='bbox 2513 542 2729 607; x_wconf 91' lang='lat' dir='ltr'>bonos,</span> <span class='ocrx_word' id='word_1_515' title='bbox 2746 535 3180 609; x_wconf 90' lang='lat' dir='ltr'>gratulandum</span> <span class='ocrx_word' id='word_1_516' title='bbox 3194 539 3300 597; x_wconf 89' lang='lat' dir='ltr'>est,</span> <span class='ocrx_word' id='word_1_517' title='bbox 3325 547 3459 586; x_wconf 90' lang='lat' dir='ltr'>cum</span> <span class='ocrx_word' id='word_1_518' title='bbox 3474 529 3552 586; x_wconf 91' lang='lat' dir='ltr'>ab</span> <span class='ocrx_word' id='word_1_519' title='bbox 3578 528 3879 586; x_wconf 85' lang='lat' dir='ltr'>eislaudan-</span> 
     </span>
    </p>
   </div>
   <div class='ocr_carea' id='block_1_69' title="bbox 2274 617 3879 703">
    <p class='ocr_par' dir='ltr' id='par_1_69' title="bbox 2274 617 3879 703">
     <span class='ocr_line' id='line_1_69' title="bbox 2274 617 3879 703; baseline -0.01 -13"><span class='ocrx_word' id='word_1_520' title='bbox 2274 638 2368 690; x_wconf 90' lang='lat' dir='ltr'>tur</span> <span class='ocrx_word' id='word_1_521' title='bbox 2390 632 2530 688; x_wconf 92' lang='lat' dir='ltr'>boni</span> <span class='ocrx_word' id='word_1_522' title='bbox 2550 647 2562 696; x_wconf 91' lang='lat'><strong>;</strong></span> <span class='ocrx_word' id='word_1_523' title='bbox 2579 629 2869 703; x_wconf 90' lang='lat' dir='ltr'>quoniam</span> <span class='ocrx_word' id='word_1_524' title='bbox 2886 627 2968 681; x_wconf 93' lang='lat' dir='ltr'>sic</span> <span class='ocrx_word' id='word_1_525' title='bbox 2982 625 3251 680; x_wconf 91' lang='lat' dir='ltr'>indicant</span> <span class='ocrx_word' id='word_1_526' title='bbox 3269 637 3371 677; x_wconf 92' lang='lat' dir='ltr'>eos</span> <span class='ocrx_word' id='word_1_527' title='bbox 3389 620 3496 675; x_wconf 89' lang='lat' dir='ltr'>sibi</span> <span class='ocrx_word' id='word_1_528' title='bbox 3511 617 3879 691; x_wconf 86' lang='lat' dir='ltr'>placere,quos</span> 
     </span>
    </p>
   </div>
   <div class='ocr_carea' id='block_1_70' title="bbox 2275 707 3878 786">
    <p class='ocr_par' dir='ltr' id='par_1_70' title="bbox 2275 707 3878 786">
     <span class='ocr_line' id='line_1_70' title="bbox 2275 707 3878 786; baseline -0.009 -8"><span class='ocrx_word' id='word_1_529' title='bbox 2275 719 2843 777; x_wconf 89' lang='lat' dir='ltr'>veraciterlaudant.</span> <span class='ocrx_word' id='word_1_530' title='bbox 2858 715 3155 786; x_wconf 90' lang='lat' dir='ltr'>Dicitergo</span> <span class='ocrx_word' id='word_1_531' title='bbox 3168 709 3482 784; x_wconf 80' lang='lat' dir='ltr'>Apostolus</span> <span class='ocrx_word' id='word_1_532' title='bbox 3495 709 3741 780; x_wconf 84' lang='lat' dir='ltr'>quodam</span> <span class='ocrx_word' id='word_1_533' title='bbox 3755 707 3878 774; x_wconf 89' lang='lat' dir='ltr'>loco,</span> 
     </span>
    </p>
   </div>
   <div class='ocr_carea' id='block_1_71' title="bbox 2278 795 3880 878">
    <p class='ocr_par' dir='ltr' id='par_1_71' title="bbox 2278 795 3880 878">
     <span class='ocr_line' id='line_1_71' title="bbox 2278 795 3880 878; baseline -0.011 -12"><span class='ocrx_word' id='word_1_534' title='bbox 2278 812 2336 866; x_wconf 91' lang='lat' dir='ltr'>Si</span> <span class='ocrx_word' id='word_1_535' title='bbox 2358 809 2668 866; x_wconf 85' lang='lat' dir='ltr'>hominibus</span> <span class='ocrx_word' id='word_1_536' title='bbox 2683 807 2976 878; x_wconf 75' lang='lat' dir='ltr'>placerem,</span> <span class='ocrx_word' id='word_1_537' title='bbox 2996 802 3204 858; x_wconf 83' lang='lat' dir='ltr'>Christi</span> <span class='ocrx_word' id='word_1_538' title='bbox 3217 816 3404 856; x_wconf 83' lang='lat' dir='ltr'>servus</span> <span class='ocrx_word' id='word_1_539' title='bbox 3417 814 3527 852; x_wconf 83' lang='lat' dir='ltr'>non</span> <span class='ocrx_word' id='word_1_540' title='bbox 3541 811 3703 852; x_wconf 89' lang='lat' dir='ltr'>essem</span> <span class='ocrx_word' id='word_1_541' title='bbox 3716 795 3880 866; x_wconf 81' lang='lat' dir='ltr'>(Galat.</span> 
     </span>
    </p>
   </div>
   <div class='ocr_carea' id='block_1_72' title="bbox 2281 886 3884 968">
    <p class='ocr_par' dir='ltr' id='par_1_72' title="bbox 2281 886 3884 968">
     <span class='ocr_line' id='line_1_72' title="bbox 2281 886 3884 968; baseline -0.009 -13"><span class='ocrx_word' id='word_1_542' title='bbox 2281 919 2316 966; x_wconf 88' lang='grc' dir='ltr'>ι,</span> <span class='ocrx_word' id='word_1_543' title='bbox 2337 900 2420 968; x_wconf 86' lang='lat' dir='ltr'>l0)</span> <span class='ocrx_word' id='word_1_544' title='bbox 2453 916 2466 954; x_wconf 89' lang='lat'><strong>:</strong></span> <span class='ocrx_word' id='word_1_545' title='bbox 2497 903 2552 953; x_wconf 93' lang='lat' dir='ltr'>et</span> <span class='ocrx_word' id='word_1_546' title='bbox 2581 897 2739 952; x_wconf 92' lang='lat' dir='ltr'>idem</span> <span class='ocrx_word' id='word_1_547' title='bbox 2794 895 2938 951; x_wconf 89' lang='lat' dir='ltr'>dicit</span> <span class='ocrx_word' id='word_1_548' title='bbox 2964 893 3078 949; x_wconf 88' lang='lat' dir='ltr'>alio</span> <span class='ocrx_word' id='word_1_549' title='bbox 3127 891 3281 956; x_wconf 92' lang='lat' dir='ltr'>loco,</span> <span class='ocrx_word' id='word_1_550' title='bbox 3329 889 3540 943; x_wconf 76' lang='lat' dir='ltr'>Placete</span> <span class='ocrx_word' id='word_1_551' title='bbox 3563 886 3793 941; x_wconf 82' lang='lat' dir='ltr'>omnibus</span> <span class='ocrx_word' id='word_1_552' title='bbox 3810 902 3884 955; x_wconf 84' lang='lat' dir='ltr'>per</span> 
     </span>
    </p>
   </div>
   <div class='ocr_carea' id='block_1_73' title="bbox 2278 974 3883 1055">
    <p class='ocr_par' dir='ltr' id='par_1_73' title="bbox 2278 974 3883 1055">
     <span class='ocr_line' id='line_1_73' title="bbox 2278 974 3883 1055; baseline -0.009 -11"><span class='ocrx_word' id='word_1_553' title='bbox 2278 989 2485 1052; x_wconf 80' lang='lat' dir='ltr'>omnia,</span> <span class='ocrx_word' id='word_1_554' title='bbox 2515 989 2656 1042; x_wconf 82' lang='lat' dir='ltr'>sicut</span> <span class='ocrx_word' id='word_1_555' title='bbox 2684 989 2737 1041; x_wconf 87' lang='lat' dir='ltr'>et</span> <span class='ocrx_word' id='word_1_556' title='bbox 2766 1001 2860 1055; x_wconf 87' lang='lat' dir='ltr'>ego</span> <span class='ocrx_word' id='word_1_557' title='bbox 2889 981 3140 1040; x_wconf 80' lang='lat' dir='ltr'>omnibus</span> <span class='ocrx_word' id='word_1_558' title='bbox 3151 997 3249 1051; x_wconf 85' lang='lat' dir='ltr'>per</span> <span class='ocrx_word' id='word_1_559' title='bbox 3262 978 3448 1035; x_wconf 85' lang='lat' dir='ltr'>omnia</span> <span class='ocrx_word' id='word_1_560' title='bbox 3469 974 3788 1047; x_wconf 85' lang='lat' dir='ltr'>placeo;sed</span> <span class='ocrx_word' id='word_1_561' title='bbox 3803 974 3883 1029; x_wconf 84' lang='lat' dir='ltr'>ad-</span> 
     </span>
    </p>
   </div>
   <div class='ocr_carea' id='block_1_74' title="bbox 2274 1062 3885 1150">
    <p class='ocr_par' dir='ltr' id='par_1_74' title="bbox 2274 1062 3885 1150">
     <span class='ocr_line' id='line_1_74' title="bbox 2274 1062 3885 1150; baseline -0.011 -16"><span class='ocrx_word' id='word_1_562' title='bbox 2274 1079 2536 1150; x_wconf 89' lang='lat' dir='ltr'>jungens</span> <span class='ocrx_word' id='word_1_563' title='bbox 2569 1089 2841 1138; x_wconf 90' lang='lat' dir='ltr'>causam,</span> <span class='ocrx_word' id='word_1_564' title='bbox 2865 1088 2970 1128; x_wconf 90' lang='lat' dir='ltr'>non</span> <span class='ocrx_word' id='word_1_565' title='bbox 2987 1085 3235 1143; x_wconf 73' lang='lat' dir='ltr'>quaerens</span> <span class='ocrx_word' id='word_1_566' title='bbox 3251 1067 3387 1139; x_wconf 85' lang='lat' dir='ltr'>quod</span> <span class='ocrx_word' id='word_1_567' title='bbox 3412 1064 3555 1120; x_wconf 88' lang='lat' dir='ltr'>mihi</span> <span class='ocrx_word' id='word_1_568' title='bbox 3573 1063 3702 1119; x_wconf 81' lang='lat' dir='ltr'>utile</span> <span class='ocrx_word' id='word_1_569' title='bbox 3725 1062 3885 1127; x_wconf 80' lang='lat' dir='ltr'>est,sed</span> 
     </span>
    </p>
   </div>
   <div class='ocr_carea' id='block_1_75' title="bbox 2280 1153 3887 1240">
    <p class='ocr_par' dir='ltr' id='par_1_75' title="bbox 2280 1153 3887 1240">
     <span class='ocr_line' id='line_1_75' title="bbox 2280 1153 3887 1240; baseline -0.011 -16"><span class='ocrx_word' id='word_1_570' title='bbox 2280 1169 2420 1240; x_wconf 83' lang='lat' dir='ltr'>quod</span> <span class='ocrx_word' id='word_1_571' title='bbox 2450 1167 2657 1232; x_wconf 87' lang='lat' dir='ltr'>multis,</span> <span class='ocrx_word' id='word_1_572' title='bbox 2683 1169 2743 1219; x_wconf 87' lang='lat' dir='ltr'>ut</span> <span class='ocrx_word' id='word_1_573' title='bbox 2769 1164 2912 1218; x_wconf 88' lang='lat' dir='ltr'>salvi</span> <span class='ocrx_word' id='word_1_574' title='bbox 2938 1163 3077 1234; x_wconf 83' lang='lat' dir='ltr'>ﬁant</span> <span class='ocrx_word' id='word_1_575' title='bbox 3096 1160 3352 1232; x_wconf 87' lang='lat' dir='ltr'>(lCor.x,</span> <span class='ocrx_word' id='word_1_576' title='bbox 3387 1156 3602 1224; x_wconf 77' lang='lat'>32,33).</span> <span class='ocrx_word' id='word_1_577' title='bbox 3621 1156 3754 1209; x_wconf 88' lang='lat' dir='ltr'>Ecce</span> <span class='ocrx_word' id='word_1_578' title='bbox 3769 1153 3887 1224; x_wconf 90' lang='lat' dir='ltr'>quid</span> 
     </span>
    </p>
   </div>
   <div class='ocr_carea' id='block_1_76' title="bbox 2280 1241 3888 1330">
    <p class='ocr_par' dir='ltr' id='par_1_76' title="bbox 2280 1241 3888 1330">
     <span class='ocr_line' id='line_1_76' title="bbox 2280 1241 3888 1330; baseline -0.011 -17"><span class='ocrx_word' id='word_1_579' title='bbox 2280 1257 2590 1330; x_wconf 73' lang='lat' dir='ltr'>quaerebat</span> <span class='ocrx_word' id='word_1_580' title='bbox 2627 1255 2688 1310; x_wconf 92' lang='lat' dir='ltr'>in</span> <span class='ocrx_word' id='word_1_581' title='bbox 2722 1253 2900 1309; x_wconf 86' lang='lat' dir='ltr'>laude</span> <span class='ocrx_word' id='word_1_582' title='bbox 2929 1249 3272 1314; x_wconf 91' lang='lat' dir='ltr'>hominum,</span> <span class='ocrx_word' id='word_1_583' title='bbox 3309 1246 3408 1302; x_wconf 92' lang='lat' dir='ltr'>ubi</span> <span class='ocrx_word' id='word_1_584' title='bbox 3449 1245 3628 1300; x_wconf 89' lang='lat' dir='ltr'>etiam</span> <span class='ocrx_word' id='word_1_585' title='bbox 3671 1241 3888 1304; x_wconf 86' lang='lat' dir='ltr'>dicebat,</span> 
     </span>
    </p>
   </div>
   <div class='ocr_carea' id='block_1_77' title="bbox 2283 1340 3892 1414">
    <p class='ocr_par' dir='ltr' id='par_1_77' title="bbox 2283 1340 3892 1414">
     <span class='ocr_line' id='line_1_77' title="bbox 2283 1340 3892 1414; baseline -0.011 -13"><span class='ocrx_word' id='word_1_586' title='bbox 2283 1348 2356 1402; x_wconf 92' lang='lat' dir='ltr'>De</span> <span class='ocrx_word' id='word_1_587' title='bbox 2369 1350 2587 1409; x_wconf 60' lang='lat' dir='ltr'>extero,</span> <span class='ocrx_word' id='word_1_588' title='bbox 2616 1344 2839 1414; x_wconf 82' lang='lat' dir='ltr'>fratres,</span> <span class='ocrx_word' id='word_1_589' title='bbox 2861 1353 3218 1412; x_wconf 70' lang='lat' dir='ltr'>quaecumque</span> <span class='ocrx_word' id='word_1_590' title='bbox 3243 1340 3374 1392; x_wconf 87' lang='lat' dir='ltr'>sunt</span> <span class='ocrx_word' id='word_1_591' title='bbox 3403 1350 3554 1399; x_wconf 89' lang='lat' dir='ltr'>vera,</span> <span class='ocrx_word' id='word_1_592' title='bbox 3588 1346 3892 1403; x_wconf 76' lang='lat' dir='ltr'>quaecumque</span> 
     </span>
    </p>
   </div>
   <div class='ocr_carea' id='block_1_78' title="bbox 2283 1426 3892 1505">
    <p class='ocr_par' dir='ltr' id='par_1_78' title="bbox 2283 1426 3892 1505">
     <span class='ocr_line' id='line_1_78' title="bbox 2283 1426 3892 1505; baseline -0.011 -14"><span class='ocrx_word' id='word_1_593' title='bbox 2283 1435 2501 1505; x_wconf 87' lang='lat' dir='ltr'>pudica,</span> <span class='ocrx_word' id='word_1_594' title='bbox 2533 1446 2883 1504; x_wconf 73' lang='lat' dir='ltr'>quaecumque</span> <span class='ocrx_word' id='word_1_595' title='bbox 2897 1435 3425 1499; x_wconf 76' lang='lat' dir='ltr'>casta,quaecumque</span> <span class='ocrx_word' id='word_1_596' title='bbox 3436 1426 3649 1485; x_wconf 87' lang='lat' dir='ltr'>sancta,</span> <span class='ocrx_word' id='word_1_597' title='bbox 3663 1435 3892 1492; x_wconf 63' lang='lat' dir='ltr'>quacum-</span> 
     </span>
    </p>
   </div>
   <div class='ocr_carea' id='block_1_79' title="bbox 2283 1510 3890 1595">
    <p class='ocr_par' dir='ltr' id='par_1_79' title="bbox 2283 1510 3890 1595">
     <span class='ocr_line' id='line_1_79' title="bbox 2283 1510 3890 1595; baseline -0.011 -17"><span class='ocrx_word' id='word_1_598' title='bbox 2283 1539 2386 1595; x_wconf 85' lang='lat' dir='ltr'>que</span> <span class='ocrx_word' id='word_1_599' title='bbox 2409 1523 2754 1586; x_wconf 84' lang='lat' dir='ltr'>charissima,</span> <span class='ocrx_word' id='word_1_600' title='bbox 2788 1533 3140 1592; x_wconf 59' lang='lat' dir='ltr'>quacumque</span> <span class='ocrx_word' id='word_1_601' title='bbox 3161 1517 3310 1572; x_wconf 68' lang='lat' dir='ltr'>bona:</span> <span class='ocrx_word' id='word_1_602' title='bbox 3323 1516 3511 1584; x_wconf 59' lang='lat' dir='ltr'>fama,</span> <span class='ocrx_word' id='word_1_603' title='bbox 3545 1512 3598 1566; x_wconf 83' lang='lat' dir='ltr'>si</span> <span class='ocrx_word' id='word_1_604' title='bbox 3615 1527 3714 1582; x_wconf 87' lang='lat' dir='ltr'>qua</span> <span class='ocrx_word' id='word_1_605' title='bbox 3726 1510 3890 1572; x_wconf 82' lang='lat' dir='ltr'>virtus,</span> 
     </span>
    </p>
   </div>
   <div class='ocr_carea' id='block_1_80' title="bbox 2283 1599 3888 1683">
    <p class='ocr_par' dir='ltr' id='par_1_80' title="bbox 2283 1599 3888 1683">
     <span class='ocr_line' id='line_1_80' title="bbox 2283 1599 3888 1683; baseline -0.01 -16"><span class='ocrx_word' id='word_1_606' title='bbox 2283 1614 2331 1667; x_wconf 90' lang='lat' dir='ltr'>si</span> <span class='ocrx_word' id='word_1_607' title='bbox 2356 1630 2460 1683; x_wconf 89' lang='lat' dir='ltr'>qua</span> <span class='ocrx_word' id='word_1_608' title='bbox 2493 1612 2630 1675; x_wconf 84' lang='lat' dir='ltr'>laus,</span> <span class='ocrx_word' id='word_1_609' title='bbox 2659 1611 2772 1666; x_wconf 76' lang='lat' dir='ltr'>haec</span> <span class='ocrx_word' id='word_1_610' title='bbox 2796 1611 3062 1679; x_wconf 83' lang='lat' dir='ltr'>cogitate:</span> <span class='ocrx_word' id='word_1_611' title='bbox 3095 1620 3218 1677; x_wconf 76' lang='lat' dir='ltr'>quae</span> <span class='ocrx_word' id='word_1_612' title='bbox 3240 1603 3533 1667; x_wconf 81' lang='lat' dir='ltr'>didicistis,</span> <span class='ocrx_word' id='word_1_613' title='bbox 3565 1609 3614 1656; x_wconf 89' lang='lat' dir='ltr'>et</span> <span class='ocrx_word' id='word_1_614' title='bbox 3633 1599 3888 1670; x_wconf 83' lang='lat' dir='ltr'>accepistis,</span> 
     </span>
    </p>
   </div>
   <div class='ocr_carea' id='block_1_81' title="bbox 2286 1688 3891 1772">
    <p class='ocr_par' dir='ltr' id='par_1_81' title="bbox 2286 1688 3891 1772">
     <span class='ocr_line' id='line_1_81' title="bbox 2286 1688 3891 1772; baseline -0.011 -14"><span class='ocrx_word' id='word_1_615' title='bbox 2286 1708 2337 1758; x_wconf 89' lang='lat' dir='ltr'>et</span> <span class='ocrx_word' id='word_1_616' title='bbox 2367 1701 2598 1757; x_wconf 85' lang='lat' dir='ltr'>audistis</span> <span class='ocrx_word' id='word_1_617' title='bbox 2627 1707 2685 1756; x_wconf 85' lang='lat' dir='ltr'>et</span> <span class='ocrx_word' id='word_1_618' title='bbox 2717 1698 2928 1754; x_wconf 82' lang='lat' dir='ltr'>vidistis</span> <span class='ocrx_word' id='word_1_619' title='bbox 2955 1699 3011 1751; x_wconf 89' lang='lat' dir='ltr'>in</span> <span class='ocrx_word' id='word_1_620' title='bbox 3044 1711 3148 1760; x_wconf 89' lang='lat' dir='ltr'>me,</span> <span class='ocrx_word' id='word_1_621' title='bbox 3185 1695 3299 1749; x_wconf 53' lang='lat' dir='ltr'>hac</span> <span class='ocrx_word' id='word_1_622' title='bbox 3323 1694 3466 1763; x_wconf 87' lang='lat' dir='ltr'>agite</span> <span class='ocrx_word' id='word_1_623' title='bbox 3499 1694 3596 1754; x_wconf 88' lang='lat' dir='ltr'>;et</span> <span class='ocrx_word' id='word_1_624' title='bbox 3629 1690 3750 1744; x_wconf 85' lang='lat' dir='ltr'>Deus</span> <span class='ocrx_word' id='word_1_625' title='bbox 3774 1688 3891 1772; x_wconf 77' lang='lat' dir='ltr'>pacis</span> 
     </span>
    </p>
   </div>
   <div class='ocr_carea' id='block_1_82' title="bbox 2287 1778 3890 1859">
    <p class='ocr_par' dir='ltr' id='par_1_82' title="bbox 2287 1778 3890 1859">
     <span class='ocr_line' id='line_1_82' title="bbox 2287 1778 3890 1859; baseline -0.011 -12"><span class='ocrx_word' id='word_1_626' title='bbox 2287 1793 2392 1847; x_wconf 89' lang='lat' dir='ltr'>erit</span> <span class='ocrx_word' id='word_1_627' title='bbox 2425 1791 2696 1846; x_wconf 87' lang='lat' dir='ltr'>vobiscum</span> <span class='ocrx_word' id='word_1_628' title='bbox 2726 1787 2994 1859; x_wconf 84' lang='lat' dir='ltr'>(Philipp.</span> <span class='ocrx_word' id='word_1_629' title='bbox 3030 1801 3104 1850; x_wconf 80' lang='lat' dir='ltr'>iv,</span> <span class='ocrx_word' id='word_1_630' title='bbox 3135 1784 3190 1850; x_wconf 89' lang='lat'>8,</span> <span class='ocrx_word' id='word_1_631' title='bbox 3214 1783 3293 1853; x_wconf 85' lang='lat'>9).</span> <span class='ocrx_word' id='word_1_632' title='bbox 3329 1784 3555 1837; x_wconf 69' lang='lat' dir='ltr'>Caetera</span> <span class='ocrx_word' id='word_1_633' title='bbox 3580 1778 3762 1849; x_wconf 87' lang='lat' dir='ltr'>igitur,</span> <span class='ocrx_word' id='word_1_634' title='bbox 3786 1790 3890 1848; x_wconf 70' lang='lat' dir='ltr'>quae</span> 
     </span>
    </p>
   </div>
   <div class='ocr_carea' id='block_1_83' title="bbox 2289 1867 3889 1952">
    <p class='ocr_par' dir='ltr' id='par_1_83' title="bbox 2289 1867 3889 1952">
     <span class='ocr_line' id='line_1_83' title="bbox 2289 1867 3889 1952; baseline -0.011 -16"><span class='ocrx_word' id='word_1_635' title='bbox 2289 1896 2474 1952; x_wconf 88' lang='lat' dir='ltr'>supra</span> <span class='ocrx_word' id='word_1_636' title='bbox 2489 1875 2980 1940; x_wconf 88' lang='lat' dir='ltr'>commemoravi,</span> <span class='ocrx_word' id='word_1_637' title='bbox 2998 1872 3234 1930; x_wconf 92' lang='lat' dir='ltr'>virtutis</span> <span class='ocrx_word' id='word_1_638' title='bbox 3246 1870 3492 1927; x_wconf 89' lang='lat' dir='ltr'>nomine</span> <span class='ocrx_word' id='word_1_639' title='bbox 3508 1867 3799 1939; x_wconf 90' lang='lat' dir='ltr'>amplexus</span> <span class='ocrx_word' id='word_1_640' title='bbox 3809 1869 3889 1927; x_wconf 90' lang='lat' dir='ltr'>est,</span> 
     </span>
    </p>
   </div>
   <div class='ocr_carea' id='block_1_84' title="bbox 2289 1953 3890 2038">
    <p class='ocr_par' dir='ltr' id='par_1_84' title="bbox 2289 1953 3890 2038">
     <span class='ocr_line' id='line_1_84' title="bbox 2289 1953 3890 2038; baseline -0.011 -14"><span class='ocrx_word' id='word_1_641' title='bbox 2289 1969 2516 2037; x_wconf 90' lang='lat' dir='ltr'>dicens,</span> <span class='ocrx_word' id='word_1_642' title='bbox 2547 1969 2596 2022; x_wconf 87' lang='lat' dir='ltr'>si</span> <span class='ocrx_word' id='word_1_643' title='bbox 2621 1983 2728 2038; x_wconf 88' lang='lat' dir='ltr'>qua</span> <span class='ocrx_word' id='word_1_644' title='bbox 2757 1967 2934 2020; x_wconf 80' lang='lat' dir='ltr'>virtus</span> <span class='ocrx_word' id='word_1_645' title='bbox 2963 1981 2979 2018; x_wconf 91' lang='lat'><strong><em>:</em></strong></span> <span class='ocrx_word' id='word_1_646' title='bbox 3034 1962 3175 2018; x_wconf 88' lang='lat' dir='ltr'>illud</span> <span class='ocrx_word' id='word_1_647' title='bbox 3237 1965 3438 2018; x_wconf 89' lang='lat' dir='ltr'>autem</span> <span class='ocrx_word' id='word_1_648' title='bbox 3471 1956 3636 2030; x_wconf 89' lang='lat' dir='ltr'>quod</span> <span class='ocrx_word' id='word_1_649' title='bbox 3665 1953 3890 2024; x_wconf 87' lang='lat' dir='ltr'>subjecit,</span> 
     </span>
    </p>
   </div>
   <div class='ocr_carea' id='block_1_85' title="bbox 2291 2047 3892 2130">
    <p class='ocr_par' dir='ltr' id='par_1_85' title="bbox 2291 2047 3892 2130">
     <span class='ocr_line' id='line_1_85' title="bbox 2291 2047 3892 2130; baseline -0.011 -16"><span class='ocrx_word' id='word_1_650' title='bbox 2291 2073 2648 2130; x_wconf 70' lang='lat' dir='ltr'>quaecumque</span> <span class='ocrx_word' id='word_1_651' title='bbox 2681 2056 2833 2111; x_wconf 62' lang='lat' dir='ltr'>bona:</span> <span class='ocrx_word' id='word_1_652' title='bbox 2858 2055 3056 2124; x_wconf 73' lang='lat' dir='ltr'>famae,</span> <span class='ocrx_word' id='word_1_653' title='bbox 3111 2050 3229 2107; x_wconf 89' lang='lat' dir='ltr'>alio</span> <span class='ocrx_word' id='word_1_654' title='bbox 3276 2064 3396 2104; x_wconf 88' lang='lat' dir='ltr'>uno</span> <span class='ocrx_word' id='word_1_655' title='bbox 3427 2047 3614 2102; x_wconf 91' lang='lat' dir='ltr'>verbo</span> <span class='ocrx_word' id='word_1_656' title='bbox 3674 2058 3892 2112; x_wconf 89' lang='lat' dir='ltr'>congruo</span> 
     </span>
    </p>
   </div>
   <div class='ocr_carea' id='block_1_86' title="bbox 2293 2133 3892 2219">
    <p class='ocr_par' dir='ltr' id='par_1_86' title="bbox 2293 2133 3892 2219">
     <span class='ocr_line' id='line_1_86' title="bbox 2293 2133 3892 2219; baseline -0.012 -16"><span class='ocrx_word' id='word_1_657' title='bbox 2293 2153 2646 2219; x_wconf 91' lang='lat' dir='ltr'>prosecutus</span> <span class='ocrx_word' id='word_1_658' title='bbox 2694 2151 2782 2201; x_wconf 87' lang='lat' dir='ltr'>est</span> <span class='ocrx_word' id='word_1_659' title='bbox 2811 2143 3089 2206; x_wconf 89' lang='lat' dir='ltr'>dicendo,</span> <span class='ocrx_word' id='word_1_660' title='bbox 3140 2142 3190 2195; x_wconf 91' lang='lat' dir='ltr'>si</span> <span class='ocrx_word' id='word_1_661' title='bbox 3217 2156 3322 2210; x_wconf 85' lang='lat' dir='ltr'>qua</span> <span class='ocrx_word' id='word_1_662' title='bbox 3357 2138 3498 2192; x_wconf 89' lang='lat' dir='ltr'>laus.</span> <span class='ocrx_word' id='word_1_663' title='bbox 3533 2133 3698 2202; x_wconf 88' lang='lat' dir='ltr'>Quod</span> <span class='ocrx_word' id='word_1_664' title='bbox 3734 2133 3892 2203; x_wconf 82' lang='lat' dir='ltr'>itaque</span> 
     </span>
    </p>
   </div>
   <div class='ocr_carea' id='block_1_87' title="bbox 2294 2229 3890 2303">
    <p class='ocr_par' dir='ltr' id='par_1_87' title="bbox 2294 2229 3890 2303">
     <span class='ocr_line' id='line_1_87' title="bbox 2294 2229 3890 2303; baseline -0.01 -10"><span class='ocrx_word' id='word_1_665' title='bbox 2294 2237 2396 2302; x_wconf 89' lang='lat' dir='ltr'>ait,</span> <span class='ocrx_word' id='word_1_666' title='bbox 2419 2237 2478 2292; x_wconf 91' lang='lat' dir='ltr'>Si</span> <span class='ocrx_word' id='word_1_667' title='bbox 2507 2234 2813 2290; x_wconf 70' lang='lat' dir='ltr'>hominibus</span> <span class='ocrx_word' id='word_1_668' title='bbox 2835 2233 3127 2303; x_wconf 87' lang='lat' dir='ltr'>placerem,</span> <span class='ocrx_word' id='word_1_669' title='bbox 3164 2229 3371 2285; x_wconf 88' lang='lat' dir='ltr'>Christi</span> <span class='ocrx_word' id='word_1_670' title='bbox 3399 2241 3589 2282; x_wconf 82' lang='lat' dir='ltr'>servus</span> <span class='ocrx_word' id='word_1_671' title='bbox 3619 2240 3718 2279; x_wconf 85' lang='lat' dir='ltr'>non</span> <span class='ocrx_word' id='word_1_672' title='bbox 3745 2238 3890 2282; x_wconf 82' lang='lat' dir='ltr'>essem,</span> 
     </span>
    </p>
   </div>
   <div class='ocr_carea' id='block_1_88' title="bbox 2295 2311 3894 2396">
    <p class='ocr_par' dir='ltr' id='par_1_88' title="bbox 2295 2311 3894 2396">
     <span class='ocr_line' id='line_1_88' title="bbox 2295 2311 3894 2396; baseline -0.011 -15"><span class='ocrx_word' id='word_1_673' title='bbox 2295 2326 2377 2380; x_wconf 92' lang='lat' dir='ltr'>sic</span> <span class='ocrx_word' id='word_1_674' title='bbox 2407 2326 2607 2396; x_wconf 89' lang='lat' dir='ltr'>utique</span> <span class='ocrx_word' id='word_1_675' title='bbox 2640 2321 3060 2395; x_wconf 89' lang='lat' dir='ltr'>accipiendum</span> <span class='ocrx_word' id='word_1_676' title='bbox 3093 2324 3382 2392; x_wconf 87' lang='lat' dir='ltr'>tanquam</span> <span class='ocrx_word' id='word_1_677' title='bbox 3412 2315 3630 2371; x_wconf 83' lang='lat' dir='ltr'>dixerit</span> <span class='ocrx_word' id='word_1_678' title='bbox 3665 2330 3677 2370; x_wconf 91' lang='lat'>:</span> <span class='ocrx_word' id='word_1_679' title='bbox 3707 2311 3894 2368; x_wconf 83' lang='lat' dir='ltr'>Sibona</span> 
     </span>
    </p>
   </div>
   <div class='ocr_carea' id='block_1_89' title="bbox 2295 2398 3889 2486">
    <p class='ocr_par' dir='ltr' id='par_1_89' title="bbox 2295 2398 3889 2486">
     <span class='ocr_line' id='line_1_89' title="bbox 2295 2398 3889 2486; baseline -0.011 -15"><span class='ocrx_word' id='word_1_680' title='bbox 2295 2430 2430 2486; x_wconf 80' lang='lat' dir='ltr'>quae</span> <span class='ocrx_word' id='word_1_681' title='bbox 2469 2413 2644 2482; x_wconf 90' lang='lat' dir='ltr'>facio,</span> <span class='ocrx_word' id='word_1_682' title='bbox 2690 2413 2804 2468; x_wconf 87' lang='lat' dir='ltr'>ﬁne</span> <span class='ocrx_word' id='word_1_683' title='bbox 2859 2409 3056 2466; x_wconf 90' lang='lat' dir='ltr'>laudis</span> <span class='ocrx_word' id='word_1_684' title='bbox 3086 2408 3372 2464; x_wconf 67' lang='lat' dir='ltr'>humanae</span> <span class='ocrx_word' id='word_1_685' title='bbox 3416 2404 3701 2468; x_wconf 88' lang='lat' dir='ltr'>facerem,</span> <span class='ocrx_word' id='word_1_686' title='bbox 3736 2398 3889 2457; x_wconf 83' lang='lat' dir='ltr'>laudis</span> 
     </span>
    </p>
   </div>
   <div class='ocr_carea' id='block_1_90' title="bbox 2296 2490 3893 2566">
    <p class='ocr_par' dir='ltr' id='par_1_90' title="bbox 2296 2490 3893 2566">
     <span class='ocr_line' id='line_1_90' title="bbox 2296 2490 3893 2566; baseline -0.011 -7"><span class='ocrx_word' id='word_1_687' title='bbox 2296 2519 2504 2560; x_wconf 82' lang='lat' dir='ltr'>amore</span> <span class='ocrx_word' id='word_1_688' title='bbox 2527 2508 2943 2558; x_wconf 87' lang='lat' dir='ltr'>tumescerem.</span> <span class='ocrx_word' id='word_1_689' title='bbox 2964 2497 3210 2554; x_wconf 85' lang='lat' dir='ltr'>Volebat</span> <span class='ocrx_word' id='word_1_690' title='bbox 3228 2511 3369 2566; x_wconf 91' lang='lat' dir='ltr'>ergo</span> <span class='ocrx_word' id='word_1_691' title='bbox 3383 2493 3698 2566; x_wconf 84' lang='lat' dir='ltr'>Apostolus</span> <span class='ocrx_word' id='word_1_692' title='bbox 3712 2490 3893 2562; x_wconf 83' lang='lat' dir='ltr'>placere</span> 
     </span>
    </p>
   </div>
   <div class='ocr_carea' id='block_1_91' title="bbox 2297 2584 3893 2661">
    <p class='ocr_par' dir='ltr' id='par_1_91' title="bbox 2297 2584 3893 2661">
     <span class='ocr_line' id='line_1_91' title="bbox 2297 2584 3893 2661; baseline -0.011 -13"><span class='ocrx_word' id='word_1_693' title='bbox 2297 2591 2602 2656; x_wconf 89' lang='lat' dir='ltr'>omnibus,</span> <span class='ocrx_word' id='word_1_694' title='bbox 2635 2596 2691 2646; x_wconf 92' lang='lat' dir='ltr'>et</span> <span class='ocrx_word' id='word_1_695' title='bbox 2728 2591 2812 2646; x_wconf 91' lang='lat' dir='ltr'>eis</span> <span class='ocrx_word' id='word_1_696' title='bbox 2846 2588 3080 2661; x_wconf 90' lang='lat' dir='ltr'>placere</span> <span class='ocrx_word' id='word_1_697' title='bbox 3127 2584 3451 2657; x_wconf 84' lang='lat' dir='ltr'>gaudebat,</span> <span class='ocrx_word' id='word_1_698' title='bbox 3511 2597 3634 2638; x_wconf 90' lang='lat' dir='ltr'>non</span> <span class='ocrx_word' id='word_1_699' title='bbox 3685 2591 3893 2651; x_wconf 86' lang='lat' dir='ltr'>quorum</span> 
     </span>
    </p>
   </div>
   <div class='ocr_carea' id='block_1_92' title="bbox 2291 2667 3893 2746">
    <p class='ocr_par' dir='ltr' id='par_1_92' title="bbox 2291 2667 3893 2746">
     <span class='ocr_line' id='line_1_92' title="bbox 2291 2667 3893 2746; baseline -0.011 -9"><span class='ocrx_word' id='word_1_700' title='bbox 2291 2680 2575 2737; x_wconf 90' lang='lat' dir='ltr'>laudibus</span> <span class='ocrx_word' id='word_1_701' title='bbox 2603 2678 2970 2734; x_wconf 90' lang='lat' dir='ltr'>tumescebat</span> <span class='ocrx_word' id='word_1_702' title='bbox 2995 2676 3054 2731; x_wconf 88' lang='lat' dir='ltr'>in</span> <span class='ocrx_word' id='word_1_703' title='bbox 3089 2675 3308 2746; x_wconf 90' lang='lat' dir='ltr'>seipso,</span> <span class='ocrx_word' id='word_1_704' title='bbox 3351 2671 3454 2728; x_wconf 90' lang='lat' dir='ltr'>sed</span> <span class='ocrx_word' id='word_1_705' title='bbox 3478 2686 3635 2743; x_wconf 91' lang='lat' dir='ltr'>quos</span> <span class='ocrx_word' id='word_1_706' title='bbox 3667 2667 3893 2723; x_wconf 88' lang='lat' dir='ltr'>laudatus</span> 
     </span>
    </p>
   </div>
   <div class='ocr_carea' id='block_1_93' title="bbox 2296 2756 3894 2832">
    <p class='ocr_par' dir='ltr' id='par_1_93' title="bbox 2296 2756 3894 2832">
     <span class='ocr_line' id='line_1_93' title="bbox 2296 2756 3894 2832; baseline -0.011 -7"><span class='ocrx_word' id='word_1_707' title='bbox 2296 2769 2630 2825; x_wconf 79' lang='lat' dir='ltr'>aediﬁcabat</span> <span class='ocrx_word' id='word_1_708' title='bbox 2675 2769 2734 2824; x_wconf 91' lang='lat' dir='ltr'>in</span> <span class='ocrx_word' id='word_1_709' title='bbox 2780 2766 3024 2823; x_wconf 89' lang='lat' dir='ltr'>Christo.</span> <span class='ocrx_word' id='word_1_710' title='bbox 3077 2766 3191 2821; x_wconf 90' lang='lat' dir='ltr'>Cur</span> <span class='ocrx_word' id='word_1_711' title='bbox 3223 2777 3365 2832; x_wconf 92' lang='lat' dir='ltr'>ergo</span> <span class='ocrx_word' id='word_1_712' title='bbox 3420 2776 3520 2816; x_wconf 92' lang='lat' dir='ltr'>me</span> <span class='ocrx_word' id='word_1_713' title='bbox 3550 2774 3669 2815; x_wconf 88' lang='lat' dir='ltr'>non</span> <span class='ocrx_word' id='word_1_714' title='bbox 3694 2756 3894 2812; x_wconf 88' lang='lat' dir='ltr'>delectet</span> 
     </span>
    </p>
   </div>
   <div class='ocr_carea' id='block_1_94' title="bbox 2294 2844 3887 2923">
    <p class='ocr_par' dir='ltr' id='par_1_94' title="bbox 2294 2844 3887 2923">
     <span class='ocr_line' id='line_1_94' title="bbox 2294 2844 3887 2923; baseline -0.011 -8"><span class='ocrx_word' id='word_1_715' title='bbox 2294 2858 2529 2916; x_wconf 90' lang='lat' dir='ltr'>laudari</span> <span class='ocrx_word' id='word_1_716' title='bbox 2561 2858 2670 2914; x_wconf 90' lang='lat' dir='ltr'>abs</span> <span class='ocrx_word' id='word_1_717' title='bbox 2711 2861 2785 2923; x_wconf 90' lang='lat' dir='ltr'>te,</span> <span class='ocrx_word' id='word_1_718' title='bbox 2813 2872 2949 2912; x_wconf 93' lang='lat' dir='ltr'>cum</span> <span class='ocrx_word' id='word_1_719' title='bbox 2980 2859 3034 2910; x_wconf 92' lang='lat' dir='ltr'>et</span> <span class='ocrx_word' id='word_1_720' title='bbox 3062 2853 3150 2909; x_wconf 90' lang='lat' dir='ltr'>vir</span> <span class='ocrx_word' id='word_1_721' title='bbox 3175 2851 3372 2908; x_wconf 91' lang='lat' dir='ltr'>bonus</span> <span class='ocrx_word' id='word_1_722' title='bbox 3406 2851 3494 2905; x_wconf 90' lang='lat' dir='ltr'>sis</span> <span class='ocrx_word' id='word_1_723' title='bbox 3524 2865 3598 2905; x_wconf 92' lang='lat' dir='ltr'>ne</span> <span class='ocrx_word' id='word_1_724' title='bbox 3627 2864 3713 2903; x_wconf 89' lang='lat' dir='ltr'>me</span> <span class='ocrx_word' id='word_1_725' title='bbox 3742 2844 3887 2905; x_wconf 82' lang='lat' dir='ltr'>fallas,</span> 
     </span>
    </p>
   </div>
   <div class='ocr_carea' id='block_1_95' title="bbox 2297 2937 3893 3019">
    <p class='ocr_par' dir='ltr' id='par_1_95' title="bbox 2297 2937 3893 3019">
     <span class='ocr_line' id='line_1_95' title="bbox 2297 2937 3893 3019; baseline -0.012 -14"><span class='ocrx_word' id='word_1_726' title='bbox 2297 2956 2351 3004; x_wconf 89' lang='lat' dir='ltr'>et</span> <span class='ocrx_word' id='word_1_727' title='bbox 2375 2964 2446 3004; x_wconf 90' lang='lat' dir='ltr'>ea</span> <span class='ocrx_word' id='word_1_728' title='bbox 2473 2947 2684 3004; x_wconf 87' lang='lat' dir='ltr'>laudes</span> <span class='ocrx_word' id='word_1_729' title='bbox 2715 2962 2850 3019; x_wconf 73' lang='lat' dir='ltr'>quae</span> <span class='ocrx_word' id='word_1_730' title='bbox 2879 2960 3065 3008; x_wconf 91' lang='lat' dir='ltr'>ames,</span> <span class='ocrx_word' id='word_1_731' title='bbox 3095 2947 3151 2998; x_wconf 92' lang='lat' dir='ltr'>et</span> <span class='ocrx_word' id='word_1_732' title='bbox 3175 2957 3310 3014; x_wconf 61' lang='lat' dir='ltr'>quin</span> <span class='ocrx_word' id='word_1_733' title='bbox 3339 2955 3549 2997; x_wconf 89' lang='lat' dir='ltr'>amare</span> <span class='ocrx_word' id='word_1_734' title='bbox 3580 2937 3711 2994; x_wconf 87' lang='lat' dir='ltr'>utile</span> <span class='ocrx_word' id='word_1_735' title='bbox 3739 2950 3799 2990; x_wconf 89' lang='lat' dir='ltr'>ac</span> <span class='ocrx_word' id='word_1_736' title='bbox 3822 2947 3893 2986; x_wconf 85' lang='lat' dir='ltr'>sa-</span> 
     </span>
    </p>
   </div>
   <div class='ocr_carea' id='block_1_96' title="bbox 2296 3020 3891 3102">
    <p class='ocr_par' dir='ltr' id='par_1_96' title="bbox 2296 3020 3891 3102">
     <span class='ocr_line' id='line_1_96' title="bbox 2296 3020 3891 3102; baseline -0.012 -10"><span class='ocrx_word' id='word_1_737' title='bbox 2296 3037 2466 3093; x_wconf 90' lang='lat' dir='ltr'>lubre</span> <span class='ocrx_word' id='word_1_738' title='bbox 2482 3041 2588 3102; x_wconf 88' lang='lat' dir='ltr'>est,</span> <span class='ocrx_word' id='word_1_739' title='bbox 2622 3035 2855 3092; x_wconf 90' lang='lat' dir='ltr'>etiamsi</span> <span class='ocrx_word' id='word_1_740' title='bbox 2885 3049 3006 3089; x_wconf 92' lang='lat' dir='ltr'>non</span> <span class='ocrx_word' id='word_1_741' title='bbox 3040 3033 3160 3087; x_wconf 92' lang='lat' dir='ltr'>sint</span> <span class='ocrx_word' id='word_1_742' title='bbox 3201 3032 3260 3086; x_wconf 87' lang='lat' dir='ltr'>in</span> <span class='ocrx_word' id='word_1_743' title='bbox 3289 3045 3384 3084; x_wconf 91' lang='lat' dir='ltr'>me</span> <span class='ocrx_word' id='word_1_744' title='bbox 3405 3029 3430 3081; x_wconf 81' lang='lat'>‘?</span> <span class='ocrx_word' id='word_1_745' title='bbox 3475 3043 3670 3100; x_wconf 91' lang='lat' dir='ltr'>neque</span> <span class='ocrx_word' id='word_1_746' title='bbox 3698 3026 3795 3080; x_wconf 91' lang='lat' dir='ltr'>hoc</span> <span class='ocrx_word' id='word_1_747' title='bbox 3816 3020 3891 3076; x_wconf 88' lang='lat' dir='ltr'>tibi</span> 
     </span>
    </p>
   </div>
   <div class='ocr_carea' id='block_1_97' title="bbox 2296 3110 3891 3193">
    <p class='ocr_par' dir='ltr' id='par_1_97' title="bbox 2296 3110 3891 3193">
     <span class='ocr_line' id='line_1_97' title="bbox 2296 3110 3891 3193; baseline -0.013 -10"><span class='ocrx_word' id='word_1_748' title='bbox 2296 3131 2548 3190; x_wconf 90' lang='lat' dir='ltr'>tantum,</span> <span class='ocrx_word' id='word_1_749' title='bbox 2575 3126 2679 3181; x_wconf 92' lang='lat' dir='ltr'>sed</span> <span class='ocrx_word' id='word_1_750' title='bbox 2693 3124 2871 3180; x_wconf 91' lang='lat' dir='ltr'>etiam</span> <span class='ocrx_word' id='word_1_751' title='bbox 2891 3122 3033 3178; x_wconf 91' lang='lat' dir='ltr'>mihi</span> <span class='ocrx_word' id='word_1_752' title='bbox 3049 3119 3314 3193; x_wconf 89' lang='lat' dir='ltr'>prodest.</span> <span class='ocrx_word' id='word_1_753' title='bbox 3339 3120 3392 3174; x_wconf 93' lang='lat' dir='ltr'>Si</span> <span class='ocrx_word' id='word_1_754' title='bbox 3410 3118 3576 3173; x_wconf 89' lang='lat' dir='ltr'>enim</span> <span class='ocrx_word' id='word_1_755' title='bbox 3592 3131 3705 3171; x_wconf 92' lang='lat' dir='ltr'>non</span> <span class='ocrx_word' id='word_1_756' title='bbox 3725 3110 3891 3168; x_wconf 87' lang='lat' dir='ltr'>suntin</span> 
     </span>
    </p>
   </div>
   <div class='ocr_carea' id='block_1_98' title="bbox 2294 3205 3892 3282">
    <p class='ocr_par' dir='ltr' id='par_1_98' title="bbox 2294 3205 3892 3282">
     <span class='ocr_line' id='line_1_98' title="bbox 2294 3205 3892 3282; baseline -0.013 -9"><span class='ocrx_word' id='word_1_757' title='bbox 2294 3232 2412 3281; x_wconf 91' lang='lat' dir='ltr'>me,</span> <span class='ocrx_word' id='word_1_758' title='bbox 2440 3215 2752 3272; x_wconf 91' lang='lat' dir='ltr'>salubriter</span> <span class='ocrx_word' id='word_1_759' title='bbox 2764 3213 3068 3276; x_wconf 91' lang='lat' dir='ltr'>erubesco,</span> <span class='ocrx_word' id='word_1_760' title='bbox 3095 3217 3274 3282; x_wconf 89' lang='lat' dir='ltr'>atque</span> <span class='ocrx_word' id='word_1_761' title='bbox 3290 3212 3352 3264; x_wconf 89' lang='lat' dir='ltr'>ut</span> <span class='ocrx_word' id='word_1_762' title='bbox 3369 3208 3489 3264; x_wconf 91' lang='lat' dir='ltr'>sint</span> <span class='ocrx_word' id='word_1_763' title='bbox 3513 3206 3819 3263; x_wconf 89' lang='lat' dir='ltr'>inardesco.</span> <span class='ocrx_word' id='word_1_764' title='bbox 3838 3205 3892 3253; x_wconf 74' lang='lat' dir='ltr'>Ac</span> 
     </span>
    </p>
   </div>
   <div class='ocr_carea' id='block_1_99' title="bbox 2294 3293 3891 3378">
    <p class='ocr_par' dir='ltr' id='par_1_99' title="bbox 2294 3293 3891 3378">
     <span class='ocr_line' id='line_1_99' title="bbox 2294 3293 3891 3378; baseline -0.011 -16"><span class='ocrx_word' id='word_1_765' title='bbox 2294 3322 2400 3378; x_wconf 91' lang='lat' dir='ltr'>per</span> <span class='ocrx_word' id='word_1_766' title='bbox 2446 3305 2611 3378; x_wconf 90' lang='lat' dir='ltr'>quod</span> <span class='ocrx_word' id='word_1_767' title='bbox 2641 3318 2906 3374; x_wconf 91' lang='lat' dir='ltr'>agnosco</span> <span class='ocrx_word' id='word_1_768' title='bbox 2937 3316 3072 3357; x_wconf 91' lang='lat' dir='ltr'>mea</span> <span class='ocrx_word' id='word_1_769' title='bbox 3101 3301 3160 3355; x_wconf 89' lang='lat' dir='ltr'>in</span> <span class='ocrx_word' id='word_1_770' title='bbox 3213 3298 3392 3355; x_wconf 89' lang='lat' dir='ltr'>laude</span> <span class='ocrx_word' id='word_1_771' title='bbox 3424 3302 3551 3365; x_wconf 90' lang='lat' dir='ltr'>tua,</span> <span class='ocrx_word' id='word_1_772' title='bbox 3581 3293 3792 3365; x_wconf 84' lang='lat' dir='ltr'>gaudeo</span> <span class='ocrx_word' id='word_1_773' title='bbox 3824 3303 3891 3344; x_wconf 88' lang='lat' dir='ltr'>me</span> 
     </span>
    </p>
   </div>
   <div class='ocr_carea' id='block_1_100' title="bbox 2295 3385 3893 3461">
    <p class='ocr_par' dir='ltr' id='par_1_100' title="bbox 2295 3385 3893 3461">
     <span class='ocr_line' id='line_1_100' title="bbox 2295 3385 3893 3461; baseline -0.013 -9"><span class='ocrx_word' id='word_1_774' title='bbox 2295 3396 2537 3461; x_wconf 88' lang='lat' dir='ltr'>habere,</span> <span class='ocrx_word' id='word_1_775' title='bbox 2562 3400 2617 3450; x_wconf 90' lang='lat' dir='ltr'>et</span> <span class='ocrx_word' id='word_1_776' title='bbox 2647 3395 2756 3449; x_wconf 90' lang='lat' dir='ltr'>abs</span> <span class='ocrx_word' id='word_1_777' title='bbox 2792 3397 2846 3448; x_wconf 91' lang='lat' dir='ltr'>te</span> <span class='ocrx_word' id='word_1_778' title='bbox 2889 3391 3012 3447; x_wconf 91' lang='lat' dir='ltr'>illla</span> <span class='ocrx_word' id='word_1_779' title='bbox 3064 3406 3134 3445; x_wconf 89' lang='lat' dir='ltr'>ac</span> <span class='ocrx_word' id='word_1_780' title='bbox 3177 3388 3480 3460; x_wconf 90' lang='lat' dir='ltr'>meipsum</span> <span class='ocrx_word' id='word_1_781' title='bbox 3511 3385 3675 3455; x_wconf 86' lang='lat' dir='ltr'>diligi</span> <span class='ocrx_word' id='word_1_782' title='bbox 3703 3387 3893 3456; x_wconf 87' lang='lat' dir='ltr'>propter</span> 
     </span>
    </p>
   </div>
   <div class='ocr_carea' id='block_1_101' title="bbox 2296 3469 3891 3555">
    <p class='ocr_par' dir='ltr' id='par_1_101' title="bbox 2296 3469 3891 3555">
     <span class='ocr_line' id='line_1_101' title="bbox 2296 3469 3891 3555; baseline -0.012 -14"><span class='ocrx_word' id='word_1_783' title='bbox 2296 3485 2396 3541; x_wconf 91' lang='lat' dir='ltr'>illa</span> <span class='ocrx_word' id='word_1_784' title='bbox 2428 3504 2440 3544; x_wconf 87' lang='lat'><strong>:</strong></span> <span class='ocrx_word' id='word_1_785' title='bbox 2475 3500 2610 3555; x_wconf 71' lang='lat' dir='ltr'>quae</span> <span class='ocrx_word' id='word_1_786' title='bbox 2637 3487 2836 3538; x_wconf 91' lang='lat' dir='ltr'>autem</span> <span class='ocrx_word' id='word_1_787' title='bbox 2864 3496 2985 3536; x_wconf 89' lang='lat' dir='ltr'>non</span> <span class='ocrx_word' id='word_1_788' title='bbox 3008 3493 3297 3550; x_wconf 90' lang='lat' dir='ltr'>agnosco,</span> <span class='ocrx_word' id='word_1_789' title='bbox 3331 3490 3450 3532; x_wconf 92' lang='lat' dir='ltr'>non</span> <span class='ocrx_word' id='word_1_790' title='bbox 3501 3474 3693 3530; x_wconf 90' lang='lat' dir='ltr'>solum</span> <span class='ocrx_word' id='word_1_791' title='bbox 3721 3475 3776 3526; x_wconf 92' lang='lat' dir='ltr'>ut</span> <span class='ocrx_word' id='word_1_792' title='bbox 3800 3469 3891 3538; x_wconf 85' lang='lat' dir='ltr'>ipse</span> 
     </span>
    </p>
   </div>
   <div class='ocr_carea' id='block_1_102' title="bbox 2296 3567 3893 3641">
    <p class='ocr_par' dir='ltr' id='par_1_102' title="bbox 2296 3567 3893 3641">
     <span class='ocr_line' id='line_1_102' title="bbox 2296 3567 3893 3641; baseline -0.013 -10"><span class='ocrx_word' id='word_1_793' title='bbox 2296 3575 2578 3636; x_wconf 88' lang='lat' dir='ltr'>habeam,</span> <span class='ocrx_word' id='word_1_794' title='bbox 2602 3572 2875 3628; x_wconf 88' lang='lat' dir='ltr'>desidero</span> <span class='ocrx_word' id='word_1_795' title='bbox 2890 3569 3194 3641; x_wconf 86' lang='lat' dir='ltr'>consequi,</span> <span class='ocrx_word' id='word_1_796' title='bbox 3212 3582 3420 3623; x_wconf 85' lang='lat' dir='ltr'>verum</span> <span class='ocrx_word' id='word_1_797' title='bbox 3434 3567 3619 3621; x_wconf 87' lang='lat' dir='ltr'>etiam</span> <span class='ocrx_word' id='word_1_798' title='bbox 3633 3579 3702 3619; x_wconf 91' lang='lat' dir='ltr'>ne</span> <span class='ocrx_word' id='word_1_799' title='bbox 3714 3573 3893 3630; x_wconf 83' lang='lat' dir='ltr'>semper</span> 
     </span>
    </p>
   </div>
   <div class='ocr_carea' id='block_1_103' title="bbox 2297 3651 3890 3730">
    <p class='ocr_par' dir='ltr' id='par_1_103' title="bbox 2297 3651 3890 3730">
     <span class='ocr_line' id='line_1_103' title="bbox 2297 3651 3890 3730; baseline -0.013 -9"><span class='ocrx_word' id='word_1_800' title='bbox 2297 3666 2358 3721; x_wconf 89' lang='lat' dir='ltr'>in</span> <span class='ocrx_word' id='word_1_801' title='bbox 2391 3662 2713 3719; x_wconf 89' lang='lat' dir='ltr'>mealaude</span> <span class='ocrx_word' id='word_1_802' title='bbox 2742 3660 3041 3723; x_wconf 81' lang='lat' dir='ltr'>fallantur,</span> <span class='ocrx_word' id='word_1_803' title='bbox 3074 3658 3176 3730; x_wconf 86' lang='lat' dir='ltr'>qui</span> <span class='ocrx_word' id='word_1_804' title='bbox 3211 3672 3307 3712; x_wconf 94' lang='lat' dir='ltr'>me</span> <span class='ocrx_word' id='word_1_805' title='bbox 3339 3655 3647 3711; x_wconf 91' lang='lat' dir='ltr'>sinceriter</span> <span class='ocrx_word' id='word_1_806' title='bbox 3671 3651 3890 3720; x_wconf 87' lang='lat' dir='ltr'>diligunt.</span> 
     </span>
    </p>
   </div>
   <div class='ocr_carea' id='block_1_104' title="bbox 2371 3769 3892 3861">
    <p class='ocr_par' dir='ltr' id='par_1_104' title="bbox 2371 3769 3892 3861">
     <span class='ocr_line' id='line_1_104' title="bbox 2371 3769 3892 3861; baseline -0.014 -14"><span class='ocrx_word' id='word_1_807' title='bbox 2371 3796 2418 3847; x_wconf 82' lang='lat'>5.</span> <span class='ocrx_word' id='word_1_808' title='bbox 2447 3792 2587 3845; x_wconf 88' lang='lat' dir='ltr'>Ecce</span> <span class='ocrx_word' id='word_1_809' title='bbox 2618 3803 2805 3861; x_wconf 90' lang='lat' dir='ltr'>quam</span> <span class='ocrx_word' id='word_1_810' title='bbox 2840 3785 3027 3842; x_wconf 90' lang='lat' dir='ltr'>multa</span> <span class='ocrx_word' id='word_1_811' title='bbox 3060 3783 3202 3851; x_wconf 87' lang='lat' dir='ltr'>dixi,</span> <span class='ocrx_word' id='word_1_812' title='bbox 3237 3789 3291 3838; x_wconf 92' lang='lat' dir='ltr'>et</span> <span class='ocrx_word' id='word_1_813' title='bbox 3319 3780 3466 3854; x_wconf 90' lang='lat' dir='ltr'>quid</span> <span class='ocrx_word' id='word_1_814' title='bbox 3505 3781 3581 3837; x_wconf 90' lang='lat' dir='ltr'>sit</span> <span class='ocrx_word' id='word_1_815' title='bbox 3611 3777 3743 3835; x_wconf 93' lang='lat' dir='ltr'>illud</span> <span class='ocrx_word' id='word_1_816' title='bbox 3768 3769 3892 3847; x_wconf 88' lang='lat' dir='ltr'>quod</span> 
     </span>
    </p>
   </div>
   <div class='ocr_carea' id='block_1_105' title="bbox 2299 3863 3895 3949">
    <p class='ocr_par' dir='ltr' id='par_1_105' title="bbox 2299 3863 3895 3949">
     <span class='ocr_line' id='line_1_105' title="bbox 2299 3863 3895 3949; baseline -0.014 -12"><span class='ocrx_word' id='word_1_817' title='bbox 2299 3897 2394 3937; x_wconf 92' lang='lat' dir='ltr'>me</span> <span class='ocrx_word' id='word_1_818' title='bbox 2423 3880 2599 3948; x_wconf 89' lang='lat' dir='ltr'>longe</span> <span class='ocrx_word' id='word_1_819' title='bbox 2631 3877 2887 3949; x_wconf 90' lang='lat' dir='ltr'>amplius</span> <span class='ocrx_word' id='word_1_820' title='bbox 2913 3874 3148 3947; x_wconf 89' lang='lat' dir='ltr'>eloquio</span> <span class='ocrx_word' id='word_1_821' title='bbox 3179 3878 3300 3938; x_wconf 92' lang='lat' dir='ltr'>tuo,</span> <span class='ocrx_word' id='word_1_822' title='bbox 3328 3872 3508 3941; x_wconf 90' lang='lat' dir='ltr'>longe</span> <span class='ocrx_word' id='word_1_823' title='bbox 3538 3867 3780 3940; x_wconf 87' lang='lat' dir='ltr'>amplius</span> <span class='ocrx_word' id='word_1_824' title='bbox 3805 3863 3895 3918; x_wconf 86' lang='lat' dir='ltr'>lau-</span> 
     </span>
    </p>
   </div>
   <div class='ocr_carea' id='block_1_106' title="bbox 2299 3950 3892 4028">
    <p class='ocr_par' dir='ltr' id='par_1_106' title="bbox 2299 3950 3892 4028">
     <span class='ocr_line' id='line_1_106' title="bbox 2299 3950 3892 4028; baseline -0.014 -3"><span class='ocrx_word' id='word_1_825' title='bbox 2299 3970 2476 4025; x_wconf 90' lang='lat' dir='ltr'>dibus</span> <span class='ocrx_word' id='word_1_826' title='bbox 2501 3968 2647 4024; x_wconf 92' lang='lat' dir='ltr'>meis</span> <span class='ocrx_word' id='word_1_827' title='bbox 2665 3962 3560 4028; x_wconf 87' lang='lat' dir='ltr'>intuislitterisdelectavit,non</span> <span class='ocrx_word' id='word_1_828' title='bbox 3589 3958 3768 4015; x_wconf 89' lang='lat' dir='ltr'>adhuc</span> <span class='ocrx_word' id='word_1_829' title='bbox 3787 3950 3892 4007; x_wconf 82' lang='lat' dir='ltr'>dixi.</span> 
     </span>
    </p>
   </div>
   <div class='ocr_carea' id='block_1_107' title="bbox 2301 4040 3894 4128">
    <p class='ocr_par' dir='ltr' id='par_1_107' title="bbox 2301 4040 3894 4128">
     <span class='ocr_line' id='line_1_107' title="bbox 2301 4040 3894 4128; baseline -0.012 -14"><span class='ocrx_word' id='word_1_830' title='bbox 2301 4059 2451 4127; x_wconf 91' lang='lat' dir='ltr'>Quid</span> <span class='ocrx_word' id='word_1_831' title='bbox 2478 4063 2679 4114; x_wconf 89' lang='lat' dir='ltr'>autem</span> <span class='ocrx_word' id='word_1_832' title='bbox 2711 4060 2888 4128; x_wconf 92' lang='lat' dir='ltr'>putas</span> <span class='ocrx_word' id='word_1_833' title='bbox 2921 4069 3075 4123; x_wconf 92' lang='lat' dir='ltr'>esse,</span> <span class='ocrx_word' id='word_1_834' title='bbox 3095 4069 3130 4108; x_wconf 96' lang='lat' dir='ltr'>o</span> <span class='ocrx_word' id='word_1_835' title='bbox 3159 4052 3316 4108; x_wconf 90' lang='lat' dir='ltr'>bone</span> <span class='ocrx_word' id='word_1_836' title='bbox 3347 4051 3556 4116; x_wconf 88' lang='lat' dir='ltr'>homo,</span> <span class='ocrx_word' id='word_1_837' title='bbox 3584 4047 3690 4103; x_wconf 88' lang='lat' dir='ltr'>nisi</span> <span class='ocrx_word' id='word_1_838' title='bbox 3714 4040 3894 4117; x_wconf 75' lang='lat' dir='ltr'>quodie</span> 
     </span>
    </p>
   </div>
   <div class='ocr_carea' id='block_1_108' title="bbox 2300 4135 3896 4215">
    <p class='ocr_par' dir='ltr' id='par_1_108' title="bbox 2300 4135 3896 4215">
     <span class='ocr_line' id='line_1_108' title="bbox 2300 4135 3896 4215; baseline -0.013 -11"><span class='ocrx_word' id='word_1_839' title='bbox 2300 4148 2478 4204; x_wconf 90' lang='lat' dir='ltr'>talem</span> <span class='ocrx_word' id='word_1_840' title='bbox 2501 4147 2720 4215; x_wconf 90' lang='lat' dir='ltr'>virum,</span> <span class='ocrx_word' id='word_1_841' title='bbox 2751 4150 2807 4200; x_wconf 93' lang='lat' dir='ltr'>et</span> <span class='ocrx_word' id='word_1_842' title='bbox 2837 4159 2956 4199; x_wconf 90' lang='lat' dir='ltr'>non</span> <span class='ocrx_word' id='word_1_843' title='bbox 2983 4142 3178 4197; x_wconf 86' lang='lat' dir='ltr'>visum</span> <span class='ocrx_word' id='word_1_844' title='bbox 3198 4141 3306 4197; x_wconf 85' lang='lat' dir='ltr'>feci</span> <span class='ocrx_word' id='word_1_845' title='bbox 3339 4141 3606 4196; x_wconf 88' lang='lat' dir='ltr'>amicum</span> <span class='ocrx_word' id='word_1_846' title='bbox 3643 4135 3719 4203; x_wconf 87' lang='lat' dir='ltr'>;si</span> <span class='ocrx_word' id='word_1_847' title='bbox 3744 4140 3896 4189; x_wconf 88' lang='lat' dir='ltr'>tamen</span> 
     </span>
    </p>
   </div>
   <div class='ocr_carea' id='block_1_109' title="bbox 2301 4217 3896 4302">
    <p class='ocr_par' dir='ltr' id='par_1_109' title="bbox 2301 4217 3896 4302">
     <span class='ocr_line' id='line_1_109' title="bbox 2301 4217 3896 4302; baseline -0.011 -9"><span class='ocrx_word' id='word_1_848' title='bbox 2301 4253 2423 4293; x_wconf 88' lang='lat' dir='ltr'>non</span> <span class='ocrx_word' id='word_1_849' title='bbox 2447 4237 2644 4291; x_wconf 90' lang='lat' dir='ltr'>visum</span> <span class='ocrx_word' id='word_1_850' title='bbox 2661 4234 2857 4290; x_wconf 91' lang='lat' dir='ltr'>dicere</span> <span class='ocrx_word' id='word_1_851' title='bbox 2871 4232 3085 4295; x_wconf 91' lang='lat' dir='ltr'>debeo,</span> <span class='ocrx_word' id='word_1_852' title='bbox 3112 4231 3284 4302; x_wconf 89' lang='lat' dir='ltr'>cujus</span> <span class='ocrx_word' id='word_1_853' title='bbox 3297 4245 3419 4285; x_wconf 92' lang='lat' dir='ltr'>non</span> <span class='ocrx_word' id='word_1_854' title='bbox 3435 4243 3675 4300; x_wconf 89' lang='lat' dir='ltr'>corpus,</span> <span class='ocrx_word' id='word_1_855' title='bbox 3703 4222 3792 4278; x_wconf 86' lang='lat' dir='ltr'>sed</span> <span class='ocrx_word' id='word_1_856' title='bbox 3804 4217 3896 4275; x_wconf 82' lang='lat' dir='ltr'>ani-</span> 
     </span>
    </p>
   </div>
   <div class='ocr_carea' id='block_1_110' title="bbox 2300 4308 3892 4395">
    <p class='ocr_par' dir='ltr' id='par_1_110' title="bbox 2300 4308 3892 4395">
     <span class='ocr_line' id='line_1_110' title="bbox 2300 4308 3892 4395; baseline -0.013 -13"><span class='ocrx_word' id='word_1_857' title='bbox 2300 4343 2466 4382; x_wconf 90' lang='lat' dir='ltr'>mam</span> <span class='ocrx_word' id='word_1_858' title='bbox 2491 4326 2550 4380; x_wconf 90' lang='lat' dir='ltr'>in</span> <span class='ocrx_word' id='word_1_859' title='bbox 2579 4325 2722 4395; x_wconf 87' lang='lat' dir='ltr'>ipsis</span> <span class='ocrx_word' id='word_1_860' title='bbox 2745 4323 2858 4379; x_wconf 91' lang='lat' dir='ltr'>tuis</span> <span class='ocrx_word' id='word_1_861' title='bbox 2883 4322 3092 4378; x_wconf 90' lang='lat' dir='ltr'>litteris</span> <span class='ocrx_word' id='word_1_862' title='bbox 3125 4319 3266 4383; x_wconf 91' lang='lat' dir='ltr'>vidi,</span> <span class='ocrx_word' id='word_1_863' title='bbox 3299 4318 3400 4374; x_wconf 88' lang='lat' dir='ltr'>ubi</span> <span class='ocrx_word' id='word_1_864' title='bbox 3432 4318 3508 4373; x_wconf 90' lang='lat' dir='ltr'>de</span> <span class='ocrx_word' id='word_1_865' title='bbox 3536 4322 3612 4381; x_wconf 92' lang='lat' dir='ltr'>te,</span> <span class='ocrx_word' id='word_1_866' title='bbox 3645 4328 3754 4370; x_wconf 87' lang='lat' dir='ltr'>non</span> <span class='ocrx_word' id='word_1_867' title='bbox 3779 4308 3892 4364; x_wconf 90' lang='lat' dir='ltr'>sicut</span> 
     </span>
    </p>
   </div>
   <div class='ocr_carea' id='block_1_111' title="bbox 2302 4397 3894 4477">
    <p class='ocr_par' dir='ltr' id='par_1_111' title="bbox 2302 4397 3894 4477">
     <span class='ocr_line' id='line_1_111' title="bbox 2302 4397 3894 4477; baseline -0.013 -5"><span class='ocrx_word' id='word_1_868' title='bbox 2302 4419 2478 4472; x_wconf 89' lang='lat' dir='ltr'>antea</span> <span class='ocrx_word' id='word_1_869' title='bbox 2513 4413 2793 4470; x_wconf 86' lang='lat' dir='ltr'>fratribus</span> <span class='ocrx_word' id='word_1_870' title='bbox 2817 4411 2985 4477; x_wconf 90' lang='lat' dir='ltr'>meis,</span> <span class='ocrx_word' id='word_1_871' title='bbox 3021 4409 3126 4465; x_wconf 88' lang='lat' dir='ltr'>sed</span> <span class='ocrx_word' id='word_1_872' title='bbox 3141 4408 3286 4465; x_wconf 90' lang='lat' dir='ltr'>mihi</span> <span class='ocrx_word' id='word_1_873' title='bbox 3319 4407 3542 4464; x_wconf 89' lang='lat' dir='ltr'>credidi</span> <span class='ocrx_word' id='word_1_874' title='bbox 3570 4406 3598 4462; x_wconf 89' lang='lat'><strong>?</strong></span> <span class='ocrx_word' id='word_1_875' title='bbox 3619 4403 3747 4471; x_wconf 91' lang='lat' dir='ltr'>Quis</span> <span class='ocrx_word' id='word_1_876' title='bbox 3773 4397 3894 4454; x_wconf 86' lang='lat' dir='ltr'>enim</span> 
     </span>
    </p>
   </div>
   <div class='ocr_carea' id='block_1_112' title="bbox 2301 4495 3896 4574">
    <p class='ocr_par' dir='ltr' id='par_1_112' title="bbox 2301 4495 3896 4574">
     <span class='ocr_line' id='line_1_112' title="bbox 2301 4495 3896 4574; baseline -0.009 -14"><span class='ocrx_word' id='word_1_877' title='bbox 2301 4520 2468 4560; x_wconf 87' lang='lat' dir='ltr'>esses</span> <span class='ocrx_word' id='word_1_878' title='bbox 2502 4505 2628 4574; x_wconf 87' lang='lat' dir='ltr'>jam</span> <span class='ocrx_word' id='word_1_879' title='bbox 2650 4501 2891 4574; x_wconf 91' lang='lat' dir='ltr'>quidem</span> <span class='ocrx_word' id='word_1_880' title='bbox 2912 4515 3289 4572; x_wconf 89' lang='lat' dir='ltr'>acceperam,</span> <span class='ocrx_word' id='word_1_881' title='bbox 3325 4496 3429 4552; x_wconf 89' lang='lat' dir='ltr'>sed</span> <span class='ocrx_word' id='word_1_882' title='bbox 3453 4495 3648 4568; x_wconf 88' lang='lat' dir='ltr'>qualis</span> <span class='ocrx_word' id='word_1_883' title='bbox 3678 4504 3802 4560; x_wconf 86' lang='lat' dir='ltr'>erga</span> <span class='ocrx_word' id='word_1_884' title='bbox 3828 4498 3896 4540; x_wconf 79' lang='lat' dir='ltr'>me</span> 
     </span>
    </p>
   </div>
   <div class='ocr_carea' id='block_1_113' title="bbox 2299 4578 3894 4660">
    <p class='ocr_par' dir='ltr' id='par_1_113' title="bbox 2299 4578 3894 4660">
     <span class='ocr_line' id='line_1_113' title="bbox 2299 4578 3894 4660; baseline -0.014 -10"><span class='ocrx_word' id='word_1_885' title='bbox 2299 4610 2486 4660; x_wconf 85' lang='lat' dir='ltr'>esses,</span> <span class='ocrx_word' id='word_1_886' title='bbox 2518 4591 3099 4649; x_wconf 89' lang='lat' dir='ltr'>nondumtenebam.</span> <span class='ocrx_word' id='word_1_887' title='bbox 3138 4591 3217 4644; x_wconf 82' lang='lat' dir='ltr'>Ex</span> <span class='ocrx_word' id='word_1_888' title='bbox 3238 4587 3353 4643; x_wconf 90' lang='lat' dir='ltr'>hac</span> <span class='ocrx_word' id='word_1_889' title='bbox 3380 4585 3744 4643; x_wconf 88' lang='lat' dir='ltr'>amicitiatua</span> <span class='ocrx_word' id='word_1_890' title='bbox 3760 4578 3894 4634; x_wconf 88' lang='lat' dir='ltr'>etiam</span> 
     </span>
    </p>
   </div>
   <div class='ocr_carea' id='block_1_114' title="bbox 2300 4663 3894 4752">
    <p class='ocr_par' dir='ltr' id='par_1_114' title="bbox 2300 4663 3894 4752">
     <span class='ocr_line' id='line_1_114' title="bbox 2300 4663 3894 4752; baseline -0.009 -12"><span class='ocrx_word' id='word_1_891' title='bbox 2300 4683 2509 4740; x_wconf 89' lang='lat' dir='ltr'>laudes</span> <span class='ocrx_word' id='word_1_892' title='bbox 2543 4697 2726 4746; x_wconf 88' lang='lat' dir='ltr'>meas,</span> <span class='ocrx_word' id='word_1_893' title='bbox 2760 4696 2896 4752; x_wconf 70' lang='lat' dir='ltr'>quae</span> <span class='ocrx_word' id='word_1_894' title='bbox 2929 4695 3020 4734; x_wconf 91' lang='lat' dir='ltr'>me</span> <span class='ocrx_word' id='word_1_895' title='bbox 3047 4693 3168 4752; x_wconf 92' lang='lat' dir='ltr'>quo</span> <span class='ocrx_word' id='word_1_896' title='bbox 3199 4677 3316 4732; x_wconf 79' lang='lat' dir='ltr'>line</span> <span class='ocrx_word' id='word_1_897' title='bbox 3333 4676 3626 4732; x_wconf 89' lang='lat' dir='ltr'>delectent</span> <span class='ocrx_word' id='word_1_898' title='bbox 3650 4663 3894 4726; x_wconf 73' lang='lat' dir='ltr'>satisdixi.</span> 
     </span>
    </p>
   </div>
   <div class='ocr_carea' id='block_1_115' title="bbox 2306 4752 3897 4830">
    <p class='ocr_par' dir='ltr' id='par_1_115' title="bbox 2306 4752 3897 4830">
     <span class='ocr_line' id='line_1_115' title="bbox 2306 4752 3897 4830; baseline -0.013 -1"><span class='ocrx_word' id='word_1_899' title='bbox 2306 4772 2494 4830; x_wconf 91' lang='lat' dir='ltr'>multo</span> <span class='ocrx_word' id='word_1_900' title='bbox 2525 4771 2765 4827; x_wconf 91' lang='lat' dir='ltr'>uberius</span> <span class='ocrx_word' id='word_1_901' title='bbox 2796 4768 3069 4824; x_wconf 68' lang='lat' dir='ltr'>Ecclesiae</span> <span class='ocrx_word' id='word_1_902' title='bbox 3112 4765 3325 4823; x_wconf 88' lang='lat' dir='ltr'>Christi</span> <span class='ocrx_word' id='word_1_903' title='bbox 3353 4779 3474 4821; x_wconf 89' lang='lat' dir='ltr'>non</span> <span class='ocrx_word' id='word_1_904' title='bbox 3521 4761 3721 4819; x_wconf 90' lang='lat' dir='ltr'>dubito</span> <span class='ocrx_word' id='word_1_905' title='bbox 3743 4752 3897 4830; x_wconf 80' lang='lat' dir='ltr'>profu-</span> 
     </span>
    </p>
   </div>
   <div class='ocr_carea' id='block_1_116' title="bbox 2305 4841 3897 4932">
    <p class='ocr_par' dir='ltr' id='par_1_116' title="bbox 2305 4841 3897 4932">
     <span class='ocr_line' id='line_1_116' title="bbox 2305 4841 3897 4932; baseline -0.011 -15"><span class='ocrx_word' id='word_1_906' title='bbox 2305 4867 2468 4918; x_wconf 90' lang='lat' dir='ltr'>turas</span> <span class='ocrx_word' id='word_1_907' title='bbox 2501 4857 3037 4932; x_wconf 89' lang='lat' dir='ltr'>;quandoquidem</span> <span class='ocrx_word' id='word_1_908' title='bbox 3089 4855 3268 4912; x_wconf 90' lang='lat' dir='ltr'>etiam</span> <span class='ocrx_word' id='word_1_909' title='bbox 3305 4854 3539 4910; x_wconf 88' lang='lat' dir='ltr'>labores</span> <span class='ocrx_word' id='word_1_910' title='bbox 3571 4864 3728 4906; x_wconf 90' lang='lat' dir='ltr'>meos</span> <span class='ocrx_word' id='word_1_911' title='bbox 3755 4848 3804 4901; x_wconf 91' lang='lat' dir='ltr'>in</span> <span class='ocrx_word' id='word_1_912' title='bbox 3825 4841 3897 4895; x_wconf 84' lang='lat' dir='ltr'>de-</span> 
     </span>
    </p>
   </div>
   <div class='ocr_carea' id='block_1_117' title="bbox 2305 4937 3898 5016">
    <p class='ocr_par' dir='ltr' id='par_1_117' title="bbox 2305 4937 3898 5016">
     <span class='ocr_line' id='line_1_117' title="bbox 2305 4937 3898 5016; baseline -0.014 -9"><span class='ocrx_word' id='word_1_913' title='bbox 2305 4951 2572 5007; x_wconf 79' lang='lat' dir='ltr'>fensione</span> <span class='ocrx_word' id='word_1_914' title='bbox 2631 4947 2930 5016; x_wconf 91' lang='lat' dir='ltr'>Evangelii</span> <span class='ocrx_word' id='word_1_915' title='bbox 2976 4945 3262 5002; x_wconf 88' lang='lat' dir='ltr'>adversus</span> <span class='ocrx_word' id='word_1_916' title='bbox 3302 4942 3582 5015; x_wconf 90' lang='lat' dir='ltr'>reliquias</span> <span class='ocrx_word' id='word_1_917' title='bbox 3629 4937 3898 5008; x_wconf 88' lang='lat' dir='ltr'>impiorum</span> 
     </span>
    </p>
   </div>
   <div class='ocr_carea' id='block_1_118' title="bbox 2306 5017 3896 5100">
    <p class='ocr_par' dir='ltr' id='par_1_118' title="bbox 2306 5017 3896 5100">
     <span class='ocr_line' id='line_1_118' title="bbox 2306 5017 3896 5100; baseline -0.006 -5"><span class='ocrx_word' id='word_1_918' title='bbox 2306 5037 2838 5095; x_wconf 66' lang='lat' dir='ltr'>daemonicolarum</span> <span class='ocrx_word' id='word_1_919' title='bbox 2873 5035 2959 5090; x_wconf 91' lang='lat' dir='ltr'>sic</span> <span class='ocrx_word' id='word_1_920' title='bbox 2983 5033 3194 5099; x_wconf 92' lang='lat' dir='ltr'>habes,</span> <span class='ocrx_word' id='word_1_921' title='bbox 3228 5032 3310 5087; x_wconf 92' lang='lat' dir='ltr'>sic</span> <span class='ocrx_word' id='word_1_922' title='bbox 3339 5031 3507 5100; x_wconf 89' lang='lat' dir='ltr'>legis,</span> <span class='ocrx_word' id='word_1_923' title='bbox 3538 5029 3619 5084; x_wconf 88' lang='lat' dir='ltr'>sic</span> <span class='ocrx_word' id='word_1_924' title='bbox 3655 5017 3896 5085; x_wconf 64' lang='lat' dir='ltr'>amas,Sic</span> 
     </span>
    </p>
   </div>
   <div class='ocr_carea' id='block_1_119' title="bbox 2305 5110 3895 5201">
    <p class='ocr_par' dir='ltr' id='par_1_119' title="bbox 2305 5110 3895 5201">
     <span class='ocr_line' id='line_1_119' title="bbox 2305 5110 3895 5201; baseline -0.011 -17"><span class='ocrx_word' id='word_1_925' title='bbox 2305 5127 2616 5201; x_wconf 85' lang='lat' dir='ltr'>praedicas,</span> <span class='ocrx_word' id='word_1_926' title='bbox 2654 5125 2786 5182; x_wconf 91' lang='lat' dir='ltr'>utin</span> <span class='ocrx_word' id='word_1_927' title='bbox 2813 5125 2898 5180; x_wconf 91' lang='lat' dir='ltr'>eis</span> <span class='ocrx_word' id='word_1_928' title='bbox 2924 5128 3085 5180; x_wconf 89' lang='lat' dir='ltr'>tanto</span> <span class='ocrx_word' id='word_1_929' title='bbox 3109 5123 3250 5178; x_wconf 87' lang='lat' dir='ltr'>ﬁam</span> <span class='ocrx_word' id='word_1_930' title='bbox 3274 5121 3485 5190; x_wconf 85' lang='lat' dir='ltr'>notior,</span> <span class='ocrx_word' id='word_1_931' title='bbox 3514 5121 3729 5190; x_wconf 88' lang='lat' dir='ltr'>quanto</span> <span class='ocrx_word' id='word_1_932' title='bbox 3742 5110 3895 5201; x_wconf 64' lang='lat' dir='ltr'>esipse</span> 
     </span>
    </p>
   </div>
   <div class='ocr_carea' id='block_1_120' title="bbox 2309 5195 3896 5274">
    <p class='ocr_par' dir='ltr' id='par_1_120' title="bbox 2309 5195 3896 5274">
     <span class='ocr_line' id='line_1_120' title="bbox 2309 5195 3896 5274; baseline -0.015 0"><span class='ocrx_word' id='word_1_933' title='bbox 2309 5195 2566 5274; x_wconf 74' lang='lat' dir='ltr'>nobilior</span> <span class='ocrx_word' id='word_1_934' title='bbox 2595 5234 2607 5272; x_wconf 90' lang='lat'>:</span> <span class='ocrx_word' id='word_1_935' title='bbox 2635 5231 2738 5271; x_wconf 91' lang='lat' dir='ltr'>eos</span> <span class='ocrx_word' id='word_1_936' title='bbox 2787 5215 2947 5270; x_wconf 90' lang='lat' dir='ltr'>enim</span> <span class='ocrx_word' id='word_1_937' title='bbox 2975 5213 3225 5268; x_wconf 90' lang='lat' dir='ltr'>latenter</span> <span class='ocrx_word' id='word_1_938' title='bbox 3248 5209 3491 5266; x_wconf 88' lang='lat' dir='ltr'>illustris</span> <span class='ocrx_word' id='word_1_939' title='bbox 3517 5207 3783 5265; x_wconf 90' lang='lat' dir='ltr'>illustras,</span> <span class='ocrx_word' id='word_1_940' title='bbox 3810 5195 3896 5252; x_wconf 79' lang='lat' dir='ltr'>cla-</span> 
     </span>
    </p>
   </div>
   <div class='ocr_carea' id='block_1_121' title="bbox 2307 5288 3894 5380">
    <p class='ocr_par' dir='ltr' id='par_1_121' title="bbox 2307 5288 3894 5380">
     <span class='ocr_line' id='line_1_121' title="bbox 2307 5288 3894 5380; baseline -0.01 -16"><span class='ocrx_word' id='word_1_941' title='bbox 2307 5322 2529 5380; x_wconf 89' lang='lat' dir='ltr'>rusque</span> <span class='ocrx_word' id='word_1_942' title='bbox 2549 5305 2842 5367; x_wconf 89' lang='lat' dir='ltr'>declaras,</span> <span class='ocrx_word' id='word_1_943' title='bbox 2873 5308 2928 5359; x_wconf 91' lang='lat' dir='ltr'>et</span> <span class='ocrx_word' id='word_1_944' title='bbox 2970 5303 3068 5358; x_wconf 91' lang='lat' dir='ltr'>ubi</span> <span class='ocrx_word' id='word_1_945' title='bbox 3095 5300 3382 5374; x_wconf 90' lang='lat' dir='ltr'>prodesse</span> <span class='ocrx_word' id='word_1_946' title='bbox 3411 5313 3582 5370; x_wconf 89' lang='lat' dir='ltr'>posse</span> <span class='ocrx_word' id='word_1_947' title='bbox 3609 5288 3894 5367; x_wconf 58' lang='lat' dir='ltr'>perspicies,</span> 
     </span>
    </p>
   </div>
   <div class='ocr_carea' id='block_1_122' title="bbox 2308 5383 3895 5466">
    <p class='ocr_par' dir='ltr' id='par_1_122' title="bbox 2308 5383 3895 5466">
     <span class='ocr_line' id='line_1_122' title="bbox 2308 5383 3895 5466; baseline -0.012 -14"><span class='ocrx_word' id='word_1_948' title='bbox 2308 5395 2570 5466; x_wconf 88' lang='lat' dir='ltr'>ignorari</span> <span class='ocrx_word' id='word_1_949' title='bbox 2595 5394 2843 5450; x_wconf 91' lang='lat' dir='ltr'>omnino</span> <span class='ocrx_word' id='word_1_950' title='bbox 2875 5408 2994 5448; x_wconf 91' lang='lat' dir='ltr'>non</span> <span class='ocrx_word' id='word_1_951' title='bbox 3028 5391 3208 5446; x_wconf 91' lang='lat' dir='ltr'>sines.</span> <span class='ocrx_word' id='word_1_952' title='bbox 3233 5389 3290 5446; x_wconf 92' lang='lat' dir='ltr'>Si</span> <span class='ocrx_word' id='word_1_953' title='bbox 3306 5390 3463 5444; x_wconf 90' lang='lat' dir='ltr'>unde</span> <span class='ocrx_word' id='word_1_954' title='bbox 3494 5386 3553 5441; x_wconf 92' lang='lat' dir='ltr'>id</span> <span class='ocrx_word' id='word_1_955' title='bbox 3581 5383 3755 5440; x_wconf 88' lang='lat' dir='ltr'>sciam</span> <span class='ocrx_word' id='word_1_956' title='bbox 3773 5388 3895 5448; x_wconf 58' lang='lat' dir='ltr'>quti-</span> 
     </span>
    </p>
   </div>
   <div class='ocr_carea' id='block_1_123' title="bbox 2309 5466 3893 5554">
    <p class='ocr_par' dir='ltr' id='par_1_123' title="bbox 2309 5466 3893 5554">
     <span class='ocr_line' id='line_1_123' title="bbox 2309 5466 3893 5554; baseline -0.013 -14"><span class='ocrx_word' id='word_1_957' title='bbox 2309 5483 2572 5541; x_wconf 77' lang='lat' dir='ltr'>risztalis</span> <span class='ocrx_word' id='word_1_958' title='bbox 2601 5483 2742 5538; x_wconf 92' lang='lat' dir='ltr'>mihi</span> <span class='ocrx_word' id='word_1_959' title='bbox 2776 5479 3106 5554; x_wconf 89' lang='lat' dir='ltr'>apparuisti</span> <span class='ocrx_word' id='word_1_960' title='bbox 3154 5480 3213 5534; x_wconf 90' lang='lat' dir='ltr'>in</span> <span class='ocrx_word' id='word_1_961' title='bbox 3243 5477 3446 5534; x_wconf 88' lang='lat' dir='ltr'>litteris</span> <span class='ocrx_word' id='word_1_962' title='bbox 3490 5473 3618 5531; x_wconf 92' lang='lat' dir='ltr'>tuis.</span> <span class='ocrx_word' id='word_1_963' title='bbox 3653 5470 3777 5527; x_wconf 83' lang='lat' dir='ltr'>Hinc</span> <span class='ocrx_word' id='word_1_964' title='bbox 3798 5466 3893 5554; x_wconf 63' lang='lat' dir='ltr'>jant</span> 
     </span>
    </p>
   </div>
   <div class='ocr_carea' id='block_1_124' title="bbox 2311 5557 3892 5645">
    <p class='ocr_par' dir='ltr' id='par_1_124' title="bbox 2311 5557 3892 5645">
     <span class='ocr_line' id='line_1_124' title="bbox 2311 5557 3892 5645; baseline -0.015 -16"><span class='ocrx_word' id='word_1_965' title='bbox 2311 5574 2445 5629; x_wconf 93' lang='lat' dir='ltr'>vide</span> <span class='ocrx_word' id='word_1_966' title='bbox 2479 5577 2774 5645; x_wconf 90' lang='lat' dir='ltr'>quantum</span> <span class='ocrx_word' id='word_1_967' title='bbox 2794 5587 2887 5626; x_wconf 93' lang='lat' dir='ltr'>me</span> <span class='ocrx_word' id='word_1_968' title='bbox 2907 5570 3021 5626; x_wconf 68' lang='lat' dir='ltr'>illae</span> <span class='ocrx_word' id='word_1_969' title='bbox 3034 5569 3238 5625; x_wconf 69' lang='lat' dir='ltr'>litterae</span> <span class='ocrx_word' id='word_1_970' title='bbox 3251 5566 3540 5624; x_wconf 89' lang='lat' dir='ltr'>delectare</span> <span class='ocrx_word' id='word_1_971' title='bbox 3555 5557 3841 5645; x_wconf 76' lang='lat' dir='ltr'>potuerint:</span> <span class='ocrx_word' id='word_1_972' title='bbox 3858 5563 3892 5645; x_wconf 53' lang='lat' dir='ltr'>si</span> 
     </span>
    </p>
   </div>
   <div class='ocr_carea' id='block_1_125' title="bbox 2311 5640 3894 5737">
    <p class='ocr_par' dir='ltr' id='par_1_125' title="bbox 2311 5640 3894 5737">
     <span class='ocr_line' id='line_1_125' title="bbox 2311 5640 3894 5737; baseline -0.017 -15"><span class='ocrx_word' id='word_1_973' title='bbox 2311 5663 2464 5722; x_wconf 88' lang='lat' dir='ltr'>bene</span> <span class='ocrx_word' id='word_1_974' title='bbox 2485 5640 2560 5720; x_wconf 81' lang='lat' dir='ltr'>de</span> <span class='ocrx_word' id='word_1_975' title='bbox 2592 5678 2686 5721; x_wconf 90' lang='lat' dir='ltr'>me</span> <span class='ocrx_word' id='word_1_976' title='bbox 2715 5661 3041 5735; x_wconf 75' lang='lat' dir='ltr'>existimas,</span> <span class='ocrx_word' id='word_1_977' title='bbox 3067 5658 3294 5737; x_wconf 87' lang='lat' dir='ltr'>cogitas</span> <span class='ocrx_word' id='word_1_978' title='bbox 3324 5659 3612 5731; x_wconf 84' lang='lat' dir='ltr'>quantum</span> <span class='ocrx_word' id='word_1_979' title='bbox 3629 5665 3716 5710; x_wconf 86' lang='lat' dir='ltr'>me</span> <span class='ocrx_word' id='word_1_980' title='bbox 3734 5640 3894 5724; x_wconf 81' lang='lat' dir='ltr'>Christi</span> 
     </span>
    </p>
   </div>
  </div>
