4138 6172
269 193 411 262 1025

262 329 434 386 lucra
451 328 763 384 delectent.
799 329 1077 385 Jamvero
1111 329 1279 401 quod
1340 333 1393 386 te
1446 329 1669 402 ipsum,
1703 330 1828 402 qui,
1859 332 1923 386 ut

264 419 496 483 scribis,
525 436 559 473 a
587 419 925 488 parentibus,
951 419 1168 484 abavis,
1202 426 1254 473 et
1273 423 1549 490 postrema
1564 435 1730 490 usque
1743 419 1922 490 gentis

261 509 417 580 prole
448 507 656 563 Christi
673 509 812 577 jura
827 510 1110 578 percipere
1135 509 1380 580 potuisti,
1405 514 1604 564 tamen
1633 508 1922 564 adversus

266 597 513 669 gentiles
543 597 710 662 ritus,
747 601 1137 668 utnunquam
1156 598 1323 662 alias,
1353 598 1576 653 eisdem
1608 597 1919 652 laboribus

265 687 414 742 meis
427 685 524 759 adj
538 691 705 741 utum
721 701 848 741 esse
865 685 1166 756 significas
1183 701 1196 752 ;
1213 701 1508 758 parumne
1522 687 1718 756 cogito
1731 699 1922 756 quan-

265 780 394 832 tum
426 776 566 831 boni
595 774 746 843 aliis,
798 778 852 830 et
890 790 1078 847 quam
1131 775 1352 840 multis,
1397 791 1583 847 quam
1635 774 1830 839 claris,
1863 777 1922 828 et

261 881 450 937 quam
480 864 668 930 facile,
702 879 1011 936 quamque
1033 863 1350 920 salubriter
1399 879 1505 935 per
1532 863 1664 919 illos
1694 863 1920 918 casteris

265 954 488 1026 quibus
515 953 658 1010 talia
688 953 1071 1016 conveniunt,
1119 953 1348 1025 possint
1380 952 1600 1024 scripta
1625 956 1832 1008 nostra
1865 957 1918 1007 te

261 1042 728 1099 commendante
755 1045 935 1113 atque
966 1041 1400 1097 disseminante
1441 1041 1711 1097 conferre
1750 1040 1778 1095 ?
1814 1045 1919 1096 aut

261 1132 377 1188 hoc
408 1131 677 1202 cOgitans
695 1145 1028 1202 possumne
1043 1145 1368 1201 parvorum
1408 1130 1502 1185 vel
1525 1129 1914 1186 mediocrium

262 1222 623 1292 gaudiorum
651 1219 1029 1291 jucunditate
1062 1219 1340 1291 perfundi
1371 1219 1399 1274 Τ

334 1313 386 1365 6.
421 1309 571 1374 Quia
602 1309 776 1380 igitur
806 1323 927 1363 non
951 1307 1117 1379 potui
1156 1308 1353 1363 verbis
1391 1307 1689 1380 explicare
1719 1321 1914 1379 quan-

259 1403 380 1455 tam
411 1398 866 1454 delectationem
894 1397 969 1452 de
1010 1397 1125 1452 tuis
1171 1397 1376 1452 litteris
1427 1397 1710 1468 ceperim,
1754 1397 1914 1452 unde

258 1503 353 1543 me
366 1486 931 1551 delectaverint,dixi
947 1486 1098 1556 :jam
1115 1486 1279 1558 quod
1294 1487 1539 1559 nequivi
1555 1487 1699 1542 satis
1713 1485 1911 1541 dicere

258 1576 316 1632 id
338 1582 445 1642 est,
465 1581 758 1649 quantum
781 1575 1224 1645 delectaverint,
1243 1575 1345 1630 tibi
1368 1575 1810 1645 conjiciendum
1824 1591 1910 1630 re-

254 1666 483 1738 linquo.
512 1668 688 1722 Sume
709 1665 932 1736 itaque,
960 1665 1040 1719 mi
1069 1663 1382 1729 ﬁli,sume,
1407 1665 1498 1719 vir
1531 1664 1688 1719 bone
1706 1669 1761 1719 et
1787 1679 1910 1719 non

254 1755 314 1810 in
347 1753 682 1825 superﬁcie,
708 1753 811 1808 sed
826 1753 885 1808 in
898 1752 1521 1808 christianacharitate
1542 1751 1860 1806 christiano
1893 1766 1908 1818 ;

256 1860 448 1908 sume,
481 1844 749 1915 inquam,
778 1842 1152 1914 libros,quos
1173 1841 1547 1910 desiderasti,
1575 1839 1909 1897 Confessio-

255 1948 405 1989 num
431 1947 704 1988 mearum
729 1949 742 1986 :
776 1932 858 1988 ibi
889 1947 985 1987 me
1013 1931 1262 2002 inspice,
1294 1945 1367 1986 ne
1397 1946 1494 1986 me
1524 1930 1735 1986 laudes
1753 1929 1908 1987 ultra

254 2037 445 2095 quam
475 2038 649 2088 sum;
682 2021 764 2077 ibi
792 2035 913 2076 non
945 2020 1074 2076 aliis
1093 2021 1168 2076 de
1200 2036 1295 2076 me
1344 2021 1538 2086 crede,
1574 2019 1680 2075 sed
1708 2020 1850 2074 mihi
1890 2037 1903 2088 ;

257 2111 336 2167 ibi
366 2128 460 2167 me
481 2111 737 2175 attende,
772 2115 825 2165 et
853 2110 983 2165 vide
1009 2109 1155 2182 quid
1171 2108 1384 2164 fuerim
1418 2109 1478 2164 in
1513 2110 1767 2179 meipso,
1797 2123 1904 2180 per

253 2202 551 2273 meipsum
576 2215 590 2267 ;
619 2206 674 2255 et
699 2201 748 2255 si
777 2199 926 2270 quid
951 2201 1010 2254 in
1029 2215 1121 2254 me
1155 2197 1256 2254 tibi
1282 2198 1592 2269 placuerit,
1611 2197 1793 2254 lauda
1822 2197 1902 2253 ibi

247 2305 509 2356 mecum,
526 2305 708 2363 quem
724 2288 958 2345 laudari
986 2287 1143 2344 volui
1161 2288 1234 2342 de
1257 2303 1352 2343 me
1369 2303 1382 2353 ;
1399 2302 1591 2358 neque
1605 2288 1765 2342 enim
1781 2303 1902 2346 me.

249 2380 547 2445 Quoniam
578 2380 704 2451 ipse
734 2377 870 2434 fecit
889 2382 1090 2448 nos,et
1113 2393 1235 2432 non
1269 2377 1383 2447 ipsi
1411 2391 1522 2431 nos
1546 2377 1900 2447 (Psat.xc1x,

242 2470 333 2538 3);
366 2485 476 2524 nos
507 2474 708 2525 autem
737 2467 1195 2540 perdideramus
1217 2481 1348 2530 nos,
1381 2465 1486 2520 sed
1516 2466 1619 2536 qui
1647 2465 1896 2530 fecit,re-

236 2557 393 2614 fecit.
423 2560 571 2615 Cum
601 2557 898 2613 autemibi
922 2572 1015 2611 me
1064 2556 1374 2620 inveneris,
1409 2570 1514 2610 ora
1538 2569 1646 2625 pro
1695 2570 1791 2609 me
1823 2569 1896 2610 ne

237 2646 540 2713 deﬁciam,
570 2649 671 2702 sed
696 2645 969 2719 perﬁciar
991 2661 1118 2711 ;ora
1145 2645 1380 2713 fili,ora.
1404 2645 1603 2699 Sentio
1631 2645 1777 2716 quid
1808 2644 1899 2698 di-

240 2751 399 2805 cam,
433 2735 711 2808 scioquid
731 2742 962 2808 petam;
1006 2749 1127 2790 non
1143 2733 1534 2789 tibivideatur
1558 2733 1896 2803 indignum,

242 2831 300 2883 et
328 2827 503 2898 quasi
541 2826 691 2881 ultra
737 2825 946 2880 merita
985 2830 1124 2880 tua:
1165 2822 1473 2879 fraudabis
1524 2838 1616 2877 me
1673 2838 1897 2892 magno

240 2915 561 2986 adjutorio,
595 2916 643 2970 si
675 2929 795 2970 non
827 2913 1053 2969 feceris.
1091 2916 1215 2968 Non
1249 2912 1444 2968 solum
1473 2918 1555 2980 tu,
1586 2912 1689 2966 sed
1718 2912 1896 2969 etiam

244 3020 457 3061 omnes
486 3003 589 3076 qui
616 3020 688 3059 ex
717 3019 819 3059 ore
847 3010 946 3058 tuo
959 3002 1283 3066 dilexerint,
1309 3007 1472 3056 orate
1500 3016 1608 3072 pro
1633 3017 1758 3056 me:
1784 3002 1899 3057 hoc

249 3094 335 3151 eis
353 3111 445 3150 me
460 3094 740 3166 petivisse
761 3093 979 3158 indica,
1005 3093 1120 3148 etsi
1135 3091 1389 3147 multum
1411 3091 1590 3146 nobis
1618 3091 1895 3158 tribuitis,

255 3184 485 3240 ussisse
533 3199 643 3239 nos
675 3183 1007 3238 existimate
1066 3181 1230 3252 quod
1275 3181 1556 3252 petimus,
1595 3185 1650 3236 et
1697 3185 1901 3236 tamen

252 3275 392 3331 date
422 3273 783 3346 petentibus,
811 3271 904 3328 vel
920 3272 1328 3344 obtemperate
1337 3270 1713 3341 jubentibus.
1731 3272 1902 3328 Orate

252 3380 365 3437 pro
413 3362 606 3419 nobis.
641 3361 792 3432 Lege
824 3361 1068 3417 Litteras
1126 3360 1381 3425 divinas,
1417 3364 1472 3415 et
1501 3359 1767 3416 invenies
1818 3361 1906 3432 ip-

253 3470 356 3510 sos
395 3453 606 3509 arietes
639 3456 872 3508 nostros
911 3449 1227 3523 Apostolos
1261 3449 1497 3521 petiisse
1536 3449 1651 3505 hoc
1682 3465 1717 3506 a
1763 3449 1899 3506 filiis

249 3544 395 3609 suis,
441 3543 562 3598 sive
593 3541 945 3614 praecepisse
976 3539 1352 3596 auditoribus
1393 3539 1537 3594 suis.
1577 3538 1695 3612 Ego
1739 3546 1894 3598 certe

251 3633 542 3706 quoniam
565 3632 837 3688 hocame
859 3629 1108 3702 petiistis
1125 3645 1233 3702 pro
1247 3633 1632 3702 te,quantum
1656 3630 1896 3700 faciam,

1483 197 1992 260 EPISTOLARUM
2021 201 2312 266 CLASSIS
2339 201 2448 266 IV.

3543 209 3678 268 1026

2025 330 2186 387 videt
2208 331 2313 403 qui
2343 330 2644 400 exaudiat,
2674 331 2774 403 qui
2812 330 3051 387 videbat
3081 331 3226 403 quia
3249 335 3305 388 et
3332 335 3468 390 ante
3502 333 3684 392 facie-

2028 419 2199 475 bam:
2236 419 2342 476 sed
2364 420 2541 475 redde
2572 421 2749 476 etiam
2773 421 2832 475 in
2863 420 2976 475 hac
3008 436 3068 475 re
3099 421 3432 477 dilectionis
3459 423 3678 480 vicem.

2029 509 2334 578 Praepositi
2383 511 2558 563 vestri
2591 524 2800 562 sumus
2829 527 2841 576 ;
2878 523 3016 577 grex
3054 509 3152 564 Dei
3196 511 3334 564 estis
3369 530 3381 568 :
3413 513 3682 567 conside-

2029 601 2153 651 rate
2180 603 2236 651 et
2272 596 2462 652 videte
2509 597 2772 667 pericula
2802 603 3007 653 nostra
3046 600 3271 670 majore
3316 615 3447 654 esse
3493 616 3680 671 quam

2031 691 2245 751 vestra,
2269 692 2325 740 et
2353 691 2516 741 orate
2549 701 2654 756 pro
2687 686 2873 739 nobis.
2904 689 3020 741 Hoc
3046 688 3201 741 enim
3232 692 3288 742 et
3319 688 3494 743 nobis
3541 705 3681 745 con-

2025 773 2196 829 decet
2225 780 2280 830 et
2309 774 2498 843 vobis,
2529 781 2589 830 ut
2618 774 2843 830 bonam
2877 775 3165 830 rationem
3218 776 3292 831 de
3337 777 3509 832 vobis
3549 778 3680 834 red-

2021 861 2242 918 damus
2295 870 2602 935 pastorum
2664 864 2912 935 principi
2959 870 3012 918 et
3061 866 3329 920 omnium
3393 872 3664 923 nostrum

2024 953 2223 1023 capiti,
2254 953 2588 1024 pariterque
2617 953 2945 1008 evadamus
2961 953 3139 1023 hujus
3157 955 3364 1008 mundi
3389 956 3678 1025 periculo-

2025 1041 2213 1096 siores
2260 1041 2587 1098 blanditias
2631 1058 2814 1114 quam
2854 1043 3173 1107 molestias,
3209 1044 3320 1098 nisi
3360 1060 3496 1098 cum
3556 1061 3679 1116 pax

2021 1130 2151 1200 ejus
2180 1131 2256 1186 ad
2307 1131 2419 1186 hoc
2460 1131 2714 1202 proiicit,
2766 1133 2928 1202 quod
2989 1132 3313 1202 Apostolus
3359 1149 3531 1188 orare
3570 1150 3677 1189 nos

2022 1222 2276 1290 monuit,
2330 1227 2393 1274 ut
2419 1220 2672 1292 quietam
2704 1222 2884 1276 vitam
2918 1225 2969 1276 et
3001 1221 3393 1292 tranquillam
3427 1237 3677 1292 agamus

2017 1307 2081 1364 in
2111 1311 2273 1365 omni
2293 1312 2510 1379 pietate
2536 1318 2587 1366 et
2610 1311 2908 1366 charitate
2940 1311 2980 1381 (l
3023 1311 3171 1367 Tim.
3214 1328 3272 1376 ιι,
3304 1313 3381 1382 2).
3425 1313 3481 1368 Si
3517 1314 3677 1368 enim

2021 1397 2169 1454 desit
2193 1398 2384 1470 pietas
2415 1405 2469 1455 et
2495 1400 2775 1468 charitas,
2804 1399 2948 1472 quid
2984 1405 3074 1455 est
3117 1399 3194 1456 ab
3217 1401 3332 1455 illis
3357 1406 3414 1456 et
3437 1418 3471 1458 a
3509 1407 3677 1458 caete-

2019 1488 2098 1543 ris
2123 1487 2336 1544 mundi
2366 1489 2538 1543 malis
2587 1489 2981 1561 tranquillitas
3024 1494 3076 1544 et
3103 1490 3292 1561 quies,
3332 1490 3444 1545 nisi
3502 1491 3677 1546 luxu-

2019 1577 2122 1632 riae
2165 1577 2637 1649 perditionisque
2684 1579 2980 1643 materies,
3032 1579 3156 1633 sive
3192 1579 3671 1651 invitamentum,

2021 1667 2146 1721 sive
2168 1666 2629 1735 adjumentum?
2656 1666 2724 1721 Ut
2763 1682 2904 1736 ergo
2941 1667 3276 1722 habeamus
3319 1669 3584 1739 quietam
3615 1675 3671 1725 et

2017 1755 2401 1826 tranquillam
2421 1755 2604 1810 vitam
2620 1756 2678 1809 in
2693 1756 2853 1810 omni
2877 1755 3093 1826 pietate
3112 1761 3168 1810 et
3186 1756 3673 1829 cbaritate,quod

2017 1860 2126 1899 nos
2143 1859 2251 1915 pro
2265 1844 2454 1907 vobis,
2476 1849 2631 1899 orate
2651 1859 2759 1916 pro
2775 1843 2969 1909 nobis,
2989 1844 3351 1917 ubicumque
3368 1846 3524 1910 estis,
3549 1845 3676 1901 ubi-

2016 1948 2275 2006 cumque
2289 1949 2499 1988 sumus
2515 1949 2815 2004 nusquam
2831 1935 2990 1988 enim
3006 1948 3126 1988 non
3139 1934 3348 2007 est,cuj
3361 1951 3429 1989 us
3444 1951 3671 1990 sumus.

2086 2023 2277 2077 7.Misi
2309 2021 2523 2078 etalios
2544 2022 2727 2077 libros
2749 2038 2900 2094 quos
2923 2037 3043 2077 non
3058 2022 3272 2093 petisti,
3305 2025 3513 2094 ne,_hoc
3545 2029 3676 2079 tan~

2014 2111 2329 2167 tummodo
2352 2111 2607 2166 facerem
2625 2111 2790 2182 quod
2808 2111 3001 2181 petisti
3029 2125 3042 2177 ;
3065 2110 3139 2165 de
3156 2111 3290 2166 Fide
3310 2128 3506 2166 rerum
3531 2128 3668 2183 quae

2012 2216 2134 2256 non
2154 2201 2446 2263 videntur,
2468 2200 2542 2254 de
2561 2200 2860 2265 Patientia,
2882 2199 2954 2255 de
2975 2200 3360 2262 Continentia,
3380 2201 3456 2255 de
3479 2202 3671 2257 Provi-

2011 2289 2234 2355 dentia,
2262 2295 2318 2345 et
2342 2305 2526 2344 unum
2543 2289 2830 2360 grandem
2846 2289 2919 2343 de
2934 2288 3073 2344 Fide
3087 2294 3140 2344 et
3154 2290 3270 2360 Spe
3284 2296 3339 2344 et
3354 2290 3668 2347 Cbaritate.

2013 2381 2123 2434 Hos
2135 2394 2346 2434 omnes
2370 2379 2576 2433 sidum
2599 2394 2660 2433 es
2683 2377 2834 2434 intra
2849 2377 3102 2434 Africam
3123 2379 3353 2448 legeris,
3372 2379 3670 2449 judicium

2015 2475 2181 2523 tuum
2207 2469 2368 2524 mitte
2391 2467 2588 2523 deillis
2609 2487 2621 2536 ;
2644 2473 2746 2523 aut
2770 2468 2931 2523 mitte
2948 2467 3141 2532 nobis,
3171 2474 3272 2523 aut
3291 2484 3411 2540 quo
3426 2469 3600 2524 nobis
3635 2485 3672 2524 a

2012 2557 2260 2613 domino
2286 2556 2459 2612 fratre
2490 2556 2719 2611 Aurelio
2747 2555 3028 2621 mittatur,
3059 2555 3140 2611 ibi
3167 2556 3396 2612 dimitte
3430 2573 3442 2611 :
3471 2572 3668 2628 quan-

2011 2661 2196 2718 quam
2237 2652 2292 2701 et
2315 2646 2678 2717 ubicumque
2709 2644 2888 2699 fueris
2921 2661 3238 2716 speramus
3281 2645 3418 2701 inde
3449 2646 3670 2702 litteras

2008 2739 2162 2800 tuas,
2197 2740 2252 2790 et
2273 2735 2411 2790 hinc
2445 2739 2524 2798 tu,
2553 2734 2699 2788 dum
2733 2748 3076 2804 possumus,
3117 2740 3377 2790 nostras.
3422 2734 3670 2806 Suscepi

2009 2825 2347 2894 gratissime
2371 2838 2507 2894 quae
2525 2823 2758 2886 misisti;
2779 2822 2879 2876 ubi
2894 2827 2949 2876 et
2973 2821 3224 2877 salutem
3243 2839 3440 2879 meam
3454 2839 3671 2894 quam-

2007 2912 2100 2967 vis
2126 2913 2520 2984 corporalem,
2550 2910 2838 2982 quoniam
2874 2912 2958 2964 vis
2984 2926 3076 2964 me
3105 2913 3307 2982 utique
3331 2912 3456 2967 sine
3485 2913 3670 2983 impe-

2009 3001 2275 3056 dimento
2299 2999 2471 3055 male:
2495 2999 2852 3054 valetudinis
2881 3001 2996 3053 Deo
3024 3014 3253 3063 vacare,
3271 3004 3325 3054 et
3349 2999 3666 3056 bibliothe-

2013 3103 2145 3147 cam
2185 3094 2474 3155 nostram,
2516 3093 2578 3143 ut
2603 3087 2719 3142 sint
2751 3087 2907 3142 unde
2946 3088 3082 3142 libri
3135 3087 3223 3142 vel
3255 3094 3542 3159 parentur
3577 3095 3670 3151 vel

2011 3184 2382 3252 reparentur,
2406 3178 2689 3249 adjuvare
2703 3177 2983 3245 dignatus
3003 3193 3087 3233 es.
3106 3177 3412 3248 Rependat
3432 3176 3535 3232 tibi
3555 3179 3664 3233 Do-

2016 3271 2215 3324 minus
2246 3273 2302 3324 et
2331 3268 2426 3323 hic
2456 3273 2510 3323 et
2540 3268 2598 3322 in
2625 3267 2822 3321 futuro
2841 3266 3058 3322 saeculo
3076 3267 3257 3331 bona,
3291 3282 3425 3338 quae
3448 3266 3665 3322 talibus

2015 3359 2256 3432 qualem
2275 3363 2329 3414 te
2343 3373 2469 3414 esse
2484 3356 2685 3421 voluit,
2702 3356 3080 3427 praeparavit.
3097 3357 3314 3425 Pignus
3327 3355 3491 3427 pacis
3505 3357 3669 3427 apud

2013 3453 2064 3506 te
2087 3449 2450 3521 depositum,
2476 3451 2867 3518 nostrumque
2891 3444 3570 3518 utriquedulcissimum,
3594 3444 3668 3500 si-

2011 3542 2287 3610 cutbante
2313 3553 2348 3594 a
2378 3552 2473 3593 me
2497 3535 2762 3601 salutari,
2795 3535 2877 3591 ita
2893 3551 3051 3590 nunc
3083 3533 3394 3591 resalutari
3423 3538 3583 3606 peto.

1280 3981 1691 4138 QUAR
1714 3980 1902 4098 TA
1993 3975 2648 4098 CLASSIS.

721 4266 962 4337 Epistolas
997 4282 1030 4322 ο,
1059 4271 1113 4322 S.
1139 4269 1442 4334 Augustino
1458 4262 1708 4334 episcopo
1741 4263 1972 4332 scriptas,
2005 4279 2236 4331 quarum
2265 4270 2482 4332 tempus
2523 4267 2702 4317 minus
2736 4268 3074 4330 compertum
3106 4267 3204 4317 est.

1789 4448 2161 4484 ψ

651 4679 993 4742 EPISTOLA
1052 4678 1314 4739 ccxxxn
1357 4679 1372 4697 θ
1404 4681 1510 4753 (α).

255 4810 684 4868 Madaurenses
713 4811 1064 4867 idototatras
1076 4808 1156 4866 ad
1186 4821 1386 4864 veram
1399 4805 1737 4876 religionem
1770 4801 1909 4857 hor-

330 4905 512 4972 tatur,
544 4908 827 4958 tcrrorem
869 4899 1159 4956 incutiens
1206 4896 1660 4953 denuntiatione
1686 4890 1907 4962 judicii

329 4993 599 5058 extremi,
629 4992 786 5063 quod
815 4997 1130 5047 venturum
1158 5001 1276 5044 esse
1305 4983 1660 5056 persuadet,-
1691 4981 1909 5054 quippe

329 5096 461 5137 cum
493 5088 706 5138 cwtera
735 5083 806 5137 de
834 5080 1168 5136 christiana
1185 5076 1471 5146 religione
1496 5075 1556 5129 in
1574 5071 1908 5140 Scripturis

327 5171 620 5240 praedicta
639 5173 774 5240 jam
814 5170 1156 5227 evenerint:
1188 5174 1241 5224 et
1291 5167 1524 5222 demum
1563 5160 1911 5236 perstringit

330 5260 677 5330 mysterium
702 5261 1010 5316 Trinitatis
1032 5266 1084 5316 et
1110 5255 1582 5314 lncarnationis.

261 5388 528 5445 Dominis
558 5386 1062 5461 praedicabilibus,
1096 5389 1152 5440 et
1184 5379 1584 5439 dilectissimis
1623 5375 1907 5433 fratribus

322 5580 339 5597 '
370 5576 451 5627 Ad
481 5594 528 5628 α.
567 5577 654 5644 bg.
687 5575 759 5644 bl.
793 5579 882 5644 bn.
913 5593 964 5644 ς,
1002 5592 1083 5644 c_c.
1114 5575 1166 5624 Π.
1200 5589 1249 5638 g.
1285 5586 1377 5644 gv,
1409 5586 1526 5622 n.r.
1561 5585 1607 5626 s.
1641 5569 1788 5622 sb.tc
1824 5579 1905 5620 vc.

259 5647 561 5712 quatuorv.
588 5640 704 5712 Ain.
737 5643 859 5692 Bad.
897 5643 977 5712 Er.
1015 5640 1434 5712 Lovaorrecta.

248 5699 291 5738 ”
325 5710 396 5772 t0)
425 5707 571 5760 Alias
603 5709 663 5758 42
699 5722 712 5758 ;
738 5721 856 5773 quis
884 5710 1066 5759 autem
1101 5703 1192 5754 232
1218 5705 1346 5760 erat,
1383 5713 1527 5752 nunc
1546 5699 1658 5747 253.

2089 4675 2561 4742 MADAURENSlBUS,
2587 4689 2844 4747 quorum
2868 4685 2971 4748 per
2995 4667 3237 4732 fratrem
3263 4671 3666 4733 Florentinum

2087 4767 2398 4841 epistolam
2431 4765 2654 4838 accepi,
2687 4766 3054 4821 AUGUSTINUS.

2089 4877 2142 4933 1.
2177 4875 2233 4931 Si
2264 4875 2412 4930 forte
2451 4866 2530 4929 illi
2562 4874 2664 4944 qui
2711 4873 2861 4928 inter
2903 4889 3011 4927 vos
3061 4873 3333 4930 catholici
3364 4871 3672 4929 christiani

2020 4970 2177 5029 sunt,
2213 4964 2352 5020 talia
2379 4963 2755 5032 mihiscripta
2772 4963 3075 5026 miserunt,
3090 4960 3201 5017 hoc
3218 4970 3443 5018 tantum
3465 4962 3673 5031 miror,

2019 5051 2178 5125 quod
2211 5067 2326 5106 non
2343 5067 2450 5106 suo
2469 5052 2665 5122 potius
2683 5067 2866 5122 quam
2883 5051 3104 5106 ordinis
3120 5052 3380 5105 nomine.
3400 5050 3456 5105 Si
3471 5055 3672 5105 autem

2019 5157 2227 5199 revera
2239 5157 2450 5196 omnes
2465 5144 2568 5195 aut
2582 5156 2767 5211 pr0pe
2783 5153 2993 5195 omnes
3017 5139 3241 5194 ordinis
3256 5139 3362 5193 viri
3375 5140 3451 5192 ad
3482 5155 3573 5192 me
3589 5136 3672 5212 di;

2020 5231 2186 5301 gnati
2212 5231 2351 5285 estis
2382 5227 2604 5284 litteras
2634 5230 2797 5290 dare,
2820 5229 3003 5282 miror
3026 5228 3190 5298 quod
3211 5225 3377 5295 patri
3393 5233 3448 5282 et
3468 5227 3530 5282 in
3563 5229 3672 5283 Do-

2021 5318 2178 5376 mino
2191 5321 2442 5375 salutem
2455 5317 3050 5389 scripsistis;quorum
3067 5315 3200 5371 mihi
3215 5317 3671 5387 superstitiosus

2021 5410 2217 5465 cultus
2249 5408 2568 5472 idolorum,
2601 5411 2807 5462 contra
2832 5422 2968 5477 quas
2996 5403 3153 5461 idola
3182 5403 3414 5461 facilius
3445 5407 3671 5479 templa

2022 5503 2216 5554 vestra
2250 5513 2436 5569 quam
2484 5496 2665 5551 corda
2721 5495 3098 5562 clauduntur,
3153 5495 3242 5551 vel
3289 5495 3488 5568 potius
3530 5509 3664 5570 quas

2021 5587 2184 5644 idola
2203 5603 2326 5643 non
2354 5585 2550 5655 magis
2580 5583 2642 5640 in
2669 5583 2903 5656 templis
2932 5600 3115 5657 quam
3143 5583 3206 5640 in
3227 5587 3440 5642 vestris
3477 5587 3668 5642 cordis

2013 5678 2138 5744 bus
2171 5676 2574 5744 includuntur,
2606 5690 2743 5732 cum
2775 5689 2999 5747 magno
3048 5680 3137 5732 est
3186 5675 3392 5733 dolore
3427 5672 3668 5735 notissi-
