4138 6172
484 185 506 240 1
517 183 622 241 027

477 327 615 366 mus
645 328 657 367 :
692 309 803 367 nisi
828 309 1121 380 fortejam
1163 307 1237 362 de
1277 303 1464 360 salute
1499 301 1650 373 ipsa,
1684 315 1818 371 quae
1841 299 1900 354 in
1937 296 2134 353 Domi-

480 416 563 456 no
593 406 702 465 est,
737 416 841 471 per
897 414 1076 469 quem
1128 411 1223 450 me
1266 394 1523 450 salutare
1577 389 1833 454 voluisti,
1892 387 2134 442 tandem

482 489 758 561 prudenti
788 485 1267 541 consideratione
1299 481 1594 552 cogitatis.
1631 482 1775 534 Nam
1811 478 1858 532 si
1887 493 2006 531 non
2053 477 2135 530 ita

481 586 587 640 est,
611 590 814 647 quaeso
849 590 976 643 vos,
1012 573 1156 645 quid
1186 572 1309 627 lmsi
1338 570 1484 642 quid
1516 567 1738 624 offendi
1777 564 2134 622 benevolen-

480 666 624 721 tiam
654 668 936 730 vestram,
968 669 1030 718 ut
1060 661 1336 718 metitulo
1363 658 1630 731 epistolae
1661 660 1869 711 vestrm
1891 653 2136 709 irriden-

479 753 624 809 dum
677 753 874 824 potius
920 769 1100 825 quam
1158 749 1579 807 honorandum
1640 761 1769 800 esse
1823 743 2131 815 putaretis,

478 841 707 898 domini
740 841 1167 912 praedicabiles,
1199 843 1255 894 et
1285 835 1653 894 dilectissimi
1687 834 1919 888 fratres.

550 997 604 1048 2.
629 994 798 1060 Quod
824 993 981 1049 enim
1007 990 1352 1062 scripsistis,
1377 986 1541 1044 Patri
1565 985 1915 1055 Augustino,
1938 983 1998 1037 in
2023 983 2135 1037 Do-

477 1084 636 1139 mino
659 1091 940 1138 aeternam
964 1083 1236 1144 salutem,
1263 1095 1399 1133 cum
1425 1078 1702 1145 legerem,
1729 1077 1889 1129 tanta
1908 1088 2010 1142 spe
2035 1087 2136 1124 su-

476 1172 601 1227 bito
628 1179 858 1228 erectus
891 1188 1045 1235 sum,
1073 1176 1136 1225 ut
1157 1169 1456 1224 crederem
1480 1181 1588 1220 vos
1608 1163 1684 1219 ad
1713 1164 1913 1233 ipsum
1939 1159 2137 1215 Domi-

475 1277 644 1323 num,
673 1265 729 1316 et
759 1261 834 1316 ad
869 1261 1060 1332 ipsam
1090 1264 1375 1313 aeternam
1410 1254 1662 1310 salutem
1708 1256 1807 1307 aut
1843 1251 1971 1321 jam
2001 1264 2137 1305 esse

477 1367 819 1419 conversos,
844 1355 947 1404 aut
965 1365 1067 1420 per
1085 1353 1350 1403 nostrum
1378 1342 1770 1400 ministerium
1797 1339 2135 1395 desiderare

475 1439 760 1495 converti.
781 1439 891 1494 Sed
910 1438 1007 1492 ubi
1031 1437 1141 1506 legi
1158 1441 1390 1502 cratera,
1406 1429 1922 1501 refriguitanimus
1941 1443 2132 1482 meus:

473 1530 724 1600 quaesivi
754 1533 943 1584 tamen
976 1528 1054 1582 ab
1084 1524 1351 1596 epistolae
1368 1522 1658 1594 perlatore
1679 1526 1873 1573 utrum
1901 1518 2025 1587 jam
2045 1517 2136 1572 vel

474 1619 680 1672 essetis
713 1617 1041 1680 christiani,
1077 1616 1162 1668 vel
1190 1629 1316 1668 esse
1335 1610 1650 1682 cuperetis.
1682 1608 1864 1679 Cujus
1884 1621 2134 1676 respon-

476 1706 641 1761 sione
674 1712 1069 1776 posteaquam
1113 1703 1374 1773 comperi
1421 1714 1807 1770 nequaquam
1853 1711 1956 1750 vos
2005 1711 2134 1750 esse

472 1801 757 1860 mutatos,
783 1794 1018 1862 gravius
1041 1792 1206 1847 dolui
1229 1789 1394 1862 quod
1408 1788 1618 1844 Christi
1639 1801 1879 1852 nomen,
1897 1784 1988 1839 cui
2006 1784 2135 1854 jam

471 1888 662 1939 totum
693 1883 911 1954 orbem,
937 1881 1270 1950 subjectum
1314 1893 1442 1934 esse
1473 1873 1847 1946 conspicitis,
1882 1888 2000 1927 non
2037 1888 2136 1927 so-

471 1973 597 2029 lum
632 1989 666 2030 a
705 1973 881 2028 vobis
905 1961 1339 2042 repellendum,
1376 1967 1481 2022 sed
1516 1967 1693 2021 etiam
1727 1965 1786 2018 in
1840 1962 2015 2018 nobis
2063 1963 2135 2016 ir-

467 2061 787 2118 ridendum
811 2077 938 2116 esse
963 2059 1314 2114 credidistis.
1339 2057 1466 2111 Non
1491 2055 1647 2110 enim
1677 2053 1840 2124 potui
1872 2052 2134 2121 cogitare

471 2151 718 2207 alterum
754 2150 1095 2212 Dominum,
1119 2146 1449 2201 secundum
1479 2159 1654 2214 quem
1681 2146 1882 2213 posset
1907 2140 2130 2211 episco-

469 2255 582 2311 pus
618 2245 791 2308 pater
822 2254 856 2294 a
888 2238 1057 2293 vobis
1095 2235 1314 2301 vocari,
1340 2239 1552 2304 praeter
1582 2231 1902 2286 Dominum
1943 2227 2134 2282 Chris-

467 2334 595 2384 tum
631 2345 642 2384 :
673 2333 728 2383 et
758 2328 805 2396 si
831 2333 986 2382 esset
1009 2327 1148 2381 hinc
1172 2325 1373 2396 aliqua
1393 2322 1465 2377 de
1494 2320 1978 2391 interpretatione
2006 2333 2134 2372 ves-

469 2425 570 2473 trae
602 2417 908 2473 sententiae
927 2415 1241 2478 dubitatio,
1271 2411 1708 2482 subscriptione
1728 2407 1991 2479 epistolaa
2027 2403 2134 2460 tol-

466 2507 706 2575 leretur,
729 2506 824 2560 ubi
850 2512 1050 2576 aperte
1067 2503 1371 2575 posuistis,
1400 2501 1677 2572 Optamus
1705 2504 1775 2564 te,
1801 2496 2047 2558 domine,
2068 2495 2132 2550 in

468 2598 579 2652 Deo
595 2603 646 2650 et
670 2595 895 2652 Christo
918 2598 1067 2664 ejus,
1085 2609 1190 2661 per
1211 2593 1427 2647 multos
1442 2605 1629 2645 annos
1643 2602 1868 2656 semper
1887 2586 1944 2640 in
1961 2586 2118 2640 clero

470 2691 570 2741 tuo
599 2684 880 2754 gaudere.
914 2682 1144 2748 Quibus
1169 2681 1450 2736 omnibus
1486 2677 1758 2750 perlectis
1791 2682 1966 2747 atque
2001 2673 2120 2728 dis-

469 2774 689 2842 cussis,
717 2773 860 2845 quid
907 2771 1051 2827 mihi
1083 2770 1245 2826 aliud
1276 2783 1584 2826 occurrere
1615 2766 1820 2838 potuit,
1865 2769 1966 2820 aut
1995 2761 2121 2818 cui-

469 2863 611 2918 libet
639 2863 867 2917 homini
902 2865 1118 2933 potest,
1156 2860 1266 2914 nisi
1326 2863 1425 2914 aut
1466 2856 1728 2912 veridico
1770 2858 1871 2910 aut
1923 2851 2116 2908 fallaci

468 2953 856 3008 scribentium
875 2951 1214 3008 animohaec
1237 2965 1366 3004 esse
1392 2943 1761 3016 conscripta?
1779 2943 1889 3001 Sed
1912 2941 2120 2997 veridi-

466 3059 533 3100 co
556 3042 886 3098 animoista
899 3040 1172 3106 scribitis,
1192 3039 1325 3110 quis
1353 3036 1519 3093 vobis
1548 3036 1624 3092 ad
1639 3036 1793 3090 hanc
1809 3032 2118 3088 veritatem

469 3131 792 3188 interclusit
820 3130 1020 3187 viam?
1051 3129 1186 3202 quis
1219 3143 1432 3200 aspera
1467 3127 1713 3181 dumeta
1747 3122 2069 3178 substravit
2095 3118 2120 3163 ?

466 3222 604 3294 quis
658 3222 896 3293 rupium
945 3225 1240 3292 praarupta
1274 3217 1551 3272 inimicus
1592 3212 1878 3285 opposuit
1914 3211 1940 3266 ?
1980 3225 2117 3281 pos-

463 3316 652 3368 tremo
705 3311 838 3383 quis
879 3309 1136 3365 basilica:
1168 3308 1418 3378 jauuam
1470 3303 1700 3375 ingredi
1739 3299 2114 3372 cupientibus

465 3400 696 3468 clausit,
719 3401 857 3454 utin
881 3398 1092 3454 eodem
1112 3396 1360 3450 Domino
1383 3409 1488 3465 per
1502 3408 1679 3464 quem
1695 3407 1803 3447 nos
1825 3389 2114 3453 salutatis,

466 3489 743 3545 eamdem
762 3487 1017 3543 salutem
1033 3485 1343 3540 nobiscum
1364 3483 1587 3538 habere
1601 3477 1831 3536 nolitis?
1846 3478 1900 3534 Si
1916 3484 2115 3533 autem

465 3578 750 3635 fallaciter
763 3584 938 3647 atque
955 3575 1260 3630 irridenter
1274 3573 1402 3628 haec
1417 3570 1857 3638 scribitis,itane
1873 3567 2113 3622 tandem

468 3669 600 3722 mihi
617 3668 850 3736 negotia
864 3670 1063 3720 vestra
1077 3663 1343 3718 curanda
1357 3660 1969 3732 imponitis,utnomen
1988 3656 2037 3726 ej
2051 3672 2116 3710 us

466 3755 610 3810 mihi
625 3755 863 3824 negotia
876 3759 1070 3810 vestra
1084 3751 1350 3808 curanda
1365 3750 1746 3822 imponitis,ut
1759 3761 1976 3802 nomen
1992 3744 2118 3816 ejus

461 3861 566 3917 per
583 3860 761 3918 quem
776 3844 999 3916 aliquid
1021 3858 1288 3914 possum,
1311 3840 1581 3896 audeatis
1602 3854 1721 3894 non
1737 3835 2116 3892 veneratione

460 3935 661 3992 debita
691 3935 974 3999 attollere,
1011 3932 1112 3988 sed
1155 3930 1534 3987 insultatione
1566 3927 1900 3984 adulatoria
1938 3924 2118 3980 venti-

461 4023 586 4081 lare
607 4024 635 4080 7

531 4178 584 4230 3.
619 4173 830 4230 Sciatis
856 4188 970 4237 me,
992 4170 1345 4235 charissimi,
1363 4185 1500 4224 cum
1519 4167 1802 4223 ineffabili
1823 4181 1930 4238 pro
1943 4164 2115 4221 vobis

461 4268 714 4321 tremore
727 4263 922 4318 cordis
936 4260 1270 4316 haecdicere
1296 4276 1308 4314 :
1326 4259 1459 4314 novi
1473 4257 1868 4329 euimquanto
1883 4255 2114 4326 gravio-

458 4369 584 4408 rem
615 4358 670 4408 et
699 4349 1186 4424 perniciosiorem
1218 4363 1464 4404 causam
1498 4347 1619 4401 sitis
1649 4345 1911 4401 habituri
1950 4343 2112 4415 apud

459 4445 665 4507 Deum,
692 4443 738 4496 si
761 4441 976 4496 frustra
999 4439 1172 4495 vobis
1185 4438 1311 4493 haec
1329 4437 1555 4492 dixero.
1572 4435 1785 4490 Omnia
1814 4450 1949 4506 quae
1967 4449 2114 4505 prae-

460 4533 660 4588 testitis
688 4530 1059 4602 temporibus
1090 4544 1233 4598 erga
1263 4527 1598 4582 humanum
1631 4540 1819 4595 genus
1853 4524 2112 4594 majores

456 4622 637 4677 nostri
655 4627 820 4690 gesta
832 4637 959 4676 esse
976 4619 1393 4682 meminerunt,
1414 4615 1704 4686 nobisque
1721 4613 2108 4676 tradiderunt;

456 4712 659 4764 omnia
674 4712 849 4765 etiam
866 4725 1001 4780 quae
1018 4725 1126 4763 nos
1145 4707 1434 4770 videmus,
1453 4710 1507 4760 et
1531 4701 2107 4775 posteristradimus,

454 4815 589 4870 quae
613 4803 812 4852 tamen
839 4796 1220 4866 pertinentad
1250 4811 1449 4850 veram
1471 4793 1816 4862 religionem
1841 4806 2112 4862 quaeren-

454 4891 595 4944 dam
628 4894 683 4943 et
715 4885 1055 4948 tenendam,
1076 4886 1278 4940 divina
1294 4885 1596 4955 Scriptura
1621 4881 1936 4937 nontacuit
1967 4897 1979 4946 ;
2006 4879 2109 4935 sed

451 4978 533 5035 ita
551 4978 798 5034 omnino
822 4982 1035 5032 cuncta
1053 4980 1374 5038 transeunt,
1397 4978 1456 5027 ut
1474 4973 1795 5028 transitura
1809 4987 1936 5025 esse
1960 4986 2110 5042 prae-

453 5067 610 5125 dicta
635 5073 800 5123 sunt.
843 5064 1062 5122 Videtis
1090 5070 1242 5119 certe
1267 5061 1556 5134 populum
1575 5060 1916 5115 Judaeorum
1946 5059 2110 5114 avul-

453 5175 590 5214 sum
621 5176 655 5214 a
681 5157 924 5213 sedibus
957 5155 1098 5220 suis,
1125 5170 1230 5228 per
1251 5169 1460 5208 omnes
1494 5150 1612 5205 fere
1637 5156 1818 5206 terras
1843 5149 2110 5204 dissemi-

448 5255 656 5304 natum
685 5255 863 5321 atque
885 5243 1172 5302 diffusum
1203 5261 1214 5299 :
1250 5244 1488 5312 etorigo
1510 5240 1780 5311 ejusdem
1799 5238 2025 5311 populi,
2053 5242 2110 5293 et

447 5332 832 5404 incrementa,
867 5342 921 5393 et
946 5336 1113 5406 regni
1141 5333 1405 5398 amissio,
1435 5337 1488 5386 et
1512 5345 1616 5402 per
1643 5335 1855 5384 cuncta
1878 5327 2110 5398 disper-

449 5424 554 5487 sio,
574 5431 721 5483 sicut
736 5427 1124 5499 praadicta,ita
1140 5426 1292 5482 facta
1308 5426 1464 5478 sunt.
1483 5418 1702 5476 Videtis
1717 5423 1868 5474 certe
1884 5433 1952 5473 ex
1972 5418 2104 5489 ipso

448 5516 670 5583 pOpulo
685 5518 866 5572 verbu
879 5534 934 5571 m
954 5517 1048 5570 Dei
1063 5515 1375 5586 legemque
1392 5510 1780 5584 prodeuntem
1797 5524 1902 5581 per
1918 5507 2104 5563 Chris-

445 5605 597 5665 tum,
630 5605 733 5671 qui
762 5620 832 5658 ex
854 5605 963 5658 illis
980 5605 1328 5660 mirabiliter
1342 5608 1515 5658 natus
1541 5599 1940 5670 est,omnium
1967 5613 2108 5668 gen-

443 5692 595 5754 tium
617 5688 803 5748 dem
832 5706 1158 5764 occupasse
1184 5699 1364 5766 atque
1392 5691 1649 5750 tenuisse
1675 5706 1690 5748 :
1714 5690 1796 5748 ita
1824 5687 1951 5746 haec
1976 5703 2112 5747 om-

1712 222 1726 235 .
1759 171 1820 228 S.
1862 168 2245 229 AUGUSTINI
2286 169 2604 229 EPlSCOPI

3761 172 3899 232 1028

2241 298 2341 354 nia
2374 297 2776 369 praenuntiata
2802 298 3078 369 legimus,
3098 303 3163 355 ut
3192 297 3475 356 videmus.
3494 299 3718 356 Videtis
3747 308 3901 358 certe

2242 387 2465 442 multos
2493 389 2774 458 praecisos
2798 405 2832 444 a
2850 389 3047 445 radice
3061 389 3400 444 christianae
3413 390 3732 455 societatis,
3763 407 3899 462 qua:

2241 492 2346 548 per
2361 478 2540 532 Sedes
2555 478 2973 549 Apostolorum
2992 483 3045 533 et
3058 479 3462 534 successiones
3474 479 3900 551 episcoporum

2240 572 2400 621 certa
2429 583 2535 638 per
2561 567 2768 622 orbem
2801 568 3234 638 pr0pagatione
3253 567 3626 634 diffunditur,
3660 569 3737 624 de
3771 569 3900 624 sola

2240 655 2435 725 gura
2465 656 2732 725 originis,
2761 657 2874 712 sub
2906 657 3230 713 christiano
3256 658 3516 723 nomine,
3541 658 3721 730 quasi
3739 674 3898 713 ares-

2242 745 2434 801 centia
2449 751 2750 801 sarmenta
2765 745 3021 814 gloriari,
3038 763 3190 818 quas
3204 746 3462 802 haereses
3482 752 3536 802 et
3571 747 3900 803 schismata

2241 835 2626 890 nominamus
2649 852 2659 889 :
2682 834 3894 906 praevisa,praedicta,scriptasuntomnia.

2241 923 2463 978 Videtis
2496 929 2651 978 certe
2675 923 3132 979 simulacrorum
3153 924 3377 995 templa
3409 925 3629 996 partim
3664 926 3793 980 sine
3815 941 3898 981 re-

2239 1013 2549 1083 paratione
2602 1013 2888 1084 collapsa,
2922 1014 3136 1083 partim
3172 1014 3389 1079 diruta,
3414 1015 3629 1085 partim
3665 1013 3896 1082 clausa,

2242 1103 2458 1172 partim
2498 1103 2558 1156 in
2592 1119 2734 1156 usus
2763 1102 2910 1158 alios
2927 1108 3297 1159 commutata
3330 1103 3618 1176 ;ipsaque
3649 1103 3898 1159 simula-

2241 1207 2343 1246 cra
2401 1192 2490 1246 vel
2548 1190 2861 1262 confringi,
2914 1193 3004 1247 vel
3051 1192 3313 1259 incendi,
3365 1193 3458 1247 vel
3506 1193 3760 1260 includi,
3813 1193 3899 1249 vel

2241 1279 2465 1336 destrui
2509 1285 2726 1352 :atque
2751 1282 2911 1352 ipsas
2946 1281 3122 1352 hujus
3147 1283 3348 1336 saeculi
3373 1286 3728 1352 potestates,
3759 1299 3897 1354 qua:

2241 1369 2570 1442 aliquando
2618 1386 2727 1442 pro
2779 1371 3114 1426 simulacris
3159 1371 3452 1442 populum
3500 1371 3897 1429 christianum

2241 1459 2777 1530 persequebantur,
2809 1461 2996 1516 victas
3046 1465 3102 1515 et
3147 1460 3429 1530 domitas,
3475 1476 3596 1516 non
3636 1477 3674 1516 a
3722 1478 3899 1534 repu-

2241 1548 2591 1617 gnantibus,
2613 1549 2718 1604 sed
2746 1550 3185 1605 amorientibus
3203 1549 3574 1616 Christianis,
3603 1558 3659 1604 et
3685 1558 3897 1608 contra

2240 1637 2450 1693 eadem
2497 1638 2818 1694 simulacra
2849 1655 2957 1710 pro
3007 1638 3229 1711 quibus
3260 1639 3624 1695 Christianos
3662 1641 3897 1696 occide-

2241 1727 2406 1787 bant.
2425 1728 2681 1798 impetus
2705 1745 2847 1783 suos
2870 1727 3151 1800 legesque
3175 1728 3439 1794 vertisse,
3461 1737 3516 1784 et
3536 1729 3776 1800 imperii
3793 1746 3895 1785 no-

2239 1815 2513 1872 bilissimi
2552 1815 3093 1871 eminentissimum
3141 1816 3378 1871 culmen
3420 1816 3499 1872 ad
3547 1817 3895 1888 sepulcrum

2240 1903 2554 1977 piscatoris
2578 1905 2748 1973 Petri,
2789 1904 3092 1962 submisso
3122 1905 3484 1971 diademate,
3525 1907 3895 1978 supplicare.

2310 2064 2360 2116 4.
2389 2063 2522 2116 Haec
2555 2061 2761 2116 omnia
2790 2060 3106 2130 Scriptura:
3137 2059 3374 2125 divinas,
3399 2076 3534 2133 quae
3587 2061 3643 2116 in
3681 2076 3894 2117 manus

2239 2149 2510 2205 omnium
2539 2150 2664 2220 jam
2700 2155 3006 2214 venerunt,
3042 2155 3178 2205 ante
3217 2148 3567 2219 longissima
3619 2155 3896 2221 tempora

2239 2238 2438 2319 futura
2461 2255 2592 2294 esse
2625 2245 2849 2294 testatm
2885 2244 3042 2294 sunt.
3076 2241 3207 2294 Haec
3233 2240 3438 2293 omnia
3473 2243 3637 2294 tanto
3684 2240 3896 2294 robusp

2240 2328 2383 2382 tiore
2411 2328 2528 2383 fide
2558 2327 2831 2383 laetamur
2854 2327 2997 2391 fieri,
3025 2331 3254 2398 quanto
3287 2328 3512 2398 majore
3540 2329 3893 2384 auctoritate

2237 2418 2562 2488 praedicata
2587 2417 2790 2472 essein
2817 2418 3036 2472 sanctis
3066 2417 3291 2472 Litteris
3321 2417 3683 2472 invenimus.
3711 2420 3896 2472 Num-

2237 2506 2551 2577 quidnam,
2584 2507 2833 2562 obsecro
2869 2522 2991 2571 vos,
3033 2505 3476 2578 numquidnam
3508 2505 3706 2560 solum
3736 2506 3893 2575 judi-

2231 2595 2389 2650 cium
2411 2596 2527 2665 Dei,
2559 2595 2723 2668 quod
2740 2596 2889 2651 inter
2915 2595 3119 2649 fideles
3133 2601 3310 2667 atque
3336 2593 3891 2651 indelesfuturum

2231 2699 2360 2739 esse
2410 2685 2468 2739 in
2517 2685 2744 2740 eisdem
2792 2684 3019 2739 Litteris
3051 2685 3325 2754 legimus,
3358 2700 3495 2739 cum
3528 2683 3628 2739 illa
3684 2684 3892 2740 omnia

2233 2775 2385 2828 sicut
2411 2775 2692 2844 praedicta
2711 2778 2850 2828 sunt
2881 2774 3148 2828 venerint
3179 2790 3191 2839 ;
3228 2771 3672 2844 numquidnam
3695 2773 3890 2828 solum

2222 2862 2521 2933 judicium
2551 2864 2646 2918 Dei
2676 2868 2993 2918 venturum
3027 2878 3147 2918 non
3162 2878 3293 2918 esse
3325 2862 3678 2932 putabimus
3707 2862 3733 2916 ?
3765 2863 3890 2919 lmo

2234 2967 2371 3007 vero
2403 2953 2614 3021 veniet,
2639 2953 2787 3007 sicut
2828 2951 2930 3007 illa
2971 2952 3176 3008 omnia
3229 2955 3533 3006 venerunt.
3577 2954 3696 3007 Nec
3725 2953 3892 3024 quis-

2228 3056 2412 3112 quam
2442 3041 2547 3096 erit
2577 3041 2760 3096 homo
2791 3044 3129 3096 nostrorum
3175 3046 3537 3111 temporum,
3579 3039 3686 3112 qui
3734 3057 3798 3095 se
3830 3042 3887 3096 in

2229 3127 2573 3200 illojudicio
2628 3127 2704 3183 de
2751 3143 2860 3184 sua
2892 3128 3083 3199 possit
3129 3125 3474 3182 indelitate
3525 3127 3886 3194 defendere;

2229 3235 2364 3274 cum
2409 3219 2706 3274 Christum
2747 3223 2940 3274 cantet
2969 3223 3025 3272 et
3057 3218 3254 3289 justus
3295 3217 3372 3272 ad
3415 3217 3785 3288 aequitatem,
3833 3224 3889 3274 et

2230 3309 2503 3379 perjurus
2562 3307 2637 3363 ad
2689 3307 2978 3371 fraudem,
3031 3312 3089 3361 et
3135 3322 3237 3361 rex
3291 3305 3367 3362 ad
3422 3305 3773 3378 imperium,
3829 3313 3887 3362 et

2229 3397 2395 3452 miles
2428 3396 2506 3452 ad
2542 3411 2832 3467 pugnam,
2866 3400 2922 3451 et
2953 3395 3200 3451 maritus
3230 3400 3471 3467 propter
3499 3397 3796 3466 regimen,
3831 3402 3885 3452 et

2229 3501 2377 3540 uxor
2408 3483 3042 3557 propterobsequium,
3074 3490 3128 3540 et
3154 3488 3322 3556 pater
3350 3490 3591 3556 propter
3620 3501 3885 3557 praecep-

2228 3573 2614 3637 tum,etlius
2631 3572 3679 3645 propterobedientiam,etdominus
3704 3590 3881 3646 prop-

2227 3649 2313 3718 ter
2342 3663 2836 3726 dominationem,
2863 3668 2916 3717 et
2949 3677 3152 3717 servus
3177 3661 3883 3733 propterfamulatum,et

2227 3752 2469 3806 humilis
2491 3751 2567 3807 ad
2595 3751 2965 3822 pietatem,et
2995 3750 3293 3823 superbus
3323 3750 3399 3807 ad
3430 3751 3881 3808 aemulationem

2226 3839 2458 3895 etdives
2485 3845 2546 3895 ut
2571 3841 3168 3911 porrigat,etpauper
3184 3845 3243 3894 ut
3275 3845 3491 3904 sumat,
3535 3840 3880 3896 etebriosus

2225 3929 2302 3986 ad
2334 3929 2619 4000 phialam,
2657 3934 2714 3984 et
2741 3929 3052 3984 mendicus
3089 3929 3460 3998 adjanuam,
3491 3935 3546 3984 et
3575 3928 3780 3984 bonus
3821 3937 3880 3985 ut

2225 4024 2480 4090 prmstet,
2509 4018 2772 4074 etmalus
2789 4024 2849 4073 ut
2874 4018 3061 4084 fallat;
3081 4018 3510 4074 etchristianus
3539 4024 3877 4086 venerator,

2225 4113 2280 4164 et
2311 4124 2586 4180 paganus
2617 4107 2909 4172 adulator,
2944 4123 3157 4163 omnes
3210 4106 3508 4162 Christum
3550 4112 3776 4173 cantat,
3827 4113 3880 4164 et

2223 4213 2343 4270 qua
2376 4197 2680 4252 voluntate
2712 4200 2889 4268 atque
2906 4212 3006 4252 ore
3037 4202 3298 4261 cantent,
3329 4196 3521 4252 eidem
3548 4197 3662 4267 ipsi
3693 4213 3879 4270 quem

2222 4289 2464 4342 cantant
2494 4285 2782 4341 rationem
2813 4286 2938 4341 sine
2982 4285 3168 4342 dubio
3200 4284 3487 4340 reddituri
3523 4291 3681 4342 sunt.

2295 4443 2342 4493 5.
2369 4441 2465 4493 Est
2489 4437 2780 4510 quiddam
2805 4437 3114 4504 invisibile,
3138 4454 3208 4493 ex
3231 4453 3352 4510 quo
3373 4439 3646 4494 Creatore
3663 4437 3880 4509 princi-

2220 4527 2319 4599 pio
2341 4528 2696 4584 suntomnia
2725 4543 2859 4600 qua;
2883 4527 3180 4592 videmus,
3209 4543 3537 4592 summum,
3559 4532 3874 4592 aeternum,

2219 4617 2710 4672 incommutabile
2741 4621 2797 4672 et
2826 4617 2970 4672 nulli
3001 4615 3240 4672 effabile
3300 4617 3410 4671 nisi
3463 4622 3693 4671 tantum
3733 4617 3870 4672 sibi.

2220 4709 2314 4761 Est
2334 4706 2650 4778 quiddam,
2674 4721 2795 4777 quo
2822 4705 3019 4777 seipsa
3034 4705 3353 4760 summitas
3372 4704 3709 4775 majestatis
3739 4721 3875 4761 nar-

2218 4799 2307 4850 rat
2336 4801 2391 4850 et
2421 4796 2722 4866 praedicat,
2752 4795 3082 4865 nonimpar
3097 4793 3362 4864 gignenti
3394 4798 3573 4864 atque
3603 4793 3873 4849 narranti

2215 4883 2499 4948 Verbum,
2530 4900 2652 4955 quo
2685 4883 2777 4938 ille
2807 4884 2909 4955 qui
2950 4883 3205 4939 Verbum
3250 4883 3460 4953 gignit,
3509 4882 3869 4937 ostenditur.

2218 4976 2312 5029 Est
2337 4973 2619 5045 quadam
2650 4975 2951 5038 sanctitas,
2985 4973 3256 5028 omnium
3284 4987 3420 5042 quas
3465 4976 3677 5026 sancta
3724 4970 3874 5026 fiunt

2216 5062 2660 5125 sancticatrix,
2678 5060 3378 5134 ipsiusincommutabilis
3392 5060 3563 5116 Verbi
3590 5059 3874 5132 perquod

2217 5158 2491 5208 narratur
2515 5152 2658 5206 illud
2689 5152 3073 5223 principium,
3097 5155 3154 5205 et
3176 5150 3368 5222 ipsius
3396 5151 3672 5221 principii
3705 5149 3873 5221 quod

2216 5241 2343 5312 pari
2371 5256 2430 5295 se
2450 5240 2636 5295 Verbo
2668 5247 2889 5305 narrat,
2912 5239 3330 5311 inseparabilis
3355 5244 3410 5294 et
3430 5238 3694 5294 indivisa
3711 5254 3873 5294 com-

2215 5331 2443 5387 munio.
2468 5330 2605 5394 Quis
2629 5333 2830 5385 autem
2857 5332 2966 5386 hoc
2997 5335 3204 5395 totum,
3239 5327 3403 5401 quod
3442 5342 3564 5383 non
3609 5327 3870 5383 dicendo

2214 5419 2408 5474 dicere
2434 5425 2678 5474 conatus
2731 5435 2884 5483 sum,
2919 5426 2974 5474 et
3003 5417 3259 5473 dicendo
3284 5433 3406 5473 non
3457 5415 3657 5471 dicere
3695 5419 3870 5488 ;quis

2213 5509 2328 5565 hoc
2356 5509 2539 5579 possit
2569 5508 2948 5564 serenissima
2981 5513 3037 5563 et
3062 5506 3464 5562 sincerissima
3504 5510 3704 5562 mente
3729 5522 3872 5562 con-

2216 5597 2591 5669 tueri,eoque
2613 5599 2881 5653 contuitu
2919 5595 3349 5653 beatitudinem
3411 5595 3655 5660 ducere,
3689 5601 3870 5668 atque

2213 5687 2276 5745 in
2289 5687 2351 5744 id
2362 5686 2528 5760 quod
2555 5687 2816 5745 intuetur
2839 5685 3118 5745 deficiens
3148 5684 3608 5760 quodammodo
3625 5700 3694 5742 se
3719 5684 3872 5744 obli-
