4138 6172
265 152 405 213 1029

252 278 421 346 visci,
446 282 503 335 et
521 293 767 352 pergere
793 280 854 337 in
880 280 1026 339 illud
1054 283 1227 355 cujus
1250 281 1406 340 visio
1430 283 1610 340 nobis
1644 282 1911 339 invisibi-

144 444 149 447 τ
252 366 327 423 lis
350 372 442 425 est
472 368 513 435 ¹,
538 368 704 440 quod
726 374 815 426 est
838 371 1280 429 immortalitate
1300 372 1488 440 indui,
1536 378 1593 430 et
1643 372 1909 429 obtinere

250 461 538 514 mternam
565 458 843 525 salutem,
861 475 967 532 per
984 477 1170 533 quam
1195 477 1288 517 me
1319 461 1576 518 salutare
1615 461 1910 534 dignami-

251 546 315 603 ni
344 544 373 602 ‘t
410 546 554 613 Quis
593 546 705 603 hoc
762 550 973 621 possit,
1031 550 1145 605 nisi
1188 551 1294 624 qui
1348 566 1562 607 omnes
1608 551 1908 624 superbiae

248 634 1058 709 sutetorosinanes,peccata
1085 655 1196 696 sua
1214 639 1524 706 conﬁtens,
1559 639 1904 712 complana-

247 724 421 792 verit,
449 740 636 798 seque
666 725 1055 784 substraverit
1080 727 1284 784 mitem
1311 732 1492 801 atque
1516 728 1807 785 humilem
1829 727 1906 785 ad

246 813 675 885 excipiendum
715 817 901 872 Deum
926 816 1236 874 doctorem
1263 816 1291 871 ?

319 931 372 988 6.
391 932 687 998 Quoniam
706 948 847 1004 ergo
866 934 1177 991 avanitate
1198 932 1498 1005 superbiae
1511 933 1674 1005 prius
1698 932 1776 990 ad
1798 933 1906 990 hu-

243 1021 561 1077 militatem
578 1020 920 1093 deponendi
943 1038 1171 1090 sumus,
1196 1027 1261 1078 ut
1289 1022 1427 1078 inde
1443 1027 1754 1094 surgentes
1769 1022 1904 1077 soli-

241 1110 388 1167 dam
420 1109 839 1168 celsitudinem
858 1116 1167 1167 teneamus
1192 1130 1204 1180 ;
1238 1126 1356 1167 non
1379 1112 1572 1183 potuit
1592 1112 1705 1167 hoc
1728 1111 1903 1167 nobis

244 1202 410 1256 tanto
438 1199 942 1271 magniﬁcentius,
966 1208 1195 1273 quanto
1212 1200 1491 1257 blandius
1516 1200 1818 1271 inspirari,
1839 1204 1903 1256 ut

241 1293 451 1345 nostra
476 1288 750 1346 ferocitas
778 1305 899 1346 non
922 1289 997 1357 vi,
1030 1290 1135 1346 sed
1158 1290 1548 1362 persuasione
1570 1289 1899 1356 sedaretur,

236 1377 356 1435 nisi
376 1377 627 1434 verbum
652 1377 820 1445 illud,
846 1394 951 1451 per
966 1379 1133 1451 quod
1154 1395 1217 1435 se
1237 1378 1472 1451 Angelis
1492 1378 1716 1435 indicat
1741 1380 1899 1434 Deus

238 1467 433 1534 Pater,
458 1467 622 1540 quod
650 1467 849 1524 Virtus
874 1474 930 1524 et
965 1468 1265 1541 Sapientia
1287 1469 1417 1539 ejus
1447 1473 1555 1534 est,
1579 1467 1742 1541 quod
1776 1484 1901 1524 cor-

237 1555 315 1612 de
343 1556 615 1613 humano
645 1556 967 1613 visibilium
999 1572 1196 1612 rerum
1222 1556 1541 1629 cupiditate
1566 1562 1790 1613 caecato
1817 1557 1900 1613 vi-

236 1645 365 1701 deri
389 1660 510 1701 non
538 1649 791 1718 poterat,
816 1661 1142 1719 personam
1169 1662 1345 1702 suam
1368 1648 1427 1702 in
1456 1645 1699 1703 homine
1721 1661 1898 1716 agere

235 1738 421 1806 atque
449 1733 764 1791 ostendere
794 1734 1161 1805 dignaretur,
1197 1741 1259 1791 ut
1288 1736 1484 1805 magis
1519 1736 1702 1791 homo
1735 1736 1899 1791 time-

236 1828 329 1881 ret
355 1824 553 1880 extolli
582 1824 741 1882 fastu
771 1824 1056 1893 hominis,
1083 1841 1271 1897 quam
1299 1825 1602 1882 humiliari
1626 1824 1897 1897 exemplo

238 1914 361 1970 Dei.
394 1914 600 1986 Itaque
630 1929 750 1970 non
781 1913 1047 1970 Christus
1077 1930 1263 1985 regno
1296 1918 1526 1971 terreno
1554 1914 1892 1981 decoratus,

236 2017 350 2058 nec
379 2001 645 2059 Christus
665 2002 913 2059 terrenis
933 2003 1147 2075 opibus
1170 2004 1357 2069 dives,
1390 2019 1497 2059 nec
1516 2003 1775 2059 Christus
1797 2003 1897 2059 illa

236 2094 478 2148 terrena
506 2089 782 2147 felicitate
811 2091 1170 2163 praefulgens
1198 2107 1211 2158 ;
1241 2091 1346 2147 sed
1372 2091 1637 2147 Christus
1667 2090 1896 2147 cruciﬁ-

234 2195 372 2245 xus,
402 2195 509 2252 per
538 2185 728 2236 totum
760 2185 1052 2237 terrarum
1074 2180 1284 2237 orbem
1308 2181 1687 2252 praedicatur.
1723 2180 1895 2246 Quod

232 2269 499 2325 riserunt
526 2268 693 2341 prius
723 2268 929 2342 populi
954 2269 1375 2341 superborum,
1406 2274 1465 2326 et
1482 2270 1679 2326 adhuc
1702 2270 1896 2327 rident

232 2358 551 2430 reliquias:
609 2358 987 2416 crediderunt
1039 2364 1238 2415 autem
1264 2360 1432 2431 prius
1486 2360 1686 2431 pauci,
1733 2376 1896 2417 nunc

232 2447 442 2522 populi
469 2447 792 2520 ;quiatunc
806 2447 883 2504 ad
895 2447 1079 2505 ﬁdem
1102 2454 1521 2520 paucorum,et
1542 2454 1750 2506 contra
1771 2450 1898 2505 irri-

234 2537 465 2594 sionem
488 2535 872 2609 populorum,
893 2552 1031 2593 cum
1060 2538 1321 2593 Christus
1343 2538 1663 2594 cruciﬁxus
1681 2538 1894 2611 praedi-

232 2631 487 2691 caretur,
511 2626 709 2682 claudi
728 2626 1301 2693 ambulabant,muti
1324 2626 1747 2700 loquebantur,
1765 2644 1895 2684 sur-

231 2714 295 2772 di
328 2714 666 2779 audiebant,
697 2715 839 2770 caaci
865 2715 1168 2783 videbant,
1205 2718 1421 2772 mortui
1475 2716 1890 2787 resurgebant.

232 2803 329 2863 Sic
359 2808 605 2860 tandem
628 2804 1051 2861 animadvertit
1077 2810 1309 2862 terrena
1339 2805 1644 2877 superbia,
1669 2806 1814 2862 nihil
1832 2806 1893 2863 in

231 2892 381 2965 ipsis
394 2894 639 2950 terrenis
664 2908 796 2949 esse
810 2893 1113 2966 potentius
1126 2894 1458 2951 humilitate
1472 2894 1677 2951 divina
1693 2898 1733 2967 (l
1752 2895 1886 2952 Cor.

233 2997 273 3049 I,
308 2982 521 3055 23-25),
555 2987 619 3038 ut
647 2982 826 3040 etiam
855 2982 1252 3040 saluberrima
1267 2983 1574 3040 humilitas
1600 2984 1892 3055 humana,

229 3077 443 3129 contra
474 3070 861 3129 insultantem
896 3071 1010 3128 sibi
1043 3073 1407 3145 superbiam,
1442 3071 1661 3130 divinaa
1695 3074 1895 3131 imita-

233 3161 416 3220 tionis
442 3161 773 3233 patrocinio
803 3166 1086 3218 tueretur.

308 3290 362 3343 7.
381 3285 861 3358 EXpergiscimini
878 3285 1440 3359 aliquando,fratres
1463 3287 1599 3353 mei,
1615 3291 1899 3360 etparen-

230 3379 324 3433 tes
342 3376 460 3431 mei
487 3375 560 3447 (a)
583 3374 1004 3433 Madaurenses
1030 3391 1043 3442 ;
1060 3375 1218 3431 hanc
1237 3375 1618 3432 occasionem
1636 3376 1895 3433 scriben-

234 3464 300 3523 di
324 3463 495 3521 vobis
526 3465 679 3520 Deus
699 3463 844 3519 mihi
870 3463 1105 3520 obtulit.
1132 3465 1435 3530 Quantum
1460 3464 1624 3537 potui
1645 3465 1893 3538 quidem

230 3554 299 3611 in
330 3552 567 3626 negotio
583 3552 780 3609 fratris
805 3552 1145 3619 Florentini,
1180 3569 1284 3625 per
1324 3568 1507 3626 quem
1532 3553 1756 3611 litteras
1781 3556 1895 3612 mi-

232 3643 415 3709 sistis,
447 3641 600 3698 sicut
629 3642 785 3697 Deus
810 3642 1019 3710 voluit,
1048 3641 1215 3699 adfui
1240 3646 1297 3698 et
1326 3641 1529 3714 adjuvi
1567 3661 1580 3711 ;
1641 3644 1748 3700 sed
1776 3645 1892 3701 tale

231 3732 543 3802 negotium
574 3736 717 3797 erat,
745 3730 912 3804 quod
938 3731 1121 3788 etiam
1169 3732 1295 3787 sine
1324 3746 1509 3804 opera
1555 3748 1692 3789 mea
1723 3732 1893 3790 facile

230 3820 443 3893 peragi
485 3824 724 3893 posset:
756 3835 945 3893 prope
987 3835 1199 3877 omnes
1230 3821 1389 3876 enim
1434 3820 1652 3877 domus
1696 3822 1890 3894 ipsius

227 3909 530 3976 homines,
562 3908 661 3981 qui
691 3908 854 3982 apud
887 3909 1225 3982 Hipponem
1253 3916 1413 3975 sunt,
1444 3916 1742 3967 noverunt
1769 3912 1892 3968 Flo-

1476 154 1983 214 EPISTOLARUM
2022 155 2314 223 CLASSIS
2352 159 2453 218 IV.

3531 166 3666 223 1030

2409 285 2753 344 EPISTOLA
2793 285 3085 343 CCXXXIII
3114 287 3134 305 '
3161 287 3271 360 (a).

2014 402 2353 473 Augustinus
2381 403 2718 474 Longiniano
2761 419 2973 475 pagano
3026 404 3352 476 philosopho,
3380 394 3672 477 provocans

2084 494 2241 549 illum
2270 493 2339 548 ad
2363 493 2703 548 scribendum
2730 509 2959 564 quonam
2989 492 3140 549 modo
3186 496 3357 551 Deum
3388 497 3672 554 colendum

2087 582 2292 651 credat,
2332 581 2611 654 quidvede
2646 581 2864 638 Christo
2891 585 3112 637 sentiat.

2463 699 2805 753 LONGINIANO
2846 700 3217 753 Auensmvus.

2085 814 2283 873 Solere
2304 812 2813 885 aiuntquemdam
2832 816 3097 868 veterum
3112 813 3557 887 dicere,quibus
3578 831 3674 871 sa-

2012 904 2086 961 tis
2115 918 2474 977 persuasum
2489 906 2642 958 esset
2656 908 2718 958 ut
2743 900 2885 957 nihil
2905 901 3147 958 mallent
3170 919 3229 958 se
3244 920 3371 959 esse
3384 921 3568 976 quam
3583 905 3676 960 vi-

2009 1010 2108 1050 ros
2120 993 2427 1061 bonos,his
2442 990 2735 1063 reliquam
2752 990 2985 1046 facilem
2998 1006 3130 1046 esse
3144 991 3671 1051 doctrinam.Hanc

2010 1082 2367 1139 sententiam
2390 1081 2582 1151 (nam,
2602 1079 2771 1135 sirite
2804 1078 3024 1149 recolo,
3044 1081 3344 1136 Socratica
3365 1086 3477 1152 est)
3492 1082 3673 1155 longe

2008 1171 2309 1244 antiquior
2340 1169 2688 1242 prophetica
2713 1168 2842 1239 jam
2875 1176 3279 1240 praecesserat,
3310 1171 3668 1243 praecipiens

2007 1261 2238 1319 homini
2266 1260 2519 1316 breviter
2546 1263 2601 1314 et
2648 1256 2845 1322 simul,
2904 1274 3026 1313 non
3059 1262 3292 1315 tantum
3327 1264 3389 1316 ut
3427 1276 3489 1316 se
3518 1261 3669 1318 nihil

2010 1349 2175 1406 malit
2203 1364 2332 1405 esse
2363 1362 2548 1420 quam
2603 1346 2859 1411 bonum,
2890 1363 3102 1403 verum
3139 1348 3319 1404 etiam
3374 1349 3533 1405 unde
3563 1351 3671 1407 ﬁat

2006 1439 2231 1497 bonus:
2267 1438 2514 1507 Diliges,
2549 1435 2762 1507 inquit,
2823 1438 3142 1493 Dominum
3193 1438 3378 1494 Deum
3412 1445 3575 1513 tuum
3601 1455 3672 1496 ea:

2008 1534 2126 1585 toto
2139 1527 2317 1584 cordo
2339 1532 2526 1592 tuo,et
2557 1540 2632 1582 ex
2658 1531 2780 1581 tota
2803 1527 3010 1581 anima
3036 1532 3225 1591 tua,et
3247 1542 3321 1583 ex
3338 1534 3459 1583 tota
3472 1534 3668 1585 mente

2007 1622 2112 1673 tua
2139 1615 2330 1687 (Deut.
2362 1631 2436 1679 v1,
2469 1615 2563 1685 5);
2596 1619 2669 1679 et,
2704 1614 2923 1684 Diliges
2955 1615 3296 1683 proximum
3321 1623 3488 1671 tuum
3530 1624 3669 1673 tan-

2004 1720 2183 1776 quam
2216 1704 2467 1773 teipsum
2490 1702 2647 1775 (Lev.
2681 1718 2800 1767 XIX,
2836 1705 2939 1773 t8).
2968 1703 3090 1758 Hoc
3104 1703 3560 1772 cuipersuasum
3576 1721 3672 1761 es-

2007 1799 2112 1859 set,
2141 1808 2265 1849 non
2290 1793 2341 1848 ei
2371 1791 2663 1864 reliquam
2696 1791 2955 1857 facilem,
2990 1792 3094 1848 sed
3127 1809 3261 1848 eam
3314 1798 3501 1849 totam
3532 1810 3665 1851 esse

2003 1882 2336 1938 doctrinam
2350 1881 2638 1936 duntaxat
2653 1880 2855 1935 utilem
2878 1896 2947 1936 ac
2963 1880 3487 1938 salubrem.Multee
3502 1883 3664 1940 enim

2002 1971 2285 2028 doctrinae
2312 1974 2468 2036 sunt,
2489 1970 2535 2025 si
2560 1976 2760 2025 tamen
2783 1969 3070 2025 doctrinas
3093 1969 3363 2026 dicendae
3391 1977 3548 2039 sunt,
3572 1974 3670 2028 vel

2002 2060 2341 2132 superﬂuas,
2375 2058 2465 2115 vel
2494 2058 2703 2114 noxias.
2763 2059 3037 2113 Veterum
3067 2058 3248 2114 Libris
3275 2059 3539 2116 Christus
3573 2066 3667 2117 at-

2003 2154 2264 2206 testans:
2296 2150 2368 2204 In
2399 2148 2507 2212 his,
2537 2147 2753 2219 inquit,
2786 2146 3019 2203 duobus
3048 2148 3360 2217 praceptis
3389 2158 3513 2206 tota
3566 2151 3665 2207 lex

2000 2239 2213 2309 pendet
2240 2244 2294 2295 et
2321 2236 2884 2308 Prophetz(Matt/i.
2908 2253 3054 2303 xxII,
3085 2237 3199 2304 40).
3228 2239 3663 2312 Proinde,quia

2004 2328 2147 2384 mihi
2169 2327 2374 2383 videor
2398 2326 2734 2397 inspexisse
2758 2331 3048 2397 tanquam
3069 2327 3129 2381 in
3157 2327 3403 2399 speculo
3430 2344 3663 2386 sermo-

2001 2416 2318 2474 cinationis
2338 2431 2575 2471 mecum
2590 2418 2724 2479 tute,
2763 2414 2909 2470 nihil
2937 2421 2989 2470 te
3010 2431 3146 2471 esse
3164 2416 3342 2472 malle
3365 2433 3549 2489 quam
3580 2419 3662 2474 vi-

1999 2522 2135 2563 rum
2164 2504 2396 2562 bonum
2430 2522 2443 2573 ;
2475 2504 2685 2568 Deum,
2714 2518 2837 2575 quo
2854 2502 3001 2559 nihil
3032 2508 3119 2561 est
3146 2505 3383 2573 melius,
3418 2510 3473 2562 et
3499 2507 3659 2563 unde

1999 2594 2307 2651 humanus
2321 2594 2559 2651 animus
2571 2593 2766 2649 haurit
2785 2598 2847 2648 ut
2866 2594 3059 2649 bonus
3079 2596 3171 2663 sit,
3190 2611 3458 2666 quonam
3472 2596 3657 2654 modo

2000 2684 2321 2741 colendum
2343 2683 2571 2749 credas,
2587 2682 2780 2739 audeo
2794 2683 3156 2754 percontari:
3174 2699 3316 2740 nam
3329 2685 3494 2757 quod
3517 2701 3656 2741 eum

2000 2773 2322 2830 colendum
2353 2772 2581 2838 credas,
2604 2772 2735 2842 jam
2758 2777 2951 2829 teneo.
2977 2773 3189 2838 Quaero
3216 2774 3395 2830 etiam
3416 2773 3564 2846 quid
3582 2776 3657 2832 de

2001 2863 2228 2920 Christo
2255 2862 2499 2918 sentias.
2533 2860 2706 2927 Quod
2730 2860 2892 2917 enim
2917 2877 3056 2917 eum
3086 2877 3206 2918 non
3230 2864 3655 2936 parvipendas,

2000 2951 2225 3007 adverti
2244 2970 2255 3009 :
2274 2950 2379 3006 sed
2404 2955 2599 3005 utrum
2616 2964 2688 3005 ea
2712 2949 2909 3004 etsola
2931 2949 3029 3005 via
3043 2965 3178 3021 quae
3201 2951 3392 3007 abillo
3409 2951 3659 3008 demon-

2002 3045 2188 3097 strata
2204 3045 2314 3107 est,
2346 3055 2418 3096 ac
2449 3039 2628 3095 vitam
2654 3037 2897 3094 beatam
2923 3039 3214 3109 perveniri
3243 3054 3423 3111 posse
3448 3041 3654 3098 existi-

2002 3144 2154 3193 mes,
2177 3132 2233 3185 et
2257 3126 2460 3199 aliqua
2487 3142 2561 3183 ex
2581 3141 2765 3182 causa
2793 3140 2915 3180 non
2940 3140 3075 3181 eam
3106 3126 3378 3197 negligas
3406 3128 3511 3194 ire,
3544 3128 3651 3185 sed

2001 3217 2242 3274 differas
2257 3232 2272 3283 ;
2286 3233 2363 3274 an
2382 3222 2438 3272 et
2455 3215 2641 3271 aliam
2658 3214 2746 3271 vel
2765 3214 2917 3270 alias
2936 3215 3013 3271 ad
3038 3220 3159 3271 tam
3181 3217 3445 3288 opimam
3460 3222 3516 3274 et
3531 3234 3652 3290 prie

2000 3308 2285 3365 omnibus
2317 3305 2720 3379 appetendam
2752 3304 3200 3376 possessionem
3232 3306 3360 3361 vias
3386 3323 3515 3362 esse
3558 3324 3653 3367 ar-

2001 3397 2254 3463 bitreris,
2280 3401 2336 3453 et
2360 3395 2629 3468 aliquam
2654 3410 2863 3450 earum
2888 3394 3019 3465 jam
3065 3398 3121 3451 te
3160 3394 3391 3465 ingredi
3416 3396 3648 3464 credas,

1987 3502 2177 3556 posse
2193 3484 2708 3559 cupio,utopiuor,
2732 3499 2855 3540 non
2877 3483 3276 3555 impudenter.
3298 3484 3481 3557 Diligo
3494 3486 3654 3543 enim

2001 3580 2056 3634 te
2086 3580 2329 3648 propter
2355 3575 2417 3631 id
2440 3575 2597 3647 quod
2626 3588 2812 3644 supra
2843 3573 2985 3640 dixi,
3014 3589 3230 3646 meque
3259 3574 3370 3630 abs
3398 3582 3451 3630 te
3486 3575 3653 3647 diligi

1999 3680 2122 3721 non
2144 3670 2362 3721 temere
2393 3662 2673 3719 existimo
2700 3678 2715 3729 ;
2742 3677 2851 3717 nec
2883 3661 3002 3718 ulla
3045 3663 3119 3717 de
3146 3678 3210 3718 re
3241 3663 3359 3720 alia
3379 3664 3530 3721 inter
3551 3680 3655 3722 eos

1996 3755 2102 3827 qui
2131 3769 2192 3810 se
2212 3752 2498 3810 benevole
2524 3756 2838 3817 noverunt,
2891 3766 3091 3807 sermo
3144 3751 3524 3821 fructuosior,
3556 3754 3651 3811 vel

1997 3842 2387 3915 impenditur,
2407 3840 2499 3898 vel
2529 3840 2885 3912 reposcitur,
2920 3840 3006 3896 vel
3038 3840 3345 3913 accipitur,
3384 3842 3478 3899 vel
3506 3844 3659 3899 reci-

1997 3932 2178 4005 pitur,
2205 3946 2393 4004 quam
2423 3929 2584 3986 unde
2612 3928 2757 3985 boni
2785 3930 3066 4002 beatique
3099 3945 3329 3986 sumus.

226 3998 551 4063 rentinum,
585 4005 638 4054 et
672 3997 930 4054 multum
987 3998 1117 4069 ejus
1154 3997 1473 4054 orbitatem
1520 3997 1742 4055 dolent.
1776 4000 1892 4056 Sed
1988 4024 1993 4031 -

225 4086 486 4160 epistola
517 4086 665 4143 mihi
695 4102 731 4144 a
758 4087 926 4144 vobis
966 4088 1156 4144 missa
1178 4092 1284 4158 est,
1322 4091 1382 4144 ut
1412 4102 1534 4143 non
1568 4088 1892 4160 impudens

226 4180 383 4232 esset
407 4176 661 4249 epistola
687 4192 840 4243 mea,
874 4193 1035 4244 cum,
1064 4178 1381 4234 occasione
1409 4192 1446 4234 a
1474 4178 1643 4233 vobis
1680 4193 1888 4251 accep-

227 4270 307 4331 ta,
335 4265 634 4322 idolorum
664 4265 993 4323 cultoribus
1022 4266 1096 4323 de
1155 4266 1385 4323 Christo
1417 4266 1646 4339 aliquid
1678 4267 1886 4341 loque-

222 4359 407 4412 retur.
441 4354 555 4411 Sed
579 4354 828 4412 obsecro
860 4372 986 4422 vos,
1023 4356 1074 4411 si
1105 4371 1243 4412 eum
1278 4371 1399 4413 non
1448 4356 1704 4414 inaniter
1723 4358 1785 4415 in
1816 4373 1887 4415 ea

222 4444 478 4516 epistola
491 4446 871 4513 nominastis,
888 4450 949 4502 ut
972 4460 1093 4502 non
1112 4446 1366 4503 inaniter
1384 4446 1557 4503 vobis
1580 4447 1691 4504 ista
1706 4447 1891 4520 scrip-

224 4535 432 4590 serim.
458 4534 514 4591 Si
534 4539 737 4592 autem
771 4551 865 4590 me
889 4535 1133 4592 irridere
1163 4535 1455 4603 voluistis,
1492 4536 1689 4592 timete
1716 4537 1889 4593 illum

224 4640 405 4697 quem
440 4626 606 4697 prius
632 4625 971 4696 judicatum
996 4625 1175 4681 irrisit
1197 4628 1494 4698 superbus
1523 4627 1689 4683 orbis
1704 4632 1890 4684 terra-

132 4751 148 4762 ο
225 4719 457 4781 rum,et
474 4714 905 4785 nuncjudicem
920 4715 1227 4788 subjectus
1252 4720 1556 4787 exspectat
1576 4732 1588 4771 :
1606 4716 1887 4771 eritenim

225 4803 397 4861 testis
427 4801 675 4860 affectus
707 4804 766 4859 in
798 4820 904 4859 vos
930 4803 1126 4861 cordis
1176 4804 1313 4870 mei,
1345 4819 1451 4875 per
1475 4803 1652 4875 hanc,
1701 4820 1889 4876 quau-

224 4896 358 4949 tum
388 4893 554 4965 potui
586 4893 876 4965 paginam
909 4909 1261 4966 expressus;
1291 4893 1400 4949 erit
1439 4892 1603 4949 testis
1628 4894 1801 4949 vobis
1826 4895 1886 4950 in

218 4981 449 5055 judicio
469 4982 599 5054 ejus
630 4984 732 5056 qui
762 4984 1069 5040 credentes
1094 4982 1208 5039 sibi
1225 4982 1692 5039 conﬁrmaturus
1710 4988 1816 5053 est,
1832 4990 1889 5041 et

223 5071 569 5128 incredulos
596 5072 982 5129 confusurus.
1012 5075 1164 5128 Deus
1197 5088 1351 5128 unus
1382 5076 1439 5128 et
1461 5087 1631 5128 verus
1658 5089 1767 5130 vos
1808 5072 1885 5130 ab

222 5163 392 5219 omni
421 5160 602 5232 hujus
625 5162 829 5218 saeculi
858 5163 1120 5219 vanitate
1151 5161 1434 5219 liberatos
1463 5167 1771 5219 convertat
1807 5163 1886 5221 ad

220 5265 305 5316 se,
329 5249 557 5306 domini
588 5250 1025 5323 prsedicabiles,
1050 5254 1109 5307 et
1134 5250 1505 5309 dilectissimi
1537 5250 1773 5308 fratres.

288 5451 457 5526 '_Bad.
493 5452 608 5528 Am.
640 5452 831 5528 (st-Er,
881 5455 1024 5528 cujus
1050 5453 1253 5528 visione
1296 5454 1578 5505 invisibilis
1624 5459 1713 5505 est.
1755 5453 1879 5506 Mss.

226 5518 468 5582 quinque
497 5520 639 5629 cura
673 5518 871 5566 visione
903 5518 1124 5567 visibilis
1150 5523 1239 5567 est.

242 5580 910 5645 __(a)_Quia_iitteraturam
944 5584 998 5630 et
1024 5582 1312 5645 oratoriam
1346 5583 1516 5630 artem
1565 5580 1710 5644 apud
1736 5581 1881 5645 ipsos

247 5580 529 5693 ’.ἕιῼςριιία
549 5580 910 5652 litteraturam
944 5584 998 5630 et
1024 5582 1312 5655 oratoriam
1346 5583 1516 5630 artem
1565 5580 1710 5644 apud
1736 5581 1872 5645 ipsos

226 5641 282 5693 ὼ
345 5645 512 5704 cit,eX
524 5642 617 5695 lib.
634 5644 665 5693 2
685 5642 944 5703 Confusa,
958 5657 1005 5695 c.
1021 5643 1201 5707 3,1deo
1218 5643 1438 5714 fortean
1446 5647 1602 5695 vocat
1610 5649 1872 5711 parentes.

2386 4066 2722 4123 EPISTOLA
2766 4065 3051 4122 ccxxxw
3083 4067 3108 4095 α
3162 4065 3259 4139 (b).

1994 4184 2371 4257 Longinianus
2393 4182 2720 4256 Augustino,
2740 4182 2811 4238 ad
2837 4182 2895 4237 id
2911 4183 3233 4255 respondens
3246 4184 3416 4256 juxta
3443 4176 3656 4242 Trime-

2066 4276 2267 4347 gistum
2296 4282 2343 4331 et
2380 4274 2711 4339 Platonicos,
2741 4290 2837 4345 per
2867 4273 3100 4329 minores
3129 4274 3248 4329 deos
3277 4276 3558 4345 perveniri
3580 4275 3652 4331 ad

2065 4381 2337 4421 summum
2370 4366 2561 4431 Deum,
2590 4362 2687 4418 sed
2724 4379 2829 4418 non
2856 4363 2975 4417 sine
3005 4363 3175 4417 sacris
3215 4364 3653 4434 puriﬁcatoriis.

1996 4481 2251 4538 Domino
2271 4480 2632 4543 venerando,
2662 4482 2719 4533 et
2747 4491 2879 4533 vere
2919 4492 2989 4533 ac
3023 4476 3233 4532 merito
3287 4477 3649 4547 percolendo

2176 4572 2382 4625 sancto
2430 4568 2583 4639 patri
2640 4568 2980 4630 AUcusrmo,
3024 4565 3463 4623 LONGIANIANUS.

2067 4686 2119 4740 1.
2136 4685 2334 4740 Beatus
2357 4700 2496 4747 sum.
2523 4690 2571 4739 et
2601 4682 2890 4737 relucentis
2909 4698 3052 4753 puro
3082 4681 3428 4738 virtutistuae
3444 4683 3647 4739 lumine

1994 4774 2277 4830 admodum
2290 4773 2623 4838 illustratus,
2641 4771 2981 4843 quidignum
2998 4788 3073 4827 me
3084 4770 3262 4827 divini
3276 4775 3358 4829 tui
3374 4772 3652 4843 a/faminis

1993 4865 2191 4921 honore
2214 4863 2592 4920 cumulandum
2617 4878 2722 4917 esse
2747 4861 2973 4918 duxisti.
3015 4862 3115 4918 Sed
3141 4880 3312 4933 grave
3341 4864 3477 4918 mihi
3513 4881 3581 4918 on
3593 4881 3653 4918 us

1991 4962 2040 5012 et
2062 4954 2442 5025 di/ﬁcillimam
2468 4951 2819 5024 respondendi
2858 4952 3214 5024 provinciam,
3248 4954 3455 5008 domine
3502 4968 3654 5007 vene-

1987 5044 2181 5124 rande,
2203 5044 2333 5099 satis
2354 5042 2601 5114 imponis,
2629 5044 2902 5114 praecipue
2931 5042 3042 5097 tuis
3060 5041 3575 5113 percontationibus,
3602 5049 3649 5097 et

1990 5133 2086 5190 sub
2113 5134 2206 5189 hoc
2235 5141 2468 5205 tempore
2495 5134 2552 5188 in
2570 5131 2767 5187 talibus
2786 5132 3145 5202 explicandis,
3167 5148 3269 5202 per
3294 5144 3421 5186 meae
3445 5131 3651 5202 opinio-

1991 5224 2080 5279 nis
2104 5226 2441 5291 sententiam,
2473 5222 2531 5277 id
2559 5228 2653 5289 est,
2677 5237 2711 5276 a
2756 5235 2963 5293 pagano
2990 5222 3217 5276 homine.
3252 5219 3643 5286 Quastionibus

2055 5386 2071 5404 '
2105 5385 2291 5436 Enistt.
2322 5393 2605 5436 CCXXXIII
2638 5384 2691 5431 et
2721 5390 2998 5433 ccxxxrv
3023 5380 3303 5430 recensitae
3337 5382 3466 5431 sunt
3494 5377 3563 5431 ad
3595 5394 3647 5431 a.

2056 5399 2069 5404 ’
2106 5399 2144 5435 b
2185 5399 2291 5434 18ῐῐ.
2322 5399 2605 5436 CCXXXIII
2638 5399 2691 5431 et
2721 5399 2994 5433 GUXXXIV
3023 5399 3303 5430 recensum
3337 5399 3466 5431 sunt
3494 5399 3563 5431 αα
3595 5399 3647 5431 α.

1991 5448 2081 5512 bg.
2116 5399 2189 5500 bl).
2219 5448 2308 5496 bn.
2335 5459 2509 5512 c._cc._
2530 5442 2583 5492 tt.
2612 5458 2663 5507 g.
2693 5457 2786 5507 gv.
2817 5444 2858 5506 j.
2892 5444 2927 5492 l.
2959 5456 3014 5491 n.
3045 5457 3146 5494 r.s.
3180 5446 3222 5497 t.
3259 5443 3397 5493 duos
3427 5457 3480 5495 a.
3512 5442 3649 5496 duos

1992 5507 2079 5562 γε.
2116 5524 2208 5560 sex
2236 5524 2285 5558 ν.
2319 5513 2371 5560 et
2398 5507 2531 5557 Edd.

1986 5592 2000 5632 τ
2055 5575 2127 5634 (a)
2160 5573 2303 5623 Alias
2331 5573 2421 5621 20:
2451 5584 2571 5634 qum
2601 5572 2781 5619 autem
2815 5569 2907 5618 233
2941 5571 3072 5627 erat,
3108 5581 3255 5619 nunc
3286 5569 3397 5618 254.

1986 5638 1997 5669 έ
2058 5634 2127 5703 (b)
2160 5635 2304 5687 Alias
2334 5637 2423 5685 2t:
2458 5647 2579 5699 quas
2603 5636 2788 5685 autem
2815 5634 2906 5683 234
2940 5636 3071 5692 erat,
3105 5646 3251 5684 nunc
3283 5634 3402 5687 255.
