4138 6172
494 184 620 246 1031

488 314 749 391 siquidem
773 310 1002 368 abundet
1022 305 1159 378 quod
1186 319 1251 358 ex
1274 307 1432 373 parte
1452 297 1532 353 vel
1546 293 1869 368 jamdudum
1884 292 2029 348 inter
2050 306 2141 345 nos

489 381 815 466 convenerit,
840 400 925 454 vel
953 411 1095 451 nunc
1118 390 1409 448 identidem
1437 387 1641 443 litteris
1681 383 1853 455 magis
1875 381 2144 453 magisque

489 495 765 553 conveniat
790 485 1094 561 praeceptis,
1128 499 1233 536 non
1261 481 1438 535 dicam
1469 484 1681 534 tantum
1709 473 2020 535 Socraticis,
2050 486 2141 524 nec

490 586 620 649 tuis,
654 583 1020 637 Romanorum
1040 574 1127 627 vir
1146 571 1490 641 vereoptime,
1513 562 1860 638 propheticis,
1883 567 1977 615 aut
1999 576 2138 631 pau-

488 676 565 729 cis
588 666 1031 739 Jerosolymiticis
1054 681 1071 729 ;
1096 661 1184 717 sed
1206 662 1365 715 etiam
1393 657 1673 728 Orpheicis
1700 661 1854 724 atque
1876 652 1918 705 Α
1928 648 2135 721 geticis,

486 770 534 818 et
576 757 987 830 Trimegisticis,
1013 754 1159 824 longe
1189 758 1311 806 ante
1342 749 1459 804 illis
1486 742 1911 816 antiquioribus,
1934 747 1983 795 et
2012 755 2139 810 pene

485 850 712 907 rudibus
736 826 912 903 adhuc
927 844 1138 900 saeculis
1162 841 1272 896 diis
1296 836 1609 894 auctoribus
1629 834 1822 897 enatis,
1845 838 1891 886 et
1914 826 2140 885 totiorbi

486 949 655 999 terra:
669 939 829 995 certis
842 934 1107 990 limitibus
1122 930 1349 1002 partita?
1372 925 1655 997 trifariam
1680 922 1948 977 divinitus
1964 926 2139 973 osten-

486 1034 581 1095 sis,
600 1030 923 1101 priusquam
953 1040 1144 1080 nomen
1173 1027 1268 1075 aut
1286 1020 1510 1087 Europa
1523 1017 1753 1085 caperet,
1776 1016 1872 1066 aut
1899 1009 2135 1064 Asiaac-

485 1098 705 1193 ciperet,
722 1098 815 1173 aut
828 1116 1001 1187 Libya
1015 1111 1303 1185 possideret
1325 1108 1508 1162 virum
1525 1106 1711 1160 bonum
1723 1146 1735 1170 ,
1751 1110 1808 1158 ut
1831 1108 1912 1164 tu,
1930 1098 2136 1153 medius

482 1188 662 1282 ﬁdius,
692 1216 738 1264 et
769 1207 879 1263 eris
907 1211 955 1259 et
984 1202 1165 1275 fuisti.
1198 1197 1477 1270 Siquidem
1505 1194 1679 1249 adhuc
1721 1197 1835 1262 post
1865 1188 2135 1244 hominum

484 1276 804 1355 memoriam
835 1290 1322 1365 nz'sc’Xenophontis
1340 1285 1606 1358 figmentis
1617 1280 1915 1352 compositae
1936 1276 2135 1348 fabulae

483 1389 690 1445 schema
726 1384 999 1449 concedas,
1050 1380 1225 1437 adhuc
1269 1374 1562 1441 audierim,
1612 1371 1855 1441 legerim,
1904 1366 2137 1421 viderim

483 1479 769 1543 neminem,
796 1482 889 1530 aut
912 1480 1049 1529 certe
1077 1476 1193 1541 post
1220 1484 1403 1531 unum,
1425 1463 1660 1525 nullum,
1683 1459 1838 1531 quod,
1864 1460 1973 1513 Deo
1985 1463 2133 1522 teste,

486 1565 866 1638 bonopericulo
894 1569 1134 1632 certoque
1158 1556 1415 1621 dixerim,
1436 1552 1543 1608 nisi
1571 1558 1637 1619 te,
1666 1551 1831 1605 Deum
1857 1555 1908 1603 et
1934 1543 2140 1601 conniti

484 1636 691 1730 semper
711 1669 1007 1726 agnoscere,
1040 1657 1087 1704 et
1108 1664 1255 1719 posse
1298 1645 1544 1717 puritate
1574 1640 1769 1704 animi,
1802 1636 2140 1708 corporisque

484 1728 724 1820 projecta
777 1741 1065 1815 gravedine
1094 1736 1291 1792 sectari
1341 1732 1625 1805 facillime,
1667 1736 1715 1784 et
1743 1744 1832 1799 spe
1883 1727 2142 1799 perfectae

488 1835 849 1899 conscientiae,
869 1848 975 1887 non
1004 1827 1169 1884 dubia
1197 1824 1518 1881 credulitate
1550 1828 1745 1876 tenere.

559 1988 613 2040 2.
648 1984 842 2043 Verum
874 1998 979 2053 qua
1024 1980 1114 2034 via
1160 1976 1308 2049 effici
1336 1973 1524 2046 possit,
1556 1971 1729 2042 magis
1756 1976 1831 2024 est
1858 1974 1918 2023 ut
1953 1974 2011 2023 tu
2037 1983 2139 2023 non

487 2076 709 2141 nescias,
734 2079 783 2127 et
804 2071 942 2126 mihi
953 2085 1055 2125 non
1085 2068 1365 2122 insinuata
1379 2062 1715 2119 extrinsecus
1738 2058 1923 2129 aliquo
1943 2056 2143 2111 disser-

490 2172 585 2231 tes,
614 2181 771 2237 quam
801 2170 861 2217 ut
890 2179 923 2216 a
952 2177 1051 2223 me,
1076 2158 1285 2213 domine
1302 2150 1631 2224 percolende,
1649 2150 1805 2205 scias.
1838 2148 2137 2213 Quiatunc,

487 2260 687 2329 fateor,
716 2253 873 2324 hujus
904 2250 1025 2305 boni
1069 2250 1126 2303 in
1153 2246 1326 2302 sedem
1363 2245 1709 2315 profecturus
1763 2238 2052 2308 sufficiens,
2080 2241 2141 2290 ut

485 2328 602 2400 mea
630 2348 883 2415 expetunt
914 2336 1234 2403 sacerdotia,
1282 2333 1505 2389 minime
1535 2330 1774 2394 necdum,
1807 2335 1856 2383 et
1884 2328 1934 2381 si
1966 2333 2141 2381 tamen

485 2441 727 2506 potuero,
760 2430 1021 2486 viaticum
1049 2426 1259 2495 colligo.
1296 2423 1491 2481 Verum
1518 2418 1647 2491 quid
1669 2417 1935 2472 traditum
1962 2420 2139 2470 sancte

487 2530 643 2593 atque
690 2519 999 2590 antiquitus
1029 2523 1230 2570 teneam
1263 2519 1418 2582 atque
1474 2506 1787 2572 custodiam,
1835 2511 1893 2561 ut
1918 2512 2141 2576 potuero

483 2612 674 2683 paucis
702 2610 923 2664 edicam.
966 2606 1153 2662 Viaest
1183 2604 1245 2656 in
1275 2603 1445 2655 Deum
1466 2599 1679 2662 melior,
1711 2613 1817 2668 qua
1836 2596 1928 2650 vir
1956 2594 2134 2658 bonus,

484 2702 617 2771 piis,
641 2699 819 2769 puris,
835 2695 1022 2766 justis,
1037 2692 1218 2755 castis,
1246 2691 1390 2745 veris
1405 2688 1565 2743 dictis
1585 2686 1867 2757 factisque,
1892 2686 2009 2739 sine
2024 2683 2142 2739 ulla

489 2795 785 2859 temporum
817 2788 835 2822 ¹
866 2787 1194 2840 mutatorum
1224 2786 1441 2851 captata
1466 2777 1762 2849 jactatione
1787 2774 2063 2842 probatus,
2091 2780 2139 2829 et

487 2877 703 2933 deorum
734 2876 993 2931 comitatu
1022 2871 1277 2935 vallatus,
1311 2868 1411 2923 Dei
1438 2867 1619 2938 utique
1639 2863 1990 2937 potestatibus
2002 2880 2143 2917 eme-

485 2968 631 3022 ritus
651 2988 673 3037 ,ο
704 2965 762 3020 id
791 2970 886 3030 est,
914 2964 1028 3033 ejus
1058 2961 1240 3025 unius,
1270 2966 1316 3014 et
1348 2957 1615 3021 universi,
1656 2962 1705 3009 et
1740 2954 2142 3024 incomprehen-

484 3057 687 3121 sibilis,
704 3061 753 3110 et
768 3052 1095 3123 ineffabilis,
1112 3047 1410 3120 in/atigabi
1416 3047 1584 3119 lisque
1598 3045 1877 3101 Creatoris
1892 3044 2143 3115 impletus

491 3145 807 3209 virtutibus,
836 3159 979 3215 quos,
1016 3147 1075 3196 ut
1094 3156 1279 3195 verum
1295 3143 1391 3202 est,
1416 3135 1651 3206 Angelos
1682 3134 1889 3201 dicitis,
1915 3133 1994 3189 vel
2014 3133 2145 3205 quid

490 3236 725 3292 alterum
747 3240 861 3304 post
876 3232 1045 3287 Deum
1069 3230 1150 3284 vel
1174 3246 1291 3284 cum
1305 3228 1432 3291 Deo,
1466 3234 1559 3281 aut
1583 3242 1617 3279 a
1640 3225 1767 3289 Deo,
1782 3231 1876 3279 aut
1900 3241 1959 3278 in
1976 3225 2145 3279 Deum

491 3324 790 3380 intentione
812 3323 983 3376 animi
1002 3318 1292 3388 mentisque
1318 3314 1543 3386 iret/esti
1547 3320 1659 3368 nat.
1683 3312 1783 3369 Via
1794 3324 1885 3379 est,
1902 3313 2141 3385 inquam,

490 3431 596 3487 qua
605 3411 829 3485 purgati
847 3410 1197 3480 antiquorum
1220 3420 1501 3461 sacrorum
1524 3404 1634 3474 piis
1648 3405 1937 3475 praeceptis
1954 3405 2146 3475 expia-

491 3503 826 3574 tionibusque
872 3496 1206 3570 purissimis,
1259 3502 1309 3550 et
1367 3494 1640 3549 abstemii:
1694 3493 2157 3558 observationibus

485 3592 705 3659 decocti,
727 3590 914 3645 anima
938 3594 987 3643 et
1015 3602 1229 3657 corpore
1259 3591 1559 3640 constantes
1589 3583 1971 3656 deproperant.

559 3746 609 3798 3.
638 3741 715 3796 De
747 3738 963 3795 Christo
991 3744 1173 3793 autem
1203 3743 1310 3792 tuae
1327 3734 1448 3805 jam
1478 3733 1827 3790 credulitatis
1852 3736 2078 3792 carnali
2103 3744 2154 3794 et

485 3831 693 3903 spiritu
729 3829 832 3884 Deo
852 3831 896 3893 ²,
924 3843 1023 3899 per
1050 3843 1202 3899 quem
1232 3826 1290 3880 in
1309 3824 1464 3879 illum
1488 3840 1773 3890 summum,
1803 3824 2043 3896 beatum,
2072 3844 2154 3883 ve-

488 3928 697 3985 rum,et
720 3927 929 3991 patrem
941 3916 1177 3973 omnium
1193 3915 1277 3970 ire
1300 3929 1519 3969 securus
1532 3930 1604 3980 es,
1632 3914 1845 3968 domine
1858 3921 2016 3985 pater
2032 3933 2152 3986 per-

487 4009 718 4075 colende,
751 4025 858 4063 non
886 4007 1052 4062 audeo
1096 4022 1189 4060 nec
1216 4003 1358 4058 valeo
1387 4002 1518 4073 quid
1547 4003 1778 4057 sentiam
1808 4004 2111 4073 exprimere
2130 4020 2155 4071 ,°

488 4100 618 4171 quia
645 4097 782 4170 quod
804 4092 1409 4165 nescio,difﬁcillimum
1434 4091 1589 4146 credo
1608 4090 1853 4161 deﬁnire.
1885 4091 1953 4147 Ut
1974 4101 2153 4149 autem

490 4204 572 4243 me
583 4184 840 4242 cultorem
851 4192 1072 4240 tuarum
1083 4182 1351 4236 virtutum
1364 4180 1621 4251 dignatus
1631 4196 1681 4234 es
1686 4181 1804 4251 jam
1815 4181 1866 4235 ol
1872 4181 1944 4236 im
1957 4183 2153 4239 scienti

489 4277 782 4333 insinuare
804 4272 1171 4347 quoddiligas,
1204 4270 1341 4325 satis
1365 4268 1436 4323 ad
1465 4268 1610 4323 bona:
1626 4269 1749 4323 vitae
1783 4269 2151 4328 testimonium

492 4368 674 4433 habeo,
692 4366 829 4440 quod
857 4380 975 4420 cum
998 4378 1061 4418 ne
1081 4360 1185 4417 tibi
1205 4359 1537 4431 displiceam,
1559 4360 1653 4430 qui
1668 4360 1781 4414 Deo
1806 4366 1858 4414 te
1885 4360 2153 4417 animam-

490 4477 588 4532 que
614 4466 763 4515 tuam
790 4454 1027 4529 quotidie
1059 4451 1325 4516 insinuas,
1358 4447 1595 4504 custodio
1625 4465 1642 4504 .'
1671 4448 1932 4520 intelligis
1953 4450 2152 4521 procul

491 4549 651 4605 dubio
679 4547 816 4620 quod
844 4553 892 4601 et
924 4559 1015 4616 ego
1047 4549 1093 4597 te
1123 4538 1515 4596 delectabiliter
1538 4537 1783 4609 diligam,
1817 4555 1936 4593 cum
1959 4540 2042 4595 tui
2058 4541 2153 4611 ju-

492 4639 628 4694 dicii
655 4638 717 4692 de
748 4654 825 4690 me
838 4634 1016 4690 habiti
1038 4646 1281 4686 normam
1304 4629 1600 4698 lineamque
1621 4628 1887 4698 accipiens
1919 4635 2148 4685 teneam.

492 4724 593 4782 Sed
621 4732 744 4781 ante
768 4718 968 4789 omnia,
999 4738 1173 4793 quaeso
1204 4728 1274 4790 te,
1304 4725 1359 4774 ut
1382 4717 1745 4789 exiguissima
1758 4715 2148 4788 opinionimew

492 4817 705 4872 veniam
732 4813 1003 4879 concedas,
1032 4817 1080 4866 et
1109 4809 1345 4865 sermoni
1376 4824 1486 4862 meo
1532 4806 1602 4861 ad
1628 4814 1693 4872 te,
1728 4806 1858 4877 quia
1911 4804 2146 4876 coegisti,

492 4906 716 4963 remisso
733 4904 894 4975 forte,
926 4902 1217 4972 incongrua
1240 4898 1403 4971 facile
1430 4894 1729 4966 indulgeas,
1758 4901 1807 4948 et
1838 4910 1916 4948 me
1930 4892 2060 4965 quid
2090 4892 2151 4947 de

496 4997 580 5052 his
598 4995 887 5055 existimes,
917 4993 996 5047 vel
1022 4998 1081 5047 tu
1100 4990 1230 5062 quid
1245 4989 1469 5053 sentias,
1488 4984 1691 5042 sanctis
1709 4984 1931 5054 scriptis
1947 4984 2075 5048 tuis,
2090 4988 2150 5037 ut

494 5088 587 5144 ille
615 5087 715 5151 ait,
741 5086 865 5156 jam
887 5099 989 5138 non
1020 5080 1200 5143 melle,
1228 5078 1317 5133 sed
1346 5082 1561 5131 nectare
1594 5072 1932 5129 dulcioribus
1963 5071 2152 5143 (Ovid.

494 5178 674 5243 ,Trist.
706 5181 757 5240 5,
791 5174 937 5246 Eleg.
973 5172 1050 5243 5),
1076 5171 1126 5226 si
1154 5184 1379 5233 mereor,
1413 5167 1717 5237 informare
1745 5162 2003 5233 digneris.
2047 5161 2153 5216 Dei

491 5269 692 5339 pietate
722 5263 1055 5338 perfruaris,
1071 5260 1280 5316 domine
1297 5264 1475 5329 pater,
1498 5259 1835 5326 acperpetua
1857 5250 2150 5307 sanctitate

501 5358 607 5413 Deo
634 5357 863 5429 placeas,
895 5352 1033 5426 quod
1061 5365 1263 5407 necesse
1301 5354 1396 5403 est.

562 5571 578 5635 ε
607 5570 668 5635 I_n
684 5572 815 5635 MSS;
838 5573 1368 5635 aliquot,qtempo‘ru_m
1384 5564 1662 5635 pominum
1682 5563 2017 5635 mutator‘um,
2046 5558 2148 5635 etp:

560 5634 579 5664 ι
611 5631 746 5681 Bad.
780 5633 884 5688 Er.,
914 5621 959 5681 ἐι
992 5621 1194 5694 φ’ίτὶιιὶ
1238 5630 1350 5685 Dei.
1383 5628 1532 5687 Lov.,
1564 5632 1610 5679 et
1643 5624 1859 5689 spiritus
1894 5622 2045 5673 dono.
2082 5621 2151 5675 At

496 5686 647 5754 Mss"
673 5698 719 5745 et
746 5686 941 5758 spiritu
964 5686 1085 5745 Dio.
1520 5686 1525 5687 ⁷
1666 5686 1685 5689 ⁷
2064 5696 2065 5699 ‘

1708 199 1719 211 -
1740 158 1745 159 ί
1764 158 1828 224 S.
1867 148 2251 222 AUGUSTINI
2288 155 2613 221 EPISCOPI

3755 162 3897 227 1033

2681 287 3012 346 EPISTOLA
3056 286 3325 346 ccxxxv
3373 287 3473 361 (α).

2251 410 2594 482 Augustinus
2628 412 2986 482 Longiniano,
3014 412 3308 484 explanari
3331 429 3578 484 querens
3596 430 3700 469 cur
3719 416 3915 485 putari

2320 517 2450 571 opus
2479 502 2762 571 sacriﬁciis
2782 500 3179 571 puriﬁcatoriis
3194 504 3249 558 ei
3266 504 3362 573 qui
3370 502 3494 574 jam
3513 503 3722 560 divinis
3735 504 3913 559 virtu-

2322 590 2464 645 tibus
2501 591 2574 645 sit
2611 589 3080 647 circumvallatus.

2707 708 3051 763 Lonommro
3091 711 3439 765 AUGUSTINUS
3453 752 3467 766 .

2322 830 2371 883 1.
2407 830 2543 901 Cepi
2569 828 2828 885 fructum
2874 828 3074 900 scripti
3122 830 3260 900 mei,
3292 830 3652 903 rescriptum
3686 829 3914 887 scilicet

2245 918 2672 974 Benevolentiee
2688 923 2826 975 tuae.
2863 918 3028 974 Unde
3048 918 3179 989 jam
3193 918 3362 975 video
3383 923 3656 976 exortum
3676 924 3734 975 et
3746 936 3913 976 exor-

2246 1008 2546 1064 suminter
2574 1024 2683 1063 nos
2697 1022 2934 1078 magna:
2954 1006 3067 1063 hac
3079 1007 3152 1062 de
3166 1023 3226 1063 re
3247 1022 3469 1078 magna
3481 1008 3910 1079 disputationis

2245 1096 2418 1168 quasi
2433 1102 2782 1152 sementem:
2799 1096 2913 1152 hoc
2924 1101 3009 1151 est
3022 1095 3186 1168 quod
3202 1095 3479 1152 volebam
3495 1096 3912 1169 prius,deinde

2245 1186 2409 1256 quod
2423 1184 2622 1241 adhuc
2635 1184 2791 1251 volo,
2803 1186 2955 1240 Deus
2966 1183 3064 1255 adj
3076 1183 3360 1240 uvabit.ld
3372 1190 3572 1241 autem
3584 1192 3696 1250 est,
3717 1189 3786 1241 ut
3798 1186 3913 1241 hoc

2244 1280 2507 1346 cceptum
2538 1273 2734 1329 debito
2755 1289 2826 1329 ac
2852 1272 3078 1329 salubri
3104 1273 3219 1329 ﬁne
3241 1273 3576 1333 claudatur.
3626 1275 3913 1339 Proinde,

2243 1363 2409 1436 quod
2421 1363 2494 1418 de
2509 1363 2734 1419 Christo
2747 1361 2894 1417 nihil
2911 1368 3130 1418 temere
3149 1361 3254 1418 tibi
3272 1362 3622 1435 negandum
3640 1363 3733 1419 vel
3748 1363 3913 1420 afﬁr-

2246 1451 2537 1509 mandum
2554 1450 2915 1523 putasti,hoc
2928 1452 2987 1507 in
3002 1452 3223 1524 pagani
3237 1452 3440 1508 animo
3458 1457 3916 1525 temperamen-

2248 1546 2376 1598 tum
2390 1557 2511 1597 non
2525 1542 2745 1597 invitus
2764 1540 3299 1611 acceperim.0uod
3316 1556 3456 1597 vero
3468 1542 3651 1598 etiam
3673 1544 3913 1615 scriptis

2249 1633 2397 1688 meis
2417 1632 2617 1688 doceri
2631 1637 2684 1687 te
2705 1630 2875 1701 cupis
2896 1630 2971 1686 de
2985 1631 3095 1686 hac
3110 1647 3191 1697 re,
3210 1646 3596 1704 nequaquam
3612 1632 3912 1698 abnuam,

2250 1738 2444 1795 neque
2468 1722 2750 1777 desistam
2766 1720 2904 1776 huic
2922 1725 3045 1776 tam
3066 1721 3237 1776 bonae
3262 1720 3525 1793 mihique
3538 1721 3913 1777 charissima

2250 1814 2465 1869 servire
2496 1811 2785 1867 voluntati
2816 1815 2953 1865 tuae.
2998 1809 3110 1866 Sed
3142 1808 3307 1881 prius
3332 1824 3484 1882 opus
3524 1816 3612 1866 est
3641 1810 3915 1883 eliquare

2249 1899 2728 1975 quodammodo,
2746 1898 3249 1971 perspicuamque
3276 1915 3514 1955 sumere
3544 1902 3915 1957 sententiam

2250 1998 2415 2049 tuam
2431 1990 2506 2045 de
2518 1988 2780 2062 antiquis
2794 1988 3158 2044 sacris.Cum
3172 1987 3321 2043 enim
3334 1988 3589 2044 dixisses
3605 2005 3747 2045 eam
3761 1990 3913 2045 viam

2250 2081 2310 2137 in
2334 2080 2520 2135 Deum
2533 2094 2659 2135 esse
2682 2077 3009 2145 meliorem,
3024 2094 3133 2148 qua
3146 2078 3229 2131 vir
3246 2076 3433 2143 bonus,
3451 2080 3587 2149 piis,
3592 2079 3791 2149 justis,
3808 2096 3916 2150 pu-

2248 2173 2346 2236 ris,
2368 2171 2547 2235 castis,
2578 2169 2715 2223 veris
2732 2168 2891 2222 dictis
2915 2167 3309 2237 factisquesine
3322 2168 3440 2223 ulla
3464 2171 3774 2240 temporum
3795 2186 3914 2222 mu-

2251 2263 2495 2316 tatorum
2514 2260 2734 2329 captata
2734 2256 3035 2327 jactatione
3047 2255 3626 2326 probatus,etdeorum
3645 2260 3914 2314 comitatu

2250 2349 2505 2414 vallatus,
2530 2347 2628 2401 Dei
2649 2346 2838 2417 utique
2863 2344 3220 2416 potestatibus
3247 2346 3505 2401 emeritus
3540 2368 3551 2412 ;
3576 2346 3633 2400 id
3666 2350 3765 2411 est,
3798 2348 3915 2417 ejus

2245 2436 2824 2504 unius,etuniversi,et
2838 2432 3484 2504 incomprehensibilis,et
3508 2436 3910 2506 infatigabilis,

2246 2528 2645 2599 ine/fabiusque
2669 2523 2943 2579 Creatoris
2972 2522 3304 2593 adimpletus
3332 2524 3658 2589 virtutibus,
3682 2540 3838 2595 quos,
3856 2533 3915 2581 ut

2250 2632 2439 2672 verum
2464 2618 2560 2680 est,
2578 2613 2813 2683 Angelos
2841 2612 3047 2682 dicitis,
3072 2611 3157 2666 vel
3174 2610 3303 2682 quid
3315 2611 3560 2668 alterum
3568 2616 3694 2684 post
3709 2612 3916 2681 Deum,

2252 2706 2334 2760 vel
2357 2722 2390 2759 a
2416 2705 2542 2771 Deo,
2571 2703 2655 2758 vel
2682 2718 2806 2757 cum
2836 2701 2970 2767 Deo,
2998 2704 3095 2755 aut
3126 2700 3185 2754 in
3204 2701 3373 2755 Deum
3398 2701 3709 2758 intentione
3739 2704 3921 2758 animi

2249 2793 2552 2864 mentisque
2565 2793 2646 2847 ire
2661 2791 2885 2861 festinat
2900 2788 3058 2861 (quae
3078 2787 3262 2845 verba
3283 2805 3353 2845 ex
3368 2789 3622 2861 epistola
3636 2795 3745 2845 tua
3758 2806 3919 2846 reco-

2253 2883 2518 2953 gnoscis)
2544 2897 2557 2947 ;
2586 2896 2724 2936 cum
2750 2878 3050 2946 addidisti,
3105 2884 3161 2933 et
3191 2877 3353 2935 aisti:
3397 2879 3492 2934 Via
3522 2882 3623 2946 est,
3658 2880 3917 2951 inquam,

2251 2989 2359 3045 qua
2368 2972 2596 3043 purgati
2619 2970 2975 3040 antiquorum
2987 2984 3268 3023 sacrorum
3285 2968 3392 3039 piis
3401 2969 3719 3039 praeceptis,
3735 2970 3924 3039 expia-

2254 3062 2598 3132 tionibusque
2651 3059 2977 3131 purissimis,
3036 3060 3091 3112 et
3136 3057 3416 3113 abstemiis
3445 3057 3923 3115 observationibus

2254 3151 2479 3215 decocti,
2507 3150 2697 3204 anima
2725 3154 2776 3203 et
2806 3162 3027 3219 corpore
3046 3150 3353 3203 constantes
3381 3146 3773 3219 deproperant.

2249 3320 2268 3329 -
2325 3280 2375 3332 2.
2409 3275 2475 3331 In
2506 3274 2599 3330 his
2632 3272 2825 3328 verbis
2851 3271 3063 3337 sentio,
3097 3270 3157 3325 ni
3200 3269 3394 3338 fallor,
3444 3270 3631 3327 videri
3659 3271 3768 3328 tibi
3798 3285 3926 3327 non

2253 3364 2522 3421 sufﬁcere
2551 3362 2630 3419 ad
2646 3363 2805 3419 viam
2839 3377 2963 3433 qua
2987 3361 3104 3416 itur
3124 3359 3204 3415 ad
3232 3361 3442 3425 Deum,
3472 3360 3554 3416 uti
3579 3360 3672 3416 vir
3690 3360 3923 3428 bonus,

2256 3455 2390 3526 piis,
2419 3453 2613 3525 justis,
2638 3451 2821 3523 puris,
2852 3450 3055 3515 castis,
3086 3448 3245 3504 veris
3270 3447 3447 3504 dictis
3470 3447 3927 3522 factisquezproc

2254 3546 2561 3599 mereatur
2592 3538 2761 3606 deos,
2784 3553 3045 3610 quorum
3072 3537 3360 3593 comitatu
3384 3536 3641 3593 vallatus
3668 3538 3730 3594 in
3754 3539 3925 3594 illum

2263 3646 2571 3687 summum
2588 3631 2773 3684 Deum
2785 3628 3059 3684 omnium
3080 3626 3505 3691 creatoremire
3519 3625 3784 3694 festinet,
3810 3627 3924 3685 nisi

2262 3722 2443 3777 etiam
2462 3734 2769 3775 sacrorum
2781 3716 3167 3788 antiquorum
3181 3715 3294 3787 piis
3308 3715 3619 3787 praeceptis
3632 3698 3924 3788 expiatio-

2260 3810 2560 3881 nibusque
2574 3804 3293 3879 purgetur.Quamobrem
3309 3803 3485 3860 velim
3502 3805 3654 3861 scire
3666 3805 3821 3877 quid
3833 3821 3926 3862 ar-

2258 3899 2492 3955 bitreris
2505 3913 2633 3953 esse
2646 3912 2751 3967 per
2763 3910 2934 3951 sacra
2949 3894 3320 3965 purgandum
3335 3892 3396 3948 in
3412 3909 3481 3949 eo
3494 3893 3599 3966 qui
3615 3894 3737 3966 pie,
3739 3894 3761 3965 j
3772 3900 3922 3959 uste,

2260 4004 2428 4061 pure,
2454 3987 2855 4056 veraciterque
2878 3982 3136 4038 vivendo
3165 3987 3537 4054 promeretur
3550 3983 3719 4049 deos,
3742 3988 3802 4039 et
3816 3998 3924 4056 per

2260 4094 2361 4135 eos
2376 4093 2564 4134 unum
2586 4073 2747 4132 illum
2763 4073 3017 4129 deorum
3032 4075 3240 4129 Deum.
3257 4073 3315 4129 Si
3335 4072 3495 4127 enim
3517 4072 3722 4128 adhuc
3736 4073 3925 4129 sacris

2260 4166 2613 4240 purgandus
2625 4169 2735 4229 est,
2752 4163 2955 4235 utique
2975 4160 3240 4217 mundus
3254 4177 3376 4217 non
3389 4166 3503 4220 est:
3521 4160 3925 4217 etsimundus

2260 4272 2383 4313 non
2400 4261 2505 4322 est,
2521 4254 2637 4327 pie,
2656 4254 2836 4325 juste,
2862 4266 3012 4324 pure
3039 4255 3325 4322 casteque
3351 4266 3476 4306 non
3494 4251 3655 4308 vivit.
3674 4252 3735 4307 Si
3758 4252 3924 4306 enim

2254 4347 2385 4420 jam
2405 4348 2487 4403 ita
2507 4344 2803 4414 vivit,jam
2822 4341 3090 4397 mundus
3115 4346 3204 4395 est
3232 4357 3244 4396 :
3268 4356 3446 4412 porro
3467 4340 3594 4411 jam
3616 4341 3926 4397 mundum

2261 4418 2441 4510 atque
2456 4431 2846 4507 purum,quid
2862 4447 3016 4503 opus
3028 4436 3114 4487 est
3127 4428 3313 4486 sacris
3325 4418 3619 4502 expiando
3641 4429 3926 4501 purgari?

2260 4526 2467 4598 Itaque
2484 4525 2579 4580 hic
2591 4522 2789 4579 nodus
2807 4518 3323 4591 estdisputationis
3336 4525 3703 4590 nostrm,quo
3720 4522 3926 4577 soluto

2261 4613 2691 4686 consequentia
2705 4609 3069 4667 videbimus:
3089 4608 3327 4664 vivatne
3344 4608 3525 4664 homo
3548 4607 3722 4673 bene,
3751 4614 3814 4664 ut
3832 4625 3929 4665 sa-

2261 4705 2374 4761 cris
2394 4708 2677 4776 purgetur
2696 4718 2710 4767 ;
2730 4715 2808 4755 an
2830 4698 3013 4754 sacris
3037 4702 3344 4770 purgetur,
3368 4702 3429 4753 ut
3448 4697 3602 4752 bene
3625 4698 3817 4756 vivat:
3844 4713 3927 4754 an

2261 4795 2392 4866 ipse
2404 4796 2927 4865 quantuscumque
2944 4786 3095 4843 bene
3116 4785 3348 4841 vivendi
3363 4786 3422 4841 in
3435 4785 3682 4841 homine
3696 4788 3925 4842 modus

2261 4884 2533 4940 nondum
2556 4880 2628 4936 sit
2653 4878 2905 4933 idoneus
2936 4876 3014 4932 ad
3034 4876 3279 4931 beatam
3309 4875 3511 4940 vitam,
3541 4890 3679 4946 quae
3701 4891 3781 4930 ex
3805 4879 3928 4933 Deo

2260 4973 2510 5044 capitur,
2528 4968 2638 5025 nisi
2654 4965 3308 5035 accedantadjumenta
3323 4979 3655 5031 sacrorum;
3672 4980 3755 5020 an
3773 4965 3928 5021 bene

2261 5060 2502 5119 vivendi
2520 5058 2803 5131 quaedam
2828 5055 2986 5111 velut
3012 5054 3208 5126 portio
3231 5054 3303 5109 sit
3328 5052 3506 5109 etiam
3531 5068 3708 5110 sacra
3734 5055 3930 5126 perci-

2262 5167 2420 5225 pere,
2455 5147 2669 5204 scilicet
2700 5150 2761 5200 ut
2785 5160 2908 5200 non
2934 5142 3098 5198 aliud
3121 5142 3193 5198 sit
3226 5143 3374 5198 bene
3396 5141 3609 5206 vivere,
3644 5142 3817 5199 aliud
3834 5158 3931 5198 sa-

2261 5245 2419 5301 crate
2432 5239 2647 5305 vivere,
2664 5235 2769 5292 sed
2782 5234 2935 5290 bene
2954 5232 3191 5289 vivendi
3211 5231 3478 5288 terminis
3491 5232 3674 5287 etiam
3688 5239 3928 5289 sacrata

2262 5333 2383 5389 vita
2398 5328 2731 5387 claudatur.
2758 5326 2980 5380 Horum
2996 5326 3250 5395 quatuor
3266 5337 3398 5393 quas
3424 5321 3742 5393 proposui,
3760 5321 3928 5395 quod

2263 5421 2646 5497 potissimum
2664 5414 2900 5488 probes,
2916 5429 2953 5485 q
2964 5428 3123 5469 UtBSO
3144 5417 3198 5468 te
3220 5411 3429 5469 litteris
3442 5409 3675 5485 aperire
3694 5425 3819 5465 non
3834 5412 3928 5483 pi-

2263 5495 2415 5583 geat.
2445 5505 2773 5563 Plurimum
2793 5500 3019 5576 quippe
3035 5503 3281 5558 interest
3294 5500 3371 5558 ad
3393 5499 3451 5556 id
3466 5495 3634 5571 quod
3651 5498 3927 5571 suscepi-

2324 5676 2393 5739 (a)
2427 5673 2570 5725 Alias
2602 5670 2664 5720 22
2692 5682 2705 5720 ε
2742 5679 2862 5733 quae
2890 5666 3074 5717 autem
3101 5663 3193 5713 235
3222 5665 3353 5720 erat,
3379 5672 3523 5712 nunc
3555 5660 3638 5713 64.
