4138 6172
96 218 242 280 1033

94 364 236 405 mus
257 347 412 403 inter
424 359 535 402 nos
548 344 948 420 colloquendo
968 361 1277 420 peragere,
1298 362 1375 403 ne
1397 363 1535 403 cum
1559 346 1749 403 multa

91 453 220 495 non
238 434 598 500 necessaria,
628 440 917 508 tanquam
941 453 1013 494 ea
1036 439 1259 494 sentias
1291 453 1427 509 quae
1456 437 1602 493 forte
1626 452 1747 492 non

94 527 300 591 sentis,
329 523 591 581 refellere
623 526 855 594 molior,
880 530 1118 598 tempus
1138 525 1623 583 necessariumin
1656 541 1751 580 su-

92 615 346 690 perﬂuis
372 617 731 669 insumatur.
767 615 1024 671 Onerare
1050 619 1105 670 te
1133 615 1334 687 itaque
1364 613 1616 687 epistola
1638 629 1747 669 no-

93 705 204 772 lui,
240 709 304 759 ut
327 708 380 760 te
409 703 523 759 cito
543 701 907 759 rescribente
934 708 1145 760 caetera
1173 708 1586 759 contexamus.

526 792 860 848 EPISTULA
883 791 966 849 CC
977 793 1194 849 XXXVI‘
1217 794 1320 863 (α).

89 882 472 955 Augustinus
509 881 789 937 Deuterio
820 880 1110 951 episcopo,
1142 881 1443 951 signiﬁcat
1465 895 1524 937 se
1564 879 1750 936 Victo-

100 1004 103 1009 ν
169 974 370 1029 riuum
402 970 882 1040 hypodiaconum
926 969 1030 1042 qui
1057 969 1209 1026 ctam
1245 970 1531 1025 docuerat
1563 969 1751 1026 haere-

167 1065 277 1119 sim
323 1059 818 1125 Manichworum,
859 1059 1291 1129 deprehensum
1336 1073 1366 1115 e
1394 1058 1749 1115 clericorum

169 1148 780 1219 ordinesubmovisse,’
800 1148 1125 1205 admonens
1153 1163 1227 1205 ne
1254 1148 1389 1204 illic
1416 1147 1752 1217 recipiatur

169 1241 253 1298 ad
304 1238 741 1309 paenitentiam,
798 1238 917 1293 nisi
967 1237 1186 1307 prodat
1241 1243 1529 1309 quotquot
1586 1237 1748 1293 novit

172 1330 371 1387 eodem
410 1329 663 1398 infectos
714 1341 934 1383 errore.
992 1329 1165 1383 Docet
1198 1332 1393 1383 autem
1437 1326 1541 1396 qui
1587 1325 1754 1396 apud

106 1435 111 1440 '
179 1418 538 1475 Manichaeos
564 1416 795 1485 fuerint
828 1415 1154 1486 auditores,
1193 1415 1297 1486 qui
1324 1416 1516 1473 electi.

104 1508 360 1565 Domino
413 1505 784 1570 beatissimo,
837 1510 894 1560 et
942 1503 1355 1560 venerabiliter
1400 1504 1754 1560 charissimo

177 1598 341 1654 fratri
400 1602 457 1651 et
508 1594 866 1667 coepiscopo
923 1596 1223 1658 DEUTERIO,
1278 1595 1649 1659 Aucusrmus,
1695 1592 1755 1648 in

183 1685 433 1743 Domino
460 1684 732 1740 salutem.

181 1781 229 1831 1.
261 1774 417 1831 Nihil
446 1773 658 1829 melius
690 1788 786 1828 me
818 1771 1013 1827 facere
1036 1786 1213 1842 posse
1243 1771 1561 1827 arbitratus
1596 1787 1756 1837 sum,

98 1882 295 1940 quam
325 1869 391 1919 ut
421 1868 534 1919 tuae
563 1862 867 1918 Sanctitati
901 1861 1278 1932 potissimum
1310 1860 1653 1921 scriberem,
1686 1875 1761 1915 ne

104 1970 218 2028 per
245 1951 669 2022 negligentiam
691 1950 751 2005 in
776 1955 964 2005 vestra
994 1951 1011 1985 ¹
1047 1950 1354 2020 provincia
1380 1949 1608 2005 Domini
1628 1964 1762 2004 nos-

109 2045 181 2100 tri
207 2045 344 2098 .Iesu
366 2039 580 2097 Christi
611 2038 763 2095 ovile
790 2042 977 2094 vastet
1001 2038 1300 2113 inimicus,
1332 2038 1433 2108 qui
1460 2053 1583 2092 non
1608 2037 1763 2093 desi-

102 2134 199 2189 nit
227 2130 515 2195 insidiari,
558 2133 622 2184 ut
664 2127 873 2200 perdat
907 2128 1139 2183 animas
1166 2132 1286 2182 tam
1322 2141 1545 2196 magno
1574 2126 1762 2197 pretio

111 2224 516 2293 comparatas.
566 2217 1004 2273 Mallianensem
1053 2215 1385 2288 quemdam
1444 2214 1765 2270 subdiaco-

113 2326 262 2367 num
296 2306 668 2363 Victorinum
716 2310 757 2370 ³,
787 2304 950 2377 apud
985 2320 1097 2360 nos
1138 2304 1399 2360 constitit
1424 2319 1556 2359 esse
1585 2302 1766 2359 Mani-

115 2399 374 2463 chaaum,
406 2402 464 2452 et
510 2396 571 2451 in
622 2401 743 2451 tam
787 2394 1080 2463 sacrilego
1132 2408 1328 2449 errore
1376 2392 1489 2447 sub
1525 2393 1767 2448 nomine

117 2486 311 2544 clerici
343 2483 619 2541 latitabat
655 2502 668 2540 :
701 2498 845 2539 nam
872 2489 962 2538 est
991 2483 1171 2538 etiam
1203 2486 1374 2537 aetate
1400 2481 1528 2551 jam
1562 2496 1763 2536 senex.

118 2581 203 2633 Ita
227 2580 318 2632 est
344 2578 545 2631 autem
574 2572 1012 2637 manifestatus,
1041 2577 1107 2627 ut
1130 2571 1309 2627 etiam
1338 2570 1466 2641 ipse
1496 2585 1532 2626 a
1559 2586 1654 2625 me
1683 2570 1768 2625 in-

112 2668 472 2736 terrogatus,
504 2668 830 2735 antequam
862 2676 899 2716 a
919 2660 1173 2716 testibus
1203 2663 1644 2729 coargueretur,
1668 2674 1765 2714 ne-

116 2770 260 2827 gare
295 2768 417 2809 non
450 2756 668 2823 posset.
702 2753 807 2806 Tot
836 2750 998 2805 enim
1023 2752 1080 2803 et
1110 2748 1256 2805 tales
1302 2764 1434 2804 esse
1461 2747 1591 2819 jam
1622 2748 1771 2803 scie-

112 2845 244 2910 bat,
273 2842 494 2915 quibus
540 2857 602 2897 se
642 2841 921 2895 incautus
965 2837 1277 2902 effuderat,
1311 2844 1373 2893 ut
1405 2837 1548 2892 nihil
1583 2836 1769 2901 aliud,

115 2934 166 2989 si
198 2946 419 3001 negare
466 2933 737 2993 tentaret,
771 2943 978 3000 quam,
1013 2942 1133 2982 non
1163 2927 1299 2981 dico
1329 2924 1771 2997 impudentissi-

116 3038 283 3085 mus,
307 3018 414 3075 sed
443 3017 859 3074 insanissimus
892 3019 1225 3087 appareret.
1258 3013 1592 3069 Auditorem
1630 3028 1774 3068 sane

114 3109 607 3172 Manichaeorum,
643 3120 764 3161 non
793 3104 1045 3161 electum
1072 3120 1135 3159 se
1162 3119 1290 3160 esse
1322 3103 1632 3159 confessus
1662 3107 1771 3157 est.

194 3203 247 3254 2.
278 3198 587 3252 Auditores
618 3200 818 3251 autem
839 3195 944 3266 qui
972 3192 1354 3265 appellantur
1382 3191 1546 3264 apud
1574 3207 1696 3256 eos,
1720 3196 1777 3246 et

116 3285 408 3345 carnibus
435 3290 776 3349 vescuntur,
807 3288 865 3339 et
903 3297 1081 3352 agros
1129 3281 1356 3345 colunt,
1396 3286 1472 3345 et,
1501 3281 1548 3335 si
1580 3280 1777 3335 volue-

117 3378 261 3443 rint,
291 3390 506 3431 uxores
534 3373 759 3429 habent
788 3388 801 3439 ;
828 3387 1089 3444 quorum
1120 3370 1266 3426 nihil
1296 3370 1517 3427 faciunt
1545 3370 1648 3442 qui
1676 3385 1778 3427 vo-

116 3471 337 3524 cantur
365 3462 551 3519 electi.
573 3462 686 3519 Sed
709 3462 824 3533 ipsi
855 3461 1155 3517 auditores
1176 3466 1315 3516 ante
1338 3459 1555 3516 electos
1583 3474 1779 3529 genua

115 3556 339 3625 ﬁgunt,
373 3558 435 3610 ut
458 3552 539 3607 eis
566 3567 780 3607 manus
808 3550 1178 3622 supplicibus
1197 3550 1585 3621 imponantur
1606 3550 1628 3583 ⁸
1656 3563 1780 3604 non

120 3662 161 3703 a.
204 3643 347 3699 solis
377 3640 759 3714 presbyteris,
802 3638 893 3694 vel
931 3638 1240 3710 episcopis,
1273 3644 1376 3694 aut
1423 3636 1780 3693 diaconibus

122 3748 357 3798 eorum,
393 3730 501 3786 sed
531 3746 568 3785 a
609 3727 978 3801 quibuslibet
1029 3727 1249 3784 electis.
1286 3727 1483 3783 Solem
1513 3728 1692 3782 etiam
1726 3734 1783 3782 et

120 3825 332 3881 lunam
369 3835 506 3876 cum
537 3820 621 3874 eis
643 3818 899 3874 adorant
923 3821 979 3872 et
1003 3823 1176 3873 orant
1202 3817 1251 3872 ⁴.
1286 3816 1384 3871 Die
1407 3829 1653 3888 quoque
1679 3814 1784 3870 do-

122 3912 351 3970 minico
386 3925 525 3965 cum
573 3907 685 3963 illis
720 3907 1013 3978 jejunant,
1042 3911 1098 3960 et
1135 3920 1346 3961 omnes
1373 3903 1783 3975 blasphemias

122 4020 267 4060 cum
315 4000 427 4056 illis
466 3998 737 4063 credunt,
771 3996 994 4068 quibus
1034 3995 1497 4052 Manichaeorum
1541 3993 1783 4048 haeresis

122 4090 481 4150 detestanda
512 4094 599 4144 est
626 4104 640 4155 ;
673 4091 960 4157 negantes
990 4086 1209 4141 scilicet
1251 4085 1547 4140 Christum
1574 4089 1782 4139 natum

124 4196 262 4239 esse
305 4181 381 4235 de
429 4178 674 4248 virgine,
727 4192 835 4231 nec
877 4175 1006 4247 ejus
1055 4188 1299 4230 carnem
1344 4188 1545 4228 veram
1602 4171 1786 4227 conﬁ-

122 4275 318 4329 tentes
362 4268 563 4332 fuisse.
609 4266 715 4321 sed
745 4264 1010 4321 falsam:
1059 4279 1129 4319 ac
1162 4278 1265 4334 per
1309 4263 1423 4317 hoc
1470 4266 1527 4318 et
1570 4261 1787 4316 falsam

124 4360 260 4431 ejus
290 4358 657 4431 passionem,
701 4359 758 4410 et
796 4354 1025 4409 nullam
1073 4351 1565 4408 resurrectionem
1609 4350 1789 4405 fuisse

125 4447 519 4506 contendunt.
575 4443 943 4500 Patriarchas
996 4440 1439 4513 Prophetasque
1504 4439 1790 4511 blaspheo

130 4542 326 4595 mant.
352 4538 563 4605 Legem
585 4548 687 4605 per
707 4531 1003 4588 famulum
1028 4531 1127 4586 Dei
1147 4531 1397 4602 Moysen
1420 4529 1646 4593 datam,
1671 4542 1793 4583 non

130 4644 171 4684 a
194 4640 336 4682 vero
360 4626 476 4680 Deo
503 4622 730 4687 dicunt,
760 4620 864 4676 sed
887 4637 923 4676 a
944 4619 1216 4691 principe
1244 4619 1645 4674 tenebrarum.
1662 4617 1796 4671 Ani-

132 4732 267 4773 mas
301 4729 425 4769 non
456 4710 649 4768 solum
678 4710 1015 4774 hominum,
1046 4708 1150 4763 sed
1176 4708 1353 4763 etiam
1386 4722 1694 4779 pecorum,
1722 4705 1797 4760 de

138 4805 242 4861 Dei
275 4817 407 4859 esse
440 4799 795 4863 substantia,
819 4802 876 4854 et
905 4798 1157 4853 omnino
1188 4801 1384 4867 partes
1417 4796 1515 4850 Dei
1544 4810 1676 4849 esse
1703 4809 1800 4849 ar-

132 4895 457 4952 bitrantur.
488 4890 678 4945 Deum
722 4887 985 4959 denique
1014 4887 1238 4941 bonum
1270 4891 1326 4941 et
1352 4900 1563 4940 verum
1595 4883 1804 4941 dicunt

131 4999 274 5041 cum
307 4980 688 5037 tenebrarum
721 4983 895 5050 gente
927 4991 1253 5048 pugnasse,
1284 4979 1342 5030 et
1364 4977 1598 5046 partem
1629 4989 1802 5029 suam

128 5071 525 5131 tenebrarum
574 5066 949 5140 principibus
998 5065 1332 5128 miscuisse,
1382 5078 1637 5135 eamque
1683 5067 1805 5118 toto

132 5160 374 5222 mundo
406 5158 784 5231 inquinatam
813 5160 868 5213 et
892 5156 1139 5226 ligatam
1168 5168 1273 5226 per
1295 5153 1462 5209 cibos
1482 5152 1806 5208 electorum

196 5321 208 5348 ¹
239 5314 370 5365 Bad.
406 5314 520 5362 Am.
556 5312 659 5369 Er.,
693 5316 893 5360 nostra.

194 5381 214 5411 ⁸
244 5379 376 5430 Mss.
419 5378 669 5440 quatuor,
710 5372 1080 5440 Victorianuin.

195 5445 216 5476 ⁸
249 5440 377 5491 Bad.
414 5432 529 5487 A'm.
566 5439 667 5494 Er.,
695 5439 747 5486 et
772 5436 1009 5498 plerique
1045 5434 1187 5490 Mss.,
1224 5432 1545 5498 imponatur.

198 5508 217 5533 ⁴
249 5507 291 5552 Α
336 5502 410 5551 ud
434 5503 566 5551 Lov.
602 5492 882 5559 omittitur,
905 5492 949 5547 εἶ
971 5501 1140 5556 orant,
1167 5492 1311 5559 quod
1332 5495 1386 5543 in
1416 5493 1536 5544 aliis
1567 5492 1815 5543 editioni-

131 5571 248 5621 bus
270 5518 401 5615 egin
438 5565 558 5613 Mss.
592 5562 873 5621 reperitur.
1143 5618 1171 5621 _
1469 5618 1477 5621 _
1690 5618 1702 5621 _

175 5580 298 5619 use

348 5567 401 5613 in
438 5565 558 5613 Mss.
592 5562 873 5626 reperitur.

193 5634 212 5650 '
254 5630 406 5678 Hanc
441 5618 771 5676 correximus
808 5624 876 5673 ad
904 5622 974 5671 bl.
1008 5622 1091 5671 cb.
1133 5618 1193 5671 α.
1229 5633 1319 5684 gg.
1357 5632 1399 5667 r.
1437 5618 1516 5668 sb.
1558 5631 1641 5668 vc.
1673 5618 1810 5666 duos

125 5701 167 5749 ι.
205 5698 323 5744 tres
352 5705 407 5740 v.
449 5693 502 5740 et
521 5689 588 5738 ad
612 5687 742 5737 Edd.

200 5757 283 5821 (α)
314 5754 457 5806 Alias
475 5752 534 5802 74
557 5766 572 5799 :
603 5764 722 5817 qua:
755 5751 937 5799 autem
956 5746 1048 5796 236
1072 5748 1203 5805 erat,
1229 5757 1374 5796 nunc
1406 5744 1485 5793 65.

444 5852 690 5911 PATBOL.
717 5846 962 5908 XXXIII.

1309 216 1823 278 EPISTOLARUM
1862 216 2156 279 CLASSIS
2198 220 2298 280 IV.

3368 222 3505 283 1034

1860 362 2127 414 suorum,
2171 363 2241 405 ac
2276 362 2380 421 per
2410 347 2598 404 solem
2646 351 2702 405 et
2737 348 2944 405 lunam
2990 350 3235 422 purgari
3276 366 3512 407 asseve-

1856 442 1991 493 rant
2015 453 2028 492 :
2057 437 2294 510 etquod
2317 438 2557 510 purgari
2581 438 2655 494 de
2683 438 2816 510 ipsa
2841 443 3006 510 parte
3036 438 3136 495 Dei
3162 456 3279 496 non
3310 446 3515 513 potue-

1856 526 1950 591 rit,
1982 527 2043 581 in
2081 526 2199 582 ﬁne
2232 527 2433 583 saeculi
2459 532 2681 583 aeterno
2725 543 2795 583 ac
2821 528 3042 601 poenali
3074 529 3307 585 vinculo
3351 531 3509 587 colli-

1857 616 1982 685 gari
2007 634 2019 683 ;
2052 620 2114 671 ut
2135 631 2254 671 non
2278 615 2472 672 solum
2491 616 2785 672 violabilis
2809 622 2863 673 et
2884 618 3282 690 corruptibilis
3300 624 3354 675 et
3377 635 3515 677 con-

1854 704 2221 761 taminabilis
2234 705 2510 763 credatur
2524 705 2695 771 Deus,
2713 706 2883 777 cujus
2897 722 3036 777 pars
3055 708 3242 779 potuit
3264 708 3339 764 ad
3356 708 3515 765 mala

1855 797 2020 850 tanta
2059 794 2323 866 perduci,
2357 794 2461 850 sed
2494 809 2613 851 non
2644 794 2831 866 possit
2859 795 3070 851 saltem
3100 800 3254 853 totus
3292 814 3328 853 a
3355 802 3516 854 tanta

1856 882 2341 954 coinquinatione
2367 889 2421 939 et
2448 882 2832 940 immunditia
2855 887 2912 940 et
2940 884 3183 940 miseria
3208 885 3299 940 vel
3316 885 3375 942 in
3395 885 3515 941 ﬁne

1855 969 2054 1026 saeculi
2085 970 2352 1043 purgari.

1927 1063 1979 1115 3.
2014 1062 2128 1115 Has
2155 1076 2294 1116 cum
2326 1059 2439 1115 illis
2469 1059 2871 1117 intolerabiles
2903 1060 3337 1133 blasphemias,
3372 1063 3517 1119 sub-

1856 1148 2147 1205 diaconus
2178 1150 2282 1204 iste
2313 1150 2487 1221 quasi
2530 1150 2876 1219 catholicus,
2919 1166 3040 1206 non
3073 1151 3267 1207 solum
3318 1153 3516 1208 crede-

1856 1236 1980 1302 bat,
2005 1238 2109 1293 sed
2130 1238 2350 1311 quibus
2379 1238 2608 1295 viribus
2638 1244 2886 1310 poterat,
2912 1240 3217 1297 edocebat.
3245 1244 3391 1297 Nam
3414 1241 3519 1298 do-

1857 1342 1999 1382 cens
2023 1327 2359 1399 patefactus
2388 1334 2496 1397 est,
2522 1344 2662 1384 cum
2694 1345 2754 1383 se
2799 1328 2975 1400 quasi
3002 1328 3370 1385 discentibus
3398 1346 3519 1387 cre-

1858 1414 2031 1471 didit.
2078 1416 2327 1486 Rogavit
2355 1432 2451 1471 me
2500 1416 2769 1489 quidem,
2811 1421 3209 1489 posteaquam
3252 1434 3312 1473 se
3340 1419 3519 1475 Mani-

1860 1503 2162 1559 chaeorum
2195 1504 2528 1561 auditorem
2557 1521 2683 1561 esse
2713 1506 3021 1561 confessus
3052 1512 3157 1573 est,
3194 1512 3257 1563 ut
3282 1524 3416 1563 eum
3459 1508 3520 1562 in

1860 1592 2019 1648 viam
2048 1593 2307 1648 veritatis
2335 1593 2618 1649 doctrinae
2648 1594 2949 1650 catholicas
2976 1611 3317 1652 revocarem
3345 1613 3358 1651 :
3393 1596 3522 1662 sed,

1863 1681 2071 1745 fateor,
2101 1682 2228 1753 ejus
2250 1681 2551 1738 ﬁctionem
2574 1682 2685 1738 sub
2709 1682 2903 1738 clerici
2927 1684 3122 1754 specie
3144 1684 3528 1740 vehementer

1864 1770 2163 1835 exhorrui,
2187 1786 2447 1843 eumque
2473 1772 2796 1828 coercitum
2820 1772 3162 1844 pellendum
3193 1773 3267 1828 de
3290 1773 3527 1829 civitate

1866 1860 2087 1916 curavi.
2124 1862 2239 1915 Nec
2271 1860 2415 1916 mihi
2446 1860 2559 1917 hoc
2590 1861 2733 1917 satis
2773 1860 2900 1928 fuit,
2934 1862 3047 1917 nisi
3077 1867 3131 1918 et
3160 1866 3272 1917 tua;
3308 1863 3529 1918 Sancti-

1867 1949 1971 2005 tati
2002 1964 2138 2004 cum
2182 1950 2329 2004 meis
2372 1949 2580 2005 litteris
2610 1950 2969 2019 intimarem,
3006 1955 3131 2006 uta
3180 1950 3529 2007 clericorum

1868 2037 2060 2109 gradu
2117 2053 2380 2110 congrue
2428 2038 2828 2094 ecclesiastica
2881 2039 3191 2095 severitate
3236 2039 3529 2111 dejectus,

1867 2126 2172 2182 cavendus
2192 2126 2475 2182 omnibus
2497 2128 2847 2183 innotescat.
2874 2128 3089 2183 Petenti
3119 2132 3318 2184 autem
3350 2129 3535 2200 poeni-

1871 2216 2065 2272 tentiae
2094 2216 2314 2281 locum,
2362 2220 2503 2272 tunc
2532 2216 2827 2282 credatur,
2864 2218 2914 2271 si
2945 2223 2999 2272 et
3046 2216 3194 2273 alios
3225 2233 3381 2290 quos
3414 2218 3532 2273 illic

1871 2304 2037 2361 novit
2062 2320 2210 2370 esse,
2230 2305 2702 2361 manifestaverit
2727 2305 2918 2375 vobis,
2947 2321 3069 2361 non
3096 2306 3292 2363 solum
3313 2307 3373 2362 in
3402 2306 3535 2362 Mal-

1870 2392 2054 2459 liana,
2087 2394 2191 2449 sed
2222 2394 2281 2450 in
2312 2395 2444 2466 ipsa
2472 2399 2594 2451 tota
2623 2396 2869 2451 omnino
2891 2394 3224 2466 provincia.

2266 2519 2605 2576 EPISTOLA
2645 2521 2962 2576 ccxxxvu
2994 2522 3142 2592 '(a).

1875 2635 2244 2706 Augustinus
2277 2634 2525 2700 Ceretio,
2554 2636 2625 2692 de
2666 2635 3279 2692 Priscillianistarum
3310 2633 3540 2705 fraude

1948 2725 2009 2779 in
2033 2723 2389 2792 Scripturis,
2419 2740 2551 2780 cum
2582 2724 2790 2791 sacris,
2825 2730 2949 2780 tum
2976 2725 3339 2795 apocryphis
3362 2740 3547 2793 expo-

1946 2812 2187 2882 nendis;
2213 2814 2398 2883 deque
2423 2814 2644 2881 hymno
2668 2828 2837 2883 quem
2866 2828 2903 2868 a
2932 2812 3168 2869 Christo
3182 2814 3404 2870 dictum
3424 2829 3546 2871 esse

1947 2904 2238 2973 ﬁngentes
2256 2902 2659 2972 praeferebant
2691 2902 2993 2958 canonicis
3024 2902 3286 2958 Litteris.

1883 3017 2135 3074 Domino
2176 3016 2541 3082 beatissimo,
2573 3020 2627 3071 et
2676 3016 2885 3070 merito
2918 3015 3236 3070 venerabili
3292 3015 3456 3071 fratri
3487 3022 3546 3073 et

1952 3107 2306 3179 coepiscopo
2345 3108 2602 3176 Cenario,
2637 3108 3005 3171 AUGUSTINUS,
3037 3105 3098 3160 in
3152 3106 3403 3161 Domino
3449 3121 3546 3161 sa-

1952 3196 2157 3252 lutem.

1954 3316 2006 3369 1.
2052 3310 2234 3366 Lectis
2275 3310 2371 3366 his
2412 3325 2548 3382 qum
2595 3310 2756 3365 misit
2799 3308 3091 3365 Sanctitas
3138 3311 3259 3378 tua,
3307 3309 3547 3366 videtur

1884 3402 2029 3457 mihi
2042 3401 2306 3471 Argirius
2320 3399 2378 3454 in
2394 3398 2865 3454 Priscilliauistas
2878 3405 2981 3454 aut
2994 3398 3265 3454 nesciens
3282 3398 3544 3466 irruisse,

1883 3491 1964 3546 ita
2016 3496 2075 3546 ut
2125 3489 2374 3544 omnino
2425 3492 2624 3543 utrum
2680 3487 2792 3559 ipsi
2844 3493 3043 3543 essent
3096 3488 3543 3544 Priscillianistas

1886 3579 2209 3649 ignoraret,
2235 3582 2340 3633 aut
2363 3578 2487 3646 jam
2519 3577 2789 3645 ejusdem
2821 3576 3064 3631 haeresis
3098 3576 3320 3631 retibus
3353 3576 3542 3648 impli-

1887 3676 2078 3724 catus.
2115 3671 2258 3723 Nam
2293 3666 2615 3737 scripturas
2645 3664 2775 3719 illas
2807 3664 3383 3721 Priscillianistarum
3418 3680 3547 3722 esse

1886 3773 2007 3814 non
2040 3758 2271 3811 dubito.
2306 3757 2404 3811 Six
2428 3761 2626 3810 autem
2658 3754 2803 3809 mihi
2831 3770 3044 3809 vacare
3083 3758 3409 3826 utcumque
3436 3769 3546 3825 po-

1890 3848 2017 3914 tuit,
2050 3845 2179 3901 aliis
2204 3849 2384 3915 atque
2414 3843 2543 3899 aliis
2574 3842 2701 3897 sine
2723 3842 3163 3897 intermissione
3194 3842 3547 3897 necessitati-

1890 3935 2004 3991 bus
2033 3932 2475 4006 superantibus,
2528 3936 2589 3986 ut
2636 3946 2791 3985 unus
2825 3931 2969 3985 mihi
3027 3929 3237 3985 saltem
3279 3936 3437 3985 totus
3481 3946 3549 3985 ex

1890 4023 2132 4079 duobus
2163 4022 2304 4093 ipsis
2334 4020 2642 4076 codicibus
2672 4020 2979 4089 legeretur.
3011 4020 3217 4075 Nescio
3235 4035 3357 4092 quo
3386 4020 3547 4074 enim

1892 4112 2076 4168 modo
2099 4110 2247 4167 alius
2268 4110 2583 4173 aberravit,
2599 4116 2655 4163 et
2679 4108 3125 4177 diligentissime
3143 4109 3292 4164 inter
3314 4113 3550 4163 nostros

1893 4202 2209 4274 requisitus
2235 4198 2400 4255 nullo
2432 4198 2614 4254 mOdo
2635 4198 2827 4270 potuit
2855 4197 3127 4264 inveniri,
3154 4198 3397 4253 domine
3412 4198 3549 4253 bea-

1895 4291 2138 4355 tissime,
2180 4295 2237 4345 et
2268 4288 2476 4344 merito
2502 4286 2858 4342 venerabilis
2889 4292 3075 4358 pater,

1965 4384 2019 4434 2.
2053 4382 2319 4450 Hymnus
2341 4392 2483 4433 sane
2514 4392 2693 4448 quem
2725 4377 2928 4430 dicunt
2952 4390 3080 4429 esse
3109 4375 3338 4429 Domini
3367 4374 3553 4429 nostri

1897 4472 2032 4526 Jesu
2077 4467 2306 4530 Christi,
2332 4466 2437 4536 qui
2478 4464 2735 4519 maxime
2766 4464 3061 4532 permovit
3106 4462 3555 4517 Venerationem

1900 4563 2089 4621 tuam,
2118 4556 2175 4609 in
2211 4552 2516 4624 scripturis
2546 4552 2693 4606 solet
2722 4550 3081 4622 apocryphis
3111 4549 3382 4605 inveniri.
3414 4552 3557 4615 Quia

1903 4660 2025 4701 non
2056 4642 2314 4716 proprias
2348 4639 2919 4695 Priscillianistarum
2953 4643 3109 4707 sunt,
3144 4639 3246 4693 sed
3280 4638 3376 4692 alii
3416 4654 3559 4709 quo-

1904 4752 2022 4809 que
2052 4730 2310 4789 haeretici
2350 4730 2434 4785 eis
2481 4728 2908 4784 nonnullarum
2935 4734 3228 4782 sectarum
3258 4727 3564 4799 impietate

1907 4822 2185 4879 vanitatis
2211 4825 2490 4884 utuntur;
2515 4819 2664 4873 inter
2690 4834 2750 4871 se
2771 4816 3018 4888 quidem
3043 4816 3282 4872 diversa
3313 4816 3563 4873 sentien.

1909 4919 2015 4981 tes,
2060 4909 2218 4965 unde
2237 4925 2377 4962 suas
2408 4909 2659 4979 quisque
2691 4906 2884 4961 varias
2910 4905 3164 4960 haereses
3197 4910 3338 4959 sunt
3364 4906 3565 4970 secuti,

1912 5002 2017 5058 sed
2045 5000 2368 5069 scripturas
2398 4997 2542 5052 istas
2570 4994 2789 5050 habent
2829 4995 2888 5048 in
2919 5010 3021 5050 sua
3058 4994 3391 5049 diversitate
3413 5009 3572 5048 com-

1915 5105 2148 5153 munes,
2178 5102 2399 5159 easque
2431 5086 2511 5140 illi
2557 5085 2855 5156 principue
2886 5083 3261 5155 frequentare
3292 5082 3573 5147 assolent,

1916 5179 2020 5252 qui
2061 5181 2273 5248 Legem
2319 5182 2577 5230 veterem
2607 5180 2660 5228 et
2711 5173 3029 5243 Prophetas
3076 5170 3401 5226 canonicos
3457 5186 3579 5225 non

1918 5267 2237 5338 accipiunt.
2272 5268 2497 5335 Negant
2518 5264 2675 5318 enim
2699 5263 2826 5317 haec
2860 5260 2937 5315 ad
2960 5262 3141 5314 Deum
3166 5258 3395 5314 bonum
3429 5264 3487 5313 et
3506 5259 3583 5315 ad

1922 5358 2217 5414 Christum
2256 5354 2387 5424 ejus
2430 5352 2636 5408 Filium
2688 5349 3025 5421 pertinere;
3069 5348 3219 5403 sicut
3258 5348 3583 5415 Manichaai,

1923 5446 2073 5501 sicut
2102 5443 2514 5504 Marcionistas,
2558 5446 2615 5495 et
2653 5440 2843 5495 cmteri
2874 5438 3102 5509 quibus
3134 5436 3264 5491 haec
3308 5436 3586 5509 blasphe-

1928 5535 2049 5591 mia
2075 5532 2438 5590 damnabilis
2486 5530 2723 5601 placuit.
2758 5527 2868 5595 Qui
2918 5527 3097 5581 etiam
3158 5525 3220 5580 in
3270 5526 3587 5597 Scripturis

1989 5681 2008 5700 '
2034 5679 2308 5727 Incassum
2338 5675 2563 5739 quaesita
2592 5673 2645 5721 in
2671 5667 3107 5739 Gallic._Mss;:A_d
3134 5668 3300 5739 Vatic.
3326 5674 3593 5739 correcta.

1987 5744 2062 5806 (α)
2085 5740 2227 5790 Alias
2254 5732 2371 5797 253:
2388 5739 2594 5803 prima;
2627 5749 2748 5800 quae
2782 5737 2963 5783 autem
2990 5732 3079 5782 237
3110 5734 3244 5787 erat.
3272 5744 3415 5782 nunc
3440 5734 3519 5781 56.
3572 5780 3576 5785 ,

2784 5833 3054 5910 (Trente-
3063 5832 3231 5889 Trois
3249 5829 3301 5903 .)
