4140 6174
629 233 767 289 1035

601 357 904 415 canonicis
915 353 1256 413 Testamenti
1270 353 1555 419 Novi,hoc
1567 355 1726 411 estin
1743 355 1894 411 veris
1909 355 2266 426 evangelicis

600 453 659 505 et
685 446 1028 520 apostolicis
1080 441 1334 510 Litteris,
1389 459 1511 499 non
1553 444 1855 516 accipiunt
1885 445 2110 511 omnia,
2166 443 2265 499 sed

601 537 767 609 quod
789 535 1012 599 volunt,
1041 536 1098 588 et
1126 532 1306 588 libros
1335 533 1567 603 eligunt
1587 549 1743 606 quos
1777 535 2092 606 accipiant,
2133 533 2266 589 aliis

600 624 972 696 improbatis.
1001 622 1113 679 Sed
1141 623 1273 678 etin
1299 622 1546 693 singulis
1568 624 1913 697 quibusque
1943 623 2106 679 libris
2134 623 2268 680 loca

602 712 978 782 distinguunt
1007 727 1142 784 quae
1173 715 1386 782 putant
1427 712 1550 766 suis
1576 713 1875 768 erroribus
1907 713 2218 768 convenire
2248 727 2261 764 :

597 808 814 859 caetera
845 804 905 856 in
946 801 1032 857 eis
1064 817 1173 873 pro
1205 801 1368 856 falsis
1401 801 1646 857 habent.
1683 805 1829 857 Nam
1868 801 2117 874 quidam
2153 804 2266 857 Ma-

596 892 808 947 nichaei
847 891 1206 946 canonicum
1245 890 1482 957 librum,
1516 892 1685 961 cujus
1726 891 1928 946 titulus
1959 896 2051 946 est
2080 894 2264 946 Actus

594 982 1037 1051 Apostolorum,
1072 979 1410 1050 repudiant.
1444 979 1674 1034 Timent
1708 979 1868 1034 enim
1901 979 2266 1034 evidentissi-

596 1087 760 1126 mam
794 1070 1121 1132 veritatem,
1153 1068 1254 1122 ubi
1284 1074 1536 1139 apparet
1573 1072 1816 1124 sanctus
1851 1069 2098 1140 Spiritus
2128 1069 2266 1122 mis-

597 1177 719 1227 sus,
768 1159 868 1231 qui
897 1163 987 1213 est
1018 1174 1052 1213 a
1088 1157 1335 1212 Domino
1364 1159 1500 1212 Jesu
1546 1157 1777 1213 Christo
1822 1158 1880 1212 in
1922 1157 2265 1227 evangelica

594 1250 838 1304 veritate
872 1247 1202 1318 promissus
1236 1247 1390 1315 (Act.
1421 1251 1481 1312 i1,
1535 1249 1668 1314 2-4).
1702 1246 1822 1301 Sub
1865 1247 1994 1317 ejus
2039 1248 2264 1318 quippe

596 1338 848 1410 Spiritus
863 1336 1132 1404 nomine,
1157 1350 1331 1407 aquo
1359 1334 1602 1406 penitus
1637 1335 1810 1391 alieni
1839 1341 1996 1402 sunt,
2023 1336 2264 1392 indocta

593 1427 909 1484 hominum
940 1425 1123 1480 corda
1141 1425 1468 1495 decipiunt,
1490 1425 1642 1480 mira
1657 1424 1917 1481 caecitate
1932 1431 2263 1482 asserentes

595 1516 873 1573 eamdem
895 1514 1127 1570 Domini
1151 1513 1611 1585 promissionem
1639 1515 1697 1569 in
1729 1530 1838 1570 suo
1865 1514 2262 1571 haeresiarcha

594 1606 916 1662 Manichan
961 1619 1092 1659 esse
1137 1603 1525 1674 completam.
1575 1605 1744 1668 Quod
1777 1609 1835 1659 et
1879 1603 1961 1658 illi
2001 1604 2262 1662 haeretici

592 1695 836 1759 faciunt,
869 1693 973 1764 qui
1015 1697 1301 1748 vocantur
1353 1691 1782 1764 Cataphryges,
1834 1692 2117 1763 dicentes,
2156 1709 2262 1765 per

594 1783 797 1839 nescio
832 1798 986 1853 quos
1018 1781 1283 1843 insanos,
1327 1781 1672 1836 Montanum
1704 1781 1920 1837 scilicet
1949 1785 2000 1835 et
2035 1781 2262 1837 Priscil-

591 1879 736 1938 lam,
769 1887 922 1942 quos
952 1877 1007 1926 et
1041 1870 1315 1941 proprios
1345 1885 1484 1924 suos
1515 1871 1840 1943 prophetas
1887 1871 2130 1935 habent,
2166 1887 2256 1926 ve-

591 1962 748 2016 nisse
783 1960 1063 2031 Spiritum
1088 1963 1381 2026 sanctum,
1405 1974 1585 2030 quem
1616 1960 1903 2016 Dominus
1932 1961 2260 2017 missurum

599 2066 660 2106 se
685 2064 814 2105 esse
846 2048 1140 2120 promisit.

663 2143 716 2195 3.
748 2137 1200 2194 Priscillianistae
1233 2153 1370 2194 vero
1403 2137 1702 2208 accipiunt
1739 2138 1961 2206 omnia,
1994 2141 2049 2194 et
2074 2155 2259 2195 cano-

593 2230 732 2284 nica
773 2235 826 2284 et
868 2228 1216 2299 apocrypha
1264 2227 1463 2282 simul.
1505 2226 1619 2284 Sed
1671 2243 2072 2300 quaecumque
2118 2244 2255 2300 quae

587 2324 795 2374 contra
826 2332 928 2373 eos
987 2321 1146 2382 sunt,
1180 2317 1237 2371 in
1271 2332 1394 2371 suae
1430 2317 1840 2387 perversitatis
1887 2333 2099 2372 sensus
2157 2318 2258 2374 ali-

586 2409 832 2479 quando
864 2406 1082 2463 callida
1111 2412 1164 2461 et
1197 2411 1414 2471 astuta,
1449 2406 1774 2478 aliquando
1802 2406 2053 2463 ridicula
2080 2413 2134 2464 et
2155 2407 2258 2464 he-

587 2497 710 2553 beti
757 2497 1126 2569 expositione
1175 2500 1536 2568 pervertunt.
1580 2499 1694 2552 Nec
1725 2497 1935 2552 saltem
1980 2498 2060 2554 ita
2097 2502 2158 2553 ut
2186 2514 2257 2554 ea

585 2587 736 2657 ipsa,
770 2602 905 2657 quae
939 2590 1248 2655 exponunt
1278 2584 1355 2639 ab
1384 2600 1506 2639 suae
1531 2590 1702 2639 sectae
1729 2584 2082 2641 hominibus
2113 2586 2257 2643 alie-

587 2676 700 2740 nis,
723 2689 865 2729 vera
887 2690 1014 2728 esse
1034 2672 1282 2728 credant
1305 2690 1317 2739 ;
1344 2672 1608 2744 alioquin
1623 2679 1722 2729 aut
1741 2674 2012 2730 catholici
2032 2680 2252 2744 essent,

588 2769 692 2820 aut
741 2778 863 2818 non
906 2762 1160 2817 multum
1202 2777 1238 2817 a
1277 2762 1518 2817 veritate
1560 2762 1755 2829 alieni,
1787 2764 1889 2835 qui
1924 2771 1978 2820 et
2019 2766 2078 2820 in
2111 2766 2254 2837 ipsis

587 2851 892 2923 scripturis
911 2849 1274 2922 apocryphis
1298 2866 1512 2906 sensus
1544 2851 1864 2908 catholicos
1896 2853 2252 2922 invenirent,

588 2939 963 2998 autinvenire
985 2939 1132 2994 velle
1163 2940 1649 2996 viderenturzsed
1675 2942 1941 3014 cumipsi
1973 2943 2087 2999 alia
2113 2960 2252 2999 cum

588 3031 714 3085 suis
765 3028 1046 3095 sentiant,
1082 3033 1260 3100 atque
1290 3029 1442 3084 inter
1485 3045 1626 3084 suos
1668 3029 1945 3096 doceant,
1981 3032 2104 3086 sive
2136 3032 2253 3087 dis-

585 3125 741 3187 cant,
768 3136 900 3191 quae
943 3134 1065 3174 non
1111 3119 1332 3173 audent
1378 3119 1650 3189 prodere,
1679 3120 1971 3192 quoniam
1999 3137 2060 3176 re
2111 3138 2255 3178 vera

591 3209 819 3265 nefaria
864 3214 1001 3263 sunt
1039 3212 1094 3262 et
1124 3207 1515 3276 detestanda;
1554 3215 1758 3264 tamen
1797 3209 1978 3265 ﬁdem
2010 3211 2255 3268 catholi-

592 3314 726 3354 cam
751 3298 833 3352 eis
854 3313 1008 3368 quos
1035 3297 1261 3363 timent,
1277 3297 1628 3368 praedicant,
1645 3314 1764 3354 non
1779 3315 1965 3369 quam
1991 3304 2248 3366 teneant,

593 3387 698 3442 sed
720 3385 832 3442 sub
862 3402 985 3458 qua
1013 3385 1253 3440 lateant.
1297 3388 1552 3442 Possunt
1582 3387 1740 3442 enim
1769 3388 1952 3459 aliqui
1991 3389 2254 3446 hmretici

591 3476 833 3548 reperiri
865 3476 1116 3530 fortasse
1142 3474 1595 3542 immundiores,
1630 3476 1734 3531 sed
1775 3477 1972 3531 nullus
2003 3478 2126 3534 istis
2147 3478 2255 3536 fal-

589 3566 741 3622 lacia
789 3569 1192 3635 comparatur.
1241 3563 1350 3618 Alii
1393 3563 1637 3636 quippe,
1670 3570 1731 3620 ut
1770 3572 1909 3621 sunt
1939 3567 2253 3625 hominum

595 3654 752 3718 vitia,
786 3654 858 3708 de
906 3653 1086 3723 hujus
1142 3653 1269 3708 vitae
1328 3654 1758 3709 consuetudine
1789 3656 1880 3710 vel
1910 3655 2253 3714 inﬁrmitate

594 3743 1006 3798 mentiuntur:
1056 3741 1148 3797 isti
1181 3748 1379 3797 autem
1429 3743 1486 3797 in
1539 3744 1666 3815 ipsa
1703 3743 1933 3800 nefaria
1981 3746 2253 3804 doctrina

590 3832 835 3888 haeresis
885 3848 1007 3886 suae
1058 3837 1426 3904 praeceptum
1461 3833 1683 3889 habere
1732 3834 2136 3906 perhibentur,
2191 3843 2254 3893 ut

591 3921 1082 3978 occultandorum
1120 3923 1475 3990 dogmatum
1526 3938 1771 3978 suorum
1812 3941 2018 3991 causa,
2072 3925 2249 3982 etiam

593 4028 725 4067 cum
752 4011 903 4066 falsa
927 4011 1225 4080 juratione
1249 4012 1630 4067 mentiantur.
1667 4011 1730 4067 Hi
1762 4016 1864 4085 qui
1892 4031 1993 4070 eos
2022 4014 2251 4086 experti

592 4106 747 4166 sunt,
781 4106 835 4155 et
863 4101 1131 4170 ipsorum
1165 4099 1417 4165 fuerant,
1453 4107 1631 4172 atque
1663 4103 1740 4157 ab
1772 4104 1854 4159 eis
1886 4105 1986 4160 Dei
2019 4105 2250 4161 miseri-

590 4188 793 4244 cordia
822 4188 1054 4242 liberati
1083 4191 1241 4251 sunt,
1266 4188 1444 4243 etiam
1483 4190 1663 4246 verba
1683 4191 1815 4263 ipsa
1836 4195 2115 4266 praecepti
2143 4195 2250 4251 hu-

580 4277 677 4349 jus
707 4278 821 4333 ista
848 4281 1324 4332 commemorant
1359 4299 1372 4332 :

849 4384 998 4441 Jura,
1035 4384 1265 4448 perjura,
1303 4388 1565 4435 secretum
1589 4387 1811 4450 prodere
1840 4389 1968 4438 noli.

654 4485 706 4539 4.
733 4482 986 4540 Proinde
1011 4489 1072 4538 ut
1103 4484 1228 4539 sine
1253 4483 1372 4540 ulla
1392 4484 1743 4541 difﬁcultate
1766 4488 2034 4544 videatur
2054 4507 2240 4563 quam

583 4585 704 4628 non
745 4574 857 4628 hoc
905 4574 1165 4628 sentiunt
1205 4574 1278 4628 de
1325 4576 1626 4645 scripturis
1665 4579 2045 4650 apocryphis,
2079 4583 2241 4653 quod

581 4678 642 4716 se
670 4678 968 4733 exponere
997 4662 1301 4729 simulant,
1322 4665 1472 4718 ratio
1486 4665 1927 4724 consideranda
1940 4677 2030 4724 est
2050 4686 2235 4742 quam

578 4752 824 4806 reddere
859 4752 1151 4814 videntur,
1203 4759 1266 4805 ut
1307 4751 1535 4807 eisdem
1593 4755 1902 4826 scripturis
1951 4765 2236 4830 tanquam

583 4839 784 4894 divina
813 4840 1108 4894 tribuatur
1132 4841 1471 4906 auctoritas,
1506 4847 1567 4896 ut
1594 4844 1758 4913 quod
1786 4846 2093 4903 scelestius
2121 4855 2230 4916 est,

575 4928 753 4984 etiam
787 4928 1089 4983 canonicis
1119 4929 1455 5000 praeferant.
1502 4931 1694 4987 Habes
1727 4935 1910 4990 verba
1938 4952 2146 4994 eorum
2172 4941 2231 4996 in

573 5017 672 5074 illo
695 5019 897 5073 codice
921 5020 999 5072 ita
1025 5019 1218 5088 posita
1249 5035 1260 5072 :
1290 5019 1566 5089 Hymnus
1595 5023 1855 5090 Domini,
1881 5041 2049 5097 quem
2072 5028 2229 5086 dixit

571 5114 788 5163 secrete
813 5108 1033 5163 sanctis
1059 5109 1355 5176 Apostolis
1381 5110 1690 5178 discipulis
1714 5113 1854 5181 suis,
1876 5119 2015 5186 quia
2046 5120 2228 5187 scrip-

570 5201 692 5252 tum
724 5203 806 5252 est
837 5197 899 5252 in
929 5197 1280 5267 Evangelia,
1319 5218 1342 5247 α
1378 5200 1618 5268 Hymno
1659 5200 1835 5268 dicto,
1870 5207 2132 5264 ascendit
2161 5209 2225 5265 in

565 5293 818 5341 montem
849 5307 876 5336 »
901 5286 1141 5357 (Matth.
1171 5303 1324 5350 xxvx,
1358 5286 1450 5356 30)
1487 5307 1498 5353 ;
1535 5295 1588 5344 et
1627 5293 1732 5361 qui
1759 5291 1822 5347 in
1849 5308 2074 5352 canone
2103 5314 2223 5356 non

563 5382 645 5430 est
674 5376 916 5443 positus,
950 5381 1196 5444 propter
1225 5390 1316 5430 eos
1343 5378 1447 5447 qui
1471 5380 1792 5435 secundum
1841 5397 1900 5438 se
1937 5384 2221 5453 sentiunt,

561 5472 613 5519 et
642 5481 757 5520 non
781 5465 1099 5520 secundum
1124 5465 1397 5533 spiritum
1417 5473 1470 5521 et
1495 5470 1796 5526 verita/em
1825 5474 1950 5538 Dei,
1980 5489 2042 5530 eo
2063 5480 2223 5548 quod

559 5557 846 5623 scriptum
877 5562 981 5620 est,
1007 5575 1035 5607 (ε
1061 5556 1511 5613 Sacramentum
1553 5563 1706 5629 regis
1732 5563 1944 5620 bonum
1972 5573 2053 5622 est
2084 5569 2213 5625 abs-

559 5644 809 5699 condere
827 5657 850 5714 ;
865 5659 1043 5712 opera
1065 5653 1259 5702 autem
1283 5647 1389 5702 Dei
1413 5649 1677 5705 revelare
1705 5649 2095 5722 honoriﬁcum
2118 5673 2174 5714 es
2197 5673 2218 5724 ε

555 5729 722 5810 (Tob.
744 5747 846 5798 xu,
870 5732 946 5805 7).
966 5751 995 5785 ι)
1029 5735 1145 5792 Ista
1173 5741 1260 5792 est
1283 5750 1507 5806 magna
1536 5753 1742 5796 eorum
1764 5743 1913 5800 ratio
1943 5761 2050 5803 cur
2077 5747 2196 5807 iste

1841 277 1852 290 .
1911 229 1972 286 S.
2011 225 2397 286 AUGUSTINI
2439 223 2754 283 EPISCOPI

3265 0 4140 50 ἡψ--η

3899 224 4015 286 1036

2374 352 2639 424 hymnus
2671 365 2794 407 non
2827 351 2905 407 sit
2947 350 3006 406 in
3054 366 3307 419 canone,
3341 352 3488 425 quia
3514 352 3673 409 velut
3701 368 4016 412 sacramen-

2374 429 2500 497 tum
2533 441 2689 512 regis
2741 440 3242 496 abscondendum
3287 441 3398 498 fuit
3427 443 3519 497 his
3568 444 3673 515 qui
3704 445 4016 501 secundum

2375 545 2616 586 carnem
2647 530 2928 595 sentiunt,
2957 536 3012 585 et
3040 545 3162 585 non
3194 531 3526 587 secundum
3559 533 3838 602 spiritum
3873 539 3927 590 et
3948 551 4024 589 ve-

2374 621 2607 675 ritatem
2642 619 2760 674 Dei.
2800 621 2950 689 Ergo
2985 619 3302 690 Scripturae
3352 622 3659 677 canonica;
3700 637 3825 678 non
3869 625 4024 694 perti-

2372 708 2608 765 nentad
2639 713 3085 764 sacramentum
3117 710 3292 780 regis,
3319 709 3482 780 quod
3513 711 3635 765 istis
3663 711 4028 768 absconden-

2373 798 2519 853 dum
2545 797 2779 852 videtur
2803 814 2816 864 ;
2841 803 2896 853 et
2915 798 2997 853 eis
3016 798 3367 870 conscriptae
3387 804 3545 865 sunt,
3570 801 3672 872 qui
3701 802 4026 858 secundum

2371 903 2615 943 carnem
2648 887 2930 955 sentiunt,
2959 891 3016 942 et
3048 902 3168 942 non
3199 888 3533 945 secundum
3565 891 3846 961 spiritum
3869 896 3924 946 et
3949 907 4023 948 ve-

2371 978 2603 1031 ritatem
2622 977 2738 1032 Dei.
2758 976 2926 1041 Quod
2950 976 3096 1048 quid
3114 981 3205 1032 est
3221 976 3406 1042 aliud,
3426 994 3609 1049 quam
3626 979 3829 1035 dicere
3854 981 4030 1052 Scrip-

2372 1070 2536 1121 turas
2582 1072 2820 1120 sanctas
2870 1066 3190 1121 eanonicas
3221 1079 3330 1121 nec
3378 1069 3714 1123 secundum
3764 1071 4026 1140 spiritum

2371 1154 2474 1209 Dei
2506 1170 2735 1226 sapere,
2771 1169 2880 1209 nec
2912 1155 3204 1226 pertinere
3248 1157 3325 1211 ad
3357 1158 3666 1213 veritatem
3708 1160 3816 1212 Dei
3847 1160 3876 1213 Ὺ
3903 1161 4027 1224 Quis

2369 1242 2484 1298 hoc
2511 1243 2717 1300 audiat
2741 1242 2769 1297 ‘t
2798 1245 2933 1316 quis
2966 1244 3159 1300 valeat
3190 1245 3476 1301 sustinere
3504 1252 3678 1302 tanta:
3709 1249 4025 1320 impietatis

2369 1331 2679 1388 horrorem
2708 1332 2735 1388 εἰ
2759 1336 2873 1388 Aut
2899 1335 2946 1388 si
2976 1334 3292 1405 Scriptura:
3317 1334 3625 1390 canonica:
3654 1337 4028 1408 spiritualiter

2369 1436 2405 1476 a
2436 1421 2863 1493 spiritualibus,
2889 1421 3205 1478 carnaliter
3230 1438 3266 1478 a
3292 1423 3634 1479 carnalibus
3659 1427 4028 1493 sentiuntur;

2369 1524 2475 1565 cur
2505 1526 2626 1566 non
2659 1514 2748 1566 est
2777 1516 2833 1566 et
2863 1510 2970 1566 iste
2997 1510 3264 1583 hymnus
3293 1511 3354 1567 in
3394 1527 3646 1580 canone,
3670 1515 3718 1570 si
3750 1521 3814 1570 et
3843 1518 4030 1589 ipsum

2367 1599 2702 1670 spirituales
2717 1599 3395 1671 spiritualiter,carnales
3409 1602 3722 1659 carnaliter
3735 1605 4032 1661 sentiunt?

2440 1692 2489 1742 5.
2521 1689 2741 1743 Deinde
2781 1688 2927 1760 quid
2959 1705 3158 1745 causae
3189 1696 3282 1744 est
3326 1694 3388 1746 ut
3415 1691 3694 1747 eumdem
3737 1694 4032 1766 hymnum

2367 1779 2458 1834 isti
2482 1779 2815 1834 secundum
2840 1779 3177 1852 Scripturas
3195 1780 3520 1837 canonicas
3538 1790 3838 1840 conentur
3863 1801 4030 1858 expo-

2364 1882 2506 1924 nere
2533 1869 2562 1925 ?
2592 1868 2649 1924 Si
2683 1868 2841 1923 enim
2881 1873 3200 1940 propterea
3234 1885 3354 1925 non
3384 1876 3474 1926 est
3500 1870 3561 1926 in
3591 1871 3923 1944 Scripturis
3951 1893 4036 1934 ca-

2366 1957 2617 2023 nonicis,
2669 1958 2813 2030 quia
2851 1958 2958 2013 illa:
3005 1959 3320 2030 Scripturis
3369 1960 3734 2027 carnalibus,
3769 1962 4030 2035 hymnus

2364 2050 2564 2102 autem
2596 2047 2704 2102 iste
2737 2046 3147 2118 spiritualibus
3182 2049 3438 2119 scriptus
3461 2052 3551 2104 est
3581 2068 3594 2118 ;
3628 2053 3950 2123 quomodo
3969 2055 4033 2111 de

2367 2136 2682 2207 Scripturis
2704 2136 2780 2192 ad
2803 2136 3072 2192 carnales
3092 2137 3368 2193 homines
3395 2139 3840 2209 pertinentibus
3865 2158 4035 2216 expo.

2365 2224 2522 2280 nitur
2566 2224 2850 2297 hymnus,
2887 2225 2991 2299 qui
3032 2241 3147 2281 non
3195 2228 3450 2298 pertinet
3489 2228 3566 2283 ad
3607 2230 3895 2287 carnales
3927 2231 3956 2287 ‘t
3985 2236 4032 2290 Si

2363 2314 2545 2379 enim,
2573 2314 2741 2370 verbi
2773 2315 2982 2385 gratia,
3012 2320 3329 2387 prOpterea
3356 2317 3371 2352 ¹
3403 2316 3465 2372 in
3489 2317 3604 2373 isto
3631 2318 3874 2390 hymno
3907 2338 4034 2379 can-

2363 2406 2519 2474 tatur
2563 2408 2619 2458 et
2649 2403 2883 2469 dicitur,
2923 2405 3164 2461 Salvere
3203 2406 3357 2470 vola,
3389 2411 3441 2460 et
3489 2407 3644 2463 solvi
3679 2410 3840 2474 volo,
3874 2413 4029 2484 quia,

2365 2492 2516 2547 sicut
2546 2492 2638 2546 isti
2669 2493 2797 2548 haec
2829 2492 3014 2549 verba
3046 2499 3375 2564 exponunt,
3409 2494 3579 2552 solvit
3599 2511 3714 2552 nos
3749 2501 4034 2557 Dominus

2363 2580 2628 2636 Christus
2680 2597 2716 2638 a
2770 2582 3228 2640 conversatione
3267 2583 3486 2651 saeculi,
3546 2590 3609 2641 ut
3649 2601 3778 2642 non
3823 2590 4032 2646 iterum

2359 2669 2618 2739 ligemur
2643 2670 2702 2726 in
2736 2686 2805 2726 eo
2838 2687 2851 2737 ;
2885 2671 3012 2727 haec
3043 2671 3103 2726 in
3138 2673 3451 2744 Scripturis
3482 2677 3798 2731 canonicis
3831 2680 4031 2752 utique

2361 2759 2700 2831 didicimus,
2749 2761 2912 2832 quod
2957 2761 3148 2817 solvat
3177 2777 3288 2817 nos
3321 2763 3608 2818 Dominus
3639 2780 3676 2820 a
3705 2781 4030 2826 conversa-

2361 2849 2518 2904 tione
2537 2849 2754 2917 saeculi,
2782 2854 2838 2904 et
2857 2849 3001 2920 quia
3022 2849 3080 2904 in
3104 2865 3174 2905 eo
3201 2865 3320 2906 non
3351 2850 3646 2907 debemus
3669 2853 3900 2913 iterum
3924 2860 4032 2914 col-

2360 2937 2553 3008 ligari.
2586 2941 2734 2994 Nam
2764 2938 2911 3009 quid
2941 2945 3029 2994 est
3069 2939 3253 3004 aliud,
3293 2941 3585 3012 Dirupisti
3617 2945 3877 3002 vincula
3910 2965 4030 3004 mea

2361 3027 2550 3098 (Psal.
2577 3042 2712 3094 cxv,
2766 3029 2853 3098 16)
2882 3026 2910 3082 Ῡ
2956 3028 3103 3100 quid
3146 3033 3236 3085 est
3289 3029 3472 3098 aliud,
3522 3033 3825 3090 Dominus
3854 3040 4028 3093 solvit

2360 3117 2716 3186 compeditos
2756 3117 2946 3188 (Psal.
2991 3133 3157 3183 CXLV,
3189 3119 3244 3190 Ἰ)
3274 3117 3321 3173 ‘i.
3370 3120 3499 3176 Jam
3540 3121 3778 3178 solutos
3830 3133 4027 3183 autem

2359 3206 2681 3277 Apostolus
2707 3207 2995 3262 admonet
3014 3207 3239 3272 dicens,
3259 3207 3425 3265 State
3449 3225 3609 3281 ergo,
3630 3218 3685 3268 et
3709 3229 3792 3270 ne
3814 3215 4024 3272 iterum

2359 3296 2660 3352 servitutis
2676 3297 2829 3366 jugo
2859 3296 3246 3353 detineamini
3271 3297 3495 3369 (Galat.
3532 3317 3588 3366 v,
3627 3303 3678 3373 t)
3709 3322 3723 3360 :
3758 3312 3819 3359 et
3849 3322 4028 3377 apos-

2360 3385 2516 3440 tolus
2545 3385 2750 3441 Petrus
2777 3385 2938 3455 dicit,
2968 3386 3032 3442 Si
3060 3386 3214 3443 enim
3258 3389 3620 3459 refugientes
3667 3394 4029 3466 coinquina-

2359 3473 2545 3532 tiones
2571 3474 2780 3530 mundi
2806 3477 2866 3530 in
2893 3474 3226 3545 cognitione
3256 3477 3489 3534 Domini
3517 3482 3715 3535 nostri
3736 3487 3796 3538 et
3829 3486 4031 3542 Salva-

2362 3565 2506 3619 toris
2539 3563 2675 3620 Jesu
2731 3564 2976 3629 Christi,
3019 3565 3110 3620 his
3155 3581 3368 3622 rursus
3413 3568 3698 3636 impliciti
3739 3587 4032 3643 superan-

2360 3656 2463 3706 tur
2489 3667 2515 3722 ,'
2536 3653 2706 3722 facta
2737 3660 2872 3708 sunt
2922 3655 3004 3709 eis
3030 3654 3360 3722 posteriora
3390 3655 3692 3714 deteriora
3719 3662 4031 3728 prioribus

2359 3741 2427 3810 (ll
2453 3741 2610 3797 Petr.
2634 3757 2693 3804 ιι,
2722 3743 2811 3813 20)
2839 3757 2852 3808 ;
2874 3741 2958 3796 sic
2983 3741 3326 3808 ostendens,
3350 3759 3487 3798 cum
3509 3746 3689 3803 soluti
3707 3747 4030 3818 fuerimus,

2360 3828 2590 3898 alligari
2618 3845 2727 3885 nos
2750 3831 2979 3886 mundo
2997 3830 3215 3886 iterum
3235 3847 3354 3888 non
3372 3832 3608 3889 debere.
3646 3837 3807 3894 Cum
3830 3840 4028 3912 itaque

2355 3917 2470 3974 ista
2497 3920 2558 3974 in
2608 3935 2858 3984 canone,
2891 3920 3013 3976 sive
3041 3936 3110 3976 ex
3152 3920 3244 3976 his
3278 3922 3630 3979 testimoniis
3671 3942 3817 3998 qum
3874 3946 4028 3985 com-

2357 4009 2705 4073 memoravi,
2741 4009 2863 4064 sive
2889 4025 2960 4065 ex
2983 4009 3110 4066 aliis
3139 4009 3411 4081 plurimis
3442 4013 3772 4072 manifesta
3808 4019 3952 4089 sint,
3983 4025 4034 4074 et

2353 4097 2470 4167 legi
2502 4104 2559 4154 et
2589 4098 2901 4169 praedicari
2936 4115 3056 4155 non
3088 4108 3325 4156 cessent
3361 4116 3374 4166 ;
3419 4101 3568 4174 quid
3609 4110 3698 4160 est
3729 4109 3916 4178 quod
3947 4111 4034 4163 isti

2352 4183 2514 4241 hunc
2545 4186 2863 4258 hymnum,
2913 4188 3034 4255 ubi,
3085 4193 3146 4244 ut
3191 4190 3523 4246 secundum
3571 4192 3742 4264 ipsos
3788 4196 4031 4270 loquar,

2354 4274 2534 4330 verba
2579 4274 3002 4333 obscurissime
3043 4284 3182 4332 sunt
3212 4279 3425 4350 posita,
3458 4289 3788 4352 propterea
3819 4285 4032 4342 dicunt

2351 4365 2412 4420 in
2437 4380 2666 4422 canone
2687 4382 2808 4422 non
2825 4382 2973 4435 esse,
2998 4383 3073 4424 ne
3091 4367 3428 4426 velarentur
3455 4371 3816 4430 carnalibus
3832 4375 3862 4430 τ
3893 4393 4030 4432 cum

2349 4455 2547 4525 potius
2579 4470 2649 4511 ea
2681 4455 2990 4512 videamus
3022 4459 3080 4512 in
3107 4473 3332 4514 canone
3362 4459 3642 4528 revelata,
3678 4461 3744 4518 in
3782 4465 3904 4522 hoc
3934 4483 4031 4522 au-

2350 4549 2463 4598 tem
2506 4543 2737 4615 hymno
2767 4548 3014 4602 omnino
3064 4547 3279 4614 velata,
3324 4549 3477 4605 sicut
3518 4550 3633 4622 ipsi
3684 4565 4026 4614 asserunt;

2345 4647 2487 4688 nam
2515 4633 2663 4688 sicut
2688 4635 2882 4704 magis
2910 4636 3276 4692 credendum
3300 4645 3405 4704 est,
3441 4655 3688 4710 prorsus
3721 4659 3863 4702 non
3891 4655 4027 4701 sunt

2339 4721 2494 4793 ipsa,
2539 4723 2645 4778 sed
2687 4725 2888 4780 nescio
2936 4741 3071 4797 qum
3121 4726 3258 4793 alia,
3307 4743 3438 4798 qua:
3494 4728 3590 4785 tali
3635 4737 4026 4804 expositione

2342 4811 2530 4866 multo
2560 4812 2822 4884 amplius
2849 4813 3069 4884 velant,
3098 4822 3154 4870 et
3183 4815 3442 4873 revelare
3473 4816 3841 4879 formidant.

2409 4897 2461 4954 6.
2487 4901 2635 4956 Nam
2656 4901 2855 4973 utique
2879 4903 2925 4958 si
2942 4903 3057 4960 hoc
3081 4903 3194 4959 illis
3217 4905 3410 4960 verbis
3428 4906 3837 4982 signiﬁcatur,
3857 4914 4026 4987 quod

2335 5003 2446 5044 nos
2477 4989 2650 5046 solvit
2701 4991 2986 5049 Dominus
3029 5009 3065 5049 a
3094 4997 3543 5052 conversatione
3583 5001 3829 5068 saeculi,
3878 5010 3941 5061 et
3975 5017 4033 5063 ut

2336 5092 2457 5132 non
2484 5078 2699 5135 iterum
2730 5079 2986 5151 ligemur
3016 5082 3077 5138 in
3106 5099 3176 5139 eo
3211 5097 3223 5150 ;
3258 5099 3381 5140 non
3410 5085 3732 5153 diceretur,
3768 5091 4027 5151 Solvere

2336 5167 2487 5234 volo,
2518 5175 2567 5224 et
2607 5169 2758 5225 solvi
2789 5173 2940 5241 vola,
2976 5172 3102 5236 sed,
3155 5172 3392 5230 Solvere
3433 5174 3589 5242 volo,
3619 5183 3680 5232 et
3704 5193 3825 5236 eos
3867 5199 4027 5255 quos

2331 5255 2581 5321 solvero,
2626 5257 2795 5328 ligari
2842 5260 3002 5317 nolo.
3051 5268 3166 5317 Aut
3200 5262 3249 5318 si
3285 5264 3558 5320 membra
3606 5283 3750 5335 sua,
3813 5273 3878 5326 id
3915 5279 4022 5328 est.

2330 5343 2537 5401 ﬁdeles
2559 5364 2698 5404 suos
2728 5351 2788 5404 in
2821 5367 2881 5406 se
2907 5352 3314 5423 transfigurat,
3343 5357 3894 5426 quemadmodum
3919 5364 4022 5422 ait.

2327 5434 2589 5503 Esurivi,
2621 5446 2673 5494 et
2704 5439 2942 5495 dedistis
2981 5439 3128 5497 mihi
3173 5445 3540 5501 manducare
3570 5446 3841 5518 (Matth.
3875 5469 4022 5514 xxv,

2327 5525 2417 5596 35)
2443 5541 2456 5592 ;
2485 5525 2707 5584 diceret
2743 5530 2959 5601 potius,
2995 5530 3153 5588 Solvi
3199 5532 3360 5604 volo,
3384 5539 3441 5590 et
3468 5534 3638 5605 ligari
3687 5540 3872 5598 nolo.
3907 5550 4025 5598 Aut

2327 5612 2376 5668 si
2408 5621 2723 5686 propterea
2753 5618 2882 5690 ipse
2912 5619 3105 5687 solvit,
3134 5627 3192 5678 et
3230 5621 3359 5696 ipse
3388 5621 3654 5698 solvitur,
3687 5631 3861 5702 quia
3902 5635 4024 5690 sol‘

2383 5763 2399 5796 ί
2427 5763 2588 5826 Alias,
2625 5781 2833 5834 propro.
