4138 6172
127 257 268 319 1037

121 387 209 442 vit
247 390 447 458 caput,
492 382 767 441 membra
807 385 1137 454 solvuntur,
1186 400 1322 457 quae
1379 384 1778 458 persequeba-

119 481 215 533 tur
244 476 344 549 qui
396 476 678 532 clamavit
718 475 791 530 de
829 475 997 539 caelo,
1035 475 1233 545 Saule,
1271 477 1471 546 Saule,
1518 475 1666 547 quid
1689 489 1779 530 me

116 567 490 638 persequeris
534 566 692 635 (Act.
740 581 817 629 ix,
851 565 905 635 4)
946 563 974 618 ‘i’
1015 564 1128 620 hoc
1159 564 1407 637 quidem
1458 565 1776 620 verborum

115 656 368 711 istorum
417 655 721 726 expositor
756 654 860 708 iste
901 669 1020 709 non
1060 653 1247 724 dixit;
1282 654 1386 709 sed
1431 654 1659 709 etiamsi
1695 652 1781 708 di-

119 743 325 813 xisset,
356 744 418 799 id
466 743 518 799 ei
545 742 1045 814 responderemus
1077 742 1239 814 quod
1280 742 1460 815 paulo
1492 750 1626 799 ante
1659 757 1783 796 res-

120 832 494 905 pondimus:
539 831 829 904 quoniam
871 831 999 887 haec
1030 833 1085 885 in
1135 832 1448 903 Scripturis
1481 830 1781 887 canonicis

119 921 398 993 legimus,
423 921 501 977 ibi
526 920 928 991 intelligimus,
957 920 1095 975 inde
1123 921 1454 986 ﬁrmamus,
1479 920 1616 976 inde
1638 935 1781 992 quo-

120 1011 263 1067 tidie
283 1011 701 1083 prmdicamus.
721 1009 873 1074 Quid
895 1014 982 1064 est
1005 1008 1182 1078 igitur
1206 1010 1370 1080 quod
1389 1013 1493 1065 iste
1516 1011 1781 1082 hymnus

121 1100 338 1156 dicitur
367 1099 710 1156 carnalibus
749 1099 926 1154 fuisse
959 1097 1319 1165 subtractus,
1352 1105 1412 1154 ut
1442 1115 1563 1156 non
1595 1115 1783 1172 pone-

123 1195 281 1246 retur
310 1189 370 1244 in
399 1205 648 1252 canone,
683 1205 815 1244 cum
849 1189 1009 1260 quod
1054 1189 1114 1244 in
1145 1188 1244 1245 illo
1276 1194 1551 1260 opertum
1582 1194 1688 1256 est,
1721 1187 1782 1243 in

121 1294 355 1335 canone
399 1284 669 1350 apertum
725 1279 796 1333 sit
843 1279 870 1334 ‘l
903 1279 987 1332 An
1022 1293 1211 1349 usque
1262 1278 1414 1334 adeo
1465 1278 1779 1350 desipiunt,

125 1368 248 1424 imo
275 1369 604 1433 insaniunt,
636 1367 975 1423 utaudeant
997 1367 1191 1422 dicere
1226 1372 1670 1423 sacramentum
1698 1382 1784 1421 re-

126 1457 218 1526 gis
247 1458 306 1512 in
335 1457 450 1512 hoc
479 1457 708 1528 hymno
740 1456 1164 1512 absconditum
1194 1473 1321 1512 esse
1355 1456 1781 1528 spiritualibus,

123 1547 185 1602 in
209 1561 438 1602 canone
466 1552 666 1603 autem
698 1545 1087 1601 manifestum
1115 1561 1245 1601 esse
1271 1545 1620 1601 carnalibus
1651 1544 1680 1600 ‘P

199 1653 248 1706 7.
267 1651 473 1708 Hocde
489 1651 899 1722 superioribus
929 1651 1198 1721 ejusdem
1228 1653 1437 1724 hymni
1453 1652 1651 1708 verbis
1668 1646 1784 1707 dici

124 1746 340 1813 potest,
363 1739 460 1795 ubi
486 1739 570 1796 ait
594 1740 871 1796 :Salvare
892 1741 1103 1807 volo,et
1116 1742 1349 1797 salvari
1371 1743 1584 1798 volo.Si
1603 1743 1784 1810 enim,

123 1832 279 1886 sicut
304 1829 414 1902 ipsi
435 1834 756 1900 exponunt,
781 1829 892 1884 hoc
923 1831 1035 1886 ista
1059 1829 1241 1885 verba
1255 1831 1785 1903 signiﬁcant,quod

120 1920 434 1975 salvamur
450 1935 484 1974 a
506 1918 759 1974 Domino
783 1933 885 1989 per
905 1919 1297 1990 Baptismum,
1317 1926 1372 1975 et
1392 1920 1787 1989 salvamus,id

122 2015 219 2068 est
240 2008 614 2064 custodimus
645 2009 702 2062 in
734 2007 903 2063 nobis
931 2008 1216 2080 Spiritum
1243 2010 1453 2064 datum
1487 2011 1661 2065 nobis
1685 2026 1790 2082 per

127 2098 497 2172 Baptismum
526 2113 538 2162 ;
558 2112 756 2152 nonne
772 2097 948 2152 istum
969 2114 1211 2152 sensum
1230 2099 1534 2170 Scriptura
1549 2098 1792 2154 canoni-

127 2204 203 2244 ca
216 2185 566 2246 clamat.ubi
579 2187 755 2257 legim
767 2188 1074 2254 us,Salvos
1090 2203 1189 2242 nos
1201 2188 1345 2257 fecit
1357 2204 1465 2256 per
1479 2189 1790 2245 lavacrum

128 2276 596 2348 regenerationis
646 2277 782 2343 (Tit.
818 2292 893 2340 ιιι,
938 2278 992 2345 5)
1025 2276 1054 2328 ‘l
1084 2281 1139 2330 et
1172 2277 1269 2331 ubi
1328 2277 1502 2332 nobis
1555 2278 1788 2344 dicitur,

129 2366 418 2435 Spiritum
435 2365 613 2422 nolite
627 2364 994 2436 exstinguere
1013 2365 1056 2435 (Ι
1086 2366 1278 2422 Thess.
1307 2383 1358 2430 v,
1394 2368 1473 2438 19)
1493 2365 1520 2420 ?
1537 2368 1578 2432 Ο
1593 2383 1795 2422 nomo-

130 2456 213 2512 do
236 2469 379 2524 ergo
409 2455 513 2510 iste
562 2455 825 2526 hymnus
870 2453 929 2510 in
959 2470 1190 2510 canone
1248 2455 1382 2510 ideo
1415 2472 1535 2511 non
1587 2462 1694 2521 est,
1721 2472 1795 2513 ne

133 2543 996 2608 carnalibusinnotescat,cum
1020 2544 1079 2599 id
1093 2545 1256 2617 quod
1279 2544 1334 2598 in
1358 2543 1454 2600 illo
1469 2545 1796 2601 obscurum

135 2639 244 2699 est,
277 2633 338 2689 in
365 2649 595 2689 canone
619 2631 848 2704 luceat;
885 2633 996 2689 nisi
1026 2636 1168 2706 quia
1199 2633 1307 2689 sub
1331 2635 1441 2689 hac
1459 2635 1800 2707 qualicum-

133 2723 653 2796 queexpositione,
683 2737 867 2793 quam
896 2722 1410 2793 quibuslibetaliis
1434 2723 1797 2788 obtendunt,

134 2812 282 2868 illud
315 2812 480 2884 quod
511 2811 606 2866 hic
665 2811 775 2882 ipsi
809 2811 1074 2883 sapiunt,
1132 2812 1428 2868 occultare
1455 2812 1800 2868 conantur?

135 2901 241 2975 qui
263 2907 460 2957 tamen
478 2915 667 2971 usque
690 2899 841 2955 adeo
872 2901 1010 2955 caeci
1040 2906 1196 2964 sunt,
1227 2905 1289 2955 ut
1311 2902 1491 2957 etiam
1516 2902 1801 2974 quaedam

138 2991 323 3048 verba
348 2990 421 3045 de
448 2990 582 3061 ipso
613 3005 844 3045 canone
892 2989 1219 3045 adhibeant
1269 2991 1345 3046 ad
1378 2991 1801 3062 exponendum

137 3080 462 3153 hymnum,
516 3095 698 3151 quem
732 3083 1043 3150 propterea
1074 3078 1277 3135 dicunt
1324 3079 1384 3134 in
1417 3096 1650 3136 canone
1684 3096 1805 3136 non

139 3185 291 3233 esse,
318 3183 391 3224 ne
414 3172 859 3224 sacramentum
881 3169 1036 3236 regis
1063 3167 1406 3224 carnalibus
1433 3169 1804 3240 proderetur.

143 3259 301 3324 Quid
341 3271 483 3326 ergo
536 3257 764 3312 faciunt
823 3258 882 3312 iu
915 3273 1144 3312 canone
1193 3257 1410 3312 clarius
1453 3259 1664 3328 posita,
1704 3274 1810 3330 per

143 3363 282 3420 quae
309 3348 369 3402 in
401 3346 512 3402 isto
544 3347 768 3417 hymno
800 3345 1150 3416 aperiantur
1180 3347 1440 3402 obscura
1462 3347 1489 3402 ?

219 3459 271 3512 8.
304 3454 454 3511 Nam
475 3455 522 3510 si
544 3455 678 3520 hoc,
710 3460 773 3510 ut
793 3455 1015 3524 dicunt,
1037 3454 1488 3527 intelligendum
1517 3455 1675 3512 estin
1696 3455 1808 3512 isto

143 3546 400 3617 hymno.
437 3544 535 3599 ubi
579 3543 677 3609 ait,
709 3543 996 3600 Generari
1027 3546 1180 3610 volo,
1212 3545 1376 3616 quod
1408 3546 1469 3600 in
1517 3546 1811 3601 canonica

150 3633 406 3707 Epistola
435 3632 603 3689 Pauli
635 3632 890 3703 apostoli
945 3634 1232 3704 scriptum
1266 3638 1375 3703 est,
1411 3637 1563 3702 Quos
1591 3635 1809 3692 iterum

146 3725 421 3798 parturio
450 3723 632 3778 donec
665 3723 936 3779 Christus
960 3724 1261 3792 formetur
1287 3724 1350 3778 in
1398 3725 1557 3780 vobis
1583 3725 1808 3796 (Galat.

149 3831 232 3878 ιν,
268 3813 391 3883 19);
426 3813 472 3867 si
505 3812 617 3867 hoc
650 3811 1102 3882 intelligendum
1134 3814 1293 3867 estin
1326 3813 1436 3868 isto
1464 3815 1692 3884 hymno
1712 3815 1813 3870 ubi

149 3903 524 3967 ait,Cantare
548 3901 870 3972 volo,quod
884 3901 944 3955 in
961 3901 1192 3956 Psalmo
1207 3901 1500 3957 canonico
1524 3903 1810 3974 scriptum

151 3997 262 4057 est,
294 3992 548 4046 Cantate
596 3991 841 4046 Domino
887 3992 1186 4046 canticum
1224 4007 1440 4046 novum
1469 3992 1652 4060 (Psal.
1680 4008 1811 4058 xcv,

160 4084 249 4150 l):
275 4081 322 4134 si
354 4079 466 4135 hoc
497 4078 951 4148 intelligendum
983 4083 1070 4134 est
1101 4079 1160 4134 in
1192 4080 1301 4134 isto
1328 4079 1694 4152 hymno,ubi
1711 4081 1812 4146 ait,

152 4169 387 4226 Saltate
407 4168 626 4233 cuncti,
652 4168 815 4239 quod
848 4169 1134 4240 scriptum
1165 4177 1253 4223 est
1281 4168 1340 4223 in
1373 4171 1600 4224 cantico
1638 4186 1817 4226 evan-

155 4259 370 4329 gelico,
405 4257 793 4314 Cantavimus
835 4256 1014 4323 vobis,
1043 4265 1095 4313 et
1147 4273 1263 4312 non
1289 4258 1525 4314 saltasis
1569 4276 1590 4314 :
1624 4260 1672 4314 si
1703 4260 1816 4315 hoc

154 4347 609 4419 intelligendum
639 4353 726 4401 est
767 4347 823 4401 iu
859 4347 972 4402 isto
1019 4346 1270 4418 hymno,
1307 4349 1609 4418 Plangere
1661 4351 1813 4417 volo,

159 4438 394 4495 tundite
425 4453 521 4494 vos
561 4452 778 4501 omnes,
811 4436 975 4508 quod
1018 4438 1305 4507 scriptum
1339 4444 1424 4492 est
1463 4439 1522 4492 in
1584 4441 1816 4496 cantico

156 4527 904 4597 evangelico,Plan1‘imus
922 4525 1101 4594 vobis,
1121 4531 1174 4581 et
1188 4541 1305 4582 non
1323 4528 1557 4583 luxistis
1574 4529 1816 4599 (Matth.

160 4635 240 4682 ιι,
280 4616 364 4687 17)
390 4633 403 4673 :
439 4617 509 4682 si,
548 4615 780 4694 Ornare
808 4616 958 4680 volo,
992 4623 1044 4671 et
1073 4616 1283 4670 ornari
1311 4618 1463 4682 volo,
1493 4617 1607 4672 hoc
1638 4617 1816 4687 signi-

159 4706 303 4761 ﬁcat
335 4706 392 4760 in
420 4706 532 4760 isto
563 4704 814 4777 hymno,
851 4703 1016 4776 quod
1041 4704 1328 4774 scriptum
1356 4711 1444 4760 est
1479 4707 1533 4760 in
1566 4721 1819 4771 canone,

161 4795 454 4852 Habitare
510 4793 814 4851 Christum
844 4810 948 4869 per
974 4793 1151 4861 ﬁdem
1184 4796 1244 4848 in
1310 4795 1582 4850 cordibus
1615 4795 1822 4851 vestris

161 4884 340 4957 (Eph.
371 4885 586 4954 111,17);
621 4889 695 4948 et,
725 4885 828 4938 Vos
857 4882 990 4939 estis
1022 4884 1307 4952 templum
1344 4885 1466 4952 Dei,
1496 4890 1548 4940 et
1572 4886 1822 4953 spiritus

159 4976 272 5031 Dei
297 4973 524 5029 habitat
560 4974 622 5028 in
647 4973 805 5028 vobis
835 4976 875 5040 (l
909 4973 1048 5028 Cor.
1082 4989 1162 5035 ui,
1200 4974 1286 5040 l6)
1314 4993 1327 5028 :
1364 4973 1411 5027 si
1442 4973 1606 5044 quod
1657 4975 1735 5028 ait
1764 4975 1824 5029 in

161 5067 278 5120 isto
297 5064 545 5135 hymno,
567 5063 978 5118 Lucernasum
997 5061 1120 5125 tibi,
1142 5062 1246 5117 ille
1271 5061 1374 5132 qui
1400 5079 1488 5119 me
1515 5063 1694 5131 vides,
1714 5065 1825 5120 hoc

163 5152 482 5223 significat,
507 5150 672 5224 quod
697 5152 984 5218 scriptum
1004 5152 1164 5206 estin
1182 5151 1414 5206 Psalmo
1437 5153 1827 5219 canonico,ln

163 5241 395 5300 lumine
409 5248 508 5297 tuo
524 5240 844 5297 videbimus
863 5241 1059 5296 lumen
1078 5241 1452 5307 (Psal.xxxv,
1469 5243 1545 5308 tO)
1563 5261 1573 5299 :
1594 5244 1639 5298 si
1663 5243 1828 5315 quod

163 5335 248 5390 ait
270 5333 330 5387 in
354 5331 464 5386 isto
480 5330 1078 5403 hymno,Januasum
1101 5330 1207 5384 tibi
1227 5331 1680 5403 quicumqueme
1697 5335 1832 5401 pul-

164 5438 287 5488 sas,
322 5421 434 5477 hoc
449 5419 919 5492 signiﬁcatquod
947 5419 1002 5473 in
1022 5419 1257 5474 Psalmo
1282 5423 1574 5477 canonico
1594 5421 1830 5492 legitur,

167 5510 415 5581 Aperite
441 5509 586 5564 mihi
607 5517 809 5579 portas
827 5507 1108 5578 justitize;
1134 5511 1432 5578 ingressus
1450 5511 1512 5564 in
1543 5512 1834 5579 eis,confi-

171 5601 344 5658 tebor
375 5600 613 5654 Domino
639 5598 822 5664 (Psal.
853 5614 1028 5665 cxvu,
1067 5598 1149 5669 l9)
1186 5613 1199 5653 :
1233 5604 1288 5652 et
1317 5598 1378 5652 in
1409 5599 1527 5654 alio
1573 5599 1829 5670 psalmo,

178 5687 399 5747 Tollite
413 5695 620 5756 portas
642 5687 944 5758 principes
973 5688 1169 5752 vestri,
1216 5693 1269 5742 et
1297 5687 1606 5743 elevamini
1640 5695 1832 5758 porta

175 5779 514 5848 aeternales,
542 5777 892 5836 et'introibit
932 5792 1041 5834 rex
1065 5776 1281 5848 gloriae
1337 5777 1526 5849 (Psal.
1560 5791 1718 5845 xxxii,
1753 5779 1834 5854 7):

1342 255 1850 316 EPISTOLARUM
1892 255 2182 315 CLASSIS
2223 258 2310 316 IV.

3404 262 3542 320 1038

1888 382 1937 437 si
1969 384 2131 456 quod
2149 385 2227 440 ait
2258 385 2318 440 in
2340 384 2450 441 isto
2472 384 2721 456 hymno,
2756 383 2867 450 Qui
2893 383 3048 442 vides
3069 388 3230 458 quod
3251 404 3384 459 ago,
3414 395 3540 445 tace

1888 488 2068 541 opera
2090 489 2233 544 mea,
2257 475 2365 530 hoc
2384 473 2683 545 signiﬁcat
2712 473 2876 545 quod
2908 475 3195 547 scriptum
3223 477 3542 534 estinlibro

1887 561 2110 622 Tobiae.
2140 564 2594 620 Sacramentum
2639 563 2793 633 regis
2827 563 3041 621 bonum
3066 571 3147 621 est
3183 567 3544 624 abscondere

1891 649 2053 721 (Tob.
2081 667 2175 715 xu,
2198 652 2253 722 ‘7)
2281 668 2291 706 :
2318 668 2422 706 cur
2452 653 2557 707 iste
2593 652 2858 723 hymnus
2909 669 3030 709 non
3081 670 3207 710 esse
3231 655 3290 710 in
3314 671 3542 712 canone

1889 745 2199 811 propterea
2212 741 2512 811 dicitur,ut
2525 757 2582 796 sa
2595 747 2949 796 cramentum
2966 744 3118 812 regis
3133 744 3545 800 abscondatur

1891 829 2263 896 carnalibus;
2290 846 2425 884 cum
2441 845 2510 885 ea
2523 844 2657 901 quae
2681 830 2740 884 in
2765 829 2877 885 isto
2891 830 3121 902 hymno
3145 839 3539 904 exponuntur,

1891 917 2068 972 etiam
2091 917 2148 973 in
2165 934 2394 974 canone
2413 918 2707 988 legantur,
2736 923 2790 974 et
2818 919 2997 975 sicibi
3023 922 3393 993 reperiantur
3421 939 3544 981 ma-

1890 1005 2197 1071 nifesta,ut
2217 1007 2458 1078 perheec
2474 1007 2574 1064 illa
2588 1014 2960 1080 exponantur
2973 1008 3253 1066 obscura:
3275 1011 3546 1084 nisiquia

1891 1094 2038 1151 istas
2061 1097 2465 1167 expositiones
2488 1097 2713 1153 habent
2734 1098 2792 1152 in
2818 1098 3038 1170 quibus
3059 1098 3310 1166 lateant;
3333 1101 3391 1156 in
3416 1118 3546 1157 ver-

1889 1184 1981 1240 bis
2010 1202 2149 1241 vero
2179 1186 2334 1242 illius
2352 1187 2581 1259 hymni,
2602 1203 2783 1259 quem
2813 1203 3110 1259 exponere
3140 1206 3200 1244 se
3246 1191 3539 1248 simulant

1889 1272 2003 1330 hoc
2025 1274 2267 1346 sapiunt
2292 1277 2452 1347 quod
2483 1275 2689 1330 alienis
2721 1291 3017 1347 exponere
3041 1279 3287 1334 timeant
3312 1280 3339 1335 ?

1965 1365 2014 1418 9.
2054 1365 2320 1434 Longum
2349 1372 2434 1420 est
2461 1370 2673 1420 cuncta
2692 1365 3064 1436 disputando
3081 1371 3544 1425 monstrare.Ve-

1893 1467 2022 1508 rum
2059 1468 2128 1507 ex
2156 1453 2246 1507 his
2278 1468 2414 1526 quae
2444 1453 2726 1518 diximus,
2760 1460 2975 1510 caetera
2992 1457 3368 1513 considerare
3384 1458 3545 1513 facil-

1892 1539 2103 1596 limum
2131 1548 2235 1606 est,
2261 1546 2316 1597 et
2353 1544 2546 1598 videre
2586 1559 2655 1598 ea
2697 1560 2831 1615 quae
2872 1544 2932 1598 in
2963 1547 3333 1616 expositione
3360 1547 3544 1618 hujus

1891 1629 2103 1700 hymni
2146 1629 2308 1685 bona
2349 1638 2404 1685 et
2435 1631 2686 1685 honesta
2724 1631 2948 1695 dicunt,
2994 1633 3176 1688 etiam
3211 1635 3270 1689 in
3315 1651 3545 1690 canone

1893 1719 2162 1789 reperiri.
2206 1719 2370 1774 Unde
2404 1719 2504 1774 illa
2531 1735 2737 1774 eorum
2773 1735 2893 1775 non
2922 1722 3093 1786 ratio,
3133 1723 3236 1777 sed
3271 1725 3548 1793 tergiver-

1897 1807 2048 1863 satio
2081 1813 2186 1872 est,
2213 1808 2348 1863 ideo
2367 1808 2529 1863 illum
2544 1825 2674 1864 esse
2702 1825 2737 1864 a
2757 1825 2990 1866 canone
3015 1818 3382 1883 separatum,
3404 1817 3549 1886 quia

1896 1897 2240 1952 carnalibus
2266 1897 2614 1952 hominibus
2641 1897 3140 1955 abscondendum
3166 1904 3321 1970 regis
3354 1903 3549 1959 fuerat

1899 1991 2368 2041 sacramentum.
2405 1986 2703 2041 Undenon
2738 1986 3034 2043 immerito
3070 1989 3392 2045 creduntur
3419 1993 3549 2046 istis

1898 2073 2367 2145 expositionibus
2399 2090 2521 2130 non
2555 2076 2783 2146 aperire
2815 2076 2957 2131 velle
2987 2080 3151 2149 quod
3179 2079 3403 2149 legunt,
3440 2079 3548 2135 sed

1899 2164 2097 2234 potius
2139 2163 2369 2234 operire
2402 2164 2566 2235 quod
2600 2165 2881 2220 sentiunt.
2918 2169 3029 2221 Nec
3072 2168 3314 2231 mirum,
3357 2184 3552 2240 quan-

1900 2252 2224 2324 doquidem
2243 2252 2442 2324 ipsum
2461 2252 2780 2308 Dominum
2803 2253 3005 2309 Jesum
3034 2255 3402 2327 loquentem,
3429 2274 3552 2313 non

1901 2356 2007 2412 per
2039 2356 2145 2396 ora
2173 2341 2627 2413 PrOphetarum,
2655 2343 2746 2398 vel
2770 2344 3212 2414 Apostolorum,
3247 2346 3332 2401 vel
3365 2351 3556 2417 Ange-

1903 2431 2120 2495 lorum,
2137 2429 2238 2484 sed
2260 2445 2442 2500 peros
2458 2432 2788 2502 proprium,
2807 2432 3108 2488 illusorem
3137 2435 3337 2506 potius
3368 2452 3555 2507 quam

1905 2518 2170 2575 veritatis
2202 2518 2510 2574 doctorem
2537 2519 2717 2574 fuisse
2747 2521 3145 2578 crediderunt.
3182 2522 3327 2578 Huic
3351 2525 3556 2596 utique

1907 2607 2138 2677 hymno
2164 2606 2432 2662 divinam
2467 2607 2788 2663 tribuentes
2821 2610 3259 2674 auctoritatem,
3288 2613 3387 2667 ubi
3419 2629 3558 2669 eum

1907 2695 2128 2750 dixisse
2157 2696 2356 2751 nescio
2383 2697 2517 2767 quis
2535 2695 2808 2768 ejusdem
2827 2699 3041 2768 hymni
3067 2700 3340 2755 conditor
3367 2701 3558 2768 tinxit,

1922 2785 2104 2841 Verbo
2132 2784 2300 2839 illusi
2324 2791 2556 2849 cuncta,
2585 2792 2637 2840 et
2665 2801 2782 2841 non
2822 2802 2950 2841 sum
2983 2789 3198 2843 illusus
3228 2789 3290 2844 in
3321 2795 3506 2845 totum
3544 2811 3564 2860 ,-

1910 2871 2336 2942 respondeant,
2379 2872 2429 2926 si
2469 2880 2742 2942 possunt,
2781 2876 2999 2942 egregii
3042 2878 3402 2947 spirituales,
3440 2893 3564 2950 quo

1911 2977 2141 3027 eamus,
2173 2961 2266 3014 cui
2298 2976 2470 3015 aures
2502 2962 2864 3032 aperiamus,
2895 2964 2988 3018 cui
3019 2963 3286 3035 loquenti
3322 2972 3565 3020 utcum-

1913 3066 2030 3122 que
2062 3049 2402 3119 credamus,
2431 3049 2489 3104 in
2521 3049 2691 3120 cujus
2737 3051 3135 3121 promissione
3176 3068 3345 3124 spem
3376 3068 3568 3124 pona-

1916 3156 2071 3203 mus,
2119 3138 2167 3192 si
2223 3137 2407 3193 verbo
2450 3145 2664 3194 cuncta
2708 3139 2971 3195 Christus
3029 3141 3232 3205 illusit,
3284 3143 3332 3197 si
3381 3144 3566 3200 verbo

1915 3229 2525 3297 cunctaomnipotens
2549 3229 2830 3297 magister
2847 3229 3044 3294 illusit,
3067 3231 3113 3285 si
3137 3232 3320 3286 verbo
3347 3237 3566 3289 cuncta

1916 3317 2011 3374 ille
2041 3317 2143 3390 qui
2176 3323 2262 3371 est
2309 3315 2656 3385 Unigenitus
2704 3317 2964 3372 Verbum
3016 3318 3112 3374 Dei
3146 3321 3329 3374 Patris
3361 3321 3563 3376 illusit.

1919 3405 2073 3472 Quid
2119 3405 2361 3460 ulterius
2407 3404 2622 3476 loquar
2673 3406 2747 3460 de
2797 3407 3043 3478 perditis
3094 3409 3457 3481 vaniloquis,
3513 3413 3570 3466 et

1921 3496 2131 3551 mentis
2158 3495 2592 3561 seductoribus,
2619 3496 2880 3566 primum
2913 3513 3055 3563 suae,
3085 3499 3300 3553 deinde
3329 3503 3568 3555 caetero-

1918 3600 2074 3650 rum,
2091 3601 2244 3656 quos
2259 3583 2373 3639 sibi
2395 3584 2470 3639 ad
2487 3584 2786 3639 interitum
2811 3586 3260 3656 praedestinatos
3280 3593 3571 3644 aeternum

1920 3673 2271 3728 consociare
2299 3679 2619 3745 potuerunt
2649 3674 2677 3730 7
2705 3675 3396 3745 RescripsiVenerationi
3434 3683 3570 3744 tum,

1921 3768 1977 3818 et
2009 3762 2195 3817 multo
2240 3763 2428 3816 serius
2465 3778 2649 3834 quam
2697 3762 3021 3829 volueram,
3074 3771 3128 3820 et
3176 3766 3348 3836 plura
3379 3783 3573 3837 quam

1920 3851 2358 3923 disposueram.
2393 3852 2626 3922 Optime
2654 3851 2844 3906 facitis
2877 3853 3187 3921 vigilanter
3209 3855 3382 3924 lupos
3407 3870 3575 3909 cave-

1924 3957 1983 3996 re
2016 3959 2027 4008 ;
2065 3940 2167 3995 sed
2210 3940 2387 3995 etiam
2417 3956 2524 4011 pro
2563 3941 2848 3997 sanandis
2881 3943 3116 4007 ovibus,
3147 3943 3192 3996 si
3229 3958 3381 4013 quas
3425 3944 3574 4000 forte

1921 4029 2286 4096 violaverint,
2319 4029 2442 4083 sive
2465 4029 2593 4099 jam
2623 4031 3087 4095 vulneraverint,
3123 4032 3409 4102 pastorali
3441 4032 3570 4086 dili-

1925 4119 2142 4190 gentia,
2163 4119 2294 4189 ipso
2316 4118 2637 4188 adjuvante
2653 4126 2964 4190 pastorum
2988 4122 3262 4186 Domino,
3285 4121 3575 4179 laborate.

2306 4225 2638 4281 EPISTULA
2679 4228 3014 4284 CCXXXVIII
3041 4229 3056 4245 '
3088 4228 3190 4300 (ιι).

1924 4332 2297 4401 Augustinus
2324 4333 2645 4397 Pascentio,
2671 4334 2878 4389 domus
2910 4335 3088 4404 regiae
3115 4335 3315 4390 comiti
3341 4335 3574 4398 ariano,

1996 4420 2099 4491 qui
2117 4420 2400 4488 ipsumad
2420 4421 2775 4490 colloquium
2807 4424 2972 4489 apud
2993 4423 3410 4492 Carthaginem
3436 4439 3577 4492 pro-

2000 4515 2241 4564 vocarat
2266 4509 2362 4578 (esc
2379 4509 2662 4573 Possidio,
2689 4525 2736 4563 c.
2763 4511 2935 4580 t7),et
2963 4511 3022 4565 in
3044 4511 3417 4580 professione
3440 4511 3582 4579 ﬁdei

2000 4599 2281 4658 cluserat,
2333 4611 2403 4652 ac
2445 4605 2571 4665 post
2608 4599 2882 4666 juclarat
2914 4602 3318 4669 Augustinum
3355 4601 3428 4655 ab
3460 4601 3580 4670 ipso

1999 4691 2341 4752 superatum
2373 4702 2390 4748 ;
2419 4687 2633 4753 scripto
2650 4686 2844 4742 reddit
2878 4689 3160 4744 rationem
3179 4689 3314 4760 ﬁdei
3339 4704 3484 4756 suae,
3511 4688 3583 4744 de

2006 4775 2193 4830 tribus
2219 4774 2486 4843 personis
2505 4781 2556 4830 et
2591 4792 2705 4831 uno
2735 4777 2874 4842 Deo,
2907 4778 3087 4848 deque
3114 4779 3282 4834 verbo
3301 4781 3574 4851 ὁμούσιον.

2005 4901 2228 4956 CAPUT
2269 4899 2554 4955 PRIMUM.
2583 4901 2710 4954 —l.
2733 4900 3322 4972 Volueramquidem,
3342 4905 3582 4973 petente

1934 4994 1990 5045 te
2017 4995 2195 5060 atque
2227 4988 2505 5050 instante,
2534 4995 2593 5044 ut
2627 4989 2970 5044 meminisse
2993 4991 3282 5060 dignaris,
3321 4992 3442 5044 imo
3477 5004 3587 5059 pro

1938 5079 2147 5135 merito
2173 5078 2356 5132 aetatis
2389 5093 2458 5133 ac
2482 5077 2785 5148 dignitatis
2829 5086 2936 5134 tuae
2962 5081 3211 5148 jubente
3247 5086 3317 5144 te,
3362 5079 3436 5132 de
3471 5076 3590 5132 ﬁde

1937 5166 2258 5223 christiana
2285 5168 2463 5221 etiam
2498 5183 2763 5236 praesens
2803 5185 2938 5222 cum
2969 5174 3280 5238 praesente,
3315 5168 3372 5221 in
3397 5181 3593 5238 quan-

1940 5263 2065 5313 tum
2089 5256 2234 5311 mihi
2265 5255 2605 5312 facultatem
2637 5257 2921 5312 Dominus
2946 5257 3278 5326 largiretur,
3317 5255 3590 5311 conferre

1942 5361 2301 5402 sermonem.
2337 5345 2449 5400 Sed
2476 5347 2617 5418 quia
2655 5347 2753 5400 tibi
2782 5355 2915 5417 post
2939 5347 3260 5417 prandium
3288 5344 3598 5417 displicuit

1943 5435 2104 5508 quod
2125 5435 2272 5489 inter
2295 5450 2404 5489 nos
2434 5451 2608 5489 mane
2628 5435 2948 5505 placuerat,
2982 5443 3097 5490 uta
3133 5436 3382 5490 notariis
3410 5433 3597 5489 verba

1944 5531 2148 5580 nostra
2194 5525 2603 5594 exciperentur
2651 5540 2665 5587 ;
2717 5539 2788 5578 ne
2821 5523 3060 5579 ulterius
3105 5524 3296 5590 dicas,
3339 5523 3504 5594 quod
3546 5527 3600 5577 te

2003 5647 2034 5678 *
2066 5647 2248 5698 Epistt.
2281 5657 2607 5697 ccxxxvut
2638 5650 2690 5695 et
2714 5659 2992 5698 CCXXXIX
3013 5651 3264 5696 correctae
3289 5649 3416 5695 sunt
3443 5644 3508 5694 ad
3541 5661 3597 5694 α.

1944 5708 2032 5773 bg.
2066 5708 2218 5773 bl.“c.
2243 5721 2318 5757 cc.
2353 5708 2406 5756 II.
2445 5723 2494 5771 g.
2529 5723 2616 5771 gv.
2649 5723 2701 5757 n.
2743 5724 2782 5757 r.
2816 5725 2857 5758 s.
2898 5711 2975 5759 sb.
3017 5713 3051 5758 t.
3083 5724 3163 5758 vc.
3199 5725 3248 5758 ν.
3283 5713 3331 5758 et
3360 5708 3427 5759 ad
3462 5709 3605 5765 Edd.

2009 5774 2079 5835 (α)
2108 5771 2248 5821 Alias
2281 5772 2368 5820 164
2400 5787 2411 5818 :
2445 5786 2563 5836 qutB
2592 5776 2772 5823 autem
2801 5774 2893 5823 238
2917 5778 3047 5833 erat,
3082 5781 3225 5824 ndnc
3260 5775 3341 5824 69.
