4140 6174
544 211 564 263 1
579 210 682 265 039

548 335 728 391 audio
759 347 878 388 non
911 335 1260 394 tacere,non
1287 342 1384 382 me
1415 326 1597 382 fuisse
1614 343 1830 383 ausum
1864 327 1971 385 tibi
2000 328 2195 384 dicere

550 424 732 480 ﬁdem
766 436 985 486 meam,
1025 417 1117 472 his
1149 415 1355 472 litteris
1387 417 1591 488 accipe
1632 418 1798 489 quod
1830 423 1885 473 et
1914 422 1978 473 tu
2006 418 2195 487 legas,

555 519 610 569 et
639 513 728 567 cui
757 507 1012 565 volueris
1059 505 1382 577 legendum
1413 506 1635 572 tradas,
1672 511 1730 562 et
1758 507 1920 578 quod
1945 505 2200 562 volueris

549 601 802 657 vicissim
853 595 1172 653 scribendo
1217 596 1344 667 ipse
1377 595 1773 667 respondeas.
1809 595 2081 668 Iniquum
2114 600 2201 652 est

551 690 710 746 enim
741 693 798 743 ut
819 688 1075 759 quisque
1102 686 1176 740 de
1204 685 1320 740 alio
1347 685 1617 756 judicare
1646 685 1802 756 velit,
1853 692 1908 742 et
1943 683 2201 756 judicari

551 777 626 834 de
657 794 718 832 se
750 775 918 832 nolit.

621 872 673 923 2.
709 869 772 922 Et
803 866 875 920 de
907 863 1198 935 praeterito
1248 863 1492 934 quidem
1526 863 1746 934 placito
1777 867 2005 928 noslro,
2038 860 2202 934 quod

554 957 829 1014 condicto
859 953 1188 1009 meridiano
1221 951 1468 1023 implere
1496 952 1758 1016 noluisti,
1791 951 1955 1006 facile
1996 951 2201 1006 existi-

552 1047 706 1102 mari
751 1048 946 1116 potest
971 1042 1105 1114 quis
1135 1046 1405 1096 nostrum
1439 1040 1576 1095 ﬁdei
1609 1057 1732 1094 suae
1764 1040 2047 1094 ﬁduciam
2081 1055 2201 1095 non

556 1134 832 1191 habuerit
865 1148 877 1186 :
913 1137 1111 1186 utrum
1154 1129 1257 1200 qui
1281 1129 1515 1184 volebat
1542 1129 1929 1193 utdiceretur,
1963 1133 2019 1183 et
2041 1128 2204 1183 time-

554 1225 659 1281 bat
692 1239 765 1279 ne
797 1225 1127 1285 teneretur;
1162 1234 1237 1274 an
1265 1218 1369 1289 qui
1397 1234 1590 1289 usque
1623 1218 1774 1273 adeo
1806 1217 2046 1273 nolebat
2068 1234 2203 1273 eam

556 1311 1020 1384 disceptantium
1038 1309 1266 1379 judicio
1291 1307 1589 1374 subtrahi,
1604 1314 1666 1363 ut
1685 1308 1974 1363 mandata
1999 1308 2203 1363 litteris

554 1403 728 1461 vellet
758 1402 936 1457 etiam
969 1398 1292 1468 legentium
1328 1399 1633 1452 memoria:
1667 1397 2096 1461 commendari,
2129 1413 2204 1454 ne

553 1495 879 1567 quisquam
908 1489 994 1544 vel
1033 1488 1333 1544 oblivione
1373 1488 1673 1557 opinatus,
1709 1486 1800 1541 vel
1829 1486 2204 1542 dissensione

554 1585 836 1645 irritatus,
878 1579 1095 1634 diceret
1125 1578 1200 1631 ab
1233 1575 1434 1647 aliquo
1467 1580 1742 1631 nostrum
1775 1582 1877 1631 aut
1907 1591 2027 1631 non
2076 1591 2204 1631 esse

556 1674 781 1728 dictum
810 1670 974 1740 quod
1006 1667 1233 1721 dictum
1277 1671 1420 1735 erat,
1473 1671 1574 1720 aut
1614 1665 1839 1720 dictum
1873 1681 1999 1720 esse
2039 1665 2204 1737 quod

556 1762 783 1816 dictum
815 1775 930 1813 non
989 1764 1129 1811 erat.
1163 1759 1223 1809 1n
1255 1755 1345 1808 his
1375 1755 1536 1808 enim
1577 1754 1768 1809 solent
1795 1754 2056 1809 latebras
2082 1771 2203 1810 suae

555 1852 735 1907 malae
764 1847 1126 1904 defensionis
1155 1845 1474 1916 inquirere,
1505 1845 1608 1914 qui
1638 1845 2036 1899 contentionis
2065 1849 2206 1900 sunt

556 1940 893 2011 cupidiores
918 1952 1102 2007 quam
1125 1934 1404 1988 veritatis.
1437 1936 1555 1988 Hoc
1588 1938 1788 1989 autem
1815 1949 1922 1988 nec
1945 1950 1980 1988 a
2012 1939 2064 1988 te
2095 1950 2204 1989 nec

554 2047 590 2086 a
621 2045 837 2085 menec
864 2027 937 2082 de
962 2031 1011 2080 te
1043 2041 1152 2079 nec
1182 2025 1364 2078 deme
1386 2023 1497 2078 dici
1531 2028 1750 2094 posset,
1787 2023 1833 2076 si
1855 2024 1913 2077 in
1929 2023 2045 2078 fide
2067 2038 2205 2078 con-

552 2119 690 2175 dicti
718 2132 1122 2190 permaneres,
1157 2118 1218 2168 ut
1244 2115 1427 2167 verba
1472 2117 1676 2167 nostra
1706 2112 2118 2182 exciperentur
2147 2117 2204 2168 et

554 2208 952 2264 scriberentur
994 2221 1007 2270 ;
1042 2203 1366 2276 praesertim
1393 2201 1538 2270 quia
1578 2207 1637 2256 tu
1667 2201 1792 2272 ipse
1819 2202 1878 2254 in
1909 2200 1979 2255 iis
2005 2201 2202 2256 verbis

550 2298 772 2370 quibus
809 2295 990 2349 ﬁdem
1019 2300 1180 2348 tuam
1206 2291 1621 2362 pronuntiasti,
1664 2289 1898 2361 quoties
1937 2305 2007 2345 ea
2036 2306 2202 2361 repe-

550 2387 685 2451 tisti,
717 2385 886 2440 toties
929 2383 1188 2445 variasti,
1221 2379 1387 2452 quod
1413 2379 1577 2435 nulla
1603 2379 1781 2435 credo
1824 2379 2056 2449 fraude,
2096 2378 2201 2435 sed

548 2476 846 2532 oblivione
878 2473 1100 2528 factum
1127 2486 1277 2525 esse.

620 2565 672 2619 3.
703 2568 851 2618 Nam
879 2564 1071 2633 primo
1086 2559 1286 2614 dixisti
1313 2557 1551 2613 credere
1580 2563 1632 2613 te
1659 2557 1721 2612 in
1749 2560 1928 2614 Deum
1959 2558 2196 2614 Patrem

549 2647 2196 2722 omnipotentem,invisibitem,ingenitum,incapabitem:

545 2751 601 2809 ,ει
632 2743 695 2797 in
721 2743 916 2796 Jesum
949 2738 1251 2795 Christum
1281 2736 1500 2791 Filium
1530 2739 1653 2806 eius
1682 2737 1871 2792 Deum
1913 2738 1953 2800 ³,
1985 2743 2195 2792 natum

548 2839 688 2890 ante
731 2831 966 2894 saecula,
1017 2843 1125 2896 per
1149 2843 1318 2897 quem
1355 2827 1525 2894 facta
1572 2832 1704 2881 sunt
1756 2825 1956 2881 omnia
1997 2833 2099 2896 ,-et
2130 2826 2193 2881 in

545 2921 837 2991 Spiritum
867 2923 1160 2974 sanctum.
1195 2917 1424 2980 Quibus
1478 2930 1587 2984 ego
1617 2915 1854 2983 auditis,
1907 2931 2044 2970 cum
2075 2932 2196 2970 res-

545 3011 898 3083 pondissem
936 3009 1210 3062 nondum
1242 3022 1278 3061 a
1310 3011 1361 3059 te
1384 3003 1720 3076 quidquam
1753 3004 1980 3059 dictum
2029 3004 2193 3076 quod

544 3118 687 3157 meae
715 3099 856 3154 ﬁdei
886 3099 1267 3168 repugnaret,
1287 3101 1342 3149 et
1368 3093 1522 3158 ideo,
1551 3093 1598 3148 si
1623 3110 1694 3148 ea
1712 3092 2072 3165 scripsisses,
2097 3108 2193 3148 me

544 3187 635 3245 his
675 3189 852 3243 etiam
882 3201 1057 3258 posse
1085 3182 1462 3238 subscribere
1498 3202 1510 3249 ;
1552 3182 1629 3238 ad
1660 3182 1775 3237 hoc
1817 3183 2016 3236 nescio
2046 3197 2190 3253 quo-

543 3278 729 3334 modo
755 3293 846 3332 res
882 3274 1168 3346 perducta
1194 3278 1297 3336 est,
1344 3276 1406 3326 ut
1435 3278 1681 3342 accepta
1711 3271 1937 3338 charta,
1962 3286 2029 3326 ea
2061 3272 2193 3341 ipsa

542 3385 680 3440 quis
711 3368 970 3432 dixeras,
996 3363 1176 3417 velles
1207 3361 1389 3416 etiam
1417 3360 1626 3416 litteris
1656 3368 1758 3416 tua
1783 3376 1972 3416 manu
1997 3361 2194 3432 expri-

542 3472 724 3512 mere.
755 3453 926 3521 Quod
953 3468 1092 3507 cum
1120 3451 1264 3505 mihi
1293 3449 1371 3505 ad
1391 3449 1714 3518 legendum
1746 3448 2038 3515 dedisses,
2069 3449 2192 3505 ani-

542 3545 835 3604 madverti
857 3542 1056 3597 minus
1089 3545 1143 3595 te
1177 3539 1508 3611 scripsisse,
1544 3540 1809 3606 Patrem,
1839 3555 1974 3594 cum
2003 3539 2194 3611 scrip-

546 3637 744 3700 sisses,
800 3635 988 3688 Deum
1036 3629 1519 3698 omnipotentem,
1559 3627 1934 3692 inuisibilem,
1968 3628 2192 3700 ingeni-

546 3730 692 3788 tum,
718 3726 1008 3778 innatum.
1041 3720 1211 3785 Quod
1244 3719 1343 3773 ubi
1379 3718 1864 3786 commemoravi,
1899 3733 2018 3773 non
2052 3724 2187 3789 post

543 3814 796 3870 multam
811 3811 1228 3882 allegationem
1245 3806 1550 3870 addidisti,
1564 3806 1802 3862 Patrem
1816 3813 1868 3862 et
1885 3806 2190 3876 incapabi-

545 3906 656 3960 tem
697 3903 962 3975 quidem,
991 3899 1156 3971 quod
1192 3897 1381 3952 verbis
1409 3897 1663 3966 dixeras,
1699 3895 1920 3968 scripto
1949 3905 2189 3968 praeter-

542 3995 794 4065 miseras
832 4013 843 4058 ;
875 3990 982 4046 sed
1008 3988 1175 4045 nulla
1205 3987 1344 4042 hinc
1379 4003 1416 4043 a
1439 4002 1537 4042 me
1559 3986 1720 4042 facta
1749 4001 2191 4044 commemora-

544 4083 623 4136 tio
655 4086 763 4135 est.

545 4157 554 4165 ’
613 4169 666 4222 4.
703 4167 923 4222 Deinde
953 4181 1088 4220 cum
1120 4164 1404 4219 dixissem
1426 4179 1522 4217 me
1555 4169 1830 4234 paratum
1858 4179 1984 4219 esse
2016 4165 2190 4222 subs-

545 4257 769 4313 cribere
810 4255 1010 4310 adhuc
1052 4253 1152 4309 illa
1201 4252 1382 4307 verba
1415 4252 1598 4307 etiam
1645 4269 1780 4308 mea
1827 4269 1958 4308 esse
1990 4270 2185 4325 posse,

541 4347 707 4419 prius
737 4344 1007 4418 quaesivi,
1041 4358 1114 4397 ne
1152 4342 1310 4414 quod
1347 4341 1406 4395 in
1442 4345 1704 4395 mentem
1739 4346 1994 4407 venerat,
2029 4341 2190 4400 labe-

539 4444 719 4501 retur,
757 4442 950 4491 utrum
971 4432 1191 4489 alicubi
1214 4432 1654 4503 Scripturarum
1676 4431 2013 4487 divinarum
2035 4432 2189 4504 lege-

540 4534 719 4594 retur,
764 4527 942 4582 Pater
993 4522 1310 4592 ingenitus.
1369 4521 1489 4576 Hoc
1533 4527 1735 4576 autem
1769 4521 1899 4586 feci,
1941 4522 2083 4594 quia
2127 4525 2187 4580 in

540 4617 780 4672 exordio
814 4613 1107 4668 sermonis
1155 4613 1340 4666 nostri
1383 4626 1521 4665 cum
1567 4609 1736 4664 Arius
1767 4616 1825 4664 et
1862 4611 2186 4667 Eunomius

539 4703 994 4760 commemorati
1023 4705 1238 4765 essent,
1271 4716 1390 4755 non
1431 4716 1466 4755 a
1499 4714 1613 4763 me,
1648 4699 1749 4754 sed
1785 4715 1819 4754 a
1847 4698 2022 4755 fratre
2052 4717 2185 4756 meo

535 4794 767 4865 Alypio,
793 4791 1123 4862 requirente
1150 4805 1480 4860 quemnam
1507 4804 1713 4843 eorum
1749 4793 1988 4843 secutus
2029 4795 2185 4846 esset

533 4883 880 4944 Auxentius,
927 4880 1028 4951 qui
1061 4878 1163 4934 abs
1205 4883 1260 4933 te
1291 4878 1480 4933 fuerat
1530 4892 1648 4931 non
1684 4892 1871 4947 parva
1900 4878 2183 4948 praedica-

533 4975 691 5030 tione
735 4971 1018 5026 laudatus
1076 4988 1090 5036 ;
1134 4966 1531 5023 exclamando
1579 4966 2090 5022 anathematizasti
2126 4973 2183 5025 et

533 5065 742 5119 Arium
781 5067 836 5116 et
867 5057 1223 5114 Eunomium
1258 5072 1274 5112 :
1311 5063 1434 5111 tum
1485 5055 1771 5110 continuo
1804 5055 2084 5124 ﬂagitasti
2118 5064 2182 5113 ut

530 5160 587 5208 et
626 5169 732 5207 nos
779 5148 1424 5206 anathematizaremus
1479 5146 1740 5216 ὁμοὺτιον,
1790 5145 1967 5216 quasi
2018 5147 2182 5217 quis-

528 5257 715 5312 quam
743 5241 923 5295 homo
958 5242 1127 5304 esset,
1161 5235 1265 5307 qui
1293 5235 1406 5289 hoc
1443 5239 1780 5301 vocaretur,
1824 5233 1975 5288 sicut
2004 5236 2176 5291 Arius

527 5338 582 5387 et
605 5329 956 5384 Eunomius.
996 5325 1216 5380 Deinde
1240 5324 1622 5378 vehementer
1656 5321 1942 5391 exigebas
1973 5328 2036 5378 ut
2063 5324 2178 5380 hoc

526 5419 771 5475 verbum
808 5417 908 5472 tibi
939 5418 996 5471 in
1033 5413 1346 5486 Scripturis
1377 5412 1854 5477 ostenderemus,
1889 5418 1945 5467 et
1975 5414 2175 5470 statim

527 5509 700 5563 nobis
722 5507 1220 5562 communicares.
1246 5501 1742 5574 Respondebatur
1762 5518 1796 5556 a
1819 5501 2011 5568 nobis,
2031 5502 2178 5574 quia

539 5669 549 5682 '
584 5670 598 5702 ι
632 5667 1080 5722 Lov.,Dominum.
1105 5669 1185 5717 At.
1210 5667 1341 5720 Bad.
1369 5667 1491 5715 Am.
1511 5663 1594 5714 Er.
1624 5666 1675 5714 et
1700 5675 1790 5714 sex
1813 5663 2075 5724 Mss.,l)eu
2100 5680 2173 5726 m,

522 5732 733 5790 melius,
767 5743 831 5779 ex
860 5742 914 5778 n.
942 5731 989 5781 8.

1833 200 1894 256 S.
1937 197 2316 256 AUGUSTINI
2355 195 2669 254 EPISCOPI

3825 204 3954 264 1040

2305 342 2416 382 nos
2441 325 2623 382 latine
2645 325 3050 398 loqueremur,
3072 333 3129 385 et
3144 328 3289 385 illud
3313 345 3573 400 graecum
3588 334 3772 396 esset,
3789 331 3955 402 prius

2306 416 2698 487 quaerendum
2728 432 2856 472 esse
2886 417 3031 489 quid
3065 419 3136 474 sit
3162 420 3422 491 ὁμοὺτιον,
3459 425 3513 476 et
3545 424 3690 476 tunc
3722 419 3959 489 exigen-

2306 505 2450 560 dum
2487 509 2550 560 ut
2575 505 2633 560 in
2668 505 2852 560 Libris
2898 509 3122 565 sanctis
3150 509 3581 565 ostenderetur.
3609 511 3696 564 Tu
3730 515 3958 573 contra,

2306 597 2558 650 verbum
2590 594 2788 666 ipsum
2821 596 3029 653 crebro
3056 605 3350 672 repetens,
3377 605 3433 654 et
3458 599 3756 654 invidiose
3787 599 3964 653 venti-

2305 683 2463 749 lans,
2490 689 2668 755 atque
2701 684 2758 738 in
2786 685 3055 741 conciliis
3088 688 3387 759 majorum
3419 694 3769 744 nostrorum
3801 704 3966 744 cons-

2307 773 2563 844 criptum
2623 788 3126 844 commemorans,
3163 777 3543 833 vehementer
3597 778 3873 849 urgebas
3911 784 3966 833 ut

2307 861 2506 932 ipsum
2539 862 2787 917 omnino
2818 864 3068 920 verbum
3097 867 3264 938 quod
3295 871 3384 922 est
3414 867 3683 938 ὀμούτιθν,
3712 867 3775 921 in
3805 883 3966 922 sanc-

2308 950 2382 1006 tis
2405 950 2594 1005 Libris
2627 952 3081 1009 ostenderemus
3111 974 3126 1026 ;
3158 956 3331 1011 nobis
3354 959 3534 1011 etiam
3564 961 3754 1028 atque
3789 957 3965 1011 etiam

2308 1040 2750 1106 revocantibus,
2774 1041 2920 1112 quia
2939 1042 3146 1112 lingua
3173 1051 3377 1101 nostra
3399 1060 3595 1115 grwca
3623 1061 3756 1100 non
3793 1052 3968 1110 esset,

2310 1128 3006 1200 priusinterpretandum
3029 1138 3084 1188 et
3108 1134 3534 1205 exponendum
3567 1150 3702 1189 esse
3729 1135 3888 1206 quid
3911 1136 3971 1190 sit

2310 1219 2576 1289 ὁμοὺσιον,
2611 1225 2737 1274 tum
2778 1219 3024 1276 demum
3055 1222 3114 1276 in
3154 1223 3374 1278 divinis
3415 1223 3639 1278 Litteris
3667 1224 3973 1296 requiren-

2309 1307 2485 1363 dum:
2519 1307 2664 1380 quia
2689 1308 2794 1363 etsi
2824 1309 3076 1366 fortasse
3095 1327 3312 1367 nomen
3349 1312 3551 1383 ipsum
3582 1328 3711 1368 non
3743 1314 3970 1369 inveni-

2310 1403 2489 1462 retur,
2519 1413 2611 1453 res
2644 1404 2840 1453 tamen
2871 1399 3003 1470 ipsa
3050 1400 3435 1457 inveniretur.
3482 1402 3639 1470 Quid
3686 1409 3785 1456 est
3819 1403 3975 1459 enim

2311 1486 2762 1552 contentiosius,
2789 1503 2996 1559 quam,
3043 1489 3143 1545 ubi
3175 1490 3249 1546 de
3268 1506 3329 1546 re
3347 1496 3605 1558 constat,
3630 1497 3880 1548 certare
3912 1493 3975 1548 de

2311 1576 2555 1631 nomine
2582 1574 2610 1630 ?

2382 1670 2432 1720 5.
2469 1665 2604 1720 Haec
2628 1680 2771 1734 ergo
2802 1667 2945 1738 quia
2976 1667 3127 1722 inter
3159 1684 3269 1724 nos
3296 1669 3421 1739 jam
3462 1668 3754 1726 collocuti
3792 1670 3982 1727 fuera-

2311 1771 2466 1820 mus,
2492 1760 2887 1826 posteaquam
2911 1756 3068 1811 adid
3096 1765 3336 1812 ventum
3361 1763 3447 1813 est
3473 1764 3534 1814 ut
3563 1759 3756 1815 ﬁdem
3794 1766 3980 1827 tuam,

2311 1843 2462 1898 sicut
2488 1846 2976 1910 commemoravi,
3011 1845 3325 1912 scriberes,
3354 1863 3720 1919 quanquam
3747 1850 3905 1905 nihil
3927 1852 3980 1906 in

2309 1933 2393 1987 eis
2415 1932 2615 1987 verbis
2635 1933 2898 1988 viderem
2921 1940 3138 1990 nostra:
3169 1934 3308 1991 ﬁdei
3341 1953 3469 1992 esse
3492 1939 3905 2004 contrarium,
3932 1946 3980 1995 et

2311 2027 2626 2093 propterea
2660 2039 2751 2077 me
2781 2023 3042 2079 dicerem
3082 2031 3361 2096 paratum
3389 2042 3516 2081 esse
3547 2026 3976 2091 subscribere;

2309 2111 2581 2182 quaesivi,
2616 2116 2676 2166 ut
2722 2111 2862 2182 dixi,
2905 2119 3098 2167 utrum
3147 2113 3452 2185 Scriptura
3509 2116 3608 2170 Dei
3641 2119 3982 2174 contineret

2307 2201 2423 2256 hoc
2453 2201 2724 2256 verbum.
2761 2202 2924 2274 quod
2951 2203 3133 2259 Pater
3172 2209 3315 2260 esset
3346 2205 3654 2275 ingenitus
3695 2224 3714 2260 :
3749 2213 3811 2262 et
3847 2224 3979 2265 cum

2308 2290 2593 2361 scriptum
2641 2306 2774 2346 esse
2816 2291 3215 2363 repondisses,
3259 2293 3576 2349 instantius
3614 2297 3979 2366 quaerebam

2309 2386 2371 2435 ut
2391 2380 2755 2436 ostenderes.
2779 2380 2940 2435 Tunc
2971 2397 3124 2436 unus
3155 2398 3225 2437 ex
3251 2382 3322 2437 iis
3343 2385 3445 2455 qui
3473 2384 3758 2452 aderant,
3785 2403 3977 2458 quan—

2307 2474 2431 2525 tum
2461 2469 2908 2539 intelligidatur,
2931 2470 3069 2525 ﬁdei
3099 2476 3212 2526 tuas
3245 2472 3562 2536 socius,ait
3593 2475 3748 2529 mihi
3775 2495 3788 2533 :
3831 2477 3981 2543 Quid

2305 2573 2442 2629 ergo
2469 2559 2496 2613 ‘I
2541 2566 2606 2614 tu
2646 2566 2878 2628 patrem
2917 2559 3173 2628 genitum
3205 2561 3354 2617 dicis
3381 2561 3409 2616 ?
3442 2564 3758 2634 Respondi
3796 2582 3810 2619 :
3850 2569 3973 2621 Non

2303 2648 2458 2702 dico.
2486 2648 2660 2703 Etille
2694 2647 2784 2703 :Si
2807 2664 2945 2719 ergo
2970 2649 3203 2719 genitus
3233 2667 3350 2706 non
3382 2657 3488 2716 est,
3521 2652 3745 2724 inquit,
3773 2657 3976 2726 utique

2300 2737 2601 2808 ingenitus
2627 2744 2731 2794 est.
2766 2739 2870 2794 Cui
2901 2753 3013 2808 ego
3048 2755 3059 2793 :
3097 2739 3593 2812 Vides,inquam,
3625 2758 3822 2814 posse
3853 2745 3970 2799 ﬁeri

2305 2833 2365 2882 ut
2391 2827 2566 2882 etiam
2606 2827 2680 2882 de
2712 2827 2892 2882 verbo
2917 2828 3080 2899 quod
3109 2827 3168 2883 in
3202 2829 3506 2900 Scriptura
3557 2831 3665 2886 Dei
3695 2848 3827 2888 non
3869 2841 3969 2904 est,

2300 2915 2586 2972 reddatur
2611 2922 2811 2971 tamen
2843 2917 2992 2972 ratio
3021 2917 3180 2972 unde
3236 2923 3390 2974 recte
3430 2918 3548 2974 dici
3581 2922 3965 2978 ostendatur.

2302 3006 2392 3061 Sic
2423 3022 2562 3076 ergo
2589 3012 2644 3061 et
2673 3007 2940 3077 ὁμοὺσιον,
2960 3006 3124 3076 quod
3153 3006 3215 3062 in
3236 3008 3592 3064 auctoritate
3617 3009 3966 3067 divinorum

2302 3095 2607 3150 Librorum
2623 3095 2986 3165 cogebamur
2998 3095 3578 3162 ostendere,etiamsi
3594 3099 3966 3156 vocabulum

2299 3183 2496 3256 ipsum
2529 3185 2605 3239 ibi
2630 3200 2752 3240 non
2776 3184 3177 3250 inveniamus,
3200 3184 3523 3256 ﬁeriposse
3563 3186 3966 3246 utilludinve-

2299 3273 2538 3328 niamus
2569 3274 2663 3329 cui
2698 3274 2812 3329 hoc
2843 3273 3205 3329 vocabulum
3243 3280 3400 3330 recte
3429 3275 3786 3333 adhibitum
3815 3278 3965 3351 judi-

2299 3368 2482 3419 cetur.

2372 3456 2421 3507 6.
2457 3451 2685 3517 Quibus
2707 3451 2897 3517 dictis,
2921 3451 3067 3524 quid
3099 3451 3238 3508 hinc
3259 3451 3364 3508 tibi
3397 3452 3710 3510 videretur
3741 3459 3965 3513 attendi

2300 3548 2359 3596 ut
2378 3542 2670 3607 audirem,
2694 3545 2750 3597 et
2779 3540 2931 3606 aisti,
2961 3542 3134 3597 Recte
3157 3542 3392 3611 factum
3410 3558 3530 3599 esse
3563 3551 3628 3599 ut
3658 3545 3964 3617 ingenitus

2297 3631 2478 3687 Pater
2504 3631 2566 3685 in
2594 3629 2923 3698 Scripturis
2957 3633 3178 3686 sanctis
3217 3647 3336 3687 non
3380 3633 3714 3698 diceretur,
3755 3651 3833 3692 ne
3888 3637 3964 3690 illi

2298 3722 2392 3777 vel
2423 3722 2536 3777 tati
2565 3719 2734 3776 verbo
2761 3721 2926 3787 ﬁeret
2957 3718 3202 3788 injuria.
3239 3721 3408 3789 Ergo,
3446 3721 3731 3792 inquam,
3785 3725 3962 3780 modo

2294 3809 2452 3866 facta
2479 3809 2796 3880 estinjuria
2825 3811 2964 3874 Deo,
2995 3809 3178 3864 ethoc
3209 3825 3395 3865 manu
3419 3814 3540 3867 tua.
3577 3812 3716 3876 Quo
3735 3815 3960 3879 audito,

2294 3898 2463 3953 fateri
2488 3899 2614 3968 jam
2641 3897 2868 3968 cmpisti
2904 3899 2919 3932 ¹
2945 3913 3054 3952 nec
3075 3903 3125 3953 te
3145 3898 3259 3953 hoc
3283 3897 3476 3954 dicere
3507 3898 3833 3957 debuisse.
3854 3904 3960 3959 Sed

2293 4003 2433 4043 cum
2462 3988 2852 4043 admonerem
2883 3990 2965 4054 ut,
2994 3987 3040 4042 si
3065 3986 3167 4042 tibi
3207 3986 3320 4042 tale
3342 3987 3646 4044 videretur
3679 3990 3803 4046 hoc
3836 4009 3962 4048 ver-

2292 4079 2443 4134 bum
2483 4083 2543 4132 ut
2582 4077 2660 4132 ad
2692 4077 2791 4132 Dei
2823 4076 3141 4148 pertineret
3169 4076 3473 4147 injuriam,
3523 4077 3767 4135 deleres
3819 4082 3964 4137 illud

2294 4168 2433 4224 inde
2467 4167 2565 4222 ubi
2597 4167 2918 4237 scripseras
2945 4183 2962 4232 ;
2994 4165 3409 4231 considerasti,
3442 4166 3644 4231 credo,
3686 4184 3877 4240 posse
3909 4172 3964 4226 id

2293 4263 2450 4314 recte
2474 4256 2609 4320 dici,
2635 4260 2692 4310 et
2711 4271 2890 4327 posse
2915 4253 3154 4310 defendi
3187 4273 3201 4322 ;
3226 4259 3281 4310 et
3317 4269 3522 4309 rursus
3562 4256 3702 4312 aisti
3743 4274 3756 4313 :
3786 4261 3960 4315 Phor-

2293 4362 2392 4402 sus
2414 4361 2517 4415 ego
2545 4344 2656 4400 hoc
2682 4344 2831 4399 dico.
2855 4345 3001 4398 Tum
3033 4357 3144 4412 ego
3173 4343 3320 4398 illud
3337 4343 3500 4414 quod
3521 4343 3652 4414 jam
3680 4346 3962 4403 dixeram

2293 4434 2560 4506 repetivi,
2580 4435 2660 4490 ita
2678 4433 2803 4488 ﬁeri
2818 4449 2994 4504 posse
3014 4439 3076 4488 ut
3092 4431 3274 4488 etiam
3291 4434 3539 4505 ὁμούσιον
3556 4449 3675 4505 neq
3688 4452 3764 4490 ue
3780 4437 3964 4509 scrip-

2293 4529 2420 4580 tum
2453 4523 2514 4579 in
2547 4522 2770 4579 sanctis
2798 4522 2999 4593 pagini
3031 4521 3386 4588 inveniatur,
3413 4527 3468 4577 et
3500 4527 3710 4578 tamen
3726 4526 3964 4581 dictum

2292 4613 2352 4668 in
2398 4613 2725 4668 assertione
2765 4610 2903 4666 ﬁdei
2942 4610 3294 4666 defendatur
3343 4625 3357 4676 ;
3415 4610 3569 4666 sicut
3609 4613 3873 4671 Patrem
3909 4617 3962 4670 in

2292 4701 2404 4757 illis
2434 4702 2620 4757 Libris
2648 4715 2951 4772 nusquam
2972 4699 3299 4770 ingenitum
3332 4699 3614 4769 legimus,
3664 4708 3730 4757 et
3759 4709 3964 4761 tamen

2290 4791 2616 4847 dicendum
2669 4807 2799 4846 esse
2851 4789 3206 4845 defenditur.
3240 4790 3400 4845 Tunc
3431 4805 3466 4846 a
3511 4805 3609 4845 me
3650 4791 3962 4850 chartam.

2289 4897 2475 4952 quam
2505 4880 2776 4946 dederas,
2810 4878 3100 4936 abstulisti
3143 4884 3200 4934 et
3233 4878 3593 4935 conscidisti.
3627 4882 3699 4935 Et
3733 4888 3964 4939 consti-

2288 4971 2532 5036 tuimus,
2561 4975 2697 5042 post
2727 4968 3126 5024 meridianum
3154 4977 3392 5039 tempus
3437 4975 3498 5024 ut
3522 4970 3823 5028 adessent
3861 4990 3965 5029 no-

2289 5060 2418 5116 tarii
2448 5060 2526 5115 ad
2555 5058 2908 5130 excipienda
2946 5057 3130 5114 verba
3161 5061 3384 5122 nostra,
3431 5061 3616 5128 atque
3657 5059 3825 5116 inter
3855 5079 3961 5119 nos

2284 5150 2417 5217 ista,
2449 5153 2748 5220 quantum
2775 5161 3110 5219 possemus,
3142 5145 3485 5216 diligentius
3527 5152 3966 5219 tractaremus.

2356 5239 2407 5293 7.
2443 5237 2747 5302 Venimus,
2775 5242 2835 5291 ut
2856 5235 3037 5304 nosti,
3064 5235 3142 5291 ad
3155 5236 3366 5291 horam
3387 5235 3769 5303 condictam,
3797 5249 3964 5297 nota-

2285 5330 2402 5384 rios
2425 5326 2827 5393 adduximus;
2862 5333 2923 5380 ut
2966 5331 3022 5382 et
3066 5324 3147 5381 tui
3182 5325 3481 5390 adessent,
3528 5329 3961 5386 consedimus.

2283 5419 2483 5473 Dixisti
2507 5433 2713 5472 rursus
2744 5415 2922 5471 ﬁdem
2944 5421 3129 5483 tuam,
3164 5415 3422 5486 atquein
3450 5415 3652 5471 verbis
3677 5420 3812 5474 tuis
3842 5435 3962 5476 non

2281 5506 2485 5562 audivi
2514 5507 2844 5578 ingenitum
2871 5505 3134 5562 Patrem.
3174 5504 3362 5560 Credo
3391 5503 3557 5575 quod
3587 5509 3958 5578 cogitaveris

2281 5597 2425 5670 quid
2448 5596 2587 5651 inde
2605 5611 2782 5652 mane
2803 5593 3033 5651 dictum
3063 5593 3255 5658 fuerit,
3280 5598 3338 5650 et
3367 5608 3719 5665 praecavere
3759 5598 3961 5656 volue-

2339 5722 2355 5758 ι
2389 5720 2524 5779 Bad.
2559 5721 2676 5772 Am.
2707 5720 2792 5775 Er.
2831 5722 2882 5770 et
2909 5718 3149 5785 plerique
3183 5715 3330 5776 Msa,
3357 5717 3528 5783 carpit.
