4138 6172
192 174 326 231 1041

184 463 648 520 temeridianum
667 465 949 537 placitum
972 473 1240 524 nostrum
1253 512 1267 537 ,
1283 473 1345 524 ut
1363 484 1436 524 ea
1450 485 1584 541 quae
1599 469 1855 533 dixeras,

183 552 407 609 dictare
430 554 628 625 potius
663 554 998 624 dignareris
1026 573 1042 622 ;
1076 561 1217 612 tunc
1251 557 1601 614 exclamasti
1633 557 1858 612 calum-

181 642 350 697 niam
384 658 601 713 parare
635 659 742 699 nos
768 645 892 708 tibi,
928 651 984 700 et
1015 646 1150 701 ideo
1172 647 1354 702 verba
1379 651 1479 702 tua
1514 647 1856 718 conscripta

182 731 335 786 velle
356 731 628 788 retinere.
665 733 748 788 lbi
773 734 923 805 quid
955 736 1372 806 responderim
1399 735 1702 791 recordari
1731 748 1854 790 non

184 819 354 887 libet,
405 825 584 892 atque
613 822 839 877 utinam
875 839 983 879 nec
1017 829 1076 879 tu
1103 825 1470 879 memineris.
1505 824 1746 880 Servavi
1772 828 1854 879 ta-

181 924 324 965 men
352 909 618 965 debitam
645 911 1162 968 honoriﬁcentiam
1195 914 1406 968 honori
1432 919 1556 977 tuo,
1581 928 1692 968 nec
1723 927 1855 968 ma-

180 979 471 1073 ledictum
493 998 797 1070 deputavi,
825 1002 990 1073 quod
1023 1017 1141 1058 non
1187 1018 1222 1057 a
1253 1002 1514 1068 veritate,
1551 1002 1655 1058 sed
1679 1019 1714 1057 a
1740 1017 1854 1073 po-

184 1056 393 1143 testate
435 1088 640 1143 audire
675 1091 1047 1146 meruissem.
1091 1093 1314 1146 Tamen
1378 1091 1523 1164 quia
1575 1091 1664 1146 vel
1715 1091 1852 1162 ipsa

183 1175 372 1232 verba
400 1177 672 1249 repetivi,
714 1183 778 1233 ut
806 1194 1013 1250 pressa
1047 1195 1190 1236 voce
1221 1180 1504 1247 dicerem,
1551 1183 1713 1236 Itane
1755 1195 1850 1236 ca-

179 1265 482 1322 lumniam
506 1282 795 1337 paramus
835 1284 944 1324 nos
973 1269 1078 1324 tibi
1111 1271 1138 1326 ?
1177 1278 1234 1324 ut
1265 1271 1542 1340 ignoscas
1572 1275 1728 1342 peto.

256 1373 308 1428 8.
349 1374 456 1429 Sed
476 1379 556 1440 tu,
581 1375 676 1430 his
692 1375 1146 1441 auditis,rursus
1169 1377 1350 1433 ﬁdem
1375 1383 1539 1433 tuam
1560 1393 1709 1433 sono
1724 1377 1846 1433 cla-

181 1462 337 1518 riore
369 1464 670 1532 repetiisti,
729 1470 908 1536 atque
966 1466 1024 1520 in
1072 1465 1266 1521 verbis
1299 1467 1416 1521 tuis
1459 1483 1578 1522 non
1615 1466 1837 1536 audivi,

183 1552 365 1608 Deum
399 1552 620 1609 Filium
650 1576 670 1622 ,-
725 1554 891 1625 quod
923 1570 1261 1628 nunquam,
1314 1557 1547 1628 quoties
1589 1571 1722 1611 eam
1756 1555 1842 1610 di-

183 1641 344 1706 xisti,
379 1646 672 1698 tacueras.
709 1641 808 1698 Hic
835 1658 946 1714 ego
973 1649 1095 1699 tam
1128 1644 1400 1701 modeste
1433 1651 1492 1700 ut
1533 1661 1840 1717 nusquam

181 1732 512 1802 pulsarem,
543 1735 604 1787 ut
629 1731 702 1786 de
728 1732 1092 1803 excipiendis
1107 1733 1303 1789 verbis
1335 1735 1549 1790 nostris
1570 1734 1734 1806 quod
1753 1737 1840 1789 in-

179 1818 274 1875 ter
297 1835 408 1876 nos
422 1820 1101 1892 placueratimpleretur,
1119 1823 1295 1878 etiam
1313 1823 1507 1896 ipsam
1530 1823 1837 1880 utilitatem

182 1909 262 1965 de
285 1910 559 1980 prasenti
583 1910 988 1983 experimento
1023 1912 1317 1981 suggessi,
1351 1912 1558 1968 dicens
1583 1913 1837 1984 teipsum

183 2014 310 2054 non
326 2000 588 2072 potuisse
616 1999 674 2054 in
707 2001 997 2056 memoria
1019 2001 1436 2057 verbatuatibi
1453 2002 1835 2058 usitatissima

183 2089 462 2155 retinere,
495 2089 742 2162 quando
761 2105 1075 2162 nunquam
1092 2107 1163 2146 ea
1192 2097 1455 2164 repetere
1482 2092 1740 2148 valuisse
1758 2093 1840 2147 vi-

185 2177 504 2242 debamus,
539 2194 675 2234 cum
709 2195 828 2234 non
862 2179 1089 2252 aliquid
1133 2181 1394 2236 maxime
1432 2183 1840 2237 necessarium

185 2277 464 2339 parares;
484 2273 708 2339 quanto
730 2269 929 2323 minus
957 2284 1132 2340 posse
1158 2269 1285 2324 illos
1299 2269 1400 2342 qui
1415 2286 1526 2325 nos
1544 2271 1838 2338 audirent,

186 2357 272 2413 ita
295 2363 638 2413 nostrorum
658 2358 1004 2414 meminisse
1026 2358 1370 2425 verborum,
1398 2361 1516 2414 utsi
1532 2360 1679 2432 quid
1695 2359 1841 2416 forte

185 2446 279 2502 vel
308 2451 369 2502 tu
390 2446 463 2501 de
491 2448 659 2511 meis,
690 2446 780 2502 vel
815 2463 921 2518 ego
935 2448 1007 2503 de
1041 2448 1154 2504 tuis
1173 2449 1365 2504 verbis
1397 2450 1603 2505 vellem
1621 2453 1840 2505 retrac-

185 2541 312 2591 tare
343 2539 514 2607 atque
554 2536 868 2602 discutere,
907 2537 1169 2593 valerent
1199 2554 1300 2592 seu
1333 2537 1557 2593 dictum
1585 2555 1687 2594 seu
1718 2553 1842 2594 non

184 2624 415 2680 dictum
444 2624 673 2697 liquido
705 2626 1004 2681 recordari
1043 2643 1061 2692 ;
1122 2627 1180 2681 in
1221 2643 1342 2699 qua
1373 2627 1550 2682 nobis
1591 2627 1845 2683 difﬁcul-

184 2719 304 2769 tate
335 2714 508 2770 facile
551 2715 924 2770 notariorum
985 2715 1254 2771 recitatio
1287 2716 1646 2772 subveniret.
1681 2720 1843 2773 Tunc

189 2802 578 2872 indignanter
626 2803 826 2858 dixisti
858 2804 1068 2861 melius
1096 2804 1282 2874 fuisse
1313 2812 1374 2859 ut
1400 2821 1586 2861 meam
1611 2806 1842 2875 famam

186 2907 422 2961 semper
451 2892 711 2957 audires,
744 2908 806 2949 eo
821 2895 979 2965 quod
993 2893 1510 2964 longein/‘eriorem
1525 2910 1617 2950 me
1638 2910 1843 2964 exper-

186 2989 280 3037 tus
306 2996 474 3046 esses,
507 2997 684 3053 quam
716 2981 1134 3051 libijaetasset.
1163 2985 1322 3038 Tunc
1340 2998 1449 3053 ego
1473 2999 1845 3040 commemo-

185 3073 340 3137 ravi,
375 3087 509 3125 cum
554 3075 606 3126 te
638 3077 773 3126 ante
801 3071 1122 3142 prandium
1157 3071 1586 3140 salutaremus,
1621 3077 1677 3128 et
1707 3089 1843 3130 eam

187 3158 424 3215 famam
462 3159 638 3214 nobis
661 3160 1073 3231 praedicasses,
1089 3160 1204 3216 hoc
1224 3160 1568 3226 medixisse,
1589 3162 1753 3233 quod
1772 3162 1847 3217 de

183 3247 395 3303 meilla
421 3249 666 3304 mentita
693 3249 905 3304 sitzhic
925 3264 1071 3304 sane
1094 3250 1225 3304 aisti
1244 3265 1450 3304 verum
1481 3265 1576 3304 me
1590 3249 1837 3306 dixisse.

181 3337 437 3393 Proinde
469 3353 608 3393 cum
658 3338 780 3393 duo
822 3337 925 3393 tibi
967 3337 1040 3393 de
1083 3353 1177 3393 me
1236 3338 1472 3394 diversa
1502 3339 1682 3394 locuti
1711 3340 1846 3405 sint,

180 3425 348 3482 aliud
384 3426 557 3482 fama
589 3443 743 3492 mea,
792 3432 845 3482 et
872 3427 1032 3482 aliud
1057 3442 1168 3496 ego
1202 3444 1214 3492 ;
1243 3428 1434 3498 magis
1468 3428 1671 3498 utique
1704 3445 1853 3500 gau-

181 3515 324 3571 dere
355 3515 570 3583 debeo,
599 3531 692 3571 me
718 3516 920 3587 potius
976 3532 1162 3588 quam
1194 3516 1354 3571 illam
1390 3523 1690 3587 repertum
1723 3533 1851 3574 esse

179 3604 602 3661 veracem.Sed
633 3606 778 3676 quia
805 3606 1091 3676 scriptum
1118 3610 1227 3670 est,
1256 3606 1433 3661 Solus
1458 3606 1611 3661 Deus
1641 3621 1849 3663 verax»

184 3694 375 3749 omnis
405 3698 599 3750 autem
622 3694 792 3749 homo
810 3695 1075 3750 mendax
1096 3695 1282 3766 (Rom.
1312 3711 1388 3758 ιιι,
1414 3698 1469 3757 4)
1503 3711 1516 3759 ;
1543 3710 1751 3749 vereor
1778 3711 1851 3751 ne

188 3782 309 3837 hoc
336 3797 579 3854 quoque
604 3783 678 3837 de
712 3798 805 3838 me
848 3788 1066 3838 temere
1117 3782 1371 3838 dixerim
1413 3805 1425 3836 :
1461 3798 1660 3854 neque
1691 3783 1849 3838 enim

183 3871 245 3926 in
291 3871 464 3926 nobis
497 3871 668 3942 ipsis,
718 3872 808 3926 vel
855 3887 964 3943 per
993 3887 1102 3927 nos
1138 3872 1302 3942 ipsos
1346 3887 1589 3927 veraces
1641 3888 1851 3927 sumus

181 3975 326 4016 cum
354 3975 565 4016 sumus
599 3978 612 4026 ;
643 3961 747 4015 sed
797 3976 934 4016 cum
975 3960 1072 4015 ille
1107 3961 1166 4015 in
1195 3961 1381 4016 servis
1416 3960 1847 4032 suisloquitur,

186 4050 296 4122 qui
329 4051 494 4105 solus
521 4054 609 4105 est
645 4065 848 4104 verax.

259 4158 310 4210 9.
343 4157 474 4210 Hrec
532 4154 602 4221 si,
635 4161 696 4209 ut
753 4155 1015 4219 narravi,
1063 4158 1232 4226 gesta
1263 4169 1392 4209 esse
1420 4153 1651 4219 recolis,
1684 4153 1850 4210 vides

183 4259 374 4316 quam
408 4259 527 4299 non
556 4245 778 4299 debeas
800 4244 1024 4314 jactare
1054 4243 1214 4315 apud
1236 4243 1511 4298 homines
1536 4244 1698 4316 quod
1725 4259 1849 4300 non

185 4349 371 4388 ausus
398 4333 511 4388 sim
546 4333 648 4388 tibi
679 4349 945 4388 asserere
981 4331 1163 4387 ﬁdem
1191 4348 1387 4387 meam
1419 4349 1432 4398 ;
1465 4333 1847 4405 quandoqui-

185 4422 325 4478 dem
355 4423 413 4477 in
447 4422 565 4478 ﬁde
597 4423 784 4478 nostri
813 4421 1013 4494 placiti
1049 4426 1205 4477 stare
1225 4421 1463 4477 noluisti
1501 4439 1512 4486 ;
1542 4427 1596 4477 et
1623 4422 1845 4478 virtan'

187 4517 283 4566 tus
313 4511 416 4583 qui
448 4527 557 4583 pro
588 4511 706 4566 ﬁde
726 4527 910 4582 quam
935 4510 1271 4582 reipublicae
1295 4510 1500 4575 debes,
1533 4527 1652 4566 non
1679 4511 1848 4566 times

187 4600 511 4656 maledicta
541 4600 1020 4674 provincialium,
1047 4616 1154 4672 pro
1170 4599 1286 4654 ﬁde
1305 4615 1490 4671 quam
1508 4600 1734 4655 Christo
1752 4601 1849 4654 de-

187 4689 323 4754 bes,
359 4690 531 4745 times
573 4689 907 4745 calumnias
963 4689 1411 4760 episcoporum.
1449 4687 1669 4742 Deinde
1711 4704 1848 4743 cum

184 4778 578 4850 disputationi
604 4784 822 4834 nostra
850 4779 1028 4834 etiam
1044 4778 1378 4832 honoratos
1396 4777 1555 4831 viros
1569 4775 1850 4832 interesse

187 4867 510 4938 cupiveris,
551 4868 734 4923 miror
761 4866 1072 4939 quomodo
1104 4866 1164 4919 in
1203 4865 1332 4937 ipsa
1364 4865 1720 4920 devitatione
1759 4882 1854 4923 ca'

182 4956 435 5012 lumniaa
467 4956 649 5012 verba
684 4962 784 5012 tua
821 4956 992 5011 times
1020 4953 1315 5010 anotariis
1352 4953 1668 5019 conscribi,
1703 4959 1756 5009 et
1782 4970 1855 5011 ex

186 5061 290 5101 ore
321 5050 421 5100 tuo
470 5044 878 5101 aclarissimis
936 5043 1200 5099 testibus
1260 5057 1382 5098 non
1416 5042 1589 5098 times
1641 5044 1852 5101 audiri.

189 5138 399 5190 Nonne
430 5135 784 5190 consideras
820 5133 1060 5188 difﬁcile
1087 5148 1220 5187 esse
1251 5138 1310 5188 ut
1357 5132 1631 5188 homines
1661 5134 1855 5205 suspi.

185 5227 397 5278 centur
425 5229 476 5278 te
505 5240 539 5279 a
572 5223 747 5278 nobis
777 5222 960 5277 ullam
996 5220 1758 5291 formidassecalumniam,
1794 5227 1856 5278 ut

185 5313 378 5368 verba
410 5316 510 5368 tua
543 5312 737 5384 excipi
769 5311 985 5375 nolles;
1013 5310 1115 5365 sed
1149 5326 1285 5364 cum
1322 5311 1647 5380 cogitasses
1670 5318 1855 5366 reten-

189 5407 319 5456 tum
351 5407 404 5455 te
435 5401 614 5457 fuisse
648 5402 704 5456 in
737 5400 915 5454 verbo
973 5403 1111 5454 ante
1140 5398 1470 5470 prandium
1532 5416 1716 5455 manu
1751 5405 1854 5456 tua

188 5491 548 5561 conscripto,
580 5490 759 5544 simul
784 5490 960 5543 etiam
986 5487 1281 5555 cogitasse
1306 5503 1428 5542 non
1464 5493 1585 5543 tam
1609 5489 1770 5544 facile
1802 5495 1854 5545 te

187 5579 562 5635 notariorum
598 5578 835 5635 tabulas
889 5575 1082 5631 delere
1114 5576 1400 5648 potuisse,
1462 5593 1648 5648 quam
1683 5577 1853 5634 facile

193 5667 360 5725 illam
393 5667 722 5727 chartulam
756 5664 1104 5739 conscidisti
1134 5664 1162 5723 ‘i‘
1221 5665 1278 5720 Si
1309 5670 1509 5723 autem
1561 5667 1705 5724 dicis
1734 5683 1852 5726 non

1402 178 1911 237 EPISTOLARUM
1947 178 2235 238 CLASSIS
2265 181 2359 239 IV.

188 284 296 340 ris.
329 284 549 341 Deinde
579 287 906 359 poposcisti
934 293 998 346 ut
1031 304 1142 361 ego
1177 289 1357 346 etiam
1389 289 1645 346 dicerem
1678 289 1861 346 ﬁdem

185 388 408 430 meam.
454 374 565 430 Ubi
608 391 744 431 cum
775 377 1197 448 postulassem,
1235 394 1720 435 commemorans
1754 394 1864 434 an-

3486 185 3623 243 1042

1975 290 2072 346 illa
2101 292 2183 348 ita
2205 296 2375 364 gesta
2401 307 2535 350 esse
2566 295 2629 348 ut
2659 307 2801 349 ame
2818 294 3061 349 narrata
3081 294 3238 360 sunt,
3266 295 3368 349 aut
3388 295 3451 349 ut
3471 293 3617 348 obli-

1968 381 2144 438 vione
2175 383 2412 449 falleris,
2435 400 2556 438 non
2587 384 2745 439 enim
2762 382 2956 438 audeo
2977 383 3165 437 dicere
3192 383 3491 451 mentiris;
3513 387 3617 440 aut

1968 485 2110 540 ergo
2141 472 2233 527 vel
2267 473 2535 528 similiter
2565 471 2753 537 fallor,
2803 471 2894 526 vel
2935 472 3207 527 mentior.
3242 472 3414 526 Vides
3474 487 3616 541 ergo

1965 575 2147 631 quam
2170 565 2324 617 recte
2355 562 2550 617 dicam
2575 577 2643 616 ea
2665 577 2800 632 qua;
2827 563 2899 616 de
2922 561 3012 615 lus
3042 561 3298 616 maxime
3316 560 3494 616 rebus
3518 576 3618 629 ge-

1966 651 2392 723 runtur,excipi
2408 659 2587 724 atque
2606 651 2902 706 conscribi
2921 655 3273 722 oportere,et
3290 667 3473 722 quam
3507 651 3609 706 tibi

1962 754 2206 812 quoque
2236 741 2350 796 hoc
2377 741 2580 812 ipsum
2613 746 2768 795 recte
2795 741 3118 811 placuerat,
3154 739 3265 794 nisi
3298 741 3612 811 postmeri-

1961 828 2178 884 dianus
2200 830 2375 885 timor
2407 830 2946 885 antemeridianum
2977 829 3262 900 placitum
3295 829 3608 898 frangeret.

2033 919 2256 975 CAPUT
2279 921 2346 974 Il.
2374 951 2440 960 —
2460 921 2540 975 to.
2568 919 3014 990 Audiergojam
3033 919 3213 973 ﬁdem
3240 934 3437 974 meam
3471 934 3612 989 :po-

1960 1011 2092 1063 tens
2119 1013 2207 1063 est
2232 1009 2640 1064 misericordia
2668 1008 2903 1063 Domini
2933 1008 3029 1062 Dei
3056 1007 3264 1072 nostri,
3296 1023 3430 1078 qua:
3459 1021 3608 1078 prae-

1957 1100 2068 1152 stet
2096 1113 2190 1153 me
2215 1098 2378 1169 quod
2392 1098 2615 1154 credidi
2641 1098 2722 1153 sic
2739 1098 2922 1168 loqui,
2939 1101 3126 1152 utnec
3148 1097 3274 1167 ejus
3301 1095 3606 1152 offendam

1956 1186 2283 1252 veritatem,
2317 1202 2426 1242 nec
2457 1186 2892 1242 humanitatem
2925 1191 3108 1242 tuam.
3141 1187 3200 1240 In
3225 1185 3608 1256 omnipoten-

1955 1278 2072 1329 tem
2126 1276 2310 1331 Deum
2342 1277 2576 1332 Patrem
2609 1293 2704 1331 me
2745 1276 2980 1332 credere
3012 1276 3310 1348 proﬁteor,
3343 1290 3570 1345 cumqu

1952 1369 2133 1420 mtern
2143 1381 2241 1420 um
2274 1381 2341 1420 ea
2356 1365 2700 1428 aeternitate,
2715 1365 2830 1419 hoc
2845 1369 2946 1431 est,
2973 1363 3597 1430 immortalitate,dico,

1949 1467 2133 1523 quam
2165 1454 2327 1508 solus
2357 1457 2507 1509 Deus
2538 1454 2718 1509 habet
2752 1470 2764 1519 ;
2799 1455 2912 1509 hoc
2960 1460 3018 1509 et
3043 1455 3117 1509 de
3147 1454 3286 1508 Fiiio
3319 1452 3447 1522 ejus
3473 1453 3600 1506 uni-

1949 1541 2150 1609 genito
2170 1541 2348 1597 credo
2370 1542 2429 1596 in
2451 1541 2642 1596 forma
2663 1543 2759 1597 Dei
2784 1559 2797 1608 ;
2821 1544 2935 1597 hoc
2952 1547 3008 1596 et
3028 1541 3100 1596 de
3126 1540 3341 1612 Spiritu
3366 1546 3595 1604 sancto,

1946 1630 2050 1700 qui
2084 1629 2338 1701 Spiritus
2363 1637 2449 1685 est
2476 1632 2575 1685 Dei
2602 1631 2784 1686 Patris
2805 1636 2859 1686 et
2885 1631 3002 1686 Filii
3019 1631 3147 1700 ejus
3171 1627 3600 1698 unigeniti.Sed

1945 1718 2088 1790 quia
2117 1718 2244 1790 ipse
2273 1720 2372 1774 Dei
2403 1721 2586 1775 Patris
2612 1719 2950 1792 unigenitus
2981 1719 3172 1783 Filius,
3228 1717 3515 1773 Dominus
3543 1721 3598 1772 et

1949 1810 2101 1863 Deus
2134 1813 2336 1863 noster
2362 1810 2530 1864 Jesus
2564 1809 2845 1874 Christus,
2869 1813 3263 1880 posteaquam
3289 1807 3450 1862 venit
3479 1805 3600 1877 ple-

1945 1896 2156 1952 nitudo
2187 1899 2495 1969 temporis,
2517 1903 2889 1970 opportunus
2917 1899 2932 1933 ¹
2956 1897 3033 1951 ad
3056 1897 3214 1951 diem
3238 1896 3444 1951 salutis
3465 1911 3599 1950 nos-

1943 1990 2049 2041 trte
2076 1986 2336 2041 formam
2373 1987 2526 2042 servi
2584 1988 2814 2058 accepit
2846 1987 3066 2057 (Galat.
3095 2001 3169 2050 1v,
3199 1985 3274 2054 4),
3313 1984 3498 2038 multa
3523 1983 3597 2039 de

1946 2075 2044 2131 illo
2072 2076 2130 2130 in
2166 2075 2484 2148 Scripturis
2511 2076 2842 2131 secundum
2867 2075 3126 2130 formam
3171 2077 3268 2129 Dei
3294 2074 3594 2139 dicuntur,

1946 2165 2136 2221 multa
2167 2165 2502 2220 secundum
2534 2165 2789 2220 formam
2813 2165 2984 2219 servi.
3020 2165 3306 2229 Quorum,
3340 2161 3597 2234 exempli

1948 2255 2157 2324 gratia,
2204 2254 2326 2310 duo
2365 2254 2647 2326 quaedam
2699 2269 3129 2318 commemoro,
3164 2257 3228 2308 ut
3254 2252 3490 2321 singula
3520 2250 3598 2307 ad

1949 2343 2186 2414 singula
2216 2343 2566 2399 referantur.
2619 2343 2961 2399 Secundum
2993 2342 3252 2397 formam
3288 2341 3388 2396 Dei
3435 2341 3507 2395 de
3531 2356 3594 2395 se

1947 2433 2076 2504 ipse
2108 2433 2275 2498 dixit,
2305 2433 2431 2503 Ego
2452 2439 2505 2488 et
2531 2433 2709 2488 Pater
2730 2448 2913 2487 unum
2940 2447 3140 2487 sumus
3159 2431 3354 2502 (Joan.
3377 2447 3435 2494 x,
3454 2431 3546 2500 30)
3581 2445 3596 2481 :

1952 2522 2294 2578 Secundum
2337 2521 2594 2577 formam
2639 2522 2817 2586 servi,
2851 2522 3138 2588 Quoniam
3182 2523 3366 2577 Pater
3402 2522 3602 2590 major

1948 2627 2041 2668 me
2065 2617 2146 2667 est
2177 2611 2295 2682 (Id.
2335 2627 2452 2676 xxv,
2487 2613 2601 2676 28).

2027 2703 2110 2757 lt.
2133 2700 2300 2765 Quod
2322 2707 2520 2755 autem
2540 2699 2613 2754 de
2634 2700 2752 2754 Deo
2771 2699 3060 2772 scriptum
3083 2697 3307 2766 est,0ui
3320 2699 3472 2753 solus
3498 2699 3605 2754 ha-

1955 2790 2042 2845 bet
2069 2789 2632 2856 immortalitatema
2667 2791 2804 2843 Tim.
2830 2805 2905 2852 vr,
2927 2790 3133 2860 t6)’;et,
3167 2787 3604 2856 Invisibili,soli

1953 2880 2069 2935 Deo
2093 2880 2280 2934 honor
2303 2886 2354 2933 et
2373 2879 2570 2948 gloria
2592 2876 2707 2947 (Id.
2734 2893 2773 2942 1,
2809 2877 2890 2945 t7)
2909 2895 2920 2943 ;
2937 2878 3328 2947 etcaeterahuj
3342 2876 3602 2940 usmodi,

1952 2983 2074 3022 non
2098 2967 2171 3021 de
2203 2967 2372 3021 Patre
2399 2971 2630 3020 tantum
2646 2966 2992 3035 accipimus,
3026 2964 3130 3020 sed
3153 2965 3330 3019 etiam
3355 2965 3426 3018 de
3444 2964 3602 3028 Filio,

1955 3056 2118 3128 quod
2145 3057 2218 3110 ad
2255 3054 2508 3111 formam
2538 3054 2639 3109 Dei
2674 3054 2897 3120 attinet,
2932 3058 2985 3109 et
3016 3055 3089 3108 de
3123 3053 3339 3124 Spiritu
3363 3056 3596 3109 sancto.

1957 3148 2125 3201 Pater
2155 3145 2313 3200 enim
2335 3149 2393 3199 et
2424 3143 2598 3199 Filius
2629 3149 2684 3198 et
2713 3143 2964 3214 Spiritus
2995 3147 3239 3197 sanctus
3271 3158 3427 3197 unus
3453 3144 3606 3196 Deus

1957 3241 2062 3300 est,
2096 3239 2152 3290 et
2177 3234 2338 3289 solus
2361 3249 2533 3288 verus
2569 3236 2816 3298 Deus,et
2843 3231 3369 3287 solusimmortalis
3395 3246 3608 3286 secun-

1957 3324 2099 3379 dum
2114 3321 2666 3378 incommutabilem
2684 3322 2934 3377 omnino
2949 3319 3433 3376 substantiam.Si
3448 3320 3611 3375 enim

1957 3414 2030 3469 de
2062 3429 2238 3467 carne
2269 3412 2486 3467 diversi
2517 3427 2692 3466 sexus
2723 3411 2949 3466 dictum
2967 3410 3460 3476 est,Quiadha9ret
3491 3424 3610 3464 me-

1957 3502 2181 3566 retrici,
2216 3517 2400 3557 unum
2433 3516 2648 3570 corpus
2677 3507 2798 3570 est;
2831 3502 2967 3554 etde
2992 3498 3608 3572 spirituhominis,qui

1959 3607 2078 3647 non
2110 3597 2197 3646 est
2217 3591 2374 3661 quod
2402 3590 2707 3654 Dominus,
2737 3596 3170 3660 consequenter
3190 3588 3475 3659 scriptum
3499 3591 3607 3658 est,

1960 3682 2072 3748 Qui
2092 3685 2287 3737 autem
2302 3681 2562 3736 adhaeret
2581 3679 2851 3744 Domino,
2877 3694 3031 3733 unus
3047 3679 3296 3747 spiritus
3310 3683 3390 3734 est
3406 3677 3449 3749 (ι
3471 3677 3610 3733 Cor.

1956 3787 2034 3836 vx,
2075 3772 2153 3833 16.
2193 3771 2273 3840 t7)
2307 3785 2319 3834 ;
2355 3773 2582 3840 quanto
2631 3767 2824 3836 magis
2861 3771 3014 3822 Deus
3048 3768 3219 3822 Pater
3251 3767 3308 3820 in
3358 3766 3517 3830 Filio,
3554 3769 3611 3822 et

1961 3861 2112 3915 Deus
2144 3858 2322 3913 Filius
2353 3858 2412 3912 in
2441 3861 2625 3922 Patre,
2651 3862 2706 3911 et
2739 3860 2890 3911 Deus
2917 3856 3174 3927 Spiritus
3205 3855 3388 3910 Patris
3415 3853 3611 3910 etFilii

1957 3965 2111 4004 unus
2140 3951 2292 4002 Deus
2322 3951 2429 4012 est,
2463 3946 2562 4001 ubi
2595 3945 2760 4002 nulla
2791 3951 2875 4001 est
2903 3946 3139 4001 diversa
3177 3949 3393 3999 natura
3420 3961 3435 4013 ;
3470 3959 3610 3998 cum

1957 4054 2064 4111 pro
2095 4037 2346 4093 diversis
2397 4036 2581 4092 modo
2610 4035 2878 4108 quodam
2915 4034 3029 4090 sibi
3061 4032 3498 4090 cohaerentibus
3524 4032 3606 4088 di-

1955 4133 2124 4184 catur
2151 4126 2244 4182 vel
2271 4125 2515 4197 spiritus
2547 4140 2704 4180 unus
2730 4125 2823 4180 vel
2858 4140 3076 4196 corpus
3108 4128 3300 4179 unum
3329 4124 3358 4179 ?

2026 4220 2112 4272 12.
2149 4219 2360 4272 Etcum
2374 4230 2484 4288 pro
2498 4216 2700 4270 anima
2713 4219 2769 4270 et
2783 4230 3031 4286 corpore
3047 4214 3159 4268 sibi
3174 4212 3610 4269 cohaerentibus

1954 4308 2189 4364 dicatur
2217 4321 2370 4360 unus
2392 4305 2611 4375 homo;
2637 4320 2743 4360 cur
2766 4320 2888 4359 non
2911 4304 3097 4358 multo
3123 4303 3318 4371 magis
3344 4302 3417 4355 de
3435 4303 3604 4356 Patre

1956 4402 2013 4453 et
2044 4396 2183 4452 Filio
2211 4395 2323 4449 sibi
2347 4393 2786 4448 cohaerentibus
2810 4393 3046 4447 dicatur
3077 4407 3233 4445 unus
3263 4392 3434 4453 Deus,
3465 4404 3606 4444 cum

1956 4487 2190 4542 sibimet
2243 4481 2722 4554 inseparabiliter
2779 4480 3116 4535 cohaereant
3145 4478 3454 4550 quomodo
3485 4491 3608 4532 non

1956 4589 2175 4644 corpus
2209 4576 2262 4627 et
2292 4571 2496 4626 anima
2522 4570 2550 4626 ?
2571 4570 2795 4624 Etcum
2815 4583 3034 4639 corpus
3058 4571 3113 4622 et
3133 4567 3336 4622 anima
3349 4566 3422 4621 sit
3450 4581 3609 4620 unus

1955 4663 2158 4724 homo,
2191 4658 2470 4732 quamvis
2496 4673 2716 4729 corpus
2748 4662 2803 4712 et
2827 4657 3030 4712 anima
3060 4671 3181 4712 non
3222 4656 3337 4711 sint
3368 4671 3555 4710 unum
3589 4668 3606 4719 ;

1957 4767 2062 4807 cur
2091 4765 2210 4805 non
2241 4748 2428 4804 multo
2460 4748 2652 4816 magis
2677 4747 2753 4802 sit
2787 4749 2950 4802 Pater
2975 4752 3031 4801 et
3054 4745 3230 4801 Filius
3253 4761 3408 4800 unus
3432 4746 3604 4815 Deus,

1959 4856 2095 4895 cum
2148 4839 2318 4894 Pater
2359 4842 2413 4893 et
2462 4837 2642 4893 Filius
2675 4852 2864 4891 unum
2913 4837 3047 4899 sint,
3079 4835 3411 4890 secundum
3443 4834 3610 4890 illam

1956 4929 2227 4984 Veritatis
2241 4927 2604 4997 vocem,Ego
2618 4933 2670 4982 et
2685 4927 2862 4982 Pater
2874 4941 3056 4980 unum
3072 4924 3457 4980 sumus?Item
3472 4937 3612 4979 cum

1959 5017 2143 5073 homo
2173 5017 2414 5072 interior
2434 5021 2490 5071 et
2519 5016 2699 5071 homo
2731 5015 2986 5070 exterior
3009 5029 3131 5069 non
3161 5013 3608 5074 sintunum,ne-

1960 5123 2075 5179 que
2090 5106 2248 5161 enim
2263 5105 2531 5176 ejusdem
2555 5111 2782 5161 natura:
2797 5111 2880 5160 est
2895 5103 3148 5158 exterior
3159 5101 3250 5171 cuj
3265 5118 3330 5154 us
3347 5101 3606 5170 interior,

1961 5196 2104 5267 quia
2125 5195 2523 5250 exteriorcum
2539 5197 2890 5265 nuncupato
2912 5206 3160 5263 corpore
3175 5189 3387 5244 dicitur
3405 5189 3603 5256 homo,

1961 5285 2204 5339 interior
2233 5289 2429 5339 autem
2455 5283 2512 5337 in
2545 5282 2672 5338 sola
2696 5280 2971 5338 rationali
2997 5280 3201 5336 anima
3227 5278 3608 5350 intelligitur;

1963 5380 2281 5445 utrumque
2315 5379 2512 5428 tamen
2547 5372 2856 5427 simulnon
2874 5369 3304 5434 hominesduo,
3325 5368 3428 5423 sed
3454 5383 3608 5423 unus

1960 5462 2453 5532 diciturzquanto
2483 5461 2671 5527 magis
2687 5460 2853 5514 Pater
2869 5464 2924 5514 et
2953 5459 3126 5512 Filius
3151 5473 3305 5512 unus
3322 5458 3475 5511 Deus
3502 5464 3612 5525 est,

1963 5567 2096 5606 cum
2128 5551 2293 5606 Pater
2322 5555 2378 5606 et
2410 5550 2586 5606 Filius
2616 5564 2804 5605 unum
2847 5550 3000 5615 sint;
3028 5547 3172 5620 quia
3202 5546 3475 5618 ejusdem
3505 5561 3615 5601 na-

2026 5675 2362 5726 ‘Bad.Am.et
2379 5676 2780 5740 Er.,0prortuni.
2805 5675 2952 5726 Unus
2976 5689 3001 5724 e
3021 5673 3294 5733 Vat.Mss.,
3313 5677 3621 5736 opportune-
