4140 6174
518 172 656 231 1043

521 299 668 353 turaa
690 294 788 353 vel
819 294 1167 353 substantiae
1212 296 1370 361 sunt,
1395 291 1483 349 vel
1509 293 1556 349 si
1579 309 1702 367 quo
1732 293 1849 351 alio
1881 292 2174 350 vocabulo

1797 167 1857 226 S.
1904 167 1998 227 AU
2008 167 2098 226 GU
2109 165 2309 226 STINI
2341 165 2672 224 EPISCOPI

3786 165 3932 224 10“

2285 292 2444 349 unde
2475 308 2597 350 non
2632 295 2862 350 tantum
2896 293 3055 351 Patri
3099 298 3156 352 et
3191 294 3332 352 Filio
3363 297 3415 352 et
3445 293 3688 367 Spiritui
3707 298 3945 362 sancto,

527 386 955 456 congruentius
973 383 1186 439 dicitur
1207 382 1266 438 id
1286 383 1449 455 quod
1467 384 1919 449 Deusest,unde
1947 383 2173 439 dictum
2281 383 2384 439 sed
2415 384 2579 439 omni
2597 383 2870 439 rationali
2899 389 3185 440 creaturaa
3208 390 3264 441 et
3290 384 3508 440 animae
3538 383 3653 440 hoc
3679 381 3948 439 vocabu-

525 480 631 542 est,
661 477 788 546 Ego
813 482 864 532 et
896 477 1076 530 Pater
1105 489 1289 530 unum
1313 490 1513 530 sumus
1539 474 1566 529 ?
1589 476 1795 546 Itaque
1820 491 1975 530 unus
1998 472 2172 545 Spiri-

2281 471 2408 527 lum
2459 473 2750 542 congruit.
2803 473 2965 529 Unde
2999 474 3286 530 Dominus
3335 473 3499 539 dicit,
3551 472 3827 540 Spiritus
3865 478 3946 527 est

525 571 617 623 tus
651 564 902 632 Domini,
926 567 982 618 et
1010 579 1166 618 unus
1207 563 1452 635 spiritus
1476 564 1764 628 hominis,
1798 569 1854 619 et
1884 579 2003 619 non
2039 565 2178 617 sunt
2284 564 2441 618 Deus
2471 584 2490 632 ,-
2521 568 2575 618 et
2605 563 2732 619 ideo
2749 562 2851 634 qui
2881 563 3137 619 adorant
3171 563 3452 632 Deum,in
3477 563 3692 633 spiritu
3713 568 3770 618 et
3795 562 3947 616 veri-

524 667 748 718 unum;
775 656 828 706 et
859 651 1170 708 tamenille
1187 668 1324 707 cum
1345 652 1598 708 cohaeret
1622 652 2026 718 Domino,non
2041 652 2178 705 sunt
2286 655 2405 707 tate
2443 657 2670 720 oportet
2701 652 2958 707 adorare
2989 653 3180 721 (Joan.
3221 669 3301 716 1v,
3351 653 3440 723 24)
3475 671 3489 707 :
3532 651 3832 721 scriptum
3863 653 3950 705 est

523 740 665 804 duo,
701 741 807 796 sed
842 756 992 796 unus
1025 741 1264 812 spiritus
1294 758 1305 795 :
1341 745 1397 796 et
1428 757 1582 796 unus
1617 742 1803 797 homo
1838 741 2101 808 interior,
2129 741 2184 793 et
2283 740 2488 806 etiam,
2525 741 2636 808 Qui
2663 741 2813 809 facit
2857 743 3113 811 Angelos
3163 757 3298 798 suos
3328 741 3574 811 spiritus
3605 740 3804 807 (Psal.
3837 753 3947 802 cui,

523 845 680 886 unus
719 830 903 887 homo
935 831 1208 896 exterior,
1236 835 1290 885 et
1321 845 1439 885 non
1475 836 1610 886 sunt
1635 847 1822 886 unum
1859 853 1868 896 ;
1901 835 1956 885 et
1982 835 2181 885 tamen

527 921 657 992 ejus
693 920 1066 976 connexione
1087 920 1304 975 vinculi
1330 920 1617 976 naturalis
1650 920 1824 976 simul
1857 924 2182 990 utrumque

525 1025 646 1065 non
680 1010 823 1076 duo,
885 1009 990 1066 sed
1021 1025 1177 1064 unus
1211 1013 1297 1065 est
1334 1009 1541 1065 homo.
1578 1010 1755 1066 Multo
1784 1009 1979 1078 magis
2007 1007 2185 1077 igitur

527 1113 663 1154 cum
693 1100 874 1155 Filius
929 1099 1026 1154 Dei
1057 1099 1236 1166 dicat,
1281 1100 1406 1170 Ego
1445 1105 1500 1156 et
1532 1100 1718 1156 Pater
1758 1115 1942 1154 unum
1967 1112 2182 1162 sumus,

528 1203 684 1243 unus
716 1193 803 1244 est
844 1192 997 1245 Deus
1049 1191 1239 1254 Pater,
1273 1195 1326 1243 et
1357 1204 1513 1244 unus
1545 1195 1635 1244 est
1667 1191 1819 1243 Deus
1867 1187 2042 1243 Filius
2087 1203 2100 1252 ;
2133 1189 2188 1240 et

528 1281 732 1333 tamen
765 1278 942 1333 simul
975 1282 1296 1350 utrumque
1330 1293 1451 1332 non
1498 1277 1642 1342 duo,
1679 1277 1783 1332 sed
1829 1292 1984 1331 unus
2016 1275 2187 1330 Deus.

602 1368 687 1423 13.
723 1367 891 1433 Quod
911 1367 1068 1422 enim
1100 1367 1304 1422 fecitin
1350 1367 1550 1422 multis
1585 1369 1804 1422 sanctis
1837 1366 1894 1420 in
1921 1364 2189 1435 adoptio-

528 1471 665 1512 nem
683 1457 941 1512 ﬁliorum
973 1458 1201 1513 vocatis
1219 1456 1636 1512 cobaeredibus
1662 1454 1875 1511 Christi
1907 1469 2028 1509 una
2043 1452 2192 1507 ﬁdes

531 1549 585 1600 et
620 1561 739 1602 una
768 1562 899 1616 spes
931 1549 987 1601 et
1014 1561 1135 1600 una
1156 1545 1434 1614 charitas,
1462 1550 1525 1601 ut
1549 1549 1716 1600 esset
1746 1545 1828 1598 eis
1855 1542 2195 1598 unaanima

531 1638 586 1689 et
615 1651 718 1690 cor
748 1652 932 1690 unum
961 1635 1020 1690 in
1051 1638 1232 1689 Deum
1267 1653 1279 1702 ;
1308 1635 1421 1689 hoc
1447 1634 1758 1705 praecipue
1778 1629 2192 1702 cogitintelligi

531 1738 654 1778 una
685 1724 1018 1796 eademque
1046 1725 1226 1780 Patris
1241 1729 1294 1779 et
1314 1723 1685 1788 Filiinatura,
1712 1720 2191 1794 sigitadicendum

533 1817 642 1881 est,
674 1813 928 1880 deitatis,
979 1817 1040 1868 ut
1091 1816 1256 1868 Pater
1287 1816 1343 1867 et
1381 1812 1558 1867 Filius
1591 1812 1692 1883 qui
1726 1827 1914 1866 unum
1945 1815 2101 1875 sunt,
2135 1817 2192 1868 et

531 1903 1008 1974 inseparabiliter
1063 1917 1252 1956 unum
1309 1909 1465 1966 sunt,
1500 1906 1555 1956 et
1591 1900 1945 1972 sempiterne
2003 1914 2193 1954 unum

529 1997 685 2057 sunt,
717 2006 835 2047 non
865 1991 982 2046 sint
1004 1991 1122 2046 duo
1151 1990 1254 2056 dii,
1289 1990 1392 2045 sed
1418 2006 1574 2045 unus
1601 1991 1776 2044 Deus.
1802 1989 1882 2044 Illi
1914 1989 2071 2044 enim
2088 1987 2193 2043 ho-

527 2081 722 2136 mines
738 2081 1220 2152 perconsortium
1250 2079 1817 2136 etcommunionem
1846 2079 2022 2133 unius
2038 2077 2195 2148 ejus-

526 2171 789 2242 demque
815 2175 1066 2236 naturae,
1100 2185 1221 2242 qua
1235 2185 1446 2225 omnes
1470 2168 1755 2224 homines
1791 2173 1979 2232 erant,
2005 2182 2194 2222 unum

529 2264 696 2316 erant
731 2263 819 2315 :et
850 2259 898 2314 si
937 2258 1266 2331 aliquando
1307 2257 1642 2313 secundum
1694 2256 2065 2312 diversitates
2090 2271 2192 2310 vo-

528 2348 813 2404 luntatem
848 2354 903 2404 et
926 2348 1374 2412 sententiarum,
1418 2346 1773 2417 opinionum
1833 2359 2193 2416 morumque

529 2437 1045 2494 dissimilitudines
1075 2453 1198 2492 non
1253 2441 1422 2492 erant
1461 2451 1700 2500 unum;
1759 2442 1931 2490 erunt
1994 2437 2194 2489 autem

528 2528 705 2600 plene
733 2527 1111 2600 perfecteque
1139 2543 1350 2591 unum,
1377 2542 1509 2580 cum
1539 2529 1896 2597 perventum
1918 2523 2087 2578 fuerit
2114 2523 2192 2578 ad

531 2633 669 2672 eum
700 2617 905 2681 ﬁnem,
958 2621 1021 2671 ut
1052 2616 1128 2670 sit
1163 2619 1313 2670 Deus
1365 2615 1570 2671 omnia
1604 2614 1663 2669 in
1691 2612 1997 2669 omnibus.
2041 2615 2193 2668 Deus

532 2710 736 2762 autem
766 2705 939 2760 Pater
967 2709 1024 2761 et
1052 2705 1233 2761 Filius
1255 2705 1405 2775 ejus,
1430 2704 1690 2760 Verbum
1706 2703 1832 2774 ejus
1849 2705 2003 2758 Deus
2027 2701 2191 2775 apud

533 2795 748 2858 Deum,
782 2808 1020 2865 semper
1033 2792 1606 2864 atqueineﬂ‘abiliter
1633 2807 1817 2847 unum
1835 2794 1974 2846 sunt
2000 2790 2195 2861 ;unde

534 2884 729 2954 magis
755 2899 876 2939 non
905 2883 1027 2939 duo
1057 2882 1158 2953 dii,
1197 2882 1302 2938 sed
1334 2897 1487 2938 unus
1522 2884 1695 2937 Deus.

613 2976 695 3029 14.
716 2973 996 3029 Homines
1021 2976 1218 3029 autem
1248 2969 2046 3042 minusintelligentes,quid
2062 2984 2197 3040 pro-

537 3068 669 3136 pter
698 3063 843 3136 quid
875 3062 1124 3125 dicatur,
1155 3065 1430 3134 patentes
1459 3060 1667 3116 volunt
1707 3060 1931 3116 habere
1965 3065 2197 3114 senten-

537 3153 682 3210 tias:
715 3157 772 3208 et
802 3152 1121 3224 Scripturis
1181 3167 1304 3206 non
1364 3149 1680 3219 diligenter
1731 3149 2028 3216 scrutatis,
2059 3163 2196 3203 cum

541 3243 828 3313 arripiunt
853 3246 908 3298 et
933 3241 1342 3297 defensionem
1375 3239 1663 3310 cujusque
1694 3238 2014 3310 opinionis,
2045 3241 2101 3292 et
2122 3237 2199 3292 ab

543 3332 1042 3402 eavelnunquam
1059 3329 1400 3385 veldifﬁcile
1432 3327 1851 3393 deﬂectuntur,
1878 3328 2024 3382 dum
2043 3325 2201 3382 docti

546 3424 722 3493 atque
754 3421 1046 3491 sapientes
1077 3417 1268 3489 magis
1296 3417 1494 3490 putari
1523 3433 1706 3488 quam
1731 3432 1866 3472 esse
1893 3416 2203 3487 concupis-

548 3515 688 3565 cunt
714 3528 727 3576 ;
750 3525 821 3565 ea
845 3524 980 3580 quae
1014 3512 1255 3580 propter
1284 3507 1541 3562 formam
1565 3507 1714 3561 servi
1740 3505 1900 3561 dicta
1923 3510 2076 3570 sunt,
2109 3522 2202 3559 vo-

548 3597 678 3655 lunt
710 3598 1022 3654 transferre
1049 3597 1126 3652 ad
1157 3596 1415 3652 formam
1432 3596 1530 3650 Dei
1553 3614 1570 3666 ;
1594 3600 1652 3650 et
1675 3610 1881 3651 rursus
1897 3610 2031 3666 quae
2046 3594 2205 3649 dicta

527 3694 690 3754 ,sunt
725 3691 788 3742 ut
815 3687 891 3742 ad
919 3702 981 3741 se
1008 3686 1263 3742 invicem
1322 3701 1593 3756 persona;
1619 3683 1970 3751 referantur,
2000 3683 2207 3738 volunt

552 3776 803 3832 nomina
833 3791 961 3832 esse
992 3780 1218 3832 natura;
1247 3778 1425 3847 atque
1440 3773 1800 3830 substantia).
1822 3774 1991 3828 Fides
2005 3776 2204 3828 autem

553 3871 758 3923 nostra
784 3869 888 3932 est,
928 3868 1158 3922 Patrem
1189 3869 1244 3920 et
1282 3863 1488 3919 Filium
1524 3867 1581 3918 et
1611 3863 1897 3935 Spiritum
1931 3866 2206 3918 sanctum

554 3971 746 4011 unum
782 3957 965 4010 Deum
993 3954 1233 4010 credere
1279 3961 1336 4008 et
1365 3951 1627 4008 conﬁteri
1663 3968 1677 4017 ;
1705 3967 1813 4007 nec
1844 3956 2044 4006 tamen
2065 3965 2207 4008 eum

555 4045 660 4116 qui
693 4045 873 4101 Filius
901 4047 1010 4110 est,
1053 4044 1285 4098 Patrem
1318 4043 1515 4098 dicere
1549 4057 1562 4107 ;
1591 4056 1703 4096 nec
1732 4057 1868 4096 eum
1910 4041 2012 4112 qui
2042 4042 2210 4095 Pater

561 4138 670 4200 est,
704 4133 914 4187 Filium
953 4149 968 4197 ;
1001 4147 1110 4186 nec
1138 4147 1274 4186 eum
1309 4131 1410 4201 qui
1467 4131 1720 4201 Spiritus
1753 4131 1941 4185 Patris
2005 4135 2056 4185 et
2092 4128 2209 4184 Filii

562 4226 672 4288 est,
700 4225 802 4276 aut
831 4221 1057 4275 Patrem
1116 4223 1219 4275 aut
1251 4218 1456 4274 Filium
1491 4233 1858 4289 nuncupare.
1901 4219 1996 4273 His
2050 4219 2210 4274 enim

562 4307 1069 4382 appellationibus
1102 4306 1216 4362 hoc
1245 4306 1612 4376 signiﬁcatur
1637 4322 1759 4378 quo
1782 4307 1857 4361 ad
1882 4307 2210 4362 seinvicem

561 4398 918 4463 referuntur,
960 4412 1080 4453 non
1113 4397 1249 4468 ipsa
1281 4395 1614 4452 substantia
1657 4411 1779 4467 qua
1831 4412 2019 4450 unum
2051 4399 2207 4450 sunt.

563 4491 711 4546 Nam
739 4492 796 4543 et
818 4491 986 4559 pater
1011 4502 1146 4542 cum
1179 4486 1411 4550 dicitur,
1443 4484 1682 4540 nonnisi
1713 4483 1964 4556 alicujus
1998 4483 2100 4539 ﬁlii
2122 4485 2214 4539 di-

563 4579 744 4642 citur;
779 4581 837 4633 et
862 4577 1022 4632 ﬁlius
1053 4575 1294 4632 nonnisi
1327 4575 1579 4645 alicujus
1609 4575 1792 4646 patris
1821 4574 2166 4643 intelligitur
2196 4590 2208 4639 ;

535 4671 618 4730 :et
653 4666 896 4737 spiritus
925 4665 1261 4721 secundum
1289 4663 1347 4718 id
1374 4663 1536 4735 quod
1566 4662 1642 4718 ad
1683 4663 1909 4735 aliquid
1939 4662 2208 4728 refertur,

565 4754 844 4826 spirantis
894 4754 1152 4825 alicujus
1209 4756 1319 4818 est,
1347 4756 1404 4807 et
1435 4751 1673 4823 spirans
1701 4751 1908 4823 utique
1933 4751 2212 4823 spiritum

566 4843 801 4916 spirans
829 4847 921 4898 est
950 4845 997 4899 ¹.

640 4939 720 4991 15.
756 4936 882 4990 Non
914 4935 1111 4988 autem
1146 4931 1258 4989 ista
1287 4929 1673 5002 corporaliter
1720 4929 2072 4994 sentiuntur,
2107 4945 2214 4984 nec

532 5072 534 5074 ,
561 5023 779 5081 usitato
808 5020 1468 5089 moreintelligunturin
1485 5021 1622 5085 Deo,
1656 5019 1768 5086 Qui
1796 5025 2002 5089 potens
2016 5025 2099 5075 est
2126 5019 2214 5090 fa-

560 5129 710 5179 cere,
740 5114 886 5169 sicut
912 5111 1059 5167 dixit
1090 5108 1432 5182 Apostolus,
1461 5123 1645 5177 supra
1670 5124 1847 5181 quam
1879 5111 2130 5177 petimus
2160 5115 2214 5166 et

559 5203 952 5272 intelligimus
972 5201 1152 5272 (Eph.
1186 5215 1264 5262 Ill,
1285 5201 1372 5263 20)
1403 5214 1414 5253 :
1445 5198 1491 5253 si
1523 5201 1722 5254 autem
1744 5197 1958 5262 facere,
1986 5203 2213 5268 quanto

535 5295 750 5362 ;magis
763 5309 898 5348 esse
921 5293 948 5347 ?
975 5295 1122 5349 Nam
1143 5290 1259 5345 hoc
1287 5304 1506 5345 nomen
1529 5287 1692 5360 quod
1717 5288 1964 5356 spiritus
1979 5287 2211 5353 dicitur,

556 5397 680 5440 non
708 5381 1040 5438 secundum
1090 5379 1152 5435 id
1196 5378 1360 5450 quod
1404 5377 1652 5433 refertur
1708 5376 1787 5430 ad
1827 5375 2074 5448 aliquid,
2109 5377 2214 5432 sed

558 5472 889 5528 secundum
908 5471 962 5526 id
978 5469 1142 5541 quod
1157 5469 1358 5540 aliqua
1381 5471 1598 5523 natura
1623 5465 2214 5535 signiﬁcatur,omnis

531 5560 909 5631 .incorporea
936 5563 1151 5616 natura
1163 5559 1406 5630 spiritus
1421 5557 1478 5612 in
1496 5556 1814 5628 Scripturis
1836 5555 2170 5628 appellatur
2191 5575 2208 5629 ;

523 5726 532 5736 -
621 5702 634 5728 ¹
663 5699 747 5750 Sic
776 5700 900 5750 Mss.
933 5701 999 5748 At
1027 5699 1178 5760 Edd.,
1202 5700 1418 5758 habent,
1446 5698 1638 5768 spiritu
1670 5697 1877 5762 spirans
1908 5703 1992 5750 est.

2289 831 2371 898 4):
2403 829 2630 884 dictum
2654 834 2742 885 est
2767 830 2840 886 de
2871 830 3220 886 hominibus
3250 828 3949 903 quibusdam,Quoniam

2289 933 2427 974 caro
2451 925 2612 983 sunt,
2645 924 2700 975 et
2735 921 2986 988 spiritus
3013 920 3351 986 ambulans,
3382 925 3436 976 et
3476 935 3596 975 non
3647 925 3950 974 revertens

2281 1007 2472 1077 .(Psal.
2507 1024 2721 1073 Lxxvu,
2752 1009 2843 1081 39)
2877 1025 2888 1063 :
2918 1010 3307 1081 etApostolus
3340 1010 3440 1071 ait,
3463 1010 3649 1065 Nemo
3676 1009 3793 1063 scit
3812 1005 3954 1077 quid

2292 1103 2516 1168 agatur
2545 1097 2606 1152 in
2638 1099 2889 1165 homine,
2908 1101 3027 1155 nisi
3037 1100 3282 1170 spiritus
3306 1099 3576 1162 hominis,
3599 1101 3709 1168 qui
3732 1096 3800 1151 in
3829 1097 3951 1164 ipsa

2295 1192 2374 1242 est
2406 1187 2448 1257 (Ι
2479 1186 2612 1242 Cor.
2643 1203 2701 1252 ιι,
2740 1189 2856 1260 tl):
2886 1190 3024 1244 item
3051 1190 3339 1260 scriptum
3354 1195 3443 1243 est
3476 1206 3487 1236 :
3524 1187 3668 1255 Quis
3695 1185 3813 1241 scit
3843 1187 3952 1254 spi-

2294 1276 2443 1331 ritus
2472 1276 2731 1344 ﬁliorum
2767 1278 3017 1335 hominis
3046 1279 3097 1334 si
3125 1279 3403 1335 ascendat
3431 1278 3555 1346 ipse
3589 1292 3863 1340 sursum,
3906 1280 3956 1330 et

2294 1364 2539 1434 spiritus
2557 1366 2806 1434 pecoris,
2835 1367 3150 1424 descendat
3181 1367 3304 1436 ipse
3327 1367 3601 1423 deorsum
3631 1365 3696 1420 in
3725 1371 3958 1420 terram

2297 1455 2508 1526 (Eccle.
2538 1471 2616 1520 ιιι,
2650 1456 2738 1527 21)
2769 1458 2794 1512 ?
2824 1457 3237 1513 Dicituretiam
3270 1457 3510 1527 spiritus
3539 1454 3600 1510 in
3633 1453 3962 1524 Scripturis

2298 1543 2632 1599 secundum
2690 1546 3025 1616 quamdam
3076 1546 3522 1601 distinctionem
3561 1544 3622 1598 in
3659 1543 3801 1614 ipsa
3843 1557 3964 1597 una

2300 1633 2476 1688 unius
2506 1632 2768 1688 hominis
2794 1634 2999 1691 anima
3031 1653 3045 1691 :
3108 1635 3264 1690 unde
3323 1632 3645 1705 Apostolus
3681 1631 3856 1690 dicit.
3890 1631 3963 1686 Et

2298 1722 2526 1791 integer
2554 1723 2800 1791 spiritus
2833 1730 3039 1792 vester,
3063 1731 3115 1780 et
3143 1723 3366 1788 anima,
3399 1729 3451 1778 et
3469 1737 3687 1789 corpus
3716 1723 3781 1776 in
3805 1719 3965 1775 diem

2299 1811 2539 1867 Domini
2558 1813 2748 1868 nostri
2762 1814 2903 1870 Jesu
2925 1813 3149 1870 Christi
3162 1818 3430 1870 servetur
3451 1812 3494 1883 (ι
3524 1812 3798 1875 Thess.v,
3832 1810 3924 1877 23)
3952 1829 3964 1863 :

2299 1900 2442 1955 item
2473 1900 2589 1956 alio
2618 1902 2771 1967 loco,
2831 1903 2898 1958 Si
2944 1918 3192 1960 oravero
3227 1904 3457 1972 lingua,
3501 1901 3758 1971 spiritus
3800 1914 3964 1954 meus

2300 1996 2432 2045 orat
2460 2011 2483 2060 ,-
2510 2005 2672 2046 mens
2698 1998 2894 2048 autem
2932 2009 3060 2049 mea
3088 1993 3464 2064 infructuosa
3494 1998 3599 2048 est.
3633 1989 3798 2056 Quid
3831 2002 3965 2058 ergo

2293 2085 2381 2146 Vest
2409 2079 2436 2134 ?
2472 2079 2666 2136 Orabo
2688 2082 2928 2150 spiritu,
2957 2083 3138 2139 orabo
3169 2089 3221 2140 et
3253 2087 3446 2139 mente
3487 2081 3531 2152 (1
3548 2080 3686 2136 Cor.
3719 2096 3849 2144 xxv,
3883 2078 3964 2140 14,

2302 2169 2409 2224 15).
2445 2171 2683 2242 Proprio
2715 2176 2914 2227 autem
2945 2172 3129 2227 modo
3158 2173 3426 2244 quodam
3453 2171 3671 2225 dicitur
3705 2168 3964 2241 Spiritus

2301 2262 2564 2324 sanctus,
2597 2261 2930 2316 secundum
2952 2261 3117 2334 quod
3143 2262 3390 2316 refertur
3417 2259 3494 2316 ad
3523 2260 3758 2316 Patrem
3792 2260 3852 2312 et
3887 2256 3966 2311 l-‘i-

2298 2344 2467 2412 lium,
2499 2349 2656 2420 quod
2670 2365 2878 2405 eorum
2911 2350 3159 2422 Spiritus
3184 2354 3426 2406 sanctus
3453 2348 3546 2404 sit.
3576 2351 3728 2405 Nam
3748 2361 3965 2402 secun-

2301 2436 2447 2492 dum
2480 2437 3208 2513 substantiam,quoniam
3235 2438 3656 2495 semeldictum
3684 2442 3803 2502 est,
3838 2436 3963 2504 Spi-

2302 2526 2549 2585 ritusest
2582 2530 2827 2595 Deus,et
2855 2533 3019 2584 Pater
3037 2529 3282 2602 spiritus
3306 2533 3414 2593 est,
3445 2534 3499 2583 et
3523 2527 3729 2589 Filius,
3760 2525 3962 2596 etipse

2289 2617 2557 2688 .Spiritus
2593 2624 2982 2683 sanctus,nec
3012 2625 3210 2674 tamen
3243 2623 3357 2673 tres
3373 2617 3634 2689 spiritus,
3662 2615 3772 2670 sed
3808 2630 3962 2669 unus

2304 2706 2544 2778 spiritus
2578 2725 2590 2774 ;
2626 2707 2774 2762 sicut
2806 2723 2924 2763 non
2961 2714 3075 2763 tres
3106 2707 3209 2773 dii,
3247 2707 3352 2762 sed
3384 2722 3540 2760 unus
3565 2707 3747 2760 Deus.

2378 2800 2462 2852 16.
2497 2795 2652 2862 Quid
2684 2796 3225 2853 mirarisiTantum
3257 2795 3571 2866 valetpax,
3591 2810 3717 2850 non
3744 2793 3968 2866 qualis-

2305 2900 2584 2957 cumque,
2619 2890 2682 2941 ut
2712 2885 2858 2942 solet
2889 2885 3154 2957 intelligi,
3174 2901 3277 2941 nec
3308 2884 3440 2941 talis
3467 2882 3971 2957 qualislaudatur

2305 2975 2366 3030 in
2379 2975 2492 3031 hac
2508 2976 2623 3031 vita
2649 2976 3154 3047 perconcordiam
3167 2976 3638 3046 charitatemque
3651 2973 3935 3029 ﬁdelium
3955 2987 3968 3034 ;

2308 3064 2412 3119 sed
2441 3065 2538 3121 illa
2569 3082 2687 3138 pax
2722 3066 2840 3130 Dei,
2868 3081 3024 3138 quae,
3043 3066 3195 3121 sicut
3221 3064 3357 3120 dicit
3389 3062 3737 3136 Apostolus,
3766 3077 3972 3132 super-

2306 3155 2585 3224 greditur
2601 3171 2826 3213 omnem
2850 3155 3217 3212 intellectum
3232 3154 3533 3226 (Philipp.
3560 3169 3636 3217 IV,
3652 3153 3713 3223 7')
3734 3165 3747 3205 :
3765 3167 3968 3224 quem,

2307 3243 2424 3299 nisi
2473 3249 2764 3311 nostrum,
2798 3244 2859 3300 id
2891 3250 2996 3311 est,
3043 3245 3242 3300 omnis
3272 3242 3583 3300 rationalis
3624 3241 3973 3298 creatura?

2310 3335 2681 3407 Quapropter
2737 3335 3187 3390 considerantes
3227 3333 3640 3389 inﬁrmitatem
3672 3336 3972 3390 nostram.

2311 3431 2368 3482 et
2397 3425 2707 3481 audientes
2742 3424 3096 3497 Apostolum
3148 3424 3531 3479 conﬁtentem
3556 3428 3613 3476 et
3644 3421 3972 3484 dicentem,

2311 3517 2572 3578 Fratres,
2604 3530 2707 3585 ego
2723 3531 2812 3569 me
2830 3531 2949 3570 non
2977 3513 3236 3570 arbitror
3251 3511 3720 3583 apprehendisse
3750 3509 3872 3582 [Id.
3899 3526 3973 3575 nl,

2285 3606 2402 3677 ,13)
2423 3624 2437 3671 ;
2465 3609 2540 3674 et,
2573 3604 2680 3672 Qui
2699 3619 2759 3660 se
2783 3610 2955 3672 putat
2977 3603 3212 3674 aliquid
3227 3603 3393 3670 scire,
3418 3601 3686 3657 nondum
3707 3601 3823 3656 scit
3845 3615 3979 3672 que-

2313 3694 2693 3750 madmodum
2722 3697 3134 3762 oporteateum
3149 3692 3297 3748 scire
3317 3693 3359 3763 (l
3389 3693 3523 3747 Cor.
3543 3706 3664 3756 vui,
3699 3694 3763 3760 2)
3793 3707 3808 3754 ;
3840 3705 3975 3744 cum

2314 3783 2532 3839 divinis
2561 3782 2895 3854 Scripturis,
2932 3787 3226 3854 quantum
3276 3796 3625 3853 possumus,
3659 3779 3976 3852 colloqua-

2317 3889 2452 3928 mur
2481 3873 2606 3928 sine
2637 3871 3013 3928 contentione
3045 3872 3263 3944 pacati,
3305 3885 3426 3926 non
3457 3870 3623 3925 inani
3657 3884 3733 3926 ac
3768 3867 3976 3941 puerili

2317 3963 2696 4018 animositate
2727 3961 3032 4016 studentes
3062 3960 3411 4017 alterutrum
3450 3960 3716 4023 vincere,
3767 3965 3838 4013 ut
3866 3973 3974 4030 pax

2319 4051 2525 4107 Christi
2552 4050 2752 4122 potius
2781 4050 2976 4105 vincat
2998 4050 3057 4104 in
3081 4049 3364 4106 cordibus
3386 4049 3604 4104 nostris
3623 4048 3880 4118 (Coloss-
3900 4063 3974 4108 iu.

2320 4142 2429 4208 15),
2463 4146 2759 4212 quantum
2813 4155 2947 4196 eam
2978 4139 3153 4195 nobis
3184 4143 3241 4195 et
3287 4140 3344 4194 in
3384 4138 3497 4193 hac
3525 4137 3646 4193 vita
3668 4138 3978 4210 percipere

2321 4246 2495 4304 posse
2520 4229 2766 4286 donavit
2795 4247 2806 4285 :
2838 4229 3241 4299 utcogitantes
3271 4226 3415 4300 quid
3438 4226 3653 4283 eadem
3680 4243 3809 4298 pax
3837 4226 3980 4280 inter

2322 4320 2528 4376 fratres
2569 4317 2772 4388 egerit,
2829 4334 3088 4391 quorum
3137 4333 3211 4373 ex
3266 4322 3388 4372 tam
3430 4315 3636 4371 multis
3669 4314 3903 4370 animis
3932 4320 3980 4368 et

2321 4409 2523 4466 multis
2556 4407 2837 4463 cordibus
2885 4407 3020 4463 fecit
3050 4407 3318 4462 animam
3353 4421 3537 4461 unam
3563 4411 3622 4460 et
3653 4420 3763 4460 cor
3799 4419 3977 4458 unum

2323 4499 2382 4554 in
2415 4498 2626 4563 Deum,
2653 4496 2854 4552 debita
2884 4496 3103 4568 pietate
3145 4495 3464 4552 credamus
3491 4493 3683 4550 multo
3718 4495 3978 4549 maxime

2321 4589 2380 4643 in
2413 4587 2512 4642 illa
2543 4601 2688 4658 pace
2723 4585 2840 4650 Dei,
2873 4601 3009 4657 quae
3040 4590 3282 4656 superat
3310 4599 3554 4640 omnem
3583 4583 3978 4642 intellectum,

2323 4681 2377 4733 et
2409 4680 2634 4732 Patrem
2655 4681 2710 4730 et
2742 4674 2945 4730 Filium
2979 4680 3035 4730 et
3063 4674 3346 4746 Spiritum
3376 4677 3654 4729 sanctum
3688 4688 3825 4728 non
3859 4685 3979 4728 esse

2325 4772 2439 4824 tres
2494 4766 2662 4831 deos,
2712 4764 2818 4820 sed
2867 4781 3057 4820 unum
3117 4765 3351 4831 Deum;
3400 4768 3562 4820 tanto
3594 4763 3980 4819 excellentius

2323 4873 2507 4929 quam
2547 4855 2801 4910 istorum
2858 4861 2983 4910 erat
3035 4855 3236 4910 anima
3270 4859 3324 4910 et
3352 4869 3455 4909 cor
3502 4868 3719 4918 unum,
3758 4857 3980 4925 quanto

2326 4944 2424 5002 illa
2454 4961 2572 5018 pax
2603 4948 3251 5016 qumsuperatomnem
3280 4942 3981 5008 intellectum,excellen-

2325 5035 2439 5091 tior
2484 5039 2570 5090 est
2597 5034 2712 5090 ista
2742 5050 2890 5105 pace
2917 5049 3095 5105 quam
3154 5031 3396 5088 tenebat
3427 5031 3710 5088 omnium
3746 5031 3977 5088 illorum

2284 5190 2300 5202 _
2325 5141 2426 5181 cor
2458 5140 2644 5178 unum
2670 5130 2725 5179 et
2758 5138 2876 5178 una
2897 5123 3101 5179 anima
3127 5122 3186 5176 in
3217 5121 3432 5177 Deum.

2397 5215 2482 5269 1‘7.
2511 5213 2719 5269 Filium
2735 5217 2931 5268 autem
2949 5212 3210 5268 hominis
3224 5211 3504 5266 eumdem
3521 5209 3798 5266 dicimus
3813 5227 3980 5284 quem

2329 5304 2533 5360 Filium
2564 5303 2660 5358 Dei
2698 5320 2710 5369 ;
2745 5308 3077 5357 nontamen
3094 5307 3333 5373 propter
3367 5301 3620 5356 formam
3648 5301 3850 5367 Dei,in
3878 5315 3982 5373 qua

2325 5399 2408 5450 est
2443 5393 2690 5466 aequalis
2724 5394 2841 5447 Deo
2892 5391 3063 5458 Patri,
3109 5390 3212 5444 sed
3241 5396 3481 5462 propter
3521 5397 3851 5461 acceptam
3886 5392 3982 5446 fon

2328 5500 2486 5538 mam
2519 5483 2690 5546 servi,
2724 5497 2845 5554 qua
2877 5480 3411 5536 minorestPatre‘.
3441 5481 3499 5533 Et
3521 5481 3672 5550 quia
3701 5483 3976 5536 eumdem

2328 5574 2532 5630 Filium
2558 5572 2819 5628 hominis
2846 5570 3124 5635 dicimus,
3157 5574 3400 5642 propter
3425 5569 3539 5624 hoc
3569 5573 3623 5624 et
3643 5571 3866 5626 Filium
3892 5573 3978 5626 Dei

2387 5701 2401 5730 ¹
2437 5696 2562 5748 Bad.
2603 5699 2722 5748 Am.
2751 5695 2834 5748 Er.
2869 5698 2922 5746 et
2956 5695 3086 5750 Mss.
3119 5707 3229 5751 sex,
3254 5708 3355 5760 qua
3383 5693 3558 5758 major
3586 5698 3632 5743 et
3652 5698 3833 5758 pater.
