4138 6172
159 161 311 220 1045

160 284 815 354 cruciﬁxumfatemur,
848 305 972 346 non
1001 305 1073 347 ex
1103 290 1317 347 virtute
1339 289 1687 357 divinitatis,
1716 289 1823 346 sed

159 388 239 429 ex
260 373 596 431 inﬁrmitate
625 376 1016 435 humanitatis
1039 395 1053 446 ;
1071 396 1193 436 non
1207 396 1278 437 ex
1293 396 1416 437 sum
1428 384 1662 437 naturai
1686 395 1823 452 per-

160 463 481 520 mansione
514 466 556 531 ²,
590 465 694 522 sed
708 482 780 523 ex
811 474 1028 525 nostrae
1060 471 1457 541 susceptione.

161 593 172 599 ι
237 552 467 610 CAPUT
495 554 587 609 lll.
621 586 688 596 —
718 556 805 611 18.
857 559 990 614 Jam
1028 573 1189 613 nunc
1230 559 1544 630 paululum
1596 558 1823 614 intuere

157 657 302 714 quae
335 643 773 714 Scripturarum
804 645 1044 718 eloquia
1063 662 1172 702 nos
1187 653 1399 719 cogant
1419 663 1605 702 unum
1632 646 1824 703 Domi-

158 746 314 787 num
336 731 523 788 Deum
541 732 830 801 conﬁteri,
856 735 978 792 sive
1001 740 1232 792 tantum
1252 738 1326 792 de
1346 740 1530 800 Patre,
1555 735 1676 791 sive
1697 742 1823 791 tan-

161 826 295 875 tum
327 819 401 876 de
430 820 593 888 Filio,
621 822 740 878 sive
781 829 1017 881 tantum
1041 825 1116 880 de
1146 825 1368 896 Spiritu
1420 831 1651 889 sancto,
1700 826 1823 880 sive

162 908 347 965 simul
389 909 463 965 de
488 911 657 967 Patre
700 916 755 968 et
785 912 930 969 Filio
972 921 1029 970 et
1073 914 1300 984 Spiritu
1338 919 1546 969 sancto
1579 914 1824 970 interro-

163 1013 397 1067 gemur.
433 1001 595 1055 Certe
622 1000 912 1072 scriptum
955 1008 1060 1067 est,
1101 1003 1276 1068 Audi,
1305 1003 1517 1071 Israel,
1541 1004 1824 1059 Dominus

165 1085 324 1143 Deus
349 1093 485 1143 tuus
512 1089 799 1146 Dominus
823 1106 975 1146 unus
1005 1097 1086 1148 est
1119 1091 1316 1162 (Deut.
1356 1109 1429 1154 v1,
1463 1094 1518 1162 4)
1549 1108 1562 1146 :
1597 1091 1670 1146 de
1700 1107 1823 1164 quo

162 1176 394 1232 dictum
425 1184 600 1248 putas
626 1178 654 1234 ?
686 1177 741 1234 Si
774 1185 1007 1235 tantum
1039 1180 1112 1236 de
1136 1184 1323 1246 Patre,
1358 1196 1479 1236 non
1510 1187 1598 1236 est
1630 1181 1824 1238 Domi-

162 1280 284 1321 nus
314 1267 469 1322 Deus
497 1273 697 1323 noster
724 1269 893 1323 Jesus
925 1268 1189 1324 Christus
1218 1285 1229 1324 :
1266 1275 1322 1324 et
1353 1268 1454 1324 ubi
1485 1275 1704 1326 estvox
1726 1269 1826 1326 illa

165 1354 468 1424 tangentis
487 1362 542 1411 et
558 1355 895 1424 clamantis,
918 1359 1202 1414 Dominus
1218 1374 1380 1415 meus
1399 1365 1452 1415 et
1469 1360 1625 1416 Deus
1642 1374 1824 1425 meus;

165 1458 356 1515 quam
375 1444 640 1500 Christus
665 1446 795 1517 ipse
821 1461 942 1502 non
975 1447 1372 1518 reprehendit,
1405 1448 1509 1502 sed
1523 1448 1828 1519 approba-

167 1532 272 1598 vit,
296 1532 521 1601 dicens,
546 1534 691 1601 Quia
713 1535 912 1591 vidisti
929 1536 1534 1610 me,credidisti(Joan.
1558 1553 1659 1602 xx,
1687 1536 1827 1608 28)?

171 1623 348 1677 Porro
379 1622 428 1677 si
456 1627 512 1678 et
535 1623 709 1679 Filius
737 1625 1021 1680 Dominus
1047 1625 1202 1682 Deus
1219 1630 1326 1694 est,
1357 1632 1411 1680 et
1432 1625 1604 1682 Pater
1628 1625 1828 1681 Domi-

164 1724 285 1764 nus
317 1711 470 1766 Deus
501 1717 611 1778 est,
643 1718 698 1769 et
723 1713 906 1769 ambo
936 1714 1062 1784 jam
1095 1714 1216 1770 duo
1239 1715 1467 1770 domini
1499 1721 1554 1770 et
1583 1714 1704 1770 duo
1722 1715 1822 1780 dii,

160 1799 478 1870 quomodo
507 1802 614 1857 erit
634 1818 861 1866 verum,
886 1802 1172 1860 Dominus
1201 1805 1356 1860 Deus
1384 1810 1520 1859 tuus
1542 1805 1826 1859 Dominus

165 1903 328 1944 unus
348 1895 429 1945 est
443 1888 567 1944 ‘IAn
585 1890 729 1946 forte
743 1891 909 1948 Pater
929 1896 1019 1947 est
1041 1907 1195 1947 unus
1212 1892 1516 1956 Dominus,
1536 1892 1712 1948 Filius
1725 1909 1826 1949 au-

166 1980 294 2032 tem
309 1993 428 2034 non
447 1994 601 2034 unus
625 1981 933 2047 Dominus,
961 1981 1065 2037 sed
1093 1986 1323 2038 tantum
1351 1982 1657 2049 Dominus,
1677 1983 1827 2039 sicut

167 2071 315 2122 sunt
334 2066 596 2123 diimulti
619 2073 674 2125 et
693 2069 918 2126 domini
936 2069 1125 2137 multi,
1151 2086 1271 2126 non
1291 2070 1444 2126 sicut
1464 2070 1557 2126 ille
1576 2087 1730 2126 unus
1752 2071 1826 2127 de

171 2169 299 2227 quo
312 2156 596 2228 scriptum
615 2162 721 2222 est,
738 2159 1022 2215 Dominus
1036 2174 1191 2214 unus
1205 2165 1286 2215 est
1302 2159 1330 2213 i’
1349 2158 1500 2224 Quid
1528 2174 1670 2228 ergo
1699 2175 1826 2214 res-

168 2243 497 2315 pondebim
508 2262 576 2301 us
596 2247 878 2319 Apostolo
893 2248 1106 2304 dicenti
1125 2265 1136 2304 :
1153 2249 1308 2305 Nam
1326 2250 1434 2304 etsi
1455 2252 1593 2304 sunt
1610 2249 1715 2318 qui
1740 2250 1824 2305 di-

171 2335 515 2401 cunturdii,
530 2337 651 2392 sive
672 2337 734 2392 in
758 2338 924 2402 caelo,
945 2338 1065 2394 sive
1083 2337 1145 2393 in
1180 2343 1366 2403 terra,
1402 2338 1552 2393 sicut
1579 2343 1720 2393 sunt
1741 2338 1827 2394 dii

169 2423 351 2478 multi
361 2428 414 2479 et
429 2423 653 2480 domini
664 2427 870 2492 multi;
885 2428 1051 2483 nobis
1067 2433 1263 2483 tamen
1279 2443 1433 2482 unus
1449 2428 1606 2482 Deus
1624 2429 1819 2498 Pater,

149 2525 250 2568 λα’
269 2526 386 2582 quo
398 2514 611 2578 omnia,
627 2522 679 2570 et
695 2531 797 2570 nos
812 2515 874 2570 in
887 2516 1114 2586 ipso;et
1142 2531 1296 2571 unus
1319 2515 1604 2572 Dominus
1625 2523 1825 2572 noster

175 2601 350 2657 Jesus
385 2603 666 2670 Christus,
696 2619 802 2669 per
832 2620 1001 2675 quem
1021 2605 1239 2669 omnia,
1277 2612 1332 2662 et
1357 2621 1463 2660 nos
1492 2620 1600 2674 per
1631 2607 1823 2675 ipsum

170 2690 218 2760 (Ι
253 2690 383 2746 Cor.
417 2695 536 2759 vm,
567 2697 616 2758 5,
639 2692 691 2765 6)
724 2692 751 2748 ‘i
781 2693 961 2749 Porro
989 2694 1034 2748 si
1067 2693 1231 2767 quod
1262 2695 1336 2750 de
1360 2710 1477 2750 uno
1507 2695 1626 2750 Deo
1654 2695 1823 2751 Patre

169 2778 403 2848 dicitur,
437 2781 595 2851 cogit
617 2782 753 2838 inde
785 2782 988 2838 Filium
1030 2799 1332 2856 separare,
1356 2784 1560 2840 dicant
1587 2786 1691 2856 qui
1719 2801 1823 2840 au-

166 2868 333 2936 dent,
389 2885 510 2926 non
562 2887 736 2941 posse
772 2872 898 2942 jam
939 2872 1178 2945 intelligi
1208 2873 1528 2928 Dominum
1561 2874 1818 2939 Patrem,

163 2957 311 3029 quia
341 2974 513 3025 unus,
546 2960 758 3033 inquit,
789 2962 1071 3018 Dominus
1101 2970 1290 3018 noster
1326 2964 1494 3018 Jesus
1527 2962 1819 3022 Christus.

163 3047 320 3103 Nam
358 3048 405 3104 si
437 3065 616 3116 unus,
649 3051 853 3122 utique
879 3051 1040 3107 solus
1072 3069 1084 3108 :
1129 3051 1178 3106 si
1209 3051 1398 3117 solus,
1431 3051 1742 3124 quomodo
1763 3055 1820 3109 et

160 3138 332 3192 Pater
360 3155 376 3208 ;
407 3138 518 3194 nisi
545 3139 686 3212 quia
701 3140 897 3212 etipse
924 3144 980 3196 et
993 3143 1179 3206 Pater,
1205 3157 1360 3197 unus
1380 3144 1533 3197 Deus
1567 3145 1624 3197 et
1655 3142 1818 3197 solus

161 3228 337 3291 Deus,
358 3242 478 3284 non
496 3234 774 3300 separato
789 3228 1014 3301 Spiritu
1027 3231 1271 3286 sancto?
1298 3233 1460 3287 Unus
1491 3246 1632 3300 ergo
1663 3232 1818 3287 Deus

159 3315 347 3382 Pater,
381 3324 435 3372 et
465 3333 602 3373 cum
632 3318 731 3374 illo
784 3318 958 3375 Filius
990 3335 1146 3374 unus
1181 3321 1355 3385 Deus,
1389 3321 1669 3393 quamvis
1693 3336 1816 3376 non

155 3420 296 3460 cum
330 3405 430 3462 illo
460 3422 614 3463 unus
643 3407 831 3464 Pater.
869 3408 1131 3480 Itemque
1155 3424 1309 3463 unus
1327 3410 1614 3465 Dominus
1641 3409 1816 3464 Jesus

155 3493 448 3564 Christus,
473 3501 527 3550 et
559 3512 696 3552 cum
737 3497 838 3552 illo
860 3513 1016 3553 unus
1055 3498 1338 3553 Dominus
1364 3499 1558 3563 Pater,
1603 3515 1815 3571 quam-

153 3582 242 3638 vis
291 3598 412 3639 non
457 3598 598 3641 cum
641 3584 740 3641 illo
784 3601 941 3642 unus
994 3588 1167 3642 Jesus
1215 3587 1480 3644 Christus
1521 3594 1810 3660 tanquam

153 3676 212 3728 et
260 3675 427 3730 Pater
465 3673 535 3730 sit
564 3673 737 3729 Jesus
764 3675 1054 3731 Christus.
1113 3678 1230 3732 Hoc
1286 3677 1444 3732 enim
1493 3693 1713 3733 nomen
1740 3694 1812 3734 ex

151 3761 602 3833 dispensatione
634 3764 1058 3821 misericordiae
1098 3771 1507 3841 susceptaeque
1537 3766 1813 3824 humani-

158 3852 294 3906 tatis
319 3857 698 3924 assumptum
725 3856 838 3908 est.

230 3943 310 3995 19.
335 3940 423 3995 An
454 3941 601 3996 forte
631 3943 796 4014 quod
823 3942 906 4000 ait
943 3943 1286 4015 Apostolus,
1329 3945 1489 4001 Unus
1526 3944 1810 4001 Dominus

149 4035 352 4085 noster
379 4031 548 4087 Jesus
582 4032 874 4098 Christus,
905 4049 1010 4103 per
1036 4049 1204 4106 quem
1230 4034 1449 4100 omnia,
1485 4049 1606 4090 non
1633 4034 1809 4090 vultis

151 4117 405 4188 adjungi
435 4121 839 4191 quoddictum
857 4127 945 4178 est
969 4138 1148 4191 unus,
1175 4123 1253 4179 ad
1287 4123 1344 4177 id
1377 4125 1540 4195 quod
1573 4128 1661 4180 est
1693 4126 1807 4179 Do-

148 4207 370 4273 minus,
398 4209 500 4264 sed
524 4210 599 4264 ad
622 4209 682 4264 id
708 4211 873 4282 quod
898 4211 996 4277 ait,
1019 4227 1130 4284 per
1146 4228 1314 4284 quem
1334 4213 1570 4283 omnia;
1598 4217 1658 4268 ut
1686 4229 1807 4270 non

147 4309 308 4351 unus
333 4297 642 4370 Dominus,
665 4299 772 4355 sed
791 4316 947 4355 unus
971 4317 1074 4372 per
1088 4317 1270 4374 quem
1293 4303 1496 4357 omnia
1516 4302 1805 4373 intelliga-

149 4388 265 4451 tur,
280 4390 478 4442 utnon
496 4387 567 4443 sit
584 4391 749 4444 Pater
763 4404 867 4460 per
880 4405 1059 4461 quem
1073 4391 1299 4457 omnia,
1337 4391 1440 4447 sed
1456 4394 1623 4448 Pater
1645 4393 1807 4447 solus

149 4489 222 4529 ex
249 4489 372 4546 quo
399 4477 624 4543 omnia,
654 4482 710 4533 et
745 4478 918 4534 Filius
950 4479 1113 4535 solus
1141 4496 1246 4551 per
1271 4497 1451 4552 quem
1475 4481 1722 4538 omnia?
1750 4481 1806 4537 Si

149 4563 235 4620 ita
262 4569 372 4630 est,
409 4566 534 4636 jam
578 4567 820 4623 tandem
849 4567 1116 4624 fatemini
1163 4585 1350 4625 unum
1402 4571 1721 4625 Dominum
1752 4574 1809 4626 et

154 4656 342 4709 Deum
355 4659 625 4711 nostrum
643 4672 776 4712 esse
796 4660 1024 4713 Patrem
1038 4664 1091 4712 et
1109 4658 1335 4714 Filium.
1373 4659 1511 4727 Quis
1542 4661 1698 4714 enim
1713 4674 1802 4714 co-

146 4745 352 4814 gnovit
381 4759 608 4801 sensum
638 4746 878 4803 Domini
903 4748 932 4799 ?
960 4755 1064 4803 aut
1104 4748 1234 4818 quis
1266 4747 1647 4803 consiliarius
1677 4749 1807 4816 ejus

144 4832 266 4901 fuit
296 4832 322 4886 ?
347 4833 468 4888 Aut
508 4834 637 4905 quis
665 4835 836 4903 prior
872 4836 1032 4891 dedit
1064 4837 1178 4902 illi,
1220 4842 1272 4892 et
1315 4836 1669 4892 retribuetur
1698 4838 1751 4892 ei
1780 4834 1808 4891 ‘i

149 4920 433 4986 Quoniam
449 4938 525 4979 ea:
553 4923 699 4992 ipso,
717 4932 770 4980 et
784 4940 891 4994 per
909 4925 1117 4994 ipsum,
1133 4932 1185 4981 et
1205 4926 1268 4981 in
1279 4926 1402 4994 ipso
1415 4933 1552 4982 sunt
1571 4925 1770 4981 omnia
1787 4946 1810 4995 ,-

143 5010 264 5078 ipsi
291 5012 493 5080 gloria
525 5014 712 5083 (Rom.
749 5030 832 5081 χι,
867 5013 1076 5084 34-36).
1113 5018 1310 5086 Neque
1341 5016 1500 5070 enim
1534 5014 1705 5083 dixit,
1726 5017 1808 5070 Ex

148 5102 315 5155 Patre
346 5102 577 5171 omnia,
610 5109 666 5158 et
716 5119 820 5174 per
853 5103 1060 5159 Filium
1116 5106 1320 5161 omnia
1354 5121 1367 5171 ;
1402 5104 1527 5171 sed,
1561 5119 1635 5162 ea:
1659 5105 1807 5174 ipso,

144 5194 199 5244 et
221 5204 321 5258 per
342 5191 558 5259 ipsum,
591 5199 646 5246 et
671 5193 735 5247 in
767 5193 894 5262 ipso
930 5212 942 5256 ;
967 5209 1089 5264 quo
1112 5193 1269 5249 ci‘nisi
1291 5194 1564 5263 Domino,
1589 5195 1663 5250 de
1687 5211 1810 5266 quo

141 5277 570 5346 ait,Quisenim
583 5283 845 5350 cognovit
868 5296 1104 5338 sensum
1133 5283 1368 5338 Domini
1396 5285 1422 5339 ‘I
1445 5286 1521 5338 Ex
1561 5284 1812 5339 Domino

142 5382 291 5437 ergo
328 5375 384 5423 et
423 5385 527 5437 per
568 5371 887 5426 Dominum
919 5376 977 5426 et
1007 5372 1068 5426 in
1123 5373 1372 5428 Domino
1414 5373 1641 5439 omnia,
1690 5389 1811 5429 non

208 5503 222 5532 ¹
266 5500 418 5559 Edd.,
451 5503 814 5565 permixtione.
850 5505 913 5553 At
941 5504 1064 5554 Mss.
1086 5505 1236 5554 Vatic
1269 5506 1587 5556 etundecim
1609 5506 1811 5563 Gallic,

144 5566 513 5676 few-mansione
545 5579 560 5616 :
587 5567 796 5624 melius,
833 5571 1017 5616 nostro
1038 5568 1241 5631 judicio
1264 5583 1274 5625 ;
1306 5583 1601 5633 sensusque
1628 5572 1709 5618 est
1737 5569 1816 5617 Fi-

171 5627 284 5674 ium
319 5628 408 5676 Dei
441 5629 754 5676 crucifixum
786 5630 967 5676 fuisse.
996 5644 1104 5676 non
1132 5645 1195 5676 ex
1225 5645 1323 5676 sua
1349 5635 1543 5676 natura
1563 5647 1679 5676 num
1702 5646 1816 5676 ner.

171 5628 284 5674 ium
315 5628 408 5696 Dei
441 5629 754 5696 crucifixum
785 5630 967 5686 fuisse,
996 5628 1104 5681 non
1132 5645 1195 5680 ex
1213 5645 1323 5696 sua
1349 5628 1543 5682 natura
1563 5647 1679 5696 qum
1702 5646 1816 5695 per-

148 5691 370 5748 mansit,
399 5693 494 5742 sed
528 5706 592 5743 ex
611 5697 797 5745 nostra
823 5708 986 5760 quam
1017 5695 1267 5761 suscepit.
1373 5718 1379 5722 ·

1378 161 1878 222 EPISTOLABUM
1918 161 2211 222 CLASSLS
2253 165 2347 222 IV.

3461 167 3602 223 1046

1938 289 2055 347 alio
2096 290 2198 348 illo
2230 296 2286 347 et
2338 289 2455 347 alio
2504 289 2638 356 isto,
2679 289 2782 345 sed
2815 304 2938 345 uno
2963 288 3216 346 Domino
3244 307 3262 362 ;
3297 289 3442 363 quia
3474 307 3598 348 non

1935 379 2102 446 dixit,
2118 380 2264 452 Ipsis
2281 380 2489 450 gloria,
2507 379 2634 446 sed,
2651 379 2766 448 ipsi
2784 380 3003 450 gloria.

2004 469 2092 524 20.
2130 469 2298 535 Quod
2313 470 2359 524 si
2373 469 2701 541 quisquam
2727 468 2887 535 dicit,
2903 469 2962 523 id
2980 468 3145 540 quod
3161 469 3591 540 aitApostolus,

1933 573 2088 613 unus
2110 559 2387 615 Dominus
2411 560 2580 614 Jesus
2605 558 2877 615 Christus
2907 573 3012 626 per
3037 574 3207 629 quem
3221 559 3442 622 omnia,
3462 575 3585 615 non

1933 647 2178 717 intelligi
2209 663 2362 702 unus
2383 647 2700 714 Dominus,
2729 663 2839 702 nec
2873 663 3026 702 unus
3047 663 3150 718 per
3166 664 3347 719 quem
3366 649 3591 716 omnia,

1933 735 2038 791 sed
2054 752 2207 792 unus
2221 737 2384 792 Jesus
2399 736 2791 808 Christus,qui
2807 739 3132 791 unuslesus
3148 736 3408 792 Christus
3422 738 3594 794 etiam

1932 826 2221 882 Dominus
2245 827 2481 892 dicitur,
2512 841 2634 882 non
2668 830 2867 880 tamen
2900 830 2963 880 ut
3012 841 3167 880 unus
3199 825 3486 881 Dominus
3519 826 3594 883 sit

1934 931 2117 979 unus,
2146 915 2251 971 sed
2284 919 2346 970 ut
2373 916 2708 970 unuslesus
2729 912 2990 971 Christus
3020 932 3032 982 ;
3057 913 3204 985 quid
3225 914 3593 971 dicturusest

1934 1021 2070 1059 cum
2100 1004 2649 1060 audieriteumdem
2662 1002 3002 1075 apostolum
3019 1003 3401 1066 clamantem,
3427 1005 3590 1061 Unus

1935 1095 2237 1158 Dominus,
2279 1109 2400 1150 una
2422 1095 2587 1162 fides,
2617 1110 2800 1149 unum
2820 1093 3142 1162 Baptisma,
3175 1109 3324 1148 unus
3358 1095 3511 1148 Deus
3539 1097 3592 1150 et

1932 1183 2112 1239 Pater
2139 1183 2401 1239 omnium
2434 1183 2673 1254 (Ephes.
2703 1199 2779 1247 ιν,
2810 1187 2862 1246 5,
2897 1182 2950 1252 6)
2981 1181 3008 1238 ‘l
3038 1184 3184 1237 Cum
3214 1183 3370 1237 enim
3404 1183 3592 1238 Deum

1934 1273 2169 1327 Patrem
2204 1273 2299 1328 hic
2317 1277 2767 1337 commemoret,
2798 1271 3009 1336 ubiait,
3042 1273 3203 1327 Unus
3225 1273 3378 1328 Deus
3398 1278 3449 1328 et
3476 1272 3590 1328 Pa-

1935 1368 2024 1418 ter
2039 1362 2300 1418 omnium
2329 1378 2354 1428 ,°
2385 1361 2593 1433 procul
2614 1360 2799 1416 dubio
2830 1361 2889 1416 id
2915 1360 3080 1433 quod
3107 1361 3188 1416 ibi
3221 1361 3386 1426 dixit,
3428 1362 3590 1417 Unus

1935 1452 2239 1519 Dominus,
2255 1466 2433 1522 quem
2447 1450 2579 1514 ,nisi
2594 1453 2794 1505 Jesum
2811 1449 3108 1506 Christum
3126 1449 3305 1505 voluit
3320 1449 3591 1520 intelligi-

1924 1540 1993 1597 -Si
2015 1556 2155 1609 ergo
2173 1539 2257 1594 eis
2279 1539 2490 1611 placet,
2512 1538 2749 1594 desinat
2766 1554 2898 1593 esse
2919 1538 3207 1593 Dominus
3233 1542 3417 1604 Pater,
3442 1539 3590 1610 quia

1936 1645 2095 1684 unus
2121 1634 2208 1684 est
2249 1629 2536 1684 Dominus
2566 1630 2734 1682 Jesus
2764 1627 3050 1682 Christus.
3085 1628 3257 1691 Quod
3289 1628 3337 1681 si
3366 1628 3587 1683 absur-

1933 1718 2082 1774 dum
2113 1723 2170 1772 et
2199 1717 2457 1787 impium
2487 1719 2578 1772 est
2615 1715 2870 1786 opinari,
2913 1715 3217 1770 discamus
3265 1715 3591 1785 intelligere

1937 1807 2230 1862 unitatem
2257 1805 2442 1861 Patris
2473 1811 2529 1861 et
2560 1804 2684 1861 Filii
2710 1809 2764 1860 et
2786 1804 3034 1875 Spiritus
3067 1804 3255 1859 sancti
3286 1820 3299 1871 ;
3337 1809 3400 1859 ut
3425 1804 3591 1875 quod

1934 1896 2010 1952 de
2042 1911 2160 1952 uno
2195 1895 2322 1951 solo
2352 1895 2471 1950 Deo
2497 1894 2727 1950 dictum
2762 1894 2954 1959 fuerit,
2997 1909 3118 1948 non
3145 1894 3428 1948 continuo
3460 1910 3593 1964 pro~

1933 1985 2251 2042 hibeamur
2281 1986 2354 2039 de
2381 1983 2629 2054 Filioqvel
2653 1983 2726 2037 de
2748 1982 2970 2054 Spiritu
2992 1986 3197 2037 sancto
3220 1981 3544 2052 intelligere
3571 1997 3586 2037 :

1934 2075 2076 2147 quia
2108 2078 2275 2131 Pater
2311 2073 2555 2145 quidem
2587 2087 2708 2128 non
2737 2076 2831 2127 est
2855 2070 3046 2135 Filius,
3081 2070 3328 2126 etFilius
3354 2086 3475 2126 non
3503 2073 3592 2127 est

1933 2165 2120 2230 Pater,
2148 2168 2203 2220 et
2227 2163 2476 2235 Spiritus
2492 2163 2800 2232 utriusque
2817 2175 2939 2215 non
2959 2164 3044 2215 est
3071 2162 3238 2215 Pater
3251 2165 3354 2215 aut
3380 2159 3587 2226 Filius;

1935 2253 2041 2308 sed
2071 2256 2273 2309 tamen
2318 2257 2374 2307 et
2405 2251 2572 2306 Pater
2619 2254 2676 2306 et
2717 2249 2895 2304 Filius
2925 2253 2980 2304 et
3034 2249 3284 2321 Spiritus
3323 2253 3587 2315 sanctus,

1934 2358 2089 2398 unus
2121 2342 2279 2397 solus
2312 2345 2368 2397 et
2402 2356 2574 2395 verus
2609 2343 2693 2394 est
2728 2338 3015 2394 Dominus
3043 2340 3217 2393 Deus.

2004 2433 2228 2488 CAPUT
2255 2431 2344 2485 IV.
2382 2461 2445 2469 —
2476 2433 2535 2484 2i
2553 2469 2565 2481 .
2601 2432 2800 2500 Neque
2825 2428 2983 2482 enim
2998 2427 3248 2498 Spiritus
3271 2431 3512 2483 sanctus
3538 2426 3588 2483 si

1932 2524 2036 2575 aut
2056 2521 2210 2574 Deus
2233 2523 2528 2585 autverus
2543 2517 2698 2572 Deus
2721 2532 2841 2571 non
2859 2521 3032 2582 esset,
3051 2515 3339 2586 templum
3354 2517 3479 2586 ejus
3497 2532 3590 2571 es-

1933 2612 2064 2664 sent
2093 2623 2347 2678 corpora
2386 2610 2610 2662 nostra.
2642 2604 2911 2670 Nescitis,
2939 2604 3310 2675 inquit,quia
3332 2619 3588 2674 corpora

1931 2704 2129 2754 vestra
2159 2697 2444 2765 templum
2469 2695 2532 2750 in
2565 2694 2725 2752 vobis
2755 2699 2837 2750 est
2870 2692 3130 2762 Spiritus
3161 2693 3375 2759 sancti,
3412 2708 3584 2764 quem

1932 2787 2152 2843 habetis
2181 2801 2216 2841 a
2240 2784 2400 2841 Deo?
2431 2790 2486 2839 et
2510 2799 2583 2838 ne
2602 2784 2925 2854 quisquam
2954 2783 3156 2853 ipsum
3187 2782 3467 2854 Spiritum
3489 2798 3594 2839 ne-

1928 2881 2093 2948 garet
2110 2876 2314 2939 Deum,
2332 2871 2617 2928 continuo
2631 2876 2868 2928 secutus
2883 2871 2986 2934 ait,
3001 2871 3080 2926 Et
3091 2887 3204 2926 non
3227 2872 3364 2926 estis
3379 2871 3588 2928 vestri:

1926 2964 2107 3034 empti
2135 2963 2289 3020 enim
2313 2961 2448 3018 estis
2469 2960 2656 3031 pretio
2683 2974 2891 3030 magno
2923 2959 2964 3014 ί.
3000 2959 3341 3028 Gtoriﬁcate
3370 2974 3501 3029 ergo
3533 2967 3587 3017 et

1922 3059 2162 3123 portate
2187 3053 2372 3107 Deum
2401 3050 2461 3105 in
2493 3063 2740 3118 corpore
2762 3053 2969 3114 vestro,
2998 3062 3137 3101 eum
3165 3046 3383 3102 scilicet
3413 3048 3583 3117 cujus

1927 3142 2218 3213 templum
2249 3155 2505 3212 corpora
2532 3142 2737 3194 nostra
2750 3152 2877 3192 esse
2911 3134 3284 3208 praedixerat.
3308 3136 3438 3191 Jam
3468 3136 3583 3192 hoc

1924 3229 2192 3287 mirabile
2220 3235 2324 3295 est,
2354 3229 2403 3284 si
2432 3243 2642 3284 verum
2677 3230 2766 3282 est
2803 3225 2969 3298 quod
3009 3239 3113 3280 vos
3144 3224 3324 3280 audio
3360 3224 3576 3291 dicere,

1923 3321 2005 3376 ita
2042 3334 2169 3376 esse
2213 3319 2495 3390 Spiritum
2523 3319 2796 3372 sanctum
2858 3313 3152 3370 minorem
3199 3312 3360 3378 Filio,
3428 3313 3580 3371 sicut

1923 3412 2091 3465 Patre
2124 3409 2319 3464 minor
2349 3411 2434 3463 est
2466 3405 2660 3462 Filius.
2693 3405 2840 3460 Cum
2871 3403 3031 3460 enim
3071 3418 3323 3474 corpora
3373 3407 3578 3460 nostra

1922 3499 2194 3554 membra
2222 3498 2336 3552 sint
2367 3495 2581 3552 Christi
2613 3539 2628 3565 ,
2654 3493 2804 3550 sicut
2834 3493 2970 3549 dicit
2999 3491 3317 3563 Apostolus
3350 3510 3363 3559 ;
3395 3492 3571 3548 item-

1920 3603 2037 3660 que
2064 3602 2318 3659 corpora
2349 3590 2552 3641 nostra
2601 3583 2891 3656 templum
2924 3582 3039 3637 sint
3069 3581 3321 3653 Spiritus
3363 3581 3571 3646 sancti,

1919 3677 2069 3733 sicut
2094 3676 2254 3732 idem
2284 3675 2411 3747 ipse
2459 3673 2601 3730 dicit
2635 3671 2942 3744 apostolus
2975 3670 3020 3742 (Ι
3077 3672 3213 3727 Cor.
3253 3686 3328 3735 v1,
3368 3675 3447 3741 19,
3482 3675 3571 3740 20,

1923 3766 2030 3838 15),
2063 3765 2320 3822 nimium
2350 3764 2534 3819 miror
2581 3761 2890 3833 quomodo
2932 3762 3048 3815 sint
3078 3760 3355 3816 membra
3385 3761 3574 3830 majo-

1915 3857 2017 3922 ris,
2049 3855 2341 3927 templum
2373 3852 2640 3909 minoris.
2681 3851 2771 3906 An
2802 3850 2948 3906 forte
2974 3849 3103 3920 jam
3143 3848 3337 3921 placet
3375 3848 3572 3905 dicere

1916 3945 2196 4017 Spiritum
2223 3946 2499 3998 sanctum
2532 3939 2782 3997 Domino
2815 3941 2953 3995 Jesu
2984 3938 3215 3994 Christo
3238 3937 3573 4008 essemajo-

1914 4049 2042 4090 rem
2072 4034 2094 4088 ?
2125 4031 2363 4087 Videtur
2391 4031 2553 4086 enim
2579 4027 2895 4099 suffragari
2921 4027 3058 4083 huic
3089 4025 3358 4098 opinioni
3391 4027 3571 4082 etiam

1914 4122 2014 4179 illa
2044 4121 2336 4177 sententia
2369 4137 2381 4175 :
2419 4120 2711 4188 Quoniam
2733 4120 2838 4189 qui
2854 4117 3074 4173 dixerit
3100 4116 3342 4172 verbum
3363 4115 3572 4173 adver-

1913 4229 2043 4268 sum
2057 4213 2276 4268 Filium
2296 4209 2907 4275 hominis,remiltetur
2920 4207 2970 4263 ei
2988 4223 3004 4261 :
3022 4205 3125 4279 qui
3138 4213 3331 4264 autem
3347 4206 3570 4262 dixerit

1914 4304 2199 4360 adversus
2223 4301 2506 4370 Spiritum
2536 4304 2828 4364 sanctum,
2863 4314 2981 4353 non
3007 4298 3343 4352 remittetur
3372 4295 3442 4362 ei,
3476 4311 3572 4352 ne-

1915 4407 2026 4464 que
2049 4392 2111 4447 in
2136 4393 2245 4448 hoc
2259 4390 2492 4453 saeculo,
2521 4403 2709 4460 neque
2735 4387 2798 4442 in
2823 4387 3036 4455 futuro
3059 4383 3296 4455 (Matth.
3323 4398 3422 4449 xu,
3457 4383 3567 4453 32).

1916 4480 2306 4537 Periculosius
2339 4479 2497 4534 enim
2529 4481 2812 4548 peccatur
2841 4476 2901 4530 in
2931 4473 3225 4542 majorem
3279 4486 3464 4542 quam
3509 4471 3570 4526 in

1915 4570 2209 4624 minorem
2240 4585 2252 4622 :
2282 4582 2391 4621 nec
2423 4564 2686 4638 separari
2727 4564 2816 4620 fas
2854 4566 2944 4618 est
2992 4560 3202 4616 Filium
3234 4559 3496 4615 hominis
3535 4574 3571 4615 a

1916 4657 2056 4715 Filio
2077 4657 2196 4722 Dei,
2229 4655 2374 4729 quia
2405 4656 2528 4727 ipse
2549 4653 2723 4709 Filius
2743 4652 2838 4708 Dei
2858 4651 3050 4707 factus
3073 4648 3354 4705 estFilius
3372 4647 3569 4704 homi-

1914 4747 2025 4811 nis,
2060 4761 2181 4802 non
2214 4744 2502 4801 mutando
2519 4742 2684 4814 quod
2715 4745 2857 4807 erat,
2884 4740 2990 4796 sed
3012 4737 3376 4795 assumendo
3407 4737 3572 4810 quod

1915 4850 2035 4890 non
2069 4838 2210 4891 erat.
2230 4833 2342 4890 Sed
2375 4831 2727 4889 absitetiam
2743 4829 2872 4886 talis
2902 4829 3202 4901 impietas,
3229 4831 3290 4882 ut
3319 4827 3569 4898 Spiritus

1918 4932 2164 4982 sanctus
2196 4924 2392 4995 major
2420 4922 2562 4978 Filio
2590 4937 2720 4977 esse
2746 4919 3040 4976 credatur.
3067 4918 3195 4974 Non
3227 4931 3368 4988 ergo
3400 4915 3572 4971 facile

1915 5017 1976 5072 in
2008 5029 2353 5088 perversum
2386 5015 2669 5068 moveant
2693 5026 2830 5082 qua:
2853 5008 2936 5065 ita
2961 5008 3260 5070 dicuntur,
3281 5004 3456 5078 quasi
3484 5018 3574 5061 os-

1917 5105 2162 5161 tendant
2192 5103 2444 5158 alterum
2485 5100 2668 5158 altero
2701 5115 2832 5156 esse
2871 5098 3184 5168 majorem.

1987 5199 2073 5250 22.
2104 5197 2250 5251 Nam
2289 5193 2573 5265 quaedam
2604 5191 2785 5246 etiam
2835 5188 2919 5243 sic
2958 5187 3256 5254 dicuntur,
3292 5188 3355 5241 ut
3383 5183 3578 5240 homi-

1918 5285 2097 5340 nibus
2126 5299 2342 5356 parum
2396 5278 2861 5350 intelligentibus
2900 5281 2956 5332 et
2993 5276 3121 5347 ipse
3157 5273 3330 5330 Filius
3379 5273 3575 5344 major

1919 5375 2090 5429 Patre
2119 5371 2410 5427 videatur.
2443 5369 2586 5436 Quis
2607 5367 2766 5424 enim
2789 5382 2927 5422 cum
2953 5364 3126 5420 fuerit
3155 5363 3577 5432 interrogatus,

1920 5461 2068 5535 quid
2107 5461 2180 5516 sit
2209 5459 2424 5531 majus,
2460 5473 2665 5513 verum
2698 5470 2776 5513 an
2809 5455 3054 5519 veritas,
3084 5467 3206 5508 non
3239 5452 3436 5524 potius
3463 5466 3582 5508 res-

1988 5572 1999 5600 ¹
2033 5569 2484 5633 Mss.plurcs_non
2508 5565 2960 5633 babent_,magno_;_
2984 5574 3158 5625 neque
3176 5564 3382 5633 postea,
3408 5564 3584 5633 etpor-

1927 5637 2048 5686 tate,
2069 5623 2263 5696 quibus
2280 5630 2452 5696 verbis
2476 5642 2683 5696 graecus
2700 5623 3054 5696 textusnetiam
3067 5623 3229 5696 caret.
3249 5625 3418 5696 Atque
3441 5623 3585 5696 hunc

1926 5696 1980 5748 in
1997 5686 2219 5747 modum
2239 5686 2509 5762 profertur
2522 5689 3266 5757 identidemaChrysostomo,
3291 5686 3344 5737 et
3361 5686 3428 5737 ab
3445 5687 3581 5738 aliis.
