4140 6174
507 121 644 182 1047

507 249 775 324 pondeat
819 245 1132 302 veritatem
1185 258 1319 300 esse
1369 244 1713 316 majorem?
1743 245 1820 303 ab
1865 245 1966 302 illa
2001 246 2160 301 enim

510 355 653 396 vera
684 340 822 393 sunt
850 349 1245 407 quacumque
1273 349 1408 389 vera
1430 341 1587 388 sunt.
1605 337 1729 390 Non
1745 339 1946 391 autem
1968 336 2051 390 ita
2077 339 2163 390 est

513 432 574 487 in
610 431 746 484 Deo.
783 428 929 480 Nam
956 422 1162 478 Filium
1197 423 1488 493 majorem
1512 427 1674 479 Patre
1702 423 1904 495 utique
1931 439 2051 479 non
2082 423 2167 477 di-

513 519 742 581 cimus;
785 518 838 569 et
875 517 1074 568 tamen
1117 512 1291 567 Filius
1325 511 1534 568 dicitur
1572 529 1701 567 esse
1750 513 1964 568 veritas
1998 530 2010 567 :
2047 514 2168 583 Ego

510 622 661 673 sum,
689 602 898 674 inquit,
935 602 1055 667 via,
1079 609 1130 658 et
1160 604 1394 666 veritas,
1426 610 1475 658 et
1509 603 1630 658 vita
1653 603 1963 672 (Joan.x1v,
1981 602 2055 673 6).
2091 604 2169 656 De

511 699 679 750 Patre
711 696 911 748 autem
938 691 1358 747 tantummodo
1384 707 1491 746 vos
1531 691 1705 746 vultis
1733 691 1976 763 intelligi
2007 689 2172 763 quod

513 785 616 849 ait,
657 784 725 839 Ut
767 786 1124 852 cognoscant
1155 787 1209 836 te
1244 796 1430 835 unum
1462 796 1660 837 verum
1692 783 1899 845 Deum,
1923 787 1975 836 et
2002 795 2172 850 quem

513 872 726 929 misisti
748 873 947 927 Jesum
973 869 1267 925 Christum
1299 870 1406 940 (Id.
1427 870 1567 941 xvu)
1591 886 1604 935 ;
1639 870 1738 925 ubi
1763 886 1871 925 nos
1893 867 2176 924 subaudi-

520 979 656 1019 mus
676 962 854 1017 etiam
877 961 1076 1014 Jesum
1103 959 1401 1015 Christum
1426 975 1627 1014 verum
1649 963 1854 1026 Deum,
1891 965 1956 1014 ut
1978 959 2108 1014 haec
2127 975 2176 1016 ει

523 1050 815 1107 sententia
849 1067 860 1104 :
894 1051 968 1104 Te
1000 1054 1056 1104 et
1077 1064 1258 1120 quem
1292 1048 1498 1103 misisti
1527 1050 1729 1104 Jesum
1758 1049 2052 1104 Christum
2085 1063 2179 1102 co-

525 1144 817 1212 gnoscant
841 1154 1030 1194 unum
1059 1154 1263 1193 verum
1299 1140 1485 1192 Deum
1519 1157 1531 1205 ;
1556 1154 1629 1193 ne
1658 1138 1757 1193 illa
1779 1141 2184 1208 consequatur

525 1229 889 1294 absurditas,
912 1233 974 1282 ut
1002 1228 1047 1282 si
1065 1232 1377 1298 propterea
1393 1242 1511 1281 non
1541 1232 1628 1283 est
1646 1243 1820 1283 verus
1834 1228 1988 1281 Deus
2005 1227 2181 1281 Jesus

529 1319 816 1382 Christus,
869 1317 1012 1389 quia
1043 1316 1264 1372 dictum
1305 1321 1394 1371 est
1425 1317 1602 1385 Patri,
1652 1323 1707 1372 te
1753 1332 1937 1371 unum
1981 1331 2183 1371 verum

527 1410 709 1463 Deum
734 1424 756 1473 ;
790 1411 1100 1478 propterea
1133 1421 1254 1460 non
1277 1407 1347 1460 sit
1371 1405 1659 1461 Dominus
1687 1407 1870 1470 Pater,
1897 1405 2038 1476 quia
2067 1404 2185 1459 dic-

523 1501 652 1553 tum
684 1500 771 1551 est
798 1495 865 1550 de
881 1495 1127 1558 Christo,
1163 1494 2073 1550 unusDominus.Verumtamen
2101 1506 2188 1546 se-

528 1590 798 1640 cundum
831 1599 1082 1655 pravum
1116 1583 1502 1651 intellectum,
1544 1583 1636 1638 vel
1675 1584 1870 1655 potius
1902 1597 2184 1645 errorem,

530 1673 727 1743 major
744 1677 830 1727 est
865 1674 1015 1726 Deus
1037 1672 1482 1743 veritas,quam
1513 1674 1853 1726 Deusverus
1885 1688 1898 1737 ;
1932 1669 2074 1742 quia
2096 1684 2190 1724 ve-

529 1779 628 1818 rus
670 1777 705 1816 a
732 1761 974 1817 veritate
1006 1764 1094 1815 est
1127 1777 1139 1813 :
1175 1760 1696 1830 majorergoPatre
1712 1759 2188 1831 Filius,quiaiste

530 1856 619 1907 est
643 1851 882 1915 veritas,
918 1849 1013 1904 ille
1040 1865 1235 1904 verus.
1263 1849 1424 1904 Hanc
1455 1850 1906 1920 perversitatem
1930 1847 2089 1920 pellit
2118 1863 2190 1902 ex

526 1941 759 2006 animo,
794 1939 896 2010 qui
929 1938 1204 1994 didicerit
1235 1941 1466 1994 Patrem
1506 1954 1716 1994 verum
1747 1939 1936 1994 Deum
1954 1953 2085 1992 esse
2109 1937 2192 2007 gi-

532 2029 774 2100 gnendo
803 2029 1125 2093 veritatem,
1144 2044 1262 2084 non
1279 2028 1726 2099 participando:
1759 2044 1878 2083 non
1893 2031 2190 2083 estautem

533 2119 648 2177 alia
662 2118 998 2174 substantia
1012 2118 1134 2173 veri
1149 2117 1466 2187 gignentis,
1485 2117 1668 2173 etalia
1681 2118 1891 2188 genitae
1906 2116 2187 2172 veritatis.

603 2212 690 2265 23.
729 2209 843 2264 Sed
875 2224 1013 2263 cum
1047 2207 1122 2262 ad
1158 2207 1282 2262 haec
1315 2206 1784 2277 contemplanda
1816 2206 2090 2261 inﬁrmus
2121 2205 2194 2260 sit

529 2299 740 2354 oculus
753 2298 948 2354 cordis
961 2296 1622 2361 humani,acceditutde
1637 2296 2010 2351 contentione
2024 2295 2191 2350 etiam

532 2387 908 2444 turbulentus
928 2387 1018 2442 sit.
1042 2389 1108 2440 Et
1122 2385 1368 2457 quando
1384 2385 1492 2441 ista
1507 2385 1870 2456 conspiciet?
1885 2384 2033 2439 Dicit
2047 2383 2194 2439 Scri-

534 2487 711 2551 ptura
745 2477 951 2533 Filium
981 2476 1102 2540 Dei,
1120 2476 1432 2530 Dominum
1454 2481 1509 2530 et
1537 2474 1906 2530 Salvatorem
1922 2479 2192 2529 nostrum

536 2571 736 2624 Jesum
770 2567 1087 2630 Christum,
1117 2565 1373 2619 Verbum
1404 2563 1504 2619 Dei
1525 2579 1674 2629 esse,
1703 2569 1758 2619 et
1789 2564 2115 2628 veritatem,
2141 2566 2197 2618 et

547 2656 901 2728 sapientiam
938 2672 950 2721 ;
985 2653 1334 2708 ethomines
1365 2668 1502 2708 eum
1533 2657 1668 2709 ante
1695 2652 2188 2717 incarnationem,

554 2761 736 2819 quam
753 2744 826 2799 de
843 2743 1020 2800 Maria
1033 2742 1256 2812 virgine
1271 2742 1516 2814 accepit,
1536 2743 1663 2798 sine
1678 2742 1794 2798 ulla
1807 2743 2055 2798 omnino
2069 2759 2192 2797 sus-

540 2834 811 2906 ceptione
833 2848 1136 2905 corporea:
1164 2837 1447 2888 creaturae
1469 2848 1575 2904 per
1604 2833 1799 2904 ipsam
1832 2837 2110 2889 naturam
2140 2836 2198 2887 et

541 2923 944 2979 substantiam
967 2937 1160 2986 suam,
1184 2936 1305 2992 qua
1317 2921 1580 2977 Verbum
1596 2921 1694 2976 Dei
1710 2927 1816 2987 est,
1833 2926 1886 2976 et
1908 2920 2201 2993 sapientia

546 3013 668 3078 Dei,
703 3011 996 3067 visibilem
1010 3015 1066 3066 et
1094 3010 1538 3081 corruptibilem
1556 3010 1779 3081 dicunt,
1806 3011 1950 3065 dum
1969 3010 2081 3065 sibi
2101 3025 2202 3065 vo-

548 3102 678 3158 lunt
701 3107 972 3157 constare
990 3100 1153 3172 quod
1169 3099 1454 3165 sentiunt,
1475 3100 1547 3154 de
1576 3100 1744 3155 Patre
1777 3098 2201 3155 tantummodo

550 3208 677 3247 esse
707 3191 955 3256 dictum,
1017 3189 1330 3253 Invisibiti,
1364 3189 1831 3258 incorruptibiti,
1864 3190 1976 3245 soli
2003 3191 2118 3244 Deo
2158 3188 2202 3259 (Ι

560 3281 704 3343 Tim,
740 3298 774 3346 ι,
813 3279 917 3349 l7).
953 3281 1117 3348 Rogo
1148 3283 1221 3344 te,
1248 3278 1498 3332 verbum
1522 3277 1780 3332 hominis
1807 3293 1927 3333 non
1950 3283 2037 3332 est
2067 3278 2206 3332 visi-

552 3369 689 3436 bile,
718 3369 944 3424 nedum
974 3366 1232 3422 Verbum
1275 3365 1395 3421 Dei.
1439 3368 1569 3421 Jam
1601 3381 1741 3422 vero
1761 3366 2054 3438 sapientia
2087 3366 2204 3431 illa,

554 3458 628 3514 de
658 3474 778 3530 qua
807 3457 1034 3511 dictum
1065 3459 1174 3520 est,
1217 3456 1472 3526 Attingit
1512 3456 1727 3527 ubique
1762 3463 2008 3525 propter
2043 3472 2209 3512 suam

555 3546 911 3602 munditiam
937 3563 960 3610 ;
982 3551 1054 3610 et,
1079 3544 1248 3601 Nihil
1279 3546 1652 3616 inquinatum
1685 3545 1745 3600 in
1769 3561 1895 3602 eam
1922 3547 2213 3612 incurrit;

548 3642 637 3698 et,
655 3637 785 3691 lnse
804 3635 930 3704 ipsa
950 3634 1451 3691 manensinnovat
1477 3635 1690 3700 omnia,
1718 3640 1775 3691 et
1796 3635 1978 3707 siqua
2000 3635 2214 3691 similia

559 3741 694 3797 quae
723 3725 1026 3780 numerari
1065 3741 1184 3781 non
1217 3729 1474 3796 possunt
1506 3742 1520 3790 ;
1568 3725 1614 3778 si
1647 3724 2048 3796 corruptibilis
2105 3729 2212 3791 est,

562 3815 928 3887 nescioquid
957 3815 1309 3882 dicam,nisi
1338 3818 1399 3870 ut
1429 3814 1666 3870 doleam
1682 3814 2214 3886 praesumptionem

563 3905 918 3969 humanam,
952 3908 1008 3960 et
1038 3906 1218 3960 mirer
1257 3903 1605 3975 patientiam
1638 3903 1924 3959 divinam.

636 3995 723 4048 24.
765 3994 911 4048 Cum
932 4009 1074 4048 vero
1091 3994 1165 4048 de
1193 3992 1290 4047 illa
1308 3993 1534 4047 dictum
1558 3992 1652 4056 sit,
1688 3991 1926 4048 Candor
1956 3998 2037 4048 est
2064 3993 2217 4049 enim

570 4083 715 4138 lucis
730 4089 963 4137 aeternae
977 4083 1142 4152 (Sap.
1167 4098 1264 4146 vu,
1289 4083 1506 4152 24-27);
1532 4097 1639 4136 nec
1652 4082 1851 4150 vestri,
1868 4087 1930 4137 ut
1944 4082 2214 4148 arbitror,

566 4172 692 4242 jam
725 4171 930 4225 dicunt
955 4171 1148 4224 lucem
1182 4170 1365 4224 Patris
1395 4170 1552 4241 (quae
1578 4170 1722 4240 quid
1762 4176 1870 4235 est,
1902 4171 2015 4225 nisi
2044 4175 2058 4204 ¹
2091 4172 2220 4242 ejus

569 4259 909 4315 substantia
936 4259 984 4329 ?)
1005 4258 1183 4314 fuisse
1202 4258 1527 4330 aliquando
1547 4258 1673 4314 sine
1696 4260 1957 4314 candore
1985 4276 2020 4315 a
2044 4276 2106 4316 se
2126 4276 2222 4331 ge-

572 4350 715 4415 nito,
751 4349 903 4403 sicut
927 4349 1042 4404 ista
1066 4349 1124 4403 in
1139 4348 1846 4420 divinis'etspiritualibus
1874 4350 2222 4422 etincorpo-

569 4440 682 4496 reis
713 4443 767 4494 et
797 4437 1395 4494 incommutabilibus
1423 4438 1604 4503 credi,
1639 4443 2030 4512 etutcumque
2056 4439 2220 4496 intel-

571 4530 672 4599 ligi
705 4534 955 4600 possunt
989 4546 1001 4583 :
1039 4528 1218 4583 audio
1252 4528 1408 4583 enim
1436 4527 1563 4598 jam
1596 4544 1697 4584 eos
1724 4530 2099 4584 emendasse.
2135 4533 2222 4585 An

571 4619 721 4674 forte
752 4618 966 4673 falsum
1005 4622 1091 4672 est
1120 4617 1233 4673 hoc
1273 4633 1375 4672 eos
1408 4616 1733 4688 aliquando
1783 4617 2025 4685 dixisse,
2058 4619 2223 4691 quod

573 4707 744 4762 fuerit
768 4707 1092 4779 aliquando
1120 4710 1286 4762 Pater
1300 4707 1423 4762 sine
1445 4707 1603 4772 Filio,
1623 4712 1907 4778 tanquam
1924 4707 2097 4763 fuerit
2121 4708 2222 4764 lux

572 4801 793 4851 aeterna
824 4797 948 4850 sine
979 4796 1234 4851 candore
1257 4812 1434 4867 quem
1464 4796 1668 4865 genuit
1691 4795 1882 4861 ‘t‘Quid
1909 4811 2051 4866 ergo
2083 4797 2223 4852 dici-

573 4902 708 4942 mus
730 4886 757 4941 ?
798 4885 853 4942 Si
882 4890 1058 4941 natus
1088 4891 1176 4940 est
1207 4885 1378 4941 Filius
1413 4887 1511 4940 Dei
1542 4887 1616 4940 de
1646 4886 1832 4951 Patre,
1879 4886 2002 4956 jam
2052 4889 2222 4943 Pater

571 4976 792 5031 destitit
819 4979 1060 5046 gignere
1087 4975 1710 5046 ;etsidestitit,cmpit:
1747 4975 1797 5029 si
1828 4981 2027 5030 autem
2045 4977 2222 5048 ccepit

571 5067 814 5136 gignere
844 5065 947 5120 fuit
974 5063 1300 5136 aliquando
1318 5064 1443 5118 sine
1463 5063 1604 5120 Filio
1638 5064 1769 5129 ;sed
1786 5079 2094 5136 nunquam
2113 5066 2221 5122 fuit

542 5156 694 5211 —sine
720 5155 879 5220 Filio,
920 5154 1062 5225 quia
1096 5153 1270 5210 Filius
1306 5153 1436 5223 ejus
1470 5152 1762 5224 sapientia
1785 5154 1913 5223 ejus
1945 5159 2049 5217 est,
2084 5171 2218 5226 quae

568 5245 796 5300 candor
826 5243 1076 5298 estlucis
1102 5247 1360 5299 aeternae.
1397 5245 1546 5312 Ergo
1577 5257 1812 5313 semper
1829 5243 2213 5313 gignitPater,

567 5337 624 5390 et
654 5349 892 5405 semper
922 5332 1182 5388 nascitur
1203 5331 1394 5387 Filius.
1417 5332 1518 5387 Hic
1541 5347 1744 5386 rursus
1773 5332 2104 5387 timendum
2131 5337 2218 5389 est

568 5438 640 5477 ne
670 5429 904 5494 putetur
936 5421 1286 5495 imperfecta
1337 5421 1660 5491 generatio,
1694 5421 1904 5503 sinon
1941 5422 2216 5520 dicimqs

568 5557 683 5574 ιιι*
692 5559 712 5565 ’⁷
729 5559 783 5576 ’δ’ξδ
794 5559 888 5577 um

541 5622 543 5624 _
568 5559 1065 5639 “TLS‘ti'StQJ-di
1081 5559 1526 5639 's‘ubstantiaJSed
1560 5575 1875 5625 concinnius
1895 5573 2216 5639 aliaeIeditio-

567 5658 662 5696 nes
698 5643 749 5690 et
773 5638 917 5695 Mss.,
942 5639 1061 5690 nisi.

1783 119 1842 177 S.
1879 117 2264 176 AUGUSTINI
2308 118 2631 176 EPISCOPI

3792 110 3927 168 1048

2274 249 2483 302 natum
2512 261 2658 310 esse,
2688 244 2793 301 sed
2820 244 3373 316 nasci.Compatere
3387 237 3938 305 mecum,obsecro.

2275 336 2335 391 in
2365 336 2456 390 his
2488 334 2782 405 angustiis
2810 334 3092 390 humanae
3125 331 3500 402 cogitationis
3526 329 3858 398 etlinguaa,
3890 331 3939 380 et

2277 425 2493 496 pariter
2519 425 2937 494 confugiamus
2952 423 3026 479 ad
3044 423 3325 495 Spiritum
3345 421 3444 476 Dei
3463 436 3564 491 per
3578 418 3950 490 prophetam

2278 514 2577 569 dicentem
2610 533 2622 568 :
2655 514 3103 570 Generationem
3135 515 3262 583 ejus
3291 510 3421 583 quis
3443 507 3753 566 enarrabit
3785 505 3955 576 (Isai.

2279 620 2391 669 Lm,
2424 607 2475 662 8)
2498 604 2526 658 ?

2353 698 2440 748 25.
2467 696 2584 748 Hoc
2599 709 2786 748 unum
2801 698 2936 764 peto
2959 692 3197 748 interim
3217 695 3277 747 ut
3300 690 3613 759 diligenter
3635 686 3950 758 exquiras,

2286 788 2485 837 utrum
2519 782 2742 838 alicubi
2762 782 2965 837 divina
2980 781 3285 854 Scriptura
3303 779 3378 835 de
3391 778 3640 834 diversis
3665 776 3954 830 substan-

2284 872 2377 926 tiis
2408 872 2621 927 dixerit
2645 872 2811 943 quod
2842 888 3032 926 unum
3059 871 3202 925 sint.
3237 869 3293 926 Si
3314 871 3475 924 enim
3501 882 3622 922 non
3649 864 3956 920 invenitur

2286 961 2533 1025 dictum,
2562 961 2674 1015 nisi
2699 961 2772 1016 de
2805 960 2878 1016 iis
2907 960 3081 1016 rebus
3122 975 3275 1032 quas
3324 961 3558 1014 constat
3600 971 3736 1011 esse
3773 953 3954 1009 unius

2288 1049 2680 1120 ejusdemque
2711 1049 3063 1105 substantiae
3097 1067 3111 1115 ;
3145 1048 3292 1120 quid
3314 1063 3468 1119 opus
3501 1051 3588 1101 est
3619 1052 3682 1098 ut
3709 1042 3956 1098 rebelle-

2292 1154 2428 1194 mus
2448 1139 2733 1194 adversus
2750 1155 2952 1195 veram
2967 1145 3020 1194 et
3034 1137 3392 1194 catholicam
3417 1135 3599 1190 ﬁdem
3617 1135 3648 1192 ?
3674 1133 3731 1189 Si
3756 1141 3958 1189 autem

2291 1227 2822 1298 inveneris;alicubi
2835 1229 2946 1283 hoc
2959 1228 3246 1299 scriptum
3261 1227 3439 1281 etiam
3459 1224 3532 1280 de
3550 1223 3815 1278 diversis
3831 1224 3961 1278 sub-

2294 1316 2525 1373 stantiis
2556 1334 2569 1383 ;
2595 1323 2734 1372 tunc
2779 1317 2942 1372 aliud
2982 1332 3163 1386 cogar
3191 1316 3512 1387 inquirere,
3557 1313 3718 1368 unde
3761 1319 3960 1368 osten-

2294 1407 2437 1462 dam
2468 1411 2622 1462 recte
2651 1408 2898 1478 ὁμούσιον
2925 1405 3148 1460 dictum
3183 1408 3410 1460 Patrem
3441 1409 3498 1458 et
3539 1401 3773 1457 Filium.
3811 1405 3959 1457 Nam

2298 1498 2346 1551 si
2378 1495 2457 1550 illi
2487 1496 2590 1567 qui
2620 1495 2945 1565 scripturas
2973 1498 3207 1550 nostras
3239 1498 3342 1548 aut
3379 1492 3673 1556 nesciunt,
3699 1496 3812 1546 aut
3836 1507 3955 1546 non

2295 1584 2597 1641 laboriose
2641 1589 3002 1652 scrutantur,
3049 1588 3107 1638 et
3157 1588 3357 1637 tamen
3411 1581 3620 1636 Filium
3676 1579 3958 1650 ejusdem

2298 1674 2650 1730 substantiae
2675 1677 2728 1728 et
2759 1671 3056 1744 aequalem
3107 1671 3261 1727 Patri
3299 1671 3567 1735 credunt,
3611 1669 3827 1724 dicant
3882 1671 3962 1724 eis

2297 1765 2402 1834 qui
2435 1763 2549 1818 hoc
2581 1763 2792 1818 nolunt
2814 1761 3075 1826 credere,
3108 1776 3245 1816 cum
3274 1765 3477 1815 tamen
3506 1758 3694 1814 Deum
3725 1759 3960 1814 Patrem

2301 1852 2509 1908 Filium
2553 1851 2776 1906 habere
2809 1850 3183 1919 unigenitum
3235 1851 3500 1916 credant,
3550 1847 3754 1903 Noluit
3812 1849 3967 1902 Deus

2297 1941 2520 1997 habere
2551 1940 2843 2012 aequalem
2868 1940 3102 2003 Filium,
3136 1955 3212 1994 an
3242 1955 3363 1994 non
3391 1937 3581 2010 potuit
3606 1936 3633 1992 εἶ
3668 1937 3719 1992 si
3749 1937 3965 2001 noluit,

2299 2029 2535 2086 invidus
2569 2035 2659 2086 est
2687 2047 2699 2096 ;
2736 2030 2782 2084 si
2813 2045 2936 2085 non
2966 2029 3180 2100 potuit,
3204 2027 3479 2084 inﬁrmus
3499 2032 3586 2082 est
3619 2045 3632 2094 ;
3668 2027 3962 2081 utrumvis

2299 2125 2499 2176 autem
2525 2120 2740 2175 horum
2771 2119 2844 2174 de
2877 2118 2995 2174 Deo
3025 2117 3239 2174 sentire
3272 2116 3624 2186 sacrilegum
3666 2120 3758 2171 est
3791 2132 3804 2170 :
3842 2131 3964 2170 nes-

2300 2210 2391 2264 cio
2425 2214 2616 2264 utrum
2647 2208 2880 2279 possint
2933 2207 3198 2263 invenire
3228 2206 3370 2277 quid
3401 2206 3623 2270 dicant,
3677 2204 3728 2258 si
3773 2205 3964 2260 nolint

2300 2314 2393 2354 res
2424 2297 2898 2353 absurdissimas
2928 2301 2984 2351 et
3023 2294 3405 2351 stultissimas
3459 2293 3678 2349 dicere.

2375 2387 2604 2443 CAPUT
2627 2389 2689 2442 V.
2713 2418 2770 2426 —
2800 2387 2886 2441 26.
2906 2388 3050 2442 Ecce
3065 2390 3360 2457 quantum
3377 2385 3566 2455 potui,
3583 2384 3845 2454 exposui
3860 2384 3957 2439 tibi

2303 2476 2484 2532 fidem
2511 2492 2728 2531 meam.
2773 2475 2838 2530 Et
2864 2475 3035 2546 plura
3065 2475 3310 2546 quidem
3337 2473 3453 2528 dici
3481 2478 3768 2544 possunt,
3798 2477 3855 2527 et
3887 2474 3966 2526 di-

2301 2565 2576 2635 ligentius
2608 2564 2900 2635 disputari
2935 2581 2947 2630 ;
3003 2563 3110 2618 sed
3143 2578 3346 2618 vereor
3381 2577 3454 2616 ne
3485 2562 3598 2616 ista
3643 2561 3786 2631 ipsa
3836 2577 3964 2633 quae

2304 2655 2447 2724 dixi,
2471 2655 2633 2709 oneri
2663 2654 2782 2710 sint
2811 2653 3306 2724 occupationibus
3329 2651 3444 2706 tuis
3474 2667 3486 2705 :
3514 2655 3723 2706 tamen
3753 2666 3828 2706 ea
3854 2666 3967 2706 non

2308 2743 2503 2800 solum
2519 2743 2740 2799 dictata
2765 2741 3066 2797 conscribi
3095 2740 3394 2809 volui,sed
3423 2741 3602 2796 etiam
3622 2755 3820 2795 manu
3846 2757 3967 2795 mea

2307 2832 2741 2889 subscribenda
2765 2831 2969 2887 curavi
3004 2848 3016 2896 ;
3041 2830 3205 2904 quod
3228 2829 3472 2902 quidem
3499 2834 3754 2885 etautea
3781 2830 3968 2885 volue-

2307 2939 2459 2987 ram,
2496 2922 2545 2976 si
2572 2921 2738 2993 quod
2768 2922 2917 2977 inter
2943 2937 3052 2977 nos
3104 2919 3430 2992 placuerat,
3465 2925 3836 2974 servaretur.
3867 2919 3967 2975 Sed

2311 3012 2492 3067 modo
2519 3016 2672 3067 certe
2696 3015 2838 3082 puto
2862 3011 2987 3081 jam
3014 3025 3135 3065 non
3163 3026 3198 3065 a
3229 3013 3282 3066 te
3303 3008 3521 3064 debere
3546 3007 3668 3063 dici
3703 3008 3966 3064 timuisse

2311 3117 2408 3157 me
2431 3100 2531 3156 tibi
2547 3101 2740 3156 dicere
2756 3101 2934 3155 ﬁdem
2953 3116 3174 3165 meam,
3190 3098 3436 3172 quando
3449 3114 3574 3154 non
3595 3097 3805 3154 solum
3826 3099 3962 3153 dixi.

2313 3191 2419 3247 sed
2459 3190 2746 3262 scriptam
2800 3189 3154 3260 subscripsi,
3189 3205 3262 3244 ne
3313 3204 3406 3243 me
3446 3189 3786 3260 quisquam
3818 3188 3966 3242 dicat

2315 3280 2646 3336 autdixisse
2671 3279 2835 3351 quod
2851 3294 2969 3333 non
2986 3278 3130 3345 dixi,
3154 3283 3254 3332 aut
3283 3292 3403 3332 non
3419 3276 3644 3331 dixisse
3657 3276 3836 3347 quod
3861 3275 3974 3330 dixi

2319 3373 2436 3425 Hoc
2468 3369 2560 3424 fac
2581 3373 2636 3423 et
2659 3373 2738 3433 tu,
2778 3367 3074 3438 sijudices
3105 3364 3346 3438 quaeris,
3376 3381 3494 3421 non
3522 3365 3628 3436 qui
3659 3365 3723 3418 in
3757 3381 3860 3420 ore
3885 3371 3974 3419 tuo

2317 3461 2700 3514 revereantur
2723 3471 3044 3527 personam
3079 3462 3262 3520 tuam,
3298 3455 3402 3508 sed
3429 3455 3532 3525 qui
3559 3453 3852 3509 inlitteris
3873 3455 3976 3508 tuis

2319 3551 2594 3602 exserant
2633 3546 2966 3601 libertatem
3025 3560 3225 3600 suam.
3276 3543 3331 3600 Si
3389 3545 3550 3598 enim
3593 3543 3982 3611 ,calumniam

2321 3635 2694 3707 times(quod
2719 3635 2883 3690 nullo
2905 3633 3082 3690 modo
3116 3634 3401 3689 auderem
3448 3633 3670 3698 dicere,
3719 3634 3839 3688 nisi
3878 3634 3979 3688 hoc

2322 3728 2450 3798 ipse
2476 3725 2772 3795 dixisses),
2813 3724 2949 3778 licet
2981 3723 3084 3779 tibi
3129 3739 3248 3778 non
3290 3721 3671 3778 subscribere
3705 3736 3720 3774 :
3758 3739 3905 3778 nam
3934 3731 3980 3778 et

2322 3831 2433 3887 ego
2456 3819 2766 3886 propterea
2797 3813 2956 3868 nolui
2991 3827 3210 3867 nomen
3235 3817 3404 3867 tuum
3432 3811 3612 3867 scribi
3646 3812 3709 3867 iu
3729 3813 3829 3867 his
3849 3814 3982 3868 meis

2323 3904 2545 3970 litteris,
2563 3919 2635 3958 ne
2652 3903 2766 3958 hoc
2785 3901 2930 3957 forte
2945 3901 3265 3959 noluisses.

2396 3997 2483 4048 27.
2520 3991 2704 4048 Facile
2734 3995 2821 4047 est
2852 3996 2911 4045 ut
2941 3990 3611 4063 quisqueAugustinum
3629 3991 3841 4046 vincat
3874 4015 3884 4055 ;
3910 3991 3988 4045 vi-

2327 4082 2487 4138 deris
2517 4086 2714 4137 utrum
2738 4080 2978 4136 veritate
3001 4095 3077 4135 an
3109 4079 3387 4135 clamore.
3423 4081 3546 4134 Non
3568 4085 3892 4134 estmeum
3910 4079 3987 4134 di—

2329 4186 2479 4237 cere,
2513 4168 2967 4242 nisiquiafacile
2994 4180 3078 4224 est
3099 4170 3431 4241 utquisque
3444 4169 3861 4237 Augustinum
3877 4171 3983 4223 vin-

2329 4267 2422 4317 cat
2460 4278 2472 4315 :
2504 4265 2732 4331 quanto
2748 4260 2938 4328 magis
2967 4258 3254 4314 utvicisse
3270 4257 3537 4313 videatur
3560 4263 3698 4325 ;aut
3730 4260 3851 4314 etsi
3879 4273 3985 4313 non

2329 4351 2600 4406 videatur
2612 4349 2841 4414 vicisse,
2859 4354 3058 4404 tamen
3085 4348 3353 4403 dicatur?
3373 4347 3559 4403 Facile
3573 4347 3808 4403 esthoc
3827 4366 3841 4402 :
3858 4349 3984 4404 nolo

2333 4454 2622 4508 magnum
2661 4443 2853 4510 putes,
2887 4437 3026 4493 nolo
3063 4455 3077 4503 ;
3109 4436 3248 4492 nolo
3282 4452 3388 4508 pro
3435 4451 3661 4505 magno
3708 4445 3985 4509 appetas.

2332 4530 2477 4585 Nam
2509 4544 2644 4583 cum
2665 4525 3023 4583 adverterint
3042 4526 3321 4582 homines
3344 4526 3401 4580 in
3426 4525 3538 4581 hac
3553 4541 3616 4580 re
3647 4526 3987 4597 tamingen-

2333 4624 2448 4673 tem
2477 4617 2675 4673 famen
2709 4619 2728 4652 ³
2760 4616 2953 4672 cordis
2987 4616 3085 4682 tui,
3127 4615 3297 4670 multi
3330 4614 3684 4684 gaudebunt
3716 4631 3792 4670 se
3839 4617 3987 4671 inve-

2331 4705 2491 4760 nisse
2511 4705 2891 4761 occasionem
2912 4709 2974 4760 ut
3000 4704 3074 4759 ad
3103 4720 3295 4775 pauca
3317 4706 3495 4773 Euge,
3527 4705 3711 4772 Euge,
3741 4707 3881 4760 tam
3905 4720 3990 4776 po-

2333 4800 2546 4850 tentem
2578 4795 2768 4849 virum
2796 4793 3012 4849 faciam
3045 4794 3328 4848 amicum.
3361 4791 3506 4847 Nolo
3534 4791 3738 4847 dicere
3773 4796 3925 4865 quia
3952 4795 3988 4845 si

2329 4899 2449 4938 non
2479 4885 2733 4949 faveant,
2767 4882 2857 4938 vel
2902 4883 2950 4936 si
2981 4883 3338 4937 contrariam
3373 4881 3740 4936 sententiam
3806 4884 3990 4954 profe-

2329 4978 2482 5038 rant,
2511 4976 2687 5028 etiam
2730 4971 3054 5028 formidare
3094 4976 3372 5043 poterunt
3401 4971 3715 5026 inimicum
3751 4988 3767 5037 ;
3804 4973 3989 5044 inepte
4090 5007 4091 5044 ἡ

2327 5063 2568 5135 quidem
2599 5067 2653 5118 et
2685 5061 2880 5128 stulte,
2921 5061 3024 5116 sed
3067 5066 3266 5116 tamen
3293 5060 3564 5132 plerique
3594 5059 3894 5117 homines
3924 5063 3987 5116 ita
4090 5059 4091 5116 l

2327 5157 2483 5206 sunt.

2395 5245 2484 5297 28.
2515 5241 2638 5297 Noli
2657 5255 2797 5308 ergo
2813 5239 3119 5295 attendere
3139 5238 3449 5308 quomodo
3465 5238 3749 5294 vincatur
3767 5247 3987 5311 Augus-

2324 5331 2500 5397 tinus,
2524 5331 2986 5404 qualiscumque
3002 5345 3154 5382 unus
3179 5328 3362 5383 homo
3379 5345 3392 5394 ;
3408 5328 3509 5382 sed
3525 5333 3780 5383 attende
3799 5333 3985 5401 potius

2326 5425 2521 5475 utrum
2541 5421 2695 5474 vinci
2714 5420 2897 5491 possit
2919 5421 3184 5490 ὁμούσιον,
3205 5433 3324 5472 non
3343 5418 3540 5488 ipsum
3560 5417 3827 5473 verbum
3858 5435 3987 5489 grae-

2323 5527 2484 5575 cum,
2499 5509 2843 5582 quodfacile
2861 5513 2951 5563 est
2966 5523 3085 5562 non
3099 5506 3566 5576 intelligentibus
3581 5507 3862 5574 irridere,
3879 5507 3973 5562 sed

2391 5635 2554 5699 {Mss
2585 5635 2751 5686 Vatic.
2785 5636 2836 5684 et
2856 5632 3170 5713 sexGallic.,
3204 5634 3486 5697 ﬂammam.
