4138 6172
251 221 276 279 1
289 217 393 276 049

246 343 394 402 illud
418 339 583 415 quod
613 338 897 411 scriptum
925 338 1033 401 est,
1068 334 1189 405 Ego
1210 336 1262 389 et
1292 330 1471 386 Pater
1488 340 1673 383 unum
1703 334 1905 377 sumus

242 411 523 507 (Joan.—x,
557 430 648 501 30)
675 450 697 499 ;
728 432 804 491 et,
828 428 1012 483 Pater
1027 428 1250 490 sancte,
1265 434 1437 478 serva
1462 432 1554 475 eos
1585 415 1648 470 in
1670 411 1905 469 nomine

240 505 361 589 tuo,
395 536 539 595 quos
553 516 928 575 dedistimihi
956 516 975 551 ί
1006 519 1109 584 ;ut
1138 513 1254 568 sint
1276 524 1459 565 unum
1483 529 1505 577 ,-
1525 505 1677 562 sicut
1703 509 1752 558 et
1775 516 1899 558 nos.

236 615 382 670 Item
406 610 588 682 paulo
617 610 753 680 post
783 622 797 660 :
827 605 963 662 Non
978 618 1088 672 pro
1112 603 1202 658 his
1244 605 1441 657 autem
1472 610 1617 665 rogo
1647 597 1903 649 tantum:

239 702 452 774 inquit,
468 699 569 755 sed
593 703 646 753 et
675 711 786 766 pro
817 694 895 751 eis
913 694 1016 766 qui
1045 688 1330 749 credituri
1354 692 1491 743 sunt
1530 700 1639 754 per
1666 682 1905 740 verbum

238 773 442 849 eorum
472 789 536 844 in
562 802 652 843 me
681 808 702 856 ;
731 789 796 840 ut
811 799 1003 841 omnes
1036 797 1218 837 unum
1242 779 1404 843 sint;
1427 776 1677 839 sicuttu,
1702 773 1903 842 Pater,

241 881 302 938 in
335 894 447 945 me,
475 884 527 935 et
551 892 647 949 ego
672 876 736 931 in
758 881 832 941 te,
856 880 921 930 ut
948 878 1002 930 et
1030 872 1143 941 ipsi
1166 870 1229 925 in
1243 867 1412 924 nobis
1434 881 1618 921 unum
1648 864 1765 918 sint
1797 866 1903 927 ;ut

243 970 502 1028 mundus
517 966 722 1024 credat
744 964 887 1036 quia
911 969 974 1019 tu
987 959 1316 1018 memisisti.
1337 958 1412 1012 Et
1443 970 1539 1027 ego
1569 953 1903 1010 claritatem

244 1074 425 1132 quam
458 1054 672 1113 dedisti
704 1052 873 1117 mihi,
906 1050 1045 1109 dedi
1080 1049 1228 1112 illis,
1267 1050 1329 1102 ut
1360 1045 1477 1100 sint
1510 1059 1716 1108 unum,
1750 1043 1904 1097 sicut

246 1131 303 1207 et
328 1163 434 1204 nos
455 1161 638 1202 unum
671 1158 874 1199 sumus
902 1158 918 1197 :
957 1156 1060 1212 ego
1083 1140 1145 1195 in
1175 1137 1274 1203 eis,
1306 1140 1358 1193 et
1378 1141 1440 1191 tu
1472 1135 1531 1189 in
1558 1149 1667 1197 me,
1700 1139 1757 1186 ut
1783 1131 1905 1187 sint

250 1233 644 1295 consummati
674 1233 738 1287 in
769 1246 949 1286 unum
983 1229 1176 1300 (Joan.
1217 1241 1356 1289 xvii,
1400 1225 1486 1289 tt,
1523 1225 1729 1294 20-23).
1764 1220 1906 1275 Vide

250 1326 488 1399 quoties
518 1322 688 1387 dixit,
715 1320 838 1377 sint
866 1334 1072 1386 unum,
1105 1316 1255 1373 sicut
1282 1322 1335 1372 et
1367 1328 1472 1370 nos
1498 1328 1681 1368 unum
1704 1325 1907 1365 sumus

252 1428 561 1486 nusquam
590 1416 795 1468 tamen
843 1409 1010 1464 dixit.
1054 1407 1172 1478 Ipsi
1206 1409 1261 1461 et
1305 1419 1417 1459 nos
1450 1402 1636 1457 simus
1671 1414 1857 1455 unum
1890 1414 1905 1465 ;

255 1504 385 1574 sed,
426 1502 580 1559 sicut
604 1515 708 1572 ego
732 1504 787 1556 et
820 1505 883 1555 tu
896 1512 1098 1553 sumus
1121 1511 1326 1565 unum,
1353 1493 1501 1549 sicet
1521 1490 1636 1561 ipsi
1654 1490 1717 1545 in
1742 1488 1909 1544 nobis

259 1595 380 1651 sint
410 1608 594 1647 unum
625 1607 644 1646 :
674 1588 820 1663 quia
846 1588 997 1643 sicut
1023 1585 1103 1641 illi
1135 1582 1495 1640 erantunius
1518 1579 1911 1653 ejusdemque

257 1680 630 1745 substantiae,
646 1694 801 1752 quos
813 1677 988 1733 etiam
1007 1673 1183 1729 unius
1200 1671 1913 1745 participesvitaazcternai

258 1771 454 1828 facere
485 1768 720 1826 volebat
751 1784 765 1835 ;
800 1767 881 1823 ita
909 1766 983 1821 de
1022 1766 1185 1821 Patre
1216 1768 1271 1819 et
1298 1761 1442 1817 Filio
1455 1764 1770 1833 propterea
1796 1756 1916 1812 dic-

262 1866 391 1918 tum
423 1864 531 1929 est,
567 1859 758 1916 Unum
791 1870 1010 1921 sumus,
1043 1854 1187 1926 quia
1228 1852 1405 1907 unius
1450 1854 1589 1905 sunt
1618 1846 1917 1919 ejusdem-

262 1965 388 2023 que
409 1948 778 2013 substantiaa,
802 1952 859 2001 et
884 1960 1004 2001 non
1028 1941 1349 2015 participes
1374 1942 1508 1996 vitae
1530 1943 1782 2003 aeternae,
1812 1934 1919 1991 sed

265 2040 401 2111 ipsa
422 2036 827 2110 principaliter
848 2036 967 2090 vita
987 2038 1231 2090 aiterna.
1260 2033 1324 2086 Et
1352 2032 1587 2102 poterat
1615 2027 1812 2083 dicere
1834 2041 1920 2080 se-

271 2128 538 2185 cundum
552 2127 812 2184 formam
834 2124 1134 2192 servi,Ego
1149 2126 1203 2177 et
1218 2120 1332 2193 ipsi
1346 2135 1531 2175 unum
1548 2131 1782 2182 sumus,
1798 2120 1921 2184 aut,

268 2233 459 2274 unum
486 2216 676 2272 simus
700 2233 718 2287 ;
751 2230 861 2271 nec
887 2212 1217 2281 tamen,hoc
1238 2207 1556 2280 dixit,quia
1574 2221 1759 2262 unam
1784 2204 1925 2260 sub-

268 2307 552 2365 stantiam
592 2305 778 2361 Patris
807 2308 863 2360 et
895 2318 1092 2366 suam,
1124 2305 1179 2356 et
1212 2314 1397 2355 unam
1427 2295 1663 2352 illorum
1691 2293 1928 2351 volebat

269 2395 603 2455 ostendere.
649 2394 709 2450 Si
747 2396 946 2449 autem
991 2390 1256 2453 dixisset,
1300 2389 1368 2443 Ut
1403 2389 1465 2441 tu
1513 2390 1569 2441 et
1598 2383 1709 2457 ipsi
1740 2398 1928 2439 unum

269 2485 415 2554 sitis,
449 2485 601 2541 sicut
623 2498 734 2556 ego
755 2487 810 2538 et
835 2486 899 2537 tu
930 2495 1119 2537 unum
1147 2493 1389 2543 sumus;
1414 2478 1537 2540 aut,
1572 2476 1639 2530 Ut
1659 2478 1722 2529 tu
1743 2477 1795 2528 et
1818 2486 1929 2541 ego

269 2580 327 2633 et
357 2575 469 2648 ipsi
508 2589 697 2629 unum
728 2572 917 2627 simus
950 2571 1103 2625 sicut
1126 2583 1237 2639 ego
1270 2570 1325 2623 et
1356 2571 1419 2621 tu
1449 2579 1639 2619 unum
1673 2577 1880 2617 sumus
1913 2580 1929 2629 ;

272 2680 454 2721 nemo
484 2670 755 2719 nostrum
802 2662 1100 2716 recusaret
1132 2671 1311 2728 posse
1350 2654 1489 2718 dici,
1545 2654 1741 2708 Unum
1773 2654 1932 2717 sunt,

278 2754 459 2809 etiam
507 2753 774 2808 diversas
834 2746 1222 2805 substantias.
1292 2748 1459 2800 Nunc
1515 2745 1715 2798 autem
1769 2739 1936 2795 vides

285 2859 470 2918 quam
501 2858 624 2898 non
655 2842 736 2897 ita
761 2841 852 2911 sit,
886 2838 1032 2911 quia
1070 2851 1186 2892 non
1240 2836 1322 2890 ita
1372 2833 1541 2896 dixit,
1572 2836 1629 2886 et
1666 2844 1824 2902 saepe
1853 2830 1940 2885 di-

281 2932 477 2990 cendo
509 2931 893 2987 vehementer
923 2923 1368 2982 commendavit
1396 2921 1559 2993 quod
1591 2919 1759 2976 dixit.

1465 190 1973 256 EPISTOLARUM
2019 189 2309 248 CLASSIS
2331 188 2431 249 IV.

3520 169 3661 231 1050

2014 318 2160 390 quid
2191 316 2356 389 quod
2378 329 2501 372 non
2527 310 2799 375 dixerim,
2816 311 2918 366 aut
2946 320 3069 363 non
3081 301 3301 361 dixisse
3322 299 3484 390 quod
3498 299 3661 355 dixe-

2014 389 2149 463 rim.
2168 406 2399 463 Diceres
2420 408 2619 461 autem
2642 400 2789 457 mihi
2815 397 2996 454 ﬁdem
3022 399 3208 458 tuam,
3225 392 3272 447 si
3292 392 3407 447 hoc
3430 389 3658 445 diceres

2017 497 2176 553 unde
2206 496 2485 551 dissentis
2516 509 2551 549 a
2577 491 2752 548 nobis
2788 508 2801 559 ;
2830 489 2876 544 si
2908 487 3155 551 diceres,
3189 481 3371 539 Credo
3391 480 3455 535 in
3480 480 3659 535 Deum

2019 588 2281 651 Patrem,
2316 585 2419 657 qui
2445 584 2668 640 Filium
2695 579 2839 650 fecit
2860 576 3121 657 primam
3152 576 3492 629 creaturam
3523 573 3662 624 ante

2017 691 2212 732 omnes
2233 655 2472 731 caeteras
2498 677 2808 729 creaturas
2838 655 2866 737 ,ί
2883 672 2935 723 et
2976 666 3037 720 in
3067 664 3259 733 ipsum
3283 658 3527 721 Filium,
3554 670 3661 712 nec

2015 766 2300 838 aequalem
2336 764 2639 832 Patri,nec
2666 758 3050 824 similem,nec
3065 768 3264 809 verum
3279 752 3462 805 Deum
3487 763 3503 812 ;
3533 746 3663 801 etin

2014 836 2310 924 spiritum
2337 860 2627 915 sanctum,
2648 849 2878 919 factum
2893 842 3233 914 perFilium
3257 843 3388 908 post
3418 836 3663 891 Filium:

2013 946 2141 1001 haec
2168 944 2327 1000 enim
2360 958 2467 998 vos
2498 939 2678 995 audio
2700 924 2915 992 dicere.
2948 934 3061 987 Aut
3091 930 3141 985 si
3167 929 3313 984 forte
3338 926 3552 982 falsum
3580 925 3668 979 est

2016 1033 2181 1108 quod
2212 1033 2327 1088 ista
2352 1030 2581 1096 dicatis,
2614 1028 2728 1084 hoc
2761 1025 2957 1097 potius
2994 1021 3102 1076 abs
3148 1023 3202 1074 te
3245 1014 3383 1071 volo
3411 1013 3578 1068 scire.
3610 1011 3667 1068 Si

2017 1104 2219 1179 autem
2251 1136 2459 1177 verum
2488 1123 2577 1174 est
2604 1115 2768 1190 quod
2800 1115 2911 1169 ista
2936 1109 3148 1177 dicitis,
3191 1105 3327 1162 volo
3356 1104 3500 1159 scire
3521 1116 3665 1171 que-

2023 1211 2420 1268 madmodum
2462 1224 2533 1263 ea
2563 1207 2636 1262 de
2686 1200 2999 1275 Scripturis
3048 1195 3270 1253 sanctis
3308 1191 3664 1261 defendatis.

2020 1305 2186 1358 Nunc
2201 1306 2400 1356 autem
2416 1296 2613 1354 dixisti
2630 1294 2868 1350 credere
2883 1296 2936 1346 te
2950 1292 3010 1345 in
3032 1290 3212 1343 Deum
3230 1286 3467 1339 Patrem
3484 1278 3668 1335 omni-

2016 1396 2333 1464 potentem,
2368 1387 2745 1450 invisibilem,
2773 1379 3167 1437 immortalem
3196 1390 3337 1440 non,
3367 1372 3441 1428 ab
3468 1369 3668 1441 aliquo

2022 1459 2306 1553 genitum,
2340 1486 2391 1535 et
2406 1493 2481 1535 ex
2500 1491 2614 1548 quo
2628 1476 2764 1529 sunt
2785 1471 3002 1527 omnia.
3035 1469 3099 1522 Et
3112 1466 3175 1520 in
3196 1462 3416 1519 Filium
3431 1461 3557 1530 ejus
3576 1459 3671 1514 Je-

2022 1588 2150 1627 sum
2174 1569 2491 1632 Christum,
2518 1568 2697 1621 Deum
2723 1567 2932 1617 natum
2945 1564 3086 1614 ante
3105 1554 3343 1620 saecula,
3372 1565 3481 1619 per
3501 1563 3673 1620 quem

2022 1662 2193 1730 facta
2206 1655 2663 1715 suntomnia.Et
2680 1653 2743 1706 in
2758 1648 3054 1717 Spiritum
3071 1638 3509 1699 sanctumilaac
3523 1636 3673 1690 ﬁdes

2024 1765 2147 1805 non
2163 1744 2502 1814 esttua,sed
2526 1741 2829 1811 utriusque
2848 1740 3139 1797 nostrum;
3156 1724 3678 1803 quemadmodum

2027 1839 2078 1893 si
2095 1838 2191 1908 adj
2204 1813 2454 1905 ungeres
2466 1830 2626 1904 quod
2640 1827 2921 1884 eumdem
2938 1823 3147 1880 Filium
3167 1813 3680 1876 DeiJesumChris-

2028 1933 2145 1984 tum
2160 1904 2328 1982 etiam
2344 1923 2519 1980 Maria
2535 1922 2693 1989 virgo
2708 1912 3108 1988 peperit,quod
3126 1909 3345 1981 pariter
3358 1904 3674 1967 credimus,

2028 2022 2083 2074 et
2113 2017 2160 2071 si
2182 2031 2304 2088 qua
2333 2013 2450 2069 alia
2474 2008 2871 2067 communiter
2902 2000 3273 2058 conﬁtemur.
3306 1995 3362 2051 Si
3390 1993 3681 2048 voluisses

2104 2315 2159 2368 2.
2195 2314 2323 2368 Haec
2352 2312 2407 2364 et
2436 2319 2700 2379 praesens
2730 2300 3012 2362 dicerem,
3065 2295 3113 2349 si
3162 2286 3682 2365 quemadmodum

2036 2401 2367 2475 placuerat,
2392 2375 2574 2452 verba
2595 2396 2798 2449 nostra
2810 2387 3242 2459 exciperentur.
3274 2378 3386 2435 Sed
3416 2375 3687 2449 quiahoc

2040 2467 2298 2557 noluisti,
2329 2488 2533 2542 dicens
2560 2488 2612 2539 te
2638 2497 2673 2537 a
2703 2478 2876 2535 nobis
2903 2477 3109 2531 timere
3140 2469 3527 2529 calumniam,
3570 2467 3628 2519 et
3652 2477 3689 2517 a

2039 2580 2259 2652 placito
2281 2576 2374 2632 cui
2406 2588 2584 2630 mane
2608 2581 3021 2627 consenseras,
3071 2565 3207 2633 post
3246 2554 3571 2629 prandium
3603 2567 3691 2606 re-

2044 2642 2309 2738 cessisti;
2346 2663 2558 2737 utquid
2617 2661 2877 2717 dicerem
2932 2651 3118 2725 quod,
3170 2642 3691 2738 quemadmodum

2044 2760 2240 2826 velles,
2284 2771 2379 2811 me
2412 2753 2634 2809 dixisse
2664 2761 2961 2809 narrares,
3016 2746 3073 2796 et
3105 2754 3217 2808 ego
3256 2750 3375 2791 non
3407 2732 3694 2788 haberem

2046 2849 2205 2906 unde
2219 2817 2593 2904 ostenderem
2608 2837 2753 2911 quid
2766 2835 2855 2891 vel
2867 2826 3383 2904 quemadmodum
3401 2817 3693 2911 dixerim?

2046 2940 2171 2997 Noli
2201 2952 2338 3007 ergo
2371 2907 2878 2999 ulterius—jactare
2910 2920 3075 2993 quod
3117 2923 3178 2972 tu
3210 2915 3390 3007 ﬁdem
3420 2917 3586 3007 tuam
3611 2907 3698 3006 di-

354 3017 442 3069 29'
469 3009 933 3079 Invenisergom
955 3004 1272 3077 scripturis
1293 3001 1520 3093 aliquid
1546 3016 1731 3093 unu_m
1760 3001 1838 3093 ᾳῗ
1855 2998 1941 3054 di'
2011 3027 2225 3093 -xeris,
2257 2996 2314 3082 et
2341 3039 2453 3093 ego
2476 2996 2673 3076 meam
2704 3029 2825 3070 non
2848 3008 3097 3067 dixerim
3124 3023 3139 3071 ;
3164 3004 3311 3076 quia
3337 3004 3475 3055 sunt
3504 2996 3697 3052 homi-

285 3103 470 3159 versis
498 3099 744 3165 naturis,
774 3099 924 3154 sicut
954 3110 1137 3166 supra
1162 3092 1554 3155 ostendimus,
1574 3089 1678 3144 sed
1701 3088 1941 3144 additur

288 3191 379 3248 vel
396 3189 752 3247 subauditur
765 3187 909 3261 quid
924 3199 1141 3241 unum:
1163 3182 1396 3237 sicutex
1411 3179 1612 3235 anima
1625 3182 1713 3234 etc
1726 3192 1941 3249 orpore

290 3281 569 3349 dicimus,
606 3280 798 3358 Unum
850 3274 1096 3339 animal,
1129 3277 1184 3328 et
1214 3286 1335 3326 una
1373 3284 1650 3342 persona,
1694 3272 1749 3322 et
1786 3282 1943 3321 unus

289 3371 476 3426 homo
505 3369 599 3423 vel
616 3356 730 3432 est,
754 3364 1013 3421 velsunt.
1030 3363 1166 3418 Sine
1184 3362 1387 3432 aliqua
1403 3374 1538 3415 vero
1561 3356 1944 3427 adjunctione

294 3459 433 3527 dici,
448 3460 639 3515 Unum
652 3462 807 3522 sunt,
824 3455 870 3510 si
885 3452 1180 3510 inveneris
1202 3451 1262 3505 in
1281 3445 1741 3519 Scripturis,nisi
1764 3444 1838 3500 de
1869 3444 1943 3499 iis

289 3565 425 3622 quae
458 3547 637 3603 unius
663 3544 1014 3601 substantiae
1041 3538 1198 3608 Sunt,
1218 3534 1864 3611 justissimeﬂagitabis
1885 3536 1948 3589 ut

289 3637 453 3695 aliud
468 3634 1021 3709 proferamus,unde
1035 3633 1282 3703 ὀμούσιον
1296 3629 1693 3684 demonstrem
1704 3625 1948 3679 us.Sunt

289 3728 447 3784 enim
483 3730 538 3781 et
560 3726 680 3781 alia
707 3723 896 3779 multa
925 3738 939 3788 ;
965 3721 1070 3777 sed
1103 3719 1340 3775 interim
1369 3716 1444 3772 de
1459 3717 1572 3771 hoc
1594 3730 1713 3769 uno
1728 3713 1944 3782 cogita,

289 3816 568 3888 deposito
599 3814 798 3869 studio
828 3809 1249 3876 contentionis,
1279 3812 1341 3861 ut
1367 3805 1592 3861 habeas
1622 3802 1947 3876 propitium

291 3907 502 3963 Deum.
520 3908 647 3961 Non
675 3902 836 3959 enim
850 3902 1081 3958 bonum
1102 3896 1360 3954 hominis
1381 3898 1471 3950 est
1490 3893 1797 3949 hominem
1824 3890 1949 3945 vin-

292 4010 445 4062 cere,
480 3993 589 4050 sed
609 3994 836 4049 bonum
858 3996 947 4047 est
974 3988 1203 4046 homini
1256 3990 1317 4041 ut
1342 4000 1479 4040 eum
1508 3982 1723 4038 veritas
1748 3980 1950 4034 vincat

291 4085 587 4140 volentem
617 4100 632 4149 ;
662 4083 805 4156 quia
836 4080 1062 4137 malum
1090 4082 1182 4133 est
1210 4073 1439 4131 homini
1472 4076 1532 4128 ut
1554 4087 1692 4127 eum
1732 4069 1950 4125 veritas

291 4173 493 4229 vincat
514 4172 784 4228 invitum.
816 4173 964 4227 Nam
994 4169 1126 4239 ipsa
1171 4166 1374 4221 vincat
1400 4176 1640 4217 necesse
1685 4162 1792 4227 est,
1826 4156 1949 4211 sive

294 4266 616 4334 negantem
637 4256 1275 4316 siveconﬁtentem.Da
1295 4252 1552 4315 veniam,
1578 4249 1625 4304 si
1642 4247 1791 4321 quid
1807 4246 1953 4302 libe-

294 4353 419 4409 rius
444 4351 584 4416 dixi,
604 4366 727 4406 non
757 4348 833 4405 ad
866 4344 1295 4404 contumeliam
1320 4338 1623 4405 tuam,sed
1657 4337 1734 4395 ad
1753 4334 1952 4393 defen-

274 4441 529 4498 sionem
562 4434 1149 4507 meam.Prassumpsi
1170 4432 1332 4488 enim
1355 4430 1427 4486 de
1441 4429 1729 4501 gravitate
1750 4431 1954 4498 etpru-

297 4531 502 4587 dentia
530 4536 651 4599 tua,
691 4528 835 4601 quia
866 4531 1035 4599 potes
1068 4522 1448 4580 considerare
1480 4521 1771 4592 quantam
1808 4515 1953 4571 mihi

295 4618 701 4693 respondendi
725 4616 1144 4673 necessitatem
1161 4608 1521 4682 imposueris
1544 4610 1676 4674 ;aut
1705 4606 1751 4661 si
1774 4604 1957 4660 ethoc

299 4724 421 4766 non
444 4714 600 4765 recte
630 4707 759 4773 feci,
794 4710 848 4762 et
877 4705 1016 4760 hinc
1065 4703 1145 4758 da
1175 4699 1431 4756 veniam.
1468 4696 1608 4751 Huic
1648 4694 1955 4766 scripturas

300 4814 337 4855 a
368 4813 463 4853 me
493 4797 727 4854 dictatas
748 4800 801 4852 et
824 4793 1055 4850 relectae
1068 4806 1178 4861 ego
1202 4787 1570 4859 Augustinus
1605 4780 1956 4853 subscripsi.

731 4902 968 4959 EPISTO
978 4902 1064 4955 LA
1096 4895 1269 4954 CCXX
1282 4895 1391 4950 XIX
1432 4892 1530 4966 (a).

304 4993 670 5068 Augustinus
682 4989 1016 5055 Pascentio,
1035 4988 1111 5068 de
1122 4985 1323 5043 eadem
1338 4998 1402 5039 re
1424 4995 1641 5053 urgens
1666 4985 1730 5036 ut
1759 4979 1962 5049 expla-

890 5068 987 5119 net
1018 5059 1193 5127 ﬁdem
1223 5071 1412 5113 suam.

389 5163 433 5212 Ι.
464 5156 522 5212 Si
552 5154 700 5210 dicis
723 5156 776 5208 te
804 5151 948 5207 mihi
974 5148 1193 5205 dixisse
1222 5145 1404 5201 ﬁdem
1436 5147 1623 5207 tuam,
1652 5145 1709 5197 et
1742 5155 1834 5196 me
1863 5139 1963 5195 tibi

307 5245 571 5304 noluisse
592 5243 792 5299 dicere
817 5240 1001 5295 ﬁdem
1029 5252 1253 5303 meam,
1279 5232 1445 5307 quod
1476 5237 1526 5287 te
1550 5230 1730 5287 audio
1744 5244 1865 5285 non
1884 5233 1966 5285 ta-

309 5350 443 5393 cere
476 5352 491 5401 ;
525 5331 859 5394 recordare,
892 5328 1167 5393 obsecro,
1208 5340 1395 5397 quam
1429 5328 1748 5391 utrumque
1768 5318 1843 5373 sit
1864 5318 1969 5373 fal-

312 5441 469 5481 sum.
505 5426 653 5480 Nam
683 5435 793 5477 nec
821 5423 878 5474 tu
913 5416 1055 5473 mihi
1088 5413 1317 5470 voluisti
1348 5413 1542 5467 dicere
1568 5408 1747 5464 ﬁdem
1780 5413 1967 5473 tuam,

316 5520 499 5585 etego
513 5511 619 5567 tibi
643 5510 824 5566 ﬁdem
843 5522 1039 5563 meam
1068 5520 1187 5560 non
1217 5503 1413 5558 dicere
1428 5498 1590 5555 nolui
1611 5496 1747 5563 ;sed
1782 5496 1863 5551 ita
1888 5497 1972 5552 di-

316 5618 449 5660 cere
470 5601 631 5657 volui
647 5603 709 5655 ut
730 5612 908 5655 nemo
934 5593 1478 5668 possetdicere,aut
1501 5586 1724 5642 dixisse
1742 5601 1836 5640 me
1855 5585 1964 5641 ali-

379 5704 393 5735 ²
432 5700 588 5750 Gerv.
628 5697 747 5749 cod.
775 5700 825 5747 et
856 5695 1063 5758 aliquot
1096 5692 1185 5743 alii
1216 5687 1553 5758 liicaddunt,
1580 5684 1638 5733 de
1666 5684 1875 5758 mundo.

398 5748 670 5828 (aﬁ)vAlias
697 5763 826 5813 175:
863 5748 980 5824 que'e
1013 5760 1196 5809 autem
1231 5754 1323 5804 239
1350 5755 1483 5811 erat,
1508 5762 1652 5801 nunc
1682 5748 1760 5797 83.

2019 3134 2155 3175 ~nes
2185 3117 2289 3190 qui
2328 3084 2703 3169 cdnsiderent
2734 3118 2830 3159 me
2862 3098 3061 3173 potius
3090 3093 3376 3150 habuisse
3404 3084 3698 3143 ﬁduciam

2048 3180 2381 3272 ﬁdeiineaa,
2414 3201 2518 3273 qui
2541 3213 2674 3255 eam
2705 3191 2883 3249 scribi
2908 3183 3236 3250 voluerim;
3262 3185 3316 3236 te
3339 3180 3542 3233 autem
3574 3187 3699 3228 non

2049 3297 2356 3360 habuisse,
2372 3263 2517 3347 dum
2534 3285 2708 3360 quasi
2730 3277 3095 3339 calumniam
3112 3268 3497 3345 pertimescis.
3527 3263 3701 3318 Para-

2053 3394 2147 3444 tus
2174 3400 2310 3455 ergo
2341 3355 2472 3438 eras
2503 3355 2803 3447 negare,si
2816 3369 2917 3425 tibi
2944 3365 3300 3435 objiceretur
3314 3355 3702 3429 quodcontra

2050 3440 2461 3533 ﬁdemumeam
2494 3440 2733 3537 aliquid
2756 3457 2996 3515 dixeris.
3038 3451 3184 3508 Vide
3210 3462 3351 3516 ergo
3378 3442 3521 3517 quid
3553 3440 3628 3496 de
3647 3442 3701 3494 te

2054 3569 2183 3639 ipse
2214 3559 2414 3619 sentiri
2436 3555 2668 3613 feceris.
2702 3547 2933 3616 Quodsi
2957 3543 3263 3613 objectum
3294 3550 3415 3591 non
3444 3544 3686 3632 erasne-

2056 3621 2326 3727 gaturus,
2357 3663 2462 3705 cur
2492 3646 2717 3700 dictum
2734 3630 3194 3699 scribinoluisti;
3214 3621 3543 3699 praesertim
3565 3632 3706 3674 cum

2056 3711 2425 3813 magnopere
2448 3733 2737 3791 voluisses
2765 3726 2944 3782 etiam
2970 3723 3294 3777 honoratos
3317 3714 3476 3769 viros
3502 3711 3703 3765 nostro

2054 3797 2337 3891 interesse
2395 3820 2709 3881 sermoni?
2765 3816 2878 3871 Cur
2925 3826 3066 3881 ergo
3097 3806 3305 3863 volens
3338 3797 3708 3857 calumniam

2056 3923 2341 3982 devitarc,
2373 3912 2744 3972 notariorum
2792 3902 2994 3959 stilum
3041 3894 3315 3957 timebas,
3358 3894 3411 3945 et
3450 3882 3710 3942 clarissi-

2060 4025 2296 4070 morum
2336 4006 2601 4063 virorum
2624 3992 3028 4055 testimonium
3059 4000 3182 4042 non
3218 3978 3479 4038 timebas
3514 3974 3542 4030 ?

2129 4133 2183 4185 3.
2248 4127 2306 4183 Si
2338 4127 2544 4180 autem
2571 4118 2652 4173 sic
2682 4114 2772 4170 vis
2828 4115 2890 4166 ut
2944 4106 3125 4163 etiam
3154 4114 3268 4170 ego
3294 4097 3495 4152 dicam
3525 4089 3712 4185 ﬁdem

2060 4233 2281 4281 meam,
2314 4208 2626 4286 quomodo
2668 4211 2721 4261 te
2742 4202 2891 4259 dicis
2921 4196 3140 4253 dixisse
3166 4197 3354 4253 tuam,
3388 4198 3500 4254 ego
3528 4179 3712 4286 etiam

2059 4308 2300 4365 brevius
2321 4266 2578 4375 possum
2601 4297 2818 4356 dicere,
2841 4288 3080 4367 credere
3100 4297 3197 4338 me
3218 4280 3278 4334 in
3302 4278 3530 4330 Patrem
3550 4274 3605 4324 et
3634 4266 3718 4375 lii-

2243 4533 2353 4626 we—tw
2368 4533 2575 4624 liilium
2609 4566 2665 4618 et
2696 4556 2979 4631 Spiritum
3032 4550 3327 4611 sanctum,
3360 4553 3469 4594 nec
3506 4533 3717 4631 li‘ilium

2063 4664 2264 4721 dicens
2304 4660 2556 4721 Patrem,
2588 4666 2698 4707 nec
2736 4650 2969 4703 Patrem
3000 4639 3233 4702 Filium,
3265 4644 3374 4687 nec
3410 4624 3718 4695 utriusque

2068 4719 2351 4827 Spiritum
2384 4719 2660 4801 sanctum
2682 4737 2773 4795 vel
2804 4727 3136 4790 Patremvel
3171 4722 3377 4824 Filium
3408 4722 3493 4784 ;et
3514 4719 3718 4827 tamen

2066 4806 2305 4899 133nm
2321 4839 2531 4899 Deum,
2547 4837 2601 4887 et
2621 4829 2826 4887 Filium
2848 4825 3056 4888 Deum,
3071 4823 3126 4873 et
3149 4812 3429 4887 Spiritum
3446 4806 3721 4902 sanctum

2076 5339 2364 5453 prolixius
2396 5367 2801 5437 conscriptum
2830 5357 2967 5415 misi
3002 5345 3505 5443 Benignitati‘tuaa.
3540 5339 3729 5453 au-

2404 5424 2505 5515 tibi
2530 5424 2651 5511 non
2678 5448 3203 5516 vacatlegere,nec
3224 5434 3367 5492 mihi
3395 5432 3568 5523 vacat
3582 5424 3731 5521 frus-

2084 5563 2172 5612 tra
2201 5552 2386 5609 verba
2418 5550 2665 5619 jactare.
2702 5544 2949 5595 Possum
2968 5541 3191 5593 tamen,
3214 5526 3504 5599 quantum
3536 5510 3730 5614 Domi:

2086 5602 2202 5702 niis
2216 5602 2458 5697 dederit
2478 5630 2793 5694 facultatis,
2821 5625 2911 5682 vel
2927 5620 3171 5681 dictanti
3206 5617 3310 5673 tibi
3337 5612 3432 5670 vel
3453 5602 3731 5702 scribenti

2088 5699 2203 5809 ego
2236 5741 2479 5806 quoque
2520 5721 2613 5781 vel
2635 5717 2919 5779 dictando
2974 5714 3070 5773 vel
3108 5705 3426 5772 scribendo
3456 5705 3536 5764 ad
3569 5699 3736 5770 quod
