4140 6174
449 172 583 229 1051

446 296 705 355 volueris
725 296 1105 369 respondere.
1134 296 1279 351 Huic
1306 296 1767 368 scripturaame
1784 296 2013 354 dictata
2042 298 2100 352 et

467 388 701 445 relecta
730 403 841 457 ego
870 385 1235 455 Augustinus
1268 384 1622 458 subscripsi.

946 476 1276 531 EPISTOLA
1312 476 1481 532 CCXL
1512 477 1609 545 (a).

450 564 793 623 Pascentius
832 565 1233 635 Augustinum
1282 567 1703 623 contumeliose
1761 566 2097 634 compellat,

522 652 742 705 urgens
764 643 827 691 ut
856 638 1129 706 proferat
1156 636 1259 707 qui
1273 653 1335 694 se
1363 637 1553 693 tribus
1577 639 1845 706 personis
1858 640 1931 694 sit
1952 653 2101 694 unus

520 710 698 771 Deus,
730 708 812 764 ad
849 709 1184 778 conﬂictum
1207 709 1314 764 sub
1343 710 1589 765 arbitris
1614 726 1965 779 provocans.

458 848 463 851 .
521 798 872 866 Optaveram
905 802 972 861 te,
1000 800 1198 867 frater
1229 798 1865 871 dilectissime,pristini
1884 799 2101 857 erroris

451 885 539 943 tui
564 886 874 943 consilium
904 888 1227 956 deponere;
1248 903 1410 944 nunc
1422 888 1676 946 mirorte
1690 890 1753 945 in
1766 890 1892 958 ipso
1905 888 2105 946 adhuc

447 986 819 1048 permanere,
851 977 1001 1033 sicut
1029 977 1277 1046 epistola
1304 993 1483 1049 quam
1505 978 1587 1034 ad
1615 994 1706 1036 me
1732 978 1956 1044 misisti,
1986 979 2105 1035 cla-

453 1073 597 1122 mat.
625 1067 782 1123 Nam
804 1068 889 1122 ita
921 1073 1003 1122 est
1034 1066 1317 1137 Dignatio
1350 1073 1472 1132 tua,
1504 1068 1654 1123 sicut
1693 1069 1894 1126 sitiens
1925 1067 2107 1123 nimio

454 1156 655 1212 calore
681 1170 983 1220 accensus,
1013 1156 1064 1210 si
1086 1156 1373 1212 invenerit
1406 1171 1624 1229 aquam
1656 1173 1940 1214 caenosam
1967 1164 2017 1214 et
2048 1172 2108 1214 se

451 1245 592 1301 inde
620 1244 1127 1315 ingurgitaverit;
1180 1253 1397 1313 postea,
1445 1248 1672 1303 etiamsi
1704 1248 2009 1317 limpidam
2056 1253 2109 1303 et

448 1335 743 1407 frigidam
760 1336 1059 1403 reperiens
1081 1334 1433 1401 biberit,non
1449 1337 1591 1393 satis
1602 1338 1891 1407 proﬁcere
1897 1343 2105 1408 potest,

452 1423 930 1497 quandoquidem
950 1440 1107 1480 cano
1123 1424 1297 1483 semel
1328 1426 1455 1494 ejus
1486 1442 1589 1482 cor
1612 1428 1887 1483 etanima
1912 1427 2110 1483 obrui-

455 1520 572 1569 tur.
594 1512 872 1584 Denique,
901 1514 1062 1584 quod
1072 1529 1219 1582 pace
1231 1517 1335 1570 tua
1346 1514 1563 1581 dicam,
1586 1516 1673 1572 ita
1690 1523 1770 1571 est
1798 1516 2110 1571 consilium

453 1601 833 1657 Prastantia
856 1603 1157 1663 tua,sicut
1185 1602 1367 1658 arbor
1396 1619 1582 1660 curva
1612 1611 1665 1661 et
1698 1605 1945 1673 nodosa,
1980 1618 2112 1675 quae

456 1690 613 1746 nihil
638 1690 701 1745 in
740 1706 801 1747 se
819 1696 1041 1746 rectum
1070 1691 1266 1759 habet,
1295 1695 1347 1747 et
1373 1694 1559 1750 aciem
1596 1694 1889 1763 pervertit
1914 1694 2111 1749 oculo-

457 1795 614 1835 rum.
646 1779 929 1836 Rescribit
972 1780 1121 1835 mihi
1154 1780 1448 1838 Sanctitas
1479 1789 1582 1839 tua
1616 1785 1858 1840 Patrem
1898 1784 2112 1847 Deum,

453 1869 678 1925 Filium
708 1870 912 1934 Deum,
936 1868 1233 1937 Spiritum
1256 1878 1529 1928 sanctum
1551 1874 1756 1938 Deum.
1774 1873 1877 1929 sed
1902 1888 2110 1929 unum.

458 1959 669 2014 Deum.
697 1957 836 2025 Quis
862 1973 889 2013 e
911 1958 1098 2014 tribus
1120 1974 1277 2014 unus
1324 1960 1478 2017 Deus
1506 1961 1534 2014 ?
1568 1977 1647 2018 an
1674 1963 1834 2031 forte
1875 1968 1958 2019 est
1992 1978 2112 2020 una

456 2062 712 2118 persona
759 2047 1069 2117 triformis,
1104 2064 1233 2121 qua
1264 2050 1373 2106 hoc
1402 2051 1637 2107 nomine
1677 2058 2060 2122 nuncupetur
2085 2052 2116 2105 ‘2

472 2140 557 2194 Tu
583 2137 634 2192 si
658 2138 940 2194 voluisses
970 2144 1024 2194 et
1052 2138 1367 2205 conﬁderes
1380 2140 1453 2196 de
1480 2142 1844 2210 professione
1874 2148 1997 2208 tua,
2028 2157 2118 2199 re-

464 2228 682 2285 sideres
705 2241 931 2282 mecum
964 2242 1098 2283 cum
1138 2228 1491 2298 coepiscopis
1521 2231 1637 2287 tuis
1666 2246 1820 2301 puro
1850 2246 1921 2287 ac
1955 2231 2118 2300 paci-

464 2320 576 2389 ﬂco
615 2316 814 2373 animo
848 2323 899 2372 et
929 2316 1165 2385 spiritu,
1199 2322 1254 2374 et
1283 2319 1594 2389 conferres
1623 2321 1695 2376 de
1730 2320 1802 2376 iis
1830 2336 1962 2392 qua
1980 2326 2117 2378 sunt

468 2407 593 2473 Dei,
618 2411 674 2462 et
698 2421 827 2478 qua
850 2405 931 2462 ad
946 2405 1199 2476 gloriam
1222 2412 1276 2463 et
1302 2409 1567 2479 gratiam
1592 2410 1963 2479 spiritualem
1984 2426 2119 2480 per-

469 2498 676 2553 tinent.
723 2496 909 2560 Unde,
944 2496 1091 2568 quid
1114 2512 1260 2563 opus
1302 2504 1385 2554 est
1411 2498 1669 2557 scribere
1688 2505 1769 2555 est
1801 2499 2123 2557 rescribere

477 2601 621 2659 quos
661 2600 767 2641 nos
797 2601 915 2640 non
944 2584 1199 2653 aediﬁcat
1222 2585 1252 2637 ‘?

950 2672 1287 2729 EPISTOLA
1318 2675 1512 2732 ccxu
1535 2676 1629 2749 (b).

483 2760 860 2837 Augustinus
883 2762 1063 2837 Deum
1084 2778 1267 2820 unum
1306 2766 1643 2837 proﬁtetur,
1674 2766 2005 2837 triformem
2028 2781 2124 2824 ne-

542 2839 669 2905 gat,
713 2834 1056 2909 conﬂictum
1101 2850 1220 2891 non
1272 2836 1587 2902 detrectat,
1639 2839 1692 2893 si
1741 2834 2125 2909 excipiantur

542 2922 670 2977 qua
692 2905 1000 2961 dicuntur.

546 3000 594 3050 1.
623 2994 847 3050 Littera
871 2998 985 3051 tua
1006 3010 1116 3050 nec
1138 2994 1215 3051 ad
1238 2996 1557 3053 reddenda
1577 2998 1850 3055 convicia
1879 3014 1973 3055 me
1991 3014 2132 3071 pro-

472 3098 705 3151 vocare,
720 3099 829 3139 nec
852 3099 888 3139 a
914 3084 1235 3141 reddendis
1249 3085 1461 3143 litteris
1482 3102 1763 3144 revocare
1783 3092 2127 3160 potuerunt.

474 3176 555 3229 Ea
568 3174 792 3245 quippe
817 3189 953 3245 qua
968 3173 1274 3245 scripsisti,
1299 3180 1730 3242 moverentme,
1751 3177 1799 3233 si
1825 3193 1861 3235 a
1881 3178 2129 3235 veritate

473 3263 574 3319 Dei
626 3278 748 3319 non
788 3277 825 3318 a
853 3267 1146 3334 potestate
1189 3263 1461 3320 hominis
1508 3264 1863 3323 dicerentur.
1922 3267 2128 3325 Dixisti

472 3351 781 3409 consilium
804 3367 997 3408 meum
1020 3352 1296 3409 arborem
1325 3368 1571 3411 curvam
1595 3361 1647 3411 et
1661 3357 1967 3423 nodosam,
1999 3372 2130 3430 qua

475 3442 631 3497 nihil
658 3443 721 3496 in
751 3454 811 3497 se
831 3448 1055 3497 rectum
1095 3440 1289 3512 habet,
1314 3447 1371 3499 et
1399 3444 1586 3500 aciem
1625 3446 1911 3513 pervertit
1932 3448 2131 3503 oculo-

473 3546 631 3585 rum.
665 3529 820 3595 Quid
850 3530 907 3584 in
937 3545 1033 3585 me
1061 3528 1309 3595 diceres,
1355 3530 1407 3586 si
1456 3548 1491 3589 a
1536 3532 1754 3604 placito
1778 3534 1944 3607 quod
1975 3534 2130 3592 inter

470 3634 583 3675 nos
614 3634 793 3674 mane
819 3623 1239 3683 statueramus,
1254 3635 1367 3689 ego
1382 3622 1780 3690 recessissem,
1796 3628 1852 3679 et
1876 3624 1935 3680 in
1955 3640 2017 3680 re
2040 3624 2126 3682 fa-

470 3706 835 3778 cillimaqua
861 3712 1016 3763 recte
1047 3708 1637 3780 placuerat,curvam
1664 3712 2124 3782 refragationem

471 3801 528 3853 et
551 3795 747 3852 nodos
777 3795 1136 3853 difﬁcultatis
1149 3798 1742 3873 posuissem‘lNeque
1771 3801 1932 3858 enim
1963 3818 2127 3874 aqua

470 3900 718 3942 canosa
754 3886 1184 3956 ingurgitatum
1216 3902 1313 3943 me
1346 3887 1669 3959 judicares,
1698 3889 1803 3946 sed
1834 3890 2121 3963 perﬁdia,

469 3974 637 4044 quod
663 3974 848 4030 multo
870 3974 1041 4046 pejus
1070 3981 1177 4041 est,
1210 3976 1493 4035 ebrietate
1515 3977 1973 4046 submersum,si
1996 3996 2121 4036 non

471 4062 603 4118 talis
617 4068 752 4133 post
764 4063 1087 4134 prandium
1104 4063 1642 4138 rediissem,qualis
1654 4074 1787 4124 ante
1801 4068 2124 4139 prandium

466 4151 864 4206 recessissem.
876 4150 989 4207 Sed
1001 4167 1135 4206 ecce
1149 4154 1442 4224 numquid
1458 4170 1579 4209 non
1593 4157 1945 4228 rescripsisti
1958 4159 2123 4231 quod

469 4239 729 4305 voluisti,
763 4244 819 4295 et
834 4238 1064 4295 nullam
1081 4241 1447 4297 calumniam
1465 4243 1801 4301 formidasti
1825 4244 1854 4300 7
1874 4246 1967 4303 Sic
1980 4262 2122 4318 ergo

470 4333 642 4401 potes
694 4332 750 4384 et
796 4333 1029 4394 catera,
1062 4334 1124 4385 ut
1172 4330 1245 4385 sit
1276 4330 1441 4403 quod
1467 4332 1556 4387 vel
1589 4349 1699 4390 nos
1730 4334 1863 4407 ipsi,
1896 4335 1991 4392 vel
2021 4336 2121 4393 alii

443 4418 707 4491 .possint
735 4417 1113 4475 considerare
1147 4423 1204 4475 et
1228 4419 1521 4490 judicare.
1555 4422 1729 4488 Quod
1755 4426 1917 4481 enim
1969 4426 2120 4482 dicis

467 4507 794 4565 triformem
814 4508 912 4564 Dei
926 4524 1245 4580 personam
1263 4525 1356 4565 me
1369 4512 1687 4579 credere,si
1699 4513 1893 4586 legere
1907 4515 2119 4587 digna-

469 4602 565 4653 tus
592 4596 800 4652 fuisses
825 4597 991 4669 quod
1021 4597 1185 4654 aliud
1208 4598 1516 4672 aliquanto
1546 4602 1838 4673 prolixius
1867 4606 2024 4671 misi,
2063 4611 2122 4663 et

469 4684 549 4742 ad
579 4700 642 4741 ea
672 4685 895 4757 quaibi
917 4687 1137 4758 scripta
1150 4691 1658 4761 suntrespondere
1672 4693 1961 4751 voluisses
1977 4714 1990 4764 ;
2005 4695 2120 4752 hoc

470 4773 723 4831 fortasse
754 4790 875 4831 non
907 4774 1154 4832 diceres.
1184 4777 1297 4833 Sed
1327 4784 1526 4836 tamen
1541 4795 1675 4836 ecce
1690 4786 1745 4837 et
1775 4782 1889 4839 hoc
1920 4784 2119 4856 ipsum

470 4861 637 4938 quod
663 4861 993 4918 triformem
1021 4864 1119 4920 Dei
1134 4880 1454 4938 personam
1473 4868 1696 4935 dicam,
1714 4876 1769 4926 et
1794 4871 2047 4945 dictasti,
2065 4882 2121 4931 et

440 5010 445 5017 ,
467 4952 875 5025 conscriptum
889 4952 1431 5021 misisti,etnullam
1444 4957 1808 5015 calumniam
1832 4962 2076 5018 timuisti
2104 4980 2115 5019 :

470 5057 607 5100 ecce
637 5040 956 5099 ostendisti
982 5058 1185 5098 verum
1214 5058 1344 5099 esse
1363 5046 1527 5117 quod
1547 5046 1700 5118 dico,
1732 5064 1852 5105 non
1883 5050 2017 5107 ideo
2039 5056 2115 5119 te,

468 5132 621 5188 sicut
636 5131 943 5205 placuerat
964 5147 1103 5188 cum
1138 5132 1315 5189 simul
1344 5150 1640 5203 essemus,
1666 5138 1847 5195 verba
1878 5145 1980 5197 tua
1996 5141 2118 5198 dic-

466 5226 592 5279 tare
622 5221 904 5289 noluisse,
937 5222 1079 5293 quia
1118 5222 1483 5280 calumniam
1522 5224 1803 5297 timebas,
1838 5230 1942 5285 sed
1977 5231 2121 5303 quia

442 5366 445 5371 λ
470 5310 544 5368 de
570 5311 815 5369 veritate
836 5327 958 5368 non
972 5311 1339 5369 conﬁdebas.
1364 5313 1533 5370 Modo
1557 5315 1701 5387 quia
1709 5316 1831 5387 jam
1862 5317 1965 5373 tibi
1997 5319 2120 5392 pla-

470 5401 591 5456 cuit
616 5401 839 5458 dictare
861 5417 941 5457 an
976 5400 1308 5458 triformem
1341 5402 1439 5458 Dei
1471 5418 1796 5477 personam
1823 5407 2067 5465 credam
2100 5425 2114 5477 ;

468 5491 806 5560 respondeo
831 5506 926 5547 me
958 5506 1077 5547 non
1110 5490 1192 5546 ita
1216 5492 1482 5548 credere:
1520 5509 1637 5548 una
1668 5495 1892 5569 quippe
1924 5496 2119 5556 forma

536 5613 608 5684 (Aa)
638 5612 782 5684 alias
807 5616 901 5684 illi
925 5632 937 5663 :
967 5630 1087 5680 qua
1113 5620 1293 5667 autem
1324 5618 1417 5684 249
1453 5620 1583 5675 erat,
1613 5632 1757 5670 nunc
1777 5622 1854 5672 63.

536 5676 604 5741 (ὁ)
640 5673 786 5726 Alias
813 5677 901 5729 177
925 5693 937 5729 :
966 5673 1085 5746 qua
1120 5684 1303 5732 autem
1331 5680 1422 5731 241
1454 5673 1585 5742 erat,
1621 5696 1765 5735 nunc
1790 5684 1867 5736 62.

1685 213 1692 220 .
1728 169 1791 227 S.
1824 166 2213 228 AUGUSTINI
2252 163 2579 224 EPISCOPI

3726 164 3882 232 1053.

2207 296 2313 359 est,
2348 291 2516 364 quia
2546 306 2687 357 una,
2718 294 2785 349 ut
2820 291 2906 349 ita
2938 291 3160 358 dicam,
3208 289 3424 361 deitas,
3452 292 3510 348 et
3536 289 3679 349 ideo
3708 306 3875 349 unus

2206 383 2362 439 Deus
2392 384 2559 438 Pater
2579 385 2636 438 et
2666 381 2843 439 Filius
2868 388 2926 439 et
2956 380 3211 453 Spiritus
3240 385 3505 439 sanctus.

2276 474 2328 527 2.
2360 473 2441 526 Tu
2470 474 2695 537 autem,
2729 474 2887 542 peto,
2917 470 3182 541 digneris
3206 470 3473 527 breviter
3501 468 3883 541 respondere

2207 560 2514 633 quomodo
2526 560 2787 632 accipias
2819 560 2986 633 quod
3006 560 3091 617 ait
3115 559 3457 630 Apostolus,
3480 558 3883 631 Quipdharet

2205 648 2715 713 meretriciunum
2734 664 2945 718 corpus
2976 656 3095 720 est,-
3124 649 3227 721 qui
3255 648 3743 718 autempdhasret
3763 648 3883 703 Do-

2208 738 2389 806 mino,
2414 753 2565 793 unus
2592 738 2840 806 spiritus
2869 744 2955 796 est
3003 738 3049 808 (l
3085 738 3223 795 Cor.
3256 754 3332 804 vi,
3388 738 3471 801 16,
3509 738 3617 809 l7).
3642 735 3881 793 Diversi

2210 828 2371 884 enim
2400 843 2577 883 sexus
2604 842 2860 899 corpora
2885 827 3000 884 sibi
3022 827 3408 898 adharentia,
3436 842 3631 883 unum
3651 842 3883 897 corpus

2210 916 2598 973 dixit.Etcum
2621 915 2863 986 spiritus
2894 917 3204 973 humanus
3245 915 3411 972 nullo
3453 915 3638 973 modo
3680 915 3887 987 possit

2209 1004 2546 1074 dicere,Ego
2558 1010 2613 1061 et
2630 1005 2916 1062 Dominus
2930 1021 3012 1062 un
3026 1022 3129 1062 um
3147 1021 3381 1071 sumus;
3396 1009 3597 1062 tamen
3612 1019 3761 1060 cum
3775 1003 3884 1059 ad-

2211 1094 2392 1150 haret
2407 1094 2681 1160 Domino,
2713 1110 2867 1150 unus
2889 1093 3134 1166 spiritus
3153 1099 3239 1151 est
3264 1110 3278 1150 :
3303 1100 3531 1165 quanto
3545 1093 3746 1163 magis
3782 1091 3885 1148 ille

2211 1182 2630 1256 quijverissime
2643 1183 2809 1252 dixit,
2828 1184 2954 1255 Ego
2967 1190 3023 1241 et
3042 1186 3225 1241 Pater
3252 1199 3439 1240 unum
3452 1198 3658 1238 sumus
3670 1182 3885 1253 (Joan.

2212 1290 2271 1338 ι,
2302 1272 2414 1344 30),
2444 1272 2587 1345 quia
2620 1272 3098 1344 inseparabiliter
3152 1272 3310 1330 Patri
3337 1271 3617 1337 coharet,
3648 1272 3785 1343 ipse
3829 1275 3889 1327 et

2214 1362 2385 1419 Pater
2432 1377 2590 1417 unus
2624 1364 2776 1418 Deus
2810 1370 2899 1418 est
2925 1362 2953 1418 ‘l
2984 1363 3040 1419 Si
3092 1366 3295 1420 tamen
3348 1362 3442 1417 vel
3472 1362 3587 1418 hoc
3619 1360 3888 1416 verbum

2216 1450 2547 1508 admittitur
2571 1452 2631 1507 in
2658 1450 2759 1507 illa
2803 1450 3135 1517 divinitate,
3180 1456 3243 1508 ut
3271 1450 3570 1519 dicamus,
3606 1449 3885 1514 cohaeret.

2215 1540 2379 1612 quod
2394 1556 2710 1613 nunquam
2727 1542 2978 1597 omnino
3004 1540 3093 1596 vel
3109 1540 3219 1596 fuit
3251 1540 3341 1597 vel
3368 1555 3497 1597 esse
3517 1539 3734 1611 poterit
3758 1538 3889 1595 ulla

2216 1629 2495 1686 distantia
2525 1634 2894 1702 separatum.
2930 1629 3012 1685 Ad
3036 1629 3152 1686 hoc
3185 1629 3507 1700 responde,
3537 1634 3743 1684 utrum
3776 1627 3889 1683 tibi

2218 1718 2452 1791 placeat
2468 1717 2789 1775 biformem
2819 1718 3099 1790 spiritum
3129 1718 3522 1791 dici,quando
3542 1718 3648 1790 qui
3678 1716 3890 1774 adha-

2217 1813 2306 1864 ret
2328 1808 2687 1874 Domino,un
2696 1823 2765 1863 us
2783 1808 3025 1880 spiritus
3035 1807 3326 1874 est.Quod
3340 1807 3391 1863 si
3404 1805 3509 1864 tibi
3520 1822 3643 1863 non
3661 1805 3890 1877 placet,

2218 1911 2330 1953 nec
2353 1911 2467 1966 ego
2497 1894 2826 1953 triformem
2860 1899 3047 1953 Deum
3073 1895 3190 1954 dixi
3235 1899 3474 1953 Patrem
3504 1901 3561 1952 et
3581 1895 3803 1952 Filium
3835 1900 3896 1952 et

2220 1985 2505 2058 Spiritum
2550 1989 2848 2051 sanctum,
2883 1986 2988 2041 sed
3019 2000 3203 2042 unum
3254 1986 3468 2047 Deum.
3506 1983 3568 2041 Si
3588 1989 3801 2041 autem
3828 1984 3895 2040 in

2219 2074 2538 2147 prasentia
2550 2075 2638 2129 vis
2657 2079 2718 2130 ut
2733 2073 3418 2146 colloquamur,gratiam
3431 2073 3677 2145 quidem
3689 2073 3896 2129 habeo

2219 2163 2552 2233 dignationi
2577 2167 2635 2218 et
2656 2163 3092 2220 benevolentia
3116 2167 3253 2220 tua.
3275 2162 3393 2220 Sed
3412 2162 3566 2220 sicut
3571 2163 3708 2234 jam
3738 2161 3895 2218 mihi

2221 2253 2385 2310 aliud
2410 2252 2577 2325 quod
2606 2251 2844 2309 voluisti
2889 2252 3219 2309 rescribere
3250 2252 3533 2322 dignatas
3560 2267 3657 2318 es;
3686 2252 3777 2307 ita
3796 2251 3896 2307 di-

2224 2357 2407 2413 gnare
2438 2341 2765 2398 rescribere
2812 2341 3144 2398 dictaturas
3174 2356 3287 2397 nos
3329 2356 3464 2397 esse
3486 2356 3627 2413 qua
3669 2340 3897 2397 dicturi

2225 2447 2455 2502 sumus,
2491 2436 2547 2487 et
2577 2446 2701 2487 non
2732 2430 2912 2488 deero
2944 2430 3235 2487 voluntati
3266 2435 3404 2496 tua,
3430 2435 3736 2504 quantum
3794 2446 3897 2486 me

2226 2521 2522 2592 adjuverit
2544 2521 2853 2577 Dominus.
2882 2522 3029 2576 Nam
3053 2520 3104 2575 si
3130 2518 3610 2589 scﬁbisetscribo
3635 2535 3765 2576 non
3783 2536 3899 2576 nos

2224 2610 2504 2681 adiﬁcat;
2519 2611 2831 2683 quomodo
2845 2624 2956 2666 nos
2967 2608 3226 2666 adiﬁcat
3245 2609 3391 2667 dicis
3403 2616 3455 2666 et
3469 2608 3739 2675 dico,ubi
3757 2614 3897 2681 post

2226 2699 2549 2756 verborum
2570 2698 2885 2770 strepitum
2899 2713 3021 2754 non
3041 2697 3425 2755 inveniamus
3444 2699 3611 2771 quod
3627 2698 3898 2768 legendo

2205 2803 2650 2845 .recenseamus
2679 2788 2709 2845 7
2738 2787 3105 2859 Augustinus
3156 2787 3272 2845 haec
3295 2787 3537 2855 dictavi,
3576 2794 3631 2845 et
3654 2787 3901 2846 relectis

2226 2878 2563 2947 subscripsi.
2596 2876 3018 2932 Abstineamus
3035 2892 3194 2932 nosa
3218 2876 3528 2944 conviciis,
3549 2892 3625 2932 ne
3647 2880 3897 2949 tempus

2229 2967 2481 3024 inaniter
2506 2966 2930 3038 impendamus
2949 2982 2964 3032 ;
2983 2970 3039 3022 et
3050 2965 3127 3023 ad
3140 2965 3200 3022 id
3216 2966 3381 3039 quod
3395 2966 3591 3037 agitur
3602 2966 3764 3024 inter
3784 2982 3900 3023 nos

2234 3056 2435 3130 potius
2446 3054 2853 3113 advertamus.

2657 3183 2993 3241 EPISTOLA
3027 3182 3251 3240 CCXLll
3289 3183 3307 3201 '
3337 3182 3440 3256 (a).

2231 3310 2605 3383 Augustinus
2628 3310 2854 3381 Elpidio
2878 3309 3114 3378 ariano,
3142 3310 3398 3381 probans
3410 3308 3635 3377 Filium
3664 3312 3770 3369 Dei
3783 3328 3902 3370 esse

2303 3402 2412 3458 Deo
2432 3400 2715 3472 aqualem
2744 3400 3127 3472 genitumque
3156 3414 3235 3457 ea:
3255 3401 3400 3469 ipso,
3448 3416 3565 3457 non
3594 3402 3843 3470 factum
3874 3419 3893 3467 ;

2301 3490 2591 3560 spondens
2602 3488 2771 3546 etiam
2787 3504 2845 3547 se
2868 3489 3071 3546 ariani
3090 3488 3408 3559 cujusdam
3424 3489 3628 3547 libello
3647 3491 3901 3561 plenius

2301 3594 2737 3655 responsurum,
2769 3578 2821 3635 si
2847 3578 3034 3637 otium
3062 3584 3117 3637 et
3137 3578 3406 3649 facultas
3436 3578 3635 3636 detur.

2233 3687 2488 3745 Domino
2503 3685 2723 3742 eximio
2737 3685 3066 3757 meritoque
3078 3684 3422 3742 honorabili
3435 3684 3895 3744 etdesiderabili

2708 3774 2935 3832 ELPIDIO
2960 3776 3003 3841 ¹,
3037 3778 3410 3831 Ausus'rmus.

2304 3882 2499 3948 l.Quis
2515 3884 2785 3938 nostrum
2808 3884 2964 3938 erret
2989 3880 3047 3936 in
3064 3880 3181 3938 ﬁde
3200 3880 3293 3938 vel
3322 3881 3387 3937 in
3412 3880 3764 3953 cognitione
3780 3882 3901 3940 Tri-

2227 3971 2453 4042 nitatis,
2476 3970 2593 4027 alia
2620 3975 2640 4007 ¹
2667 3970 2923 4043 quastio
2936 3971 3308 4027 est.Gratum
3323 3985 3469 4027 sane
3498 3969 3700 4028 habeo
3728 3973 3901 4045 quod

2228 4077 2346 4127 me,
2379 4061 2661 4133 quamvis
2692 4060 3064 4131 incognitum
3086 4060 3256 4128 facie,
3288 4065 3489 4117 tamen
3516 4061 3662 4134 quia
3693 4077 3899 4119 errare

2227 4149 2547 4216 credidisti,
2576 4164 2851 4206 revocare
2875 4149 2951 4206 ab
2964 4164 3162 4205 errore
3188 4153 3445 4205 conatus
3462 4165 3545 4206 es.
3574 4150 3775 4222 Hujus
3792 4151 3899 4208 tibi

2227 4238 2659 4296 benevolentia
2680 4238 3013 4295 mercedem
3040 4237 3327 4295 retribuat
3357 4240 3589 4305 Deus,et
3622 4255 3811 4297 nosse
3844 4246 3899 4298 te

2225 4329 2401 4385 faciat
2423 4328 2588 4401 quod
2611 4343 2786 4384 nosse
2818 4332 2871 4384 te
2903 4331 3088 4400 putas
3123 4343 3135 4383 :
3163 4343 3261 4385 res
3288 4327 3447 4384 enim
3470 4328 3664 4386 ardua
3692 4334 3811 4397 est,
3838 4336 3901 4388 ut

2224 4418 2516 4475 existimo.
2545 4420 2609 4474 Et
2632 4433 2840 4491 quaso
2876 4422 2928 4473 te
2966 4433 3039 4473 ne
3066 4416 3126 4473 in
3141 4417 3327 4474 ullam
3356 4418 3738 4475 contumelia
3763 4436 3901 4492 par-

2225 4512 2345 4564 tem
2375 4508 2698 4574 acceperis,
2740 4506 2904 4579 quod
2934 4506 3041 4563 tibi
3072 4510 3252 4563 tanta
3285 4507 3643 4579 cognitionis
3668 4525 3901 4567 munus

2223 4597 2446 4670 optavi.
2476 4599 2689 4653 Vereor
2720 4596 2880 4653 enim
2912 4611 2986 4653 ne
3021 4596 3281 4669 opinata
3319 4597 3578 4653 scientia
3608 4600 3902 4670 prajudi-

2224 4686 2404 4754 cium,
2426 4688 2475 4741 si
2497 4702 2617 4742 non
2650 4690 2954 4758 pracepta
2971 4701 3281 4758 vera,qua
3310 4701 3702 4759 nequaquam
3728 4689 3815 4745 ad
3845 4698 3898 4748 te

2224 4776 2367 4832 mihi
2389 4776 2815 4846 arrogaverim,
2846 4779 2906 4833 at
2937 4779 3091 4831 certe
3120 4774 3287 4833 bona
3325 4780 3462 4832 vota
3483 4780 3715 4844 nostra,
3750 4795 3893 4851 qua

2224 4866 2369 4922 mihi
2395 4865 2569 4921 etiam
2619 4863 2860 4921 indocto
2889 4864 3114 4921 habere
3159 4864 3235 4920 de
3262 4868 3316 4922 te
3360 4864 3494 4921 licet
3541 4866 3694 4938 (non
3726 4869 3895 4925 enim

2223 4955 2428 5028 perite,
2452 4954 2557 5010 sed
2584 4954 2775 5010 amice
2791 4953 3133 5011 exhibenda
3160 4955 3343 5024 sunt),
3366 4954 3613 5027 repellat
3633 4956 3895 5015 abauri-

2223 5044 2339 5100 bus
2368 5043 2506 5110 tuis,
2533 5043 2853 5115 potiusque
2884 5042 3027 5098 mihi
3047 5057 3402 5100 succenseas
3431 5043 3598 5117 quod
3626 5059 3756 5102 non
3786 5048 3895 5103 tibi

2218 5134 2346 5206 jam
2361 5133 2513 5188 sicut
2528 5133 2769 5205 sapienti
2784 5132 3323 5204 gratulatus,quam
3335 5133 3556 5204 gratias
3569 5148 3722 5205 agas
3734 5136 3891 5207 quod

2224 5222 2329 5280 tibi
2352 5221 2708 5294 sapientiam
2737 5221 3242 5293 deprecatuslsim.
3264 5220 3697 5279 Verumtamen
3712 5224 3763 5279 si
3778 5240 3893 5295 ego

2222 5316 2463 5385 portans
2489 5310 2843 5384 episcopalis
2865 5310 3127 5366 nominis
3149 5311 3465 5379 sarcinam,
3482 5309 3891 5370 libentissime

2284 5436 2390 5500 1an
2416 5435 2787 5500 Mss.ialiquot,
2812 5434 3074 5500 Helpidio.
3110 5434 3168 5484 ln
3198 5435 3341 5499 aliis,
3376 5435 3631 5487 Helvidio.

2287 5501 2304 5529 ²
2325 5499 2477 5553 ΕΜ..
2509 5498 2702 5561 aliqua.
2728 5500 2803 5561 At,
2822 5498 2971 5561 Mss.,
2999 5498 3127 5561 alia.

2286 5560 2690 5626 {Cori-ecta’ad
2717 5576 2765 5610 α.
2793 5560 2882 5625 bg.
2909 5560 2979 5609 bl.
2998 5560 3162 5626 bn._c.
3183 5575 3260 5613 cc.
3295 5561 3346 5611 tl.
3374 5576 3426 5626 g.
3457 5575 3545 5625 gv.
3564 5575 3685 5613 n.r.
3726 5577 3769 5613 s.
3789 5564 3867 5614 sb.

2226 5628 2265 5675 t.
2295 5624 2431 5674 duos
2463 5638 2542 5673 vc.
2578 5628 2810 5675 quatuor
2837 5622 2886 5672 ἰν.
2921 5627 2973 5673 et
2997 5622 3128 5673 Edd.

2289 5689 2359 5753 (a)
2389 5686 2536 5767 Alias
2565 5686 2654 5737 150
2688 5702 2700 5738 :
2732 5700 2852 5756 qua
2880 5690 3061 5739 autem
3092 5688 3188 5739 2t2
3215 5691 3345 5752 erat,
3374 5701 3520 5751 nunc
3538 5689 3624 5745 ει,
