4138 6172
252 163 403 223 8053

251 287 582 361 amplector
610 287 1083 350 benevolentiam
1098 292 1286 357 tuam,
1299 288 1464 362 quod
1477 305 1574 349 me
1594 290 1833 346 Bonoso
1851 292 1909 345 et

249 377 486 442 Iasoni,
504 381 570 434 ut
581 376 810 444 scribis,
825 377 1184 436 doctissimis
1200 378 1356 445 viris,
1371 378 1553 436 etiam
1567 382 1730 435 trans
1742 392 1908 433 mare

248 468 481 525 mittere
507 467 793 538 dignatus
819 483 902 534 es,
933 467 1011 523 ad
1042 468 1439 539 reportandos
1454 484 1527 525 ex
1556 484 1767 525 eorum
1791 466 1907 523 dis-

247 556 666 630 putationibus
683 556 895 612 uberes
914 556 1166 625 fructus;
1182 558 1346 630 quod
1358 558 1617 631 denique
1631 557 1708 614 ad
1721 557 1908 613 deter-

249 646 481 718 gendas
510 647 688 703 totius
720 646 933 702 erroris
954 646 1260 717 caligines,
1290 647 1561 704 libellum
1587 646 1907 719 cujusdam

247 735 521 809 episcopi
533 733 960 805 vestriingenio
981 735 1278 792 etviribus
1298 736 1693 799 elaboratum,
1710 735 1788 791 ad
1815 750 1909 793 me

246 824 674 899 perferendum
691 824 940 881 sollicita
964 826 983 861 ¹
1018 824 1382 895 benignitate
1406 825 1655 881 curasti:
1677 829 1906 897 quanto

246 914 590 987 estmquius
622 919 675 970 te
705 913 869 972 bono
898 914 1104 970 animo
1135 914 1424 986 accipere,
1475 914 1641 986 quod
1670 930 1742 969 ea
1771 930 1906 985 qua;

243 1003 411 1060 nullo
438 1003 706 1059 humano
736 1002 979 1072 ingenio
1031 1008 1088 1059 et
1126 1002 1354 1059 viribus
1384 1002 1514 1059 dari
1565 1007 1838 1074 possunt,
1870 1018 1907 1059 a

243 1092 505 1148 Domino
531 1092 653 1148 Deo
678 1092 783 1147 tibi
813 1097 875 1149 ut
900 1091 1306 1149 concedantur
1319 1092 1519 1163 optavi
1542 1090 1904 1162 ‘tApostolus

244 1180 411 1238 enim
434 1180 656 1254 inquit:
673 1181 809 1238 Non
820 1180 1098 1250 spiritum
1114 1181 1289 1252 hujus
1314 1180 1525 1238 mundi
1548 1179 1903 1249 accepimus,

241 1270 341 1327 sed
360 1271 653 1339 Spiritum
679 1270 784 1343 qui
802 1285 877 1328 ex
900 1270 1016 1327 Deo
1048 1279 1168 1341 est;
1199 1276 1264 1326 ut
1290 1272 1546 1327 sciamus
1576 1284 1755 1341 quea
1788 1271 1904 1325 Deo

244 1358 466 1417 donata
479 1359 795 1415 suntnobis
812 1376 828 1414 :
843 1374 975 1431 qua
987 1366 1039 1416 et
1054 1359 1355 1431 loquimur
1368 1375 1486 1415 non
1499 1359 1686 1415 doctis
1702 1358 1900 1415 huma-

244 1465 335 1505 nas
362 1450 669 1519 sapientia
692 1449 902 1514 verbis,
918 1449 1020 1505 sed
1039 1449 1193 1505 docti
1211 1448 1461 1517 Spiritu,
1484 1447 1903 1518 spiritualibus

242 1538 589 1606 spiritualia
634 1543 1070 1607 comparantes.
1121 1538 1424 1594 Animalis
1475 1543 1672 1594 autem
1730 1536 1903 1593 homo

240 1641 360 1683 non
406 1627 665 1697 percipit
689 1642 821 1699 quae
847 1633 987 1683 sunt
1018 1626 1283 1696 Spiritus
1342 1626 1452 1683 Dei
1474 1643 1493 1681 :
1527 1626 1787 1682 stultitia
1817 1632 1901 1685 est

241 1716 398 1773 enim
426 1716 528 1774 illi
555 1717 598 1788 (Ι
631 1716 763 1773 Cor.
796 1731 856 1782 ιι,
890 1717 1092 1788 1244).

314 1810 365 1862 2.
389 1807 569 1878 Magis
582 1820 726 1876 ergo
752 1808 973 1870 tecum,
998 1806 1046 1861 si
1076 1804 1201 1862 ﬁeri
1224 1809 1444 1878 posset,
1476 1803 1716 1861 mallem
1735 1819 1902 1875 quae-

237 1909 369 1951 rere
398 1910 710 1968 quousque
742 1894 1143 1967 appellandus
1178 1895 1251 1951 sit
1284 1893 1565 1951 animalis
1592 1894 1797 1960 homo,
1837 1897 1901 1948 ut

240 1983 294 2040 si
324 1999 461 2040 eum
486 1984 616 2056 jam
645 1984 1145 2051 transcendimus,
1172 1989 1328 2040 recte
1356 1983 1608 2041 fortasse
1638 1983 1738 2039 illa
1762 1998 1900 2055 qum

240 2087 424 2144 supra
454 2074 790 2131 humanam
818 2077 1079 2130 mentem
1122 2078 1302 2147 atque
1330 2072 1788 2143 intelligentiam
1816 2072 1900 2126 in-

238 2162 751 2220 commutabiliter
777 2168 1043 2232 manent,
1066 2163 1271 2235 aliqua
1300 2179 1371 2219 ex
1410 2167 1582 2235 parte
1618 2178 1729 2219 nos
1767 2160 1898 2217 atti-

238 2250 808 2322 gissegaudeamus.
826 2252 1171 2308 Cavendum
1190 2257 1278 2307 est
1298 2251 1461 2308 enim
1484 2266 1558 2308 ne
1581 2256 1901 2323 propterea

239 2341 513 2397 videatur
540 2340 809 2407 stultum,
827 2357 963 2397 cum
991 2341 1200 2397 Filium
1214 2340 1368 2398 Patri
1402 2340 1686 2397 audimus
1713 2355 1900 2413 aqua-

239 2428 382 2497 lem,
407 2429 551 2502 quia
587 2430 898 2487 hominem
930 2430 1254 2491 animalem
1287 2429 1487 2486 adhuc
1527 2429 1790 2500 agimus,
1825 2428 1900 2484 de

227 2534 367 2592 .quo
410 2518 635 2576 dictum
677 2524 767 2576 est
795 2520 961 2593 quod
1002 2518 1246 2576 stultitia
1283 2522 1423 2576 sunt
1461 2518 1545 2574 illi
1585 2535 1721 2591 quas
1764 2524 1903 2579 sunt

241 2606 330 2663 illi
354 2624 488 2680 quae
518 2613 657 2665 sunt
685 2609 935 2681 Spiritus
965 2609 1084 2667 Dei.
1117 2610 1479 2680 Quanquam
1507 2623 1653 2664 sane
1685 2607 1902 2678 majes-

245 2700 340 2754 tas
367 2696 466 2753 illa
494 2713 682 2769 supra
707 2702 923 2755 cuncta
951 2697 1227 2754 sublimis
1244 2713 1276 2753 a
1312 2696 1725 2769 spiritualibus
1747 2696 1901 2767 cogi-

247 2786 358 2841 tari
382 2786 592 2858 possit,
617 2802 654 2843 a
685 2786 851 2843 nullo
898 2791 1101 2843 autem
1150 2786 1343 2858 possit
1379 2785 1573 2852 effari;
1599 2785 1801 2841 videre
1818 2790 1903 2841 ta-

240 2889 402 2943 men,
433 2880 729 2948 quantum
763 2875 1037 2941 arbitror,
1059 2874 1225 2932 facile
1248 2880 1482 2945 estnon
1512 2890 1643 2930 esse
1672 2874 1901 2930 factum

244 2978 355 3036 per
380 2980 562 3038 quem
578 2964 732 3022 facta
762 2969 901 3021 sunt
926 2965 1151 3035 omnia,
1182 2969 1238 3022 et
1267 2965 1392 3020 sine
1410 2980 1533 3038 quo
1556 2963 1783 3020 factum
1811 2966 1903 3020 cst

240 3052 411 3109 nihil.
438 3053 495 3110 Si
510 3054 672 3111 enim
700 3052 1283 3127 perseipsumfactus
1295 3058 1405 3123 est,
1428 3057 1554 3110 erat
1574 3057 1900 3125 antequam

226 3142 427 3214 .ﬁeret,
464 3146 527 3200 ut
566 3143 694 3200 ﬁeri
744 3158 849 3216 per
906 3159 971 3199 se
1008 3149 1213 3217 posset
1263 3160 1275 3201 :
1323 3143 1489 3216 quod
1533 3147 1689 3199 certe
1734 3145 1899 3198 tanto

240 3230 569 3289 absurdius
590 3232 826 3302 dicitur,
854 3237 1082 3305 quanto
1113 3234 1329 3290 vanius
1352 3233 1669 3303 cogitatur.
1701 3232 1759 3288 Si
1797 3247 1900 3287 au-

239 3323 361 3378 tem
402 3336 523 3377 non
542 3336 649 3394 per
666 3337 729 3377 se
762 3321 953 3381 factus
975 3327 1086 3388 est,
1118 3337 1242 3378 non
1261 3327 1347 3377 est
1367 3320 1557 3377 factus
1593 3320 1843 3376 omnino
1882 3336 1896 3385 ;

240 3410 532 3482 quoniam
556 3410 856 3483 quidquid
888 3410 1114 3468 factum
1144 3415 1250 3476 est,
1284 3426 1390 3483 per
1420 3411 1619 3482 ipsum
1668 3409 1898 3465 factum

240 3503 329 3556 est
362 3515 375 3553 :
414 3498 623 3557 Omnia
651 3515 763 3570 per
782 3499 973 3569 ipsum
990 3500 1165 3569 facta
1193 3505 1352 3565 sunt,
1386 3505 1441 3556 et
1470 3498 1595 3556 sine
1622 3498 1751 3568 ipso
1771 3499 1900 3568 fac-

241 3592 367 3644 tum
388 3596 469 3645 est
496 3589 647 3646 nihil
669 3588 865 3661 (Joan.
914 3606 952 3655 ι,
986 3589 1063 3660 3).

312 3681 365 3733 3.
397 3677 567 3734 Miror
584 3693 800 3749 parum
845 3677 1068 3734 attendi
1100 3693 1235 3751 quas
1257 3681 1377 3733 tam
1403 3692 1683 3750 expresse
1712 3679 1900 3732 Evan-

242 3766 457 3837 gelista
506 3767 692 3823 voluit
744 3766 1041 3833 intimare,
1078 3773 1140 3821 ut
1168 3767 1471 3823 neminem
1520 3765 1899 3821 dissimulare

241 3855 606 3928 permitteret
636 3872 649 3911 :
674 3871 796 3912 non
826 3856 985 3912 enim
1004 3857 1150 3912 satis
1180 3855 1291 3912 fuit
1320 3856 1533 3919 dicere,
1557 3855 1768 3911 Omnia
1791 3869 1901 3924 per

238 3944 432 4015 ipsum
457 3944 623 4017 facta
651 3951 811 4013 sunt,
845 3945 957 4001 nisi
997 3945 1262 4012 adderet,
1289 3951 1340 4001 et
1366 3947 1488 4000 sine
1512 3945 1636 4014 ipso
1660 3945 1897 4014 factum

226 4039 321 4101 ,est
351 4034 530 4091 nihil.
555 4038 748 4104 Atego
769 4036 1044 4107 quamvis
1060 4035 1285 4100 tardus,
1306 4038 1361 4090 et
1376 4034 1645 4089 nondum
1664 4034 1898 4089 detersa

239 4123 513 4197 caligine,
531 4123 806 4180 saucium
830 4124 1049 4180 mentis
1071 4123 1315 4180 oculum
1342 4139 1553 4194 gerens
1573 4124 1649 4179 ad
1669 4124 1899 4180 intuen-

238 4211 381 4268 dam
400 4212 584 4268 Patris
598 4217 653 4268 et
676 4211 803 4269 Filii
816 4212 1357 4286 incomparabilem
1370 4215 1391 4247 ²
1408 4211 1897 4285 ineffabilemque

234 4302 897 4374 prmstantiamﬁamen
925 4302 1037 4357 hoc
1067 4305 1188 4358 tota
1204 4301 1479 4357 facilitate
1508 4301 1895 4374 complector,

237 4390 402 4463 quod
430 4389 607 4446 nobis
630 4391 689 4445 in
732 4390 1050 4461 Evangelio
1073 4398 1383 4463 propterea
1405 4392 1895 4463 prteseminatum

237 4485 348 4546 est,
373 4495 494 4536 non
524 4484 586 4536 ut
608 4479 747 4535 hinc
778 4479 1426 4549 comprehenderemus
1454 4479 1617 4536 illam
1673 4479 1896 4535 divini-

225 4573 443 4648 tatem,
478 4568 581 4624 sed
600 4572 662 4625 ut
686 4568 825 4625 hinc
850 4568 1315 4626 admoneremur
1346 4584 1466 4624 non
1499 4573 1769 4641 oportere
1785 4584 1894 4624 nos

236 4657 313 4714 de
344 4657 659 4714 temeraria
688 4658 1477 4729 comprehensionejactare.
1511 4656 1568 4713 Si
1592 4657 1749 4712 enim
1771 4673 1897 4712 om-

238 4747 460 4820 nia‘per
487 4744 859 4820 ipsumiacta
884 4751 1063 4819 sunt;
1089 4745 1385 4820 quidquid
1414 4761 1533 4801 non
1556 4762 1662 4818 per
1695 4746 1893 4818 ipsum

226 4835 460 4898 factum
488 4841 598 4903 est,
636 4851 757 4893 non
779 4835 1130 4892 estfactum.
1166 4838 1296 4909 Ipse
1324 4839 1522 4891 autem
1549 4850 1653 4906 per
1685 4850 1746 4889 se
1774 4833 1896 4890 fac-

238 4929 333 4981 tus
360 4940 481 4982 non
513 4930 602 4982 est
633 4941 645 4982 :
680 4941 802 4981 non
834 4928 925 4980 est
952 4925 1130 4996 igitur
1160 4924 1371 4983 factus.
1422 4926 1485 4979 Et
1533 4923 1737 4980 omnia
1792 4939 1897 4996 per

234 5013 435 5087 ipsum
460 5012 615 5070 facta
629 5028 758 5069 esse
787 5014 865 5070 ab
905 5014 1279 5084 Evangelista
1301 5014 1536 5070 credere
1580 5013 1892 5081 cogimur:

236 5102 316 5160 ab
354 5103 564 5160 eodem
592 5117 734 5173 ergo
760 5102 1034 5173 cogimur
1063 5119 1199 5159 eum
1223 5103 1443 5159 factum
1475 5117 1603 5158 esse
1630 5118 1750 5157 non
1773 5117 1895 5158 cre-

237 5191 398 5248 dere.
426 5195 590 5259 ltem,
617 5192 664 5248 si
685 5192 815 5249 sine
848 5191 982 5265 ipso
1013 5191 1237 5249 factum
1270 5199 1355 5248 est
1384 5192 1550 5258 nihil,
1584 5190 1713 5264 ipse
1754 5207 1894 5263 ergo

218 5280 386 5359 _nihil
416 5284 524 5353 est,
559 5281 703 5353 quia
734 5282 861 5337 sine
886 5296 947 5336 se
986 5280 1179 5336 factus
1206 5286 1310 5338 est.
1359 5282 1528 5348 Quod
1581 5280 1629 5335 si
1660 5280 1893 5352 opinari

238 5369 601 5441 sacrilegum
632 5374 741 5435 est,
782 5374 965 5426 restat
1009 5374 1071 5426 ut
1119 5370 1434 5435 fateamur,
1490 5386 1607 5425 non
1664 5370 1791 5426 sine
1832 5385 1893 5424 se

238 5459 461 5517 factum
493 5474 642 5527 esse,
671 5464 773 5516 aut
800 5459 1021 5517 factum
1054 5475 1172 5515 non
1188 5476 1337 5515 esse.
1368 5462 1490 5515 Non
1526 5465 1724 5515 autem
1767 5459 1894 5514 sine

300 5623 315 5655 ¹
350 5620 480 5687 _Mss.
516 5622 773 5687 quinque,
800 5621 974 5671 solita.

299 5687 321 5720 ³
347 5684 476 5751 Mss.
517 5684 1195 5752 octojineomparabiliter.

1483 160 1995 223 EPISTOLARUM
2031 159 2323 219 CLASSIS
2361 162 2452 221 IV.

3530 161 3673 227 1054

2017 303 2082 344 se
2099 287 2323 345 factum
2350 301 2640 356 esse,non
2663 305 2992 363 possumus
3012 290 3209 348 dicere
3231 290 3271 347 ί.
3290 290 3346 347 Si
3366 290 3526 347 enim
3546 291 3674 363 ipse

2016 393 2077 433 se
2109 377 2265 442 fecit,
2293 380 2425 452 jam
2448 384 2573 437 erat
2591 385 2915 454 antequam
2942 380 3109 441 ﬁeret
3144 402 3155 436 :
3185 381 3232 436 si
3270 385 3471 437 autem
3503 380 3581 436 ad
3611 395 3673 438 se

2016 465 2357 523 faciendum
2403 468 2590 534 alteri,
2633 485 2668 525 a
2719 485 2841 541 quo
2898 468 3092 525 factus
3146 473 3252 539 est,
3303 468 3669 539 adjutorium

2014 556 2270 626 praebuit
2297 574 2311 625 ;
2347 557 2735 614 nihilominus
2770 564 2831 614 ut
2862 573 2924 615 se
2967 559 3291 630 adjuvante
3320 558 3447 629 ipse
3478 558 3663 624 ﬁeret,

2006 643 2134 717 jam
2174 649 2299 701 erat
2337 652 2663 718 antequam
2717 646 2899 703 ﬁeret.
2945 646 3314 720 Relinquitur
3373 646 3576 719 itaque
3606 651 3672 701 ut

2016 734 2141 789 sine
2179 750 2238 790 se
2270 735 2461 792 factus
2478 737 2567 792 sil.
2597 736 2901 809 Quidquid
2933 744 3135 793 autem
3153 738 3279 793 sine
3312 736 3411 792 illo
3445 736 3670 793 factum

2014 828 2120 890 est,
2145 824 2290 881 nihil
2316 829 2423 880 est.
2443 826 2557 882 Aut
2578 825 2725 881 nihil
2742 832 2831 882 est
2851 826 3048 896 igitur,
3076 832 3178 883 aut
3206 826 3398 882 factus
3414 841 3535 882 non
3550 830 3664 881 est:

2013 912 2118 969 sed
2143 929 2262 969 non
2293 918 2380 969 est
2406 914 2783 985 nihil,factus
2816 915 2991 985 igitur
3016 931 3137 971 non
3163 920 3268 971 est.
3303 918 3373 971 At
3399 915 3447 969 si
3479 914 3668 971 factus

2012 1017 2136 1061 non
2166 1007 2276 1071 est,
2308 1008 2365 1059 et
2390 1008 2589 1060 tamen
2614 1003 2788 1061 Filius
2819 1010 2925 1075 est,
2963 1004 3091 1060 sine
3131 1003 3316 1060 dubio
3352 1008 3528 1059 natus
3560 1008 3665 1060 est.

2083 1128 2137 1181 4.
2175 1125 2492 1196 Quomodo,
2516 1127 2736 1198 inquis,
2779 1129 2975 1196 potuit
3003 1128 3076 1184 de
3100 1129 3224 1183 solo
3274 1130 3459 1185 Patre
3507 1128 3672 1183 nasci

2012 1214 2201 1270 Filius
2232 1216 2478 1287 aequalis
2505 1217 2557 1273 ei
2583 1217 2656 1273 de
2684 1232 2799 1287 quo
2824 1225 3002 1273 natus
3023 1223 3105 1273 est
3133 1219 3161 1272 5’
3189 1218 3320 1272 Jam
3348 1217 3463 1272 hoc
3497 1232 3670 1272 enar-

2011 1318 2143 1359 rare
2175 1320 2295 1360 non
2326 1320 2599 1377 possum,
2630 1309 2687 1361 et
2702 1307 2851 1362 cedo
2869 1307 3401 1379 prophetmdicenti
3436 1322 3449 1361 :
3487 1307 3666 1363 Gene-

2010 1394 2303 1449 rationem
2328 1397 2453 1464 ejus
2483 1397 2607 1467 quis
2634 1397 2943 1453 enarrabit
2971 1396 3112 1469 (lsai
3130 1412 3241 1462 Llll,
3276 1396 3329 1467 8)
3357 1396 3384 1451 i’
3416 1395 3586 1460 Quod
3616 1394 3664 1449 si

2010 1487 2073 1538 tu
2103 1482 2177 1538 de
2207 1483 2874 1554 humanageueratione
2895 1501 3136 1557 quaper
3166 1485 3456 1554 virginem
3486 1488 3663 1539 natus

2012 1575 2116 1635 est,
2153 1572 2573 1643 accipiendum
2605 1580 2777 1644 putas
2810 1589 2824 1639 ;
2868 1573 3000 1643 ipse
3035 1579 3086 1629 te
3124 1574 3375 1638 discute,
3400 1579 3456 1628 et
3482 1572 3666 1628 inter-

2009 1673 2157 1728 roga
2182 1660 2451 1715 animam
2482 1665 2671 1726 tuam,
2705 1667 2903 1716 utrum
2949 1662 3001 1716 si
3045 1661 3105 1716 in
3147 1662 3527 1731 generatione
3557 1661 3663 1715 hu-

2008 1763 2192 1803 mana
2204 1748 2437 1812 defecit,
2458 1750 2674 1805 audeat
2695 1765 2975 1806 enarrare
3006 1750 3290 1805 divinam.
3306 1750 3484 1805 Notio
3500 1764 3661 1818 ergo,

2005 1836 2225 1909 inquis,
2254 1838 2450 1895 dicere
2469 1841 2770 1911 aequalem.
2808 1842 2923 1896 Cur
2952 1855 3069 1895 non
3095 1840 3293 1895 dicam
3320 1838 3484 1909 quod
3515 1837 3663 1894 dixit

2006 1927 2373 1997 Apostolus?
2412 1929 2545 1984 Non
2582 1928 2882 1996 rapinam,
2940 1928 3154 2000 inquit,
3216 1929 3547 1984 arbitratus
3578 1932 3662 1983 est

2006 2030 2128 2071 esse
2152 2018 2393 2087 aqualis
2420 2017 2538 2073 Deo
2570 2018 2852 2089 (Philipp.
2884 2032 2942 2082 ιι,
2979 2019 3056 2087 6).
3080 2017 3196 2072 Etsi
3224 2017 3382 2072 enim
3415 2015 3663 2088 aequali-

2006 2108 2191 2160 tatem
2218 2105 2379 2160 illam
2399 2121 2519 2160 non
2537 2106 3150 2177 explicavithumanaa
3178 2105 3360 2160 menti
3384 2106 3657 2160 nondum

2006 2199 2296 2263 purgatae,
2339 2196 2539 2265 posuit
2566 2200 2768 2251 tamen
2792 2195 2853 2250 in
2884 2194 3094 2261 Verbo,
3125 2194 3287 2266 quod
3308 2195 3442 2249 inre
3469 2192 3661 2264 possit

2004 2280 2255 2337 inveniri
2285 2287 2562 2355 purgata.
2598 2286 2816 2339 Demus
2833 2284 3029 2356 itaque
3044 2299 3293 2356 operam
3312 2280 3661 2338 mundando

2007 2371 2173 2426 cordi
2204 2376 2423 2437 nostro,
2460 2376 2524 2427 ut
2552 2372 2690 2427 inde
2713 2378 2994 2443 exsurgat
3011 2373 3167 2429 acies
3182 2388 3305 2444 qua
3333 2372 3444 2427 ista
3459 2371 3662 2427 videre

2009 2468 2314 2525 valeamus
2348 2486 2360 2525 :
2390 2470 2557 2526 Beati
2576 2470 2750 2531 enim,
2798 2472 3007 2543 inquit,
3038 2470 3448 2526 mundicordes
3479 2483 3664 2540 ;quo-

2006 2558 2169 2614 niam
2200 2558 2309 2629 ipsi
2336 2560 2523 2615 Deum
2555 2559 2835 2616 videbunt
2887 2560 3121 2630 (Matth.
3155 2577 3213 2626 v,
3243 2560 3321 2631 7).
3374 2559 3460 2615 Ita
3498 2572 3663 2613 exce-

2008 2646 2215 2702 dentes
2244 2648 2522 2703 animalis
2553 2647 2815 2703 hominis
2845 2648 3205 2718 caliginosas
3236 2648 3552 2717 imagines,
3585 2645 3663 2702 ad

2009 2736 2389 2792 serenitatem
2439 2737 2603 2792 illam
2632 2737 3152 2810 sinceritatemque
3179 2737 3515 2800 veniemus,
3541 2751 3665 2808 qua

2007 2824 2205 2879 videre
2234 2826 2539 2895 possimus
2579 2827 2743 2897 quod
2783 2826 2900 2882 dici
2939 2842 3061 2882 non
3088 2842 3267 2899 posse
3293 2825 3590 2882 videmus.

2081 2953 2130 3004 5.
2150 2952 2297 3006 Nam
2319 2948 2518 3005 libello
2545 2965 2723 3019 quem
2755 2950 3039 3021 dignatus
3067 2967 3128 3005 es
3159 2950 3410 3021 mittere,
3447 2951 3494 3005 si
3518 2950 3665 3006 mihi

2007 3038 2676 3112 sitotium,t‘acultasque
2694 3040 2985 3096 tribuaiur
3000 3040 3076 3096 ad
3094 3040 3332 3110 singula
3347 3039 3666 3112 responde-

2005 3144 2090 3194 re,
2114 3127 2369 3184 arbitror
2418 3134 2473 3183 te
2505 3128 2885 3199 cogniturum
2912 3134 3074 3184 tanto
3119 3129 3321 3184 minus
3360 3142 3666 3201 quemque

2011 3218 2207 3275 vestiri
2228 3217 2455 3273 lumine
2486 3218 2774 3285 veritatis,
2802 3224 3033 3291 quanto
3063 3219 3257 3288 magis
3299 3217 3414 3273 sibi
3444 3217 3667 3274 videtur

2005 3306 2238 3363 nudam
2267 3307 2620 3380 depromere
2650 3308 2979 3365 veritatem.
3024 3307 3165 3374 Quis
3195 3308 3354 3364 enim
3404 3307 3571 3373 ferat,
3606 3311 3669 3364 ut

2008 3396 2434 3463 aliaomittam,
2466 3403 2523 3453 et
2553 3397 2669 3453 hoc
2701 3401 2902 3454 solum
2935 3397 3168 3453 interim
3192 3412 3664 3453 commemorem

2005 3486 2170 3557 quod
2196 3487 2451 3543 maxime
2466 3486 2755 3556 ingemui,
2775 3503 2913 3563 cum
2932 3486 3238 3559 apostolus
3253 3486 3473 3543 Paulus
3486 3484 3666 3551 dicat,

2018 3574 2288 3631 Videmus
2315 3591 2477 3633 nunc
2525 3591 2635 3645 per
2678 3577 2972 3648 speculum
3024 3578 3086 3631 in
3138 3577 3446 3646 aenigmate
3476 3597 3494 3645 ,-
3528 3581 3670 3631 tunc

2004 3669 2203 3719 autem
2245 3664 2404 3732 facie
2477 3664 2557 3720 ad
2607 3664 2826 3733 faciem
2864 3666 2906 3734 (ι
2941 3666 3075 3721 Cor.
3126 3681 3249 3731 χιιι,
3302 3663 3392 3736 12)
3429 3683 3446 3735 ;
3481 3664 3666 3719 istum

1999 3750 2127 3821 jam
2171 3751 2366 3808 dicere
2419 3754 2583 3810 omni
2634 3753 3035 3823 integumento
3091 3760 3307 3831 retecto
3359 3752 3578 3809 nudam
3605 3767 3665 3809 se

2004 3841 2339 3909 depromere
2392 3843 2694 3900 veritatem
2735 3840 2763 3897 7
2814 3841 2923 3907 Qui
2952 3842 3000 3896 si
3026 3842 3267 3909 diceret,
3314 3841 3547 3897 Nudam
3578 3841 3666 3895 vi-

2004 3930 2219 3986 demus
2250 3930 2738 3997 veritatem,nihil
2762 3931 3145 3987 essetcascius
3178 3930 3293 3987 ista
3324 3929 3669 4001 arrogantia

2005 4020 2254 4076 visionis
2304 4035 2317 4075 :
2371 4036 2494 4076 non
2550 4026 2757 4077 autem
2815 4020 2985 4089 dixit,
3044 4020 3348 4085 Videmus,
3407 4018 3535 4085 sed,
3568 4018 3670 4075 de-

2004 4109 2349 4182 prominus;
2373 4115 2568 4165 utnon
2583 4110 2779 4166 solum
2790 4110 2919 4180 jam
2934 4111 3148 4165 veritas
3162 4109 3490 4165 inventioni
3504 4123 3670 4164 men-

2007 4197 2081 4253 tis
2094 4204 2315 4270 patere,
2341 4199 2445 4255 sed
2468 4199 2644 4255 etiam
2668 4198 2949 4272 potestati
2979 4198 3200 4269 linguae
3232 4198 3543 4270 subjacere
3579 4198 3670 4254 vi-

2005 4287 2238 4345 deatur.
2284 4288 2461 4345 Multa
2486 4294 2625 4344 sunt
2655 4305 2785 4360 quae
2826 4288 2901 4343 de
2925 4286 3223 4343 Trinitatis
3255 4287 3665 4345 ineffabilitate

2003 4378 2280 4433 dicantur
2312 4396 2326 4446 ;
2355 4394 2475 4433 non
2509 4384 2569 4433 ut
2617 4379 2750 4449 ipsa
2788 4378 3046 4440 dicatur,
3082 4377 3349 4447 alioquin
3411 4390 3533 4431 non
3578 4381 3667 4432 est

2004 4465 2339 4529 ineﬂ'abilis,
2366 4465 2471 4520 sed
2503 4470 2564 4519 ut
2590 4464 2700 4519 illis
2730 4463 2905 4519 dictis
2936 4463 3033 4518 illa
3070 4463 3186 4519 dici
3214 4478 3335 4519 non
3366 4478 3543 4535 posse
3574 4464 3666 4518 in-

2005 4553 2553 4625 telligatur.Verum
2588 4554 2735 4625 jam,
2772 4556 2835 4607 ut
2873 4551 3148 4617 arbitror,
3184 4552 3434 4607 modum
3467 4567 3665 4608 exces-

2007 4642 2081 4698 sit
2098 4642 2291 4713 episto
2310 4641 2523 4706 lamea,
2542 4656 2683 4697 cum
2699 4656 2802 4711 per
2820 4646 2986 4697 tuam
3002 4656 3096 4696 me
3120 4640 3508 4697 admonueris
3528 4641 3662 4697 bre-

2005 4731 2149 4786 viter
2196 4730 2451 4786 scribere
2483 4747 2495 4785 :
2534 4730 2640 4785 sed
2690 4731 2834 4803 quia
2868 4728 3241 4786 institutione
3297 4734 3564 4787 veterum
3604 4735 3657 4787 te

2004 4835 2289 4877 excusare
2316 4819 2597 4889 dignatus
2611 4835 2694 4885 es,
2728 4834 2850 4875 non
2869 4818 2975 4875 tibi
2993 4819 3297 4875 absurdus
3312 4819 3577 4883 videbor,
3609 4820 3657 4875 si

2004 4908 2256 4965 modum
2283 4908 2690 4981 quarumdam
2740 4908 3128 4979 epistolarum
3156 4908 3471 4975 Ciceronis,
3514 4908 3658 4980 quia

2004 4999 2132 5069 ejus
2145 4997 2810 5071 quoqueinlitteristuis
2834 4998 3201 5054 mentionem
3231 4998 3572 5062 fecisti,non
3605 5001 3658 5053 te

2005 5089 2206 5161 pigeat
2235 5087 2556 5144 recordari.

2066 5310 2079 5338 ¹
2115 5307 2270 5371 Apud
2296 5308 2420 5358 Lov.
2454 5308 2530 5358 sic
2558 5307 2755 5375 legitur
2788 5323 2799 5358 :
2832 5308 2945 5375 Ipse
2968 5322 3085 5372 ergo
3112 5308 3247 5375 nihil
3277 5315 3364 5370 est,
3386 5314 3477 5361 aut
3498 5312 3666 5375 factus

2004 5385 2111 5421 non
2143 5376 2214 5420 est
2239 5384 2258 5432 ;
2286 5385 2392 5419 non
2422 5376 2591 5436 autem
2620 5372 2734 5436 sine
2760 5387 2816 5421 se
2847 5372 3011 5435 factus
3050 5378 3143 5427 est.
3208 5373 3379 5423 Restat
3408 5378 3464 5423 ut
3499 5372 3671 5436 fatea-

2004 5448 2140 5491 mur,
2158 5438 2399 5499 _aut_non
2429 5435 2541 5499 sine
2572 5448 2623 5499 se
2651 5435 2841 5499 factum
2871 5450 2988 5491 esse,
3012 5441 3099 5485 aut
3132 5436 3254 5499 quia
3286 5438 3397 5485 sine
3421 5450 3471 5487 se
3498 5435 3664 5499 factus

2005 5501 2100 5560 est.
2143 5496 2288 5560 Quod
2314 5501 2358 5545 si
2389 5497 2601 5558 opinari
2624 5496 2929 5560 sacrilegum
2961 5496 3169 5555 est,non
3191 5513 3455 5559 possumus
3476 5496 3661 5552 dicere.

2003 5558 2059 5626 Si
2092 5559 2248 5626 enim,
2269 5563 2408 5626 _etc_.,
2438 5572 2533 5626 nec
2556 5560 2789 5626 multum
2813 5558 2965 5626 aliter
2989 5562 3141 5626 apud
3170 5558 3294 5611 Bad.
3328 5563 3444 5611 Am.
3480 5566 3532 5614 et
3574 5565 3659 5622 Er,

2007 5620 2110 5672 Sed
2131 5622 2443 5671 concinnior
2459 5624 2539 5671 est
2565 5622 2721 5671 lectio
2739 5622 2865 5674 Mss.
2889 5620 3147 5679 Victorini
3175 5628 3225 5677 et
3246 5626 3409 5679 unius
3431 5640 3459 5677 θ
3482 5620 3657 5681 Vatic.

2009 5698 2174 5752 quam
2202 5683 2290 5735 hic
2315 5684 2708 5736 substituimus.
