4140 6174
508 155 644 211 1055

919 284 1254 340 EPISTOLA
1283 283 1531 340 ccxun
1563 283 1584 305 ο
1624 283 1736 354 (a).

509 371 553 426 A
568 372 801 442 ugustin
813 388 877 427 us
893 375 1069 437 Lwto,
1085 374 1189 444 qui
1196 375 1518 444 perfectum
1537 373 1744 429 mundi
1755 377 2152 441 contemptum

577 477 866 532 agressus,
922 461 1232 517 videbatur
1261 463 1570 518 sollicitari
1585 478 1695 532 per
1746 468 2019 518 satanam
2073 461 2154 515 ad

576 550 891 618 repetenda
922 566 1052 620 qum
1082 552 1434 624 reliquerat.
1465 553 1642 608 Hunc
1657 553 1901 616 animat,
1944 553 2153 605 utcon-

575 639 805 706 temptis
852 645 1236 710 cognatorum
1301 642 1612 712 affectibus
1637 642 1880 710 fortiter
1907 643 2142 710 pergat.

503 727 756 783 Domino
824 729 1212 786 dilectissimo
1269 737 1325 787 et
1382 731 1932 786 desiderantissimo
1987 727 2152 785 fratri

640 817 805 873 LETO
850 820 1217 885 AUGUSTINUS,
1253 821 1313 876 in
1361 820 1613 876 Domino
1635 819 2005 891 salutem(b).

572 906 622 959 1.
659 907 792 976 Legi
828 909 1140 979 epistolam
1170 925 1355 981 quam
1387 910 1599 965 misisti
1623 910 2152 973 fratribus,conso-

500 995 609 1050 lari
641 1000 693 1049 te
728 998 976 1067 cupiens
1008 997 1168 1070 quod
1195 998 1392 1052 multis
1425 998 1851 1053 tentationibus
1881 1002 1983 1052 tua
2015 996 2153 1051 tiro~

501 1083 658 1139 cinia
688 1085 1036 1155 quatiantur
1070 1104 1083 1150 ;
1115 1087 1171 1140 in
1205 1103 1326 1157 qua
1347 1087 1524 1142 etiam
1569 1085 1884 1141 insinuasti
1919 1084 2152 1140 deside-

501 1189 632 1228 rare
668 1178 718 1228 te
749 1173 969 1228 litteras
993 1191 1177 1231 meas.
1210 1175 1520 1245 Condolui,
1551 1175 1780 1238 fratrer,
1830 1179 1886 1229 et
1919 1189 2151 1229 cessare

501 1261 579 1317 ab
603 1261 922 1318 scribendo
938 1279 1055 1319 non
1073 1265 1259 1335 potui,
1276 1281 1348 1320 ne
1363 1281 1480 1320 non
1496 1265 1688 1320 solum
1707 1269 1828 1328 tuo,
1850 1263 1953 1318 sed
1966 1263 2149 1318 etiam

500 1365 636 1405 meo
663 1350 958 1407 desiderio
990 1369 1270 1422 negarem
1298 1353 1464 1425 quod
1499 1369 1595 1409 me
1631 1352 1908 1408 videbam
1953 1351 2150 1408 ofﬁcio

499 1439 716 1495 debere
737 1441 1066 1497 charitatis.
1093 1443 1149 1498 Si
1178 1448 1231 1498 te
1257 1443 1432 1511 igitur
1457 1443 1706 1498 tironem
1731 1441 1942 1498 Christi
1975 1440 2150 1513 proﬁ-

500 1529 657 1594 teris,
690 1535 888 1585 castra
911 1546 982 1586 ne
1015 1531 1257 1586 deseras
1292 1548 1304 1597 ;
1339 1531 1399 1586 in
1429 1531 1653 1604 quibus
1683 1531 1786 1586 tibi
1817 1531 1996 1585 etiam
2015 1530 2150 1586 uadi-

503 1616 931 1674 ﬁcandaturris
947 1625 1034 1675 est
1052 1620 1169 1685 illa,
1192 1621 1266 1676 de
1294 1637 1416 1693 qua
1443 1624 1499 1675 in
1516 1619 1836 1689 Evangelio
1861 1619 2150 1675 Dominus

502 1706 785 1778 loquitur.
820 1709 882 1762 In
914 1723 985 1763 ea
1010 1709 1235 1780 quippe
1263 1715 1538 1775 stantem,
1572 1709 1756 1764 etsub
1781 1709 1963 1765 armis
1987 1708 2150 1764 verbi

504 1796 604 1851 Dei
631 1796 1000 1860 militantem,
1033 1798 1197 1854 nulla
1227 1815 1297 1854 ex
1327 1803 1490 1869 parte
1512 1802 1819 1870 penetrare
1860 1798 1992 1853 ullas
2023 1802 2148 1853 ten-

506 1886 756 1940 tationes
787 1885 987 1941 valent
1023 1903 1033 1940 :
1066 1887 1204 1943 inde
1232 1893 1287 1943 et
1309 1889 1478 1959 jacta
1500 1889 1558 1942 in
1591 1887 2001 1943 adversarium
2037 1886 2154 1944 tela

504 1974 669 2042 gravi
702 1974 965 2045 pondere
987 1976 1250 2041 veniunt,
1281 1981 1336 2031 et
1351 1976 2153 2048 prospectaﬁrmomunimi-

503 2077 578 2117 ne
615 2063 972 2118 devitantur.
1006 2065 1520 2121 Consideraetiam
1543 2065 1860 2120 Dominum
1876 2070 2151 2120 nostrum

499 2153 702 2207 Iesum
718 2152 1034 2218 Christum,
1053 2170 1188 2209 cum
1205 2154 1394 2210 sitrex
1417 2158 1637 2222 noster,
1654 2159 1856 2210 tamen
1879 2169 1949 2208 ea
1972 2153 2152 2210 socie-

502 2246 618 2296 tate
640 2257 762 2313 qua
792 2241 970 2297 etiam
1000 2243 1176 2299 frater
1191 2260 1322 2299 esse
1341 2243 1622 2314 dignatus
1639 2246 1746 2308 est,
1763 2259 1931 2314 reges
1951 2242 2153 2315 appel-

499 2331 652 2385 lasse
681 2331 896 2386 milites
925 2348 1086 2397 suos,
1111 2336 1166 2388 et
1198 2347 1693 2404 unumquemque
1707 2332 1783 2387 ad
1803 2331 2149 2387 bellandum

500 2435 796 2488 cum-rege
827 2421 929 2492 qui
949 2421 1131 2476 habet
1153 2421 1360 2491 viginti
1412 2421 1595 2476 millia
1637 2421 2026 2476 instructione
2057 2422 2151 2476 de-

501 2523 627 2562 cem
653 2509 905 2564 millium
923 2509 1205 2564 idoneum
1219 2526 1349 2565 esse
1363 2510 1573 2564 debere
1588 2509 1966 2581 praemonuit.

572 2601 623 2651 2.
651 2597 760 2652 Sed
787 2598 967 2667 paulo
998 2603 1324 2669 antequam
1352 2599 1594 2654 deturre
1614 2598 1753 2654 etde
1767 2613 1904 2667 rege
1940 2599 2148 2655 exhor-

497 2685 736 2740 tatorias
790 2686 1208 2741 similitudines
1257 2692 1648 2759 praeponeret,
1719 2687 1956 2742 attende
2001 2687 2148 2759 quid

496 2773 746 2829 dixerit:
781 2774 848 2829 Si
873 2777 1002 2846 quis
1038 2778 1194 2830 venit
1219 2776 1299 2831 ad
1351 2792 1462 2839 me,
1506 2782 1561 2830 et
1601 2791 1719 2831 non
1750 2775 1871 2831 odit
1912 2782 2147 2844 patrem

495 2879 686 2932 suum,
718 2869 770 2918 et
800 2869 1070 2928 matrem,
1097 2871 1148 2919 et
1173 2871 1510 2930 uxorem,et
1532 2865 1704 2934 ﬁlios,
1737 2872 1790 2920 et
1809 2866 2058 2934 fratres,
2095 2871 2148 2920 et

495 2967 741 3018 sorores,
775 2952 972 3007 adhuc
998 2960 1048 3008 et
1081 2955 1342 3009 animam
1370 2970 1560 3018 suam,
1595 2969 1713 3008 non
1751 2960 1941 3021 potest
1986 2969 2148 3009 meus

495 3057 613 3097 esse
637 3042 985 3109 discipulus.
1021 3042 1095 3097 Et
1126 3044 1174 3097 si
1205 3060 1323 3098 non
1372 3043 1574 3098 tulerit
1618 3058 1847 3099 crucem
1897 3059 2061 3099 suam
2093 3049 2146 3099 et

494 3133 716 3188 venerit
748 3137 877 3200 post
903 3139 1023 3197 me,‘
1046 3149 1164 3187 non
1195 3139 1373 3202 potest
1405 3147 1565 3187 meus
1613 3147 1733 3187 esse
1788 3132 2142 3200 discipulus.

496 3220 716 3275 Deinde
747 3220 1053 3290 subjungit
1086 3240 1098 3278 :
1127 3222 1263 3288 Quis
1293 3220 1536 3276 exvobis
1559 3222 1752 3276 volens
1782 3221 1993 3275 turrim
2010 3222 2146 3276 aedi-

489 3310 693 3376 ﬁcare,
711 3325 830 3364 non
842 3310 1038 3378 primo
1054 3310 1229 3370 sedet,
1249 3316 1300 3364 et
1316 3315 1613 3376 computat
1626 3309 1676 3362 si
1687 3318 1955 3376 sumptus
1971 3309 2144 3366 habet

492 3398 572 3452 ad
593 3401 1167 3461 consummationem,
1191 3399 1522 3468 nequando,
1552 3414 1680 3454 cum
1715 3399 1976 3466 posuerit
2002 3400 2146 3468 fun-

493 3488 858 3554 damentum,
874 3504 986 3542 non
1013 3488 1191 3555 possit
1206 3487 1540 3555 aediﬁcare;
1561 3495 1615 3544 et
1633 3503 1829 3543 omnes
1856 3488 1959 3557 qui
1980 3493 2145 3544 tran-

493 3583 664 3632 seunt
695 3584 747 3631 et
780 3577 998 3641 vident,
1029 3576 1323 3645 incipiant
1354 3577 1566 3640 dicere,
1601 3577 1714 3632 Hic
1770 3577 1938 3632 homo
1970 3579 2143 3643 caepit

492 3665 811 3732 aediﬁcare,
853 3671 1042 3720 etnon
1063 3666 1255 3733 potuit
1296 3667 1581 3734 perﬁcere
1611 3667 1638 3722 ‘t
1674 3669 1792 3721 Aut
1851 3667 1984 3737 quis
2034 3682 2145 3723 rex

494 3755 712 3811 vadens
741 3756 1103 3811 committere
1133 3755 1350 3810 bellum
1379 3771 1512 3811 cum
1545 3757 1667 3811 alio
1700 3771 1850 3825 rege,
1885 3771 2004 3811 non
2021 3756 2144 3824 pri-

492 3861 650 3900 mum
665 3845 842 3908 sedet,
873 3851 925 3901 et
953 3845 1171 3915 cogitat
1199 3847 1250 3899 si
1263 3852 1466 3912 potens
1497 3851 1574 3900 est
1601 3861 1734 3900 cum
1765 3845 1962 3902 decem
2013 3845 2143 3902 mil-

496 3933 648 3989 libus
670 3934 724 3989 ei
752 3950 1078 3999 occurrere,
1107 3934 1212 4004 qui
1241 3949 1373 3989 cum
1423 3934 1640 4005 viginti
1687 3934 1948 3990 millibus
1982 3936 2142 3992 venit

493 4024 573 4078 ad
602 4023 774 4077 illum
807 4023 834 4076 ?
875 4023 1163 4078 Caeterum
1191 4023 1331 4078 dum
1367 4023 1566 4079 adhuc
1599 4025 1772 4094 longe
1802 4030 1906 4088 est,
1957 4025 2143 4080 mittit

497 4112 866 4179 legationem,
894 4127 1114 4180 rogans
1135 4126 1359 4178 pacem.
1393 4113 1522 4176 Quo
1553 4117 1752 4166 autem
1782 4113 2142 4182 pertinerent

495 4199 621 4253 istm
653 4197 1092 4262 similitudines,
1123 4199 1252 4270 ipsa
1284 4199 1666 4254 conclusione
1695 4201 1841 4254 satis
1874 4203 2136 4271 aperuit:

495 4289 578 4345 ait
608 4287 787 4355 enim,
811 4288 903 4343 Sic
931 4303 1069 4358 ergo
1100 4289 1289 4344 omnis
1313 4303 1385 4344 ex
1399 4287 1556 4344 vobis
1579 4291 1810 4360 quinon
1834 4291 2142 4346 renuntiat

494 4379 764 4434 omnibus
795 4394 926 4450 quae
955 4383 1093 4433 sunt
1133 4379 1282 4447 ejus,
1318 4395 1432 4434 non
1454 4384 1646 4447 potest
1674 4394 1834 4435 meus
1883 4395 2004 4436 esse
2027 4380 2144 4436 dis-

494 4468 727 4537 cipulus
756 4468 924 4539 (Luc.
957 4484 1074 4532 xxv,
1104 4468 1318 4535 26-33).

565 4563 616 4613 3.
653 4562 854 4629 Itaque
885 4562 1232 4629 etsumptus
1264 4557 1340 4612 ad
1372 4557 1581 4612 turrim
1613 4557 2055 4624 aediﬁcandam,
2085 4564 2143 4616 et

492 4646 871 4701 bellantium‘
904 4646 1165 4702 valentia
1187 4646 1396 4702 decem
1439 4646 1688 4702 millium
1729 4647 2022 4702 adversus
2055 4664 2141 4703 re-

493 4750 630 4806 gem
657 4735 754 4806 qui
792 4736 1035 4804 vigninti
1066 4736 1264 4807 habet,
1305 4736 1448 4791 nihil
1496 4741 1586 4792 est
1627 4736 1790 4791 aliud
1841 4752 2026 4808 quam
2081 4742 2143 4794 ut

491 4825 785 4880 renuntiet
819 4825 1230 4897 unusquisque
1277 4825 1560 4880 omnibus
1598 4841 1732 4896 quae
1785 4832 1926 4881 sunt
1986 4830 2136 4896 ejus.

493 4914 838 4969 Praalocutio
852 4917 1050 4969 autem
1067 4914 1336 4984 superior
1353 4930 1489 4969 cum
1505 4919 1770 4969 extrema
1807 4915 2142 4971 conclusio-

492 5020 566 5059 ne
589 5003 930 5060 concordat.
959 5003 1020 5058 In
1044 5019 1109 5058 eo
1122 5003 1280 5058 enim
1293 5004 1455 5074 quod
1485 5005 1900 5076 unusquisque
1927 5020 2142 5061 renun-

556 5115 569 5142 ¹
596 5114 727 5163 Mss.
751 5111 930 5176 plures
961 5113 1232 5176 omittunt,
1271 5111 1588 5176 bellantium.

555 5177 574 5195 '
609 5177 687 5224 Ad
719 5174 768 5224 aI
797 5191 844 5222 a.
878 5175 949 5237 bg
975 5175 1041 5223 bl.
1080 5175 1175 5226 bn.
1205 5187 1254 5222 c.
1294 5174 1490 5238 cercb.
1517 5174 1574 5226 ff.
1613 5187 1664 5236 g.
1690 5187 1782 5238 gg.
1815 5188 1906 5238 gv,
1942 5175 1983 5238 j.
2012 5189 2064 5224 n.
2095 5189 2137 5224 s.

496 5239 578 5289 sb.
617 5253 697 5287 vc.
737 5238 827 5286 vd.
871 5236 1109 5301 quinque
1132 5253 1178 5286 ν.
1205 5241 1253 5285 et
1282 5236 1413 5301 Edd.

556 5303 624 5361 ta)
659 5301 798 5348 Alias
829 5299 929 5348 38’:
964 5299 1083 5363 qua:
1115 5304 1293 5349 autem
1327 5300 1417 5347 243
1453 5302 1580 5353 erat,
1609 5312 1751 5363 nunc
1779 5299 1887 5363 246.

556 5365 629 5422 (a)
652 5363 872 5435 Erasmo
890 5361 1063 5435 visum
1087 5367 1168 5435 est
1187 5363 1327 5434 hanc
1349 5361 1948 5435 Epistol‘am‘plurimum
1973 5362 2140 5435 disso-

495 5437 673 5488 narea
697 5427 876 5488 phrasi
915 5426 1217 5488 Augustini,
1265 5425 1486 5488 esseque
1526 5425 1741 5474 Paulino
1777 5425 2137 5474 tribuendam.

497 5486 591 5551 C_u_i_
621 5486 960 5551 refragantur
981 5486 1341 5538 [jovanienses
1357 5486 1614 5551 'I‘heologi
1636 5505 1650 5549 δ
1673 5488 1871 5551 quippe
1891 5489 2140 5536 cumPos-

497 5547 663 5596 sidius
682 5550 733 5596 in
758 5547 1012 5622 Indiculo,
1037 5566 1086 5622 ς),
1112 5547 1605 5622 Z,_recenseatL§to
1629 5547 1906 5622 opiﬁcium
1931 5551 2136 5622 datam;

499 5624 726 5673 eamque
758 5613 926 5680 citans
958 5614 1097 5663 Boda
1129 5613 1389 5676 Vulgatus
1419 5616 1470 5662 in
1504 5614 1610 5665 Bad
1629 5613 1760 5662 Tim.
1789 5616 1833 5669 5,
1857 5614 2140 5680 Augustini

492 5687 609 5724 esse
635 5677 915 5736 agnoscat.

1773 155 1833 211 S.
1877 153 2265 212 AUGUSTINI
2305 153 2631 212 EPISCOPI

3782 156 3932 212 1056

2259 281 2362 338 tiat
2393 282 2677 338 omnibus
2690 297 2826 353 quae
2854 281 3154 353 suntejus,
3189 279 3367 338 etiam
3391 280 3531 336 illud
3556 281 3930 347 continetur,

2259 375 2321 426 ut
2347 372 2535 428 oderit
2569 376 2800 443 patrem
2828 387 3024 436 suum,
3063 375 3120 426 et
3143 376 3416 433 matrem,
3449 376 3505 426 et
3553 386 3836 434 uxorem,
3872 375 3934 428 et

2259 461 2432 528 ﬁlios,
2449 464 2506 516 et
2520 461 2820 524 fratres,et
2839 476 3092 526 sorores,
3115 460 3310 516 adhuc
3328 464 3385 514 et
3408 459 3678 515 animam
3713 476 3930 515 suam.

2259 550 2474 606 Omnia
2505 549 2664 604 enim
2695 549 2824 604 haec
2852 547 3099 621 propria
3134 549 3264 619 ejus
3297 552 3453 613 sunt,
3487 564 3623 620 quae
3656 548 3924 620 plerum-

2257 654 2374 710 que
2397 638 2706 710 implicant
2734 643 2789 693 et
2814 637 3151 708 impediunt
3181 637 3255 692 ad
3287 637 3632 701 obtinenda,
3660 653 3788 693 non
3812 638 3933 696 ista

2256 729 2500 800 pr0pria
2550 726 2954 799 temporaliter
3000 727 3343 792 transitura,
3391 726 3495 782 sed
3543 727 3602 782 in
3634 734 3931 782 aeternum

2258 817 2930 872 mansuracommunia.
2975 817 3104 881 Quo
3135 815 3587 871 enimtibinunc
3626 816 3928 887 quaedam

2257 905 2674 962 muliermater
2700 909 2808 970 est,
2842 904 2956 960 hoc
2983 905 3115 976 ipso
3153 905 3354 976 utique
3383 919 3504 960 non
3537 910 3628 960 est
3662 909 3720 959 et
3751 905 3926 961 mihi.

2257 995 2632 1066 Quapropter
2675 994 2790 1050 hoc
2841 993 3162 1066 temporale
3193 1009 3265 1050 ac
3316 993 3727 1050 transitorium
3782 999 3927 1051 est:

2256 1083 2408 1138 sicut
2431 1084 2711 1140 transisse
2732 1084 2858 1155 jam
2892 1083 3058 1139 vides
3106 1081 3270 1154 quod
3317 1087 3369 1139 te
3405 1084 3703 1154 concepit,
3755 1083 3930 1155 quod

2257 1173 2503 1241 gestavit
2535 1176 2723 1237 utero,
2766 1171 2931 1244 quod
2963 1170 3213 1242 peperit,
3266 1170 3432 1243 quod
3469 1169 3620 1226 lacte
3653 1172 3934 1227 nutrivit.

2257 1262 2425 1328 Quod
2444 1267 2642 1318 autem
2659 1278 2827 1319 soror
2853 1262 2911 1318 in
2941 1262 3170 1318 Christo
3185 1265 3292 1326 est,
3327 1265 3382 1316 et
3413 1260 3515 1316 tibi
3552 1267 3643 1316 est
3675 1267 3734 1316 et
3753 1261 3932 1325 mihi,

2256 1352 2611 1407 etomnibus
2639 1351 2858 1424 quibus
2881 1367 3000 1407 una
3021 1350 3276 1406 cmlestis
3300 1350 3637 1416 haereditas,
3674 1355 3734 1406 et
3760 1355 3934 1423 pater

2258 1441 2429 1498 Deus,
2471 1447 2525 1497 et
2552 1441 2728 1497 frater
2759 1440 3042 1505 Christus,
3077 1440 3136 1495 in
3163 1440 3375 1496 eadem
3397 1440 3706 1496 charitatis
3738 1440 3934 1496 socie-

2259 1535 2372 1586 tate
2406 1531 2781 1599 promittitur.
2807 1530 2943 1586 Hsec
2975 1534 3195 1585 interna
3216 1533 3354 1584 sunt
3387 1529 3556 1595 ;haac
3587 1529 3754 1584 nulla
3779 1534 3932 1585 tem-

2257 1620 2414 1691 poris
2446 1619 2582 1675 labe
2612 1620 2998 1684 deteruntur;
3035 1619 3160 1674 haec
3192 1623 3356 1674 tanto
3396 1617 3632 1674 ﬁrmius
3661 1619 3936 1675 tenenda

2256 1714 2590 1780 sperantur,
2631 1713 2860 1780 quanto
2902 1708 3098 1764 minus
3131 1709 3388 1778 privato,
3446 1707 3552 1763 sed
3605 1708 3934 1764 communi

2255 1799 2454 1870 potius
2470 1799 2602 1869 jure
2634 1797 2966 1853 obtinenda
3000 1796 3427 1869 praedicantur.

2327 1907 2380 1959 4.
2412 1907 2576 1960 Potes
2615 1903 2729 1959 hoc
2756 1903 3034 1959 facillime
3064 1905 3121 1959 in
3149 1903 3281 1976 ipsa
3308 1908 3409 1960 tua
3442 1907 3630 1959 matre
3663 1918 3937 1973 cognos-

2258 1997 2577 2049 cere.Nam
2605 1993 2763 2050 unde
2790 1999 2844 2048 te
2872 2009 3030 2048 nunc
3065 1992 3354 2048 irretitum
3406 1992 3676 2058 involvit,
3747 1998 3808 2048 et
3855 1995 3935 2048 ab

2258 2082 2525 2138 instituto
2551 2099 2728 2137 cursu
2752 2081 3120 2137 retardatum
3144 2081 3388 2137 reﬂectit
3440 2087 3496 2137 et
3533 2087 3766 2147 curvat,
3809 2081 3935 2137 nisi

2257 2187 2326 2227 ex
2355 2187 2475 2243 quo
2510 2177 2609 2227 tua
2639 2171 2883 2242 propria
2917 2176 3105 2227 mater
3123 2175 3210 2226 est
3231 2170 3261 2225 ‘i
3287 2171 3440 2226 Nam
3473 2187 3544 2226 ex
3593 2186 3722 2242 quo
3755 2186 3936 2226 soror

2257 2265 2344 2316 est
2363 2261 2657 2324 omnium,
2690 2260 2908 2332 quibas
2941 2265 3026 2315 est
3050 2265 3217 2332 pater
3245 2263 3398 2316 Deus
3426 2265 3480 2316 et
3511 2267 3709 2316 mater
3734 2260 3935 2316 Eccle-

2259 2349 2369 2415 sia,
2402 2355 2522 2405 tam
2556 2355 2609 2405 te
2638 2364 2758 2405 non
2787 2348 3060 2420 impedit,
3121 2365 3307 2421 quam
3339 2363 3534 2421 neque
3569 2365 3690 2415 me,
3726 2363 3932 2421 neque

2257 2455 2468 2494 omnes
2499 2439 2707 2494 fratres
2737 2444 2993 2502 nostros,
3025 2439 3129 2510 qui
3151 2454 3284 2493 eam
3315 2453 3436 2493 non
3467 2437 3729 2509 privata,
3775 2439 3932 2494 sicut

2255 2529 2319 2584 tu
2349 2528 2408 2581 in
2448 2527 2631 2582 domo
2666 2533 2881 2590 vestra,
2909 2527 3014 2582 sed
3045 2525 3366 2599 publicain
3393 2526 3579 2582 domo
3611 2525 3715 2582 Dei
3735 2525 3935 2582 chari-

2257 2621 2373 2672 tate
2421 2616 2750 2688 diligimus.
2821 2616 2993 2682 Quod
3056 2632 3197 2686 ergo
3231 2621 3288 2672 tu
3327 2615 3408 2671 illi
3459 2617 3636 2672 etiam
3693 2616 3930 2672 carnali

2257 2704 2694 2760 necessitudine
2727 2705 3081 2771 annecteris,
3117 2705 3195 2760 ad
3232 2711 3452 2761 sortem
3499 2705 3702 2760 valere
3750 2704 3929 2760 debet

2254 2792 2609 2849 familiarius
2639 2793 3038 2865 colloquendi,
3074 2799 3130 2849 et
3151 2795 3442 2866 apertiore
3468 2794 3661 2864 janua
3693 2809 3925 2849 consu-

2253 2882 2415 2937 lendi
2449 2889 2511 2938 ut
2534 2883 2648 2938 hoc
2667 2883 2884 2954 ipsum,
2919 2898 3042 2953 quo
3069 2888 3118 2938 te
3154 2883 3425 2953 privatim
3458 2882 3675 2951 diligit,
3699 2882 3927 2938 interﬁ-

2254 2970 2442 3026 ciatur
2468 2973 2526 3025 in
2556 2987 2645 3035 ea,
2665 2986 2737 3025 ne
2763 2970 2927 3042 quod
2958 2987 3030 3025 ex
3059 2978 3221 3026 utero
3249 2987 3359 3026 suo
3393 2976 3445 3026 te
3473 2972 3704 3041 genuit,
3731 2971 3923 3042 pluris

2256 3059 2497 3131 pendat,
2545 3076 2732 3132 quam
2774 3059 2940 3132 quod
2971 3076 3043 3116 ex
3089 3065 3253 3116 utero
3297 3059 3565 3116 Ecclesiae
3599 3061 3808 3132 genita
3837 3064 3927 3115 est

2257 3155 2471 3204 tecum.
2497 3149 2663 3214 Quod
2697 3154 2899 3204 autem
2933 3149 3007 3204 de
3029 3153 3217 3204 matre
3243 3149 3387 3215 dixi,
3420 3149 3534 3204 hoc
3567 3152 3642 3204 de
3675 3149 3782 3205 tali
3817 3165 3930 3205 caa-

2255 3242 2376 3292 tera
2391 3237 2832 3309 prOpinquitate
2847 3237 3297 3307 intelligendum
3316 3238 3549 3293 est.Hoc
3561 3239 3751 3294 etiam
3766 3240 3930 3310 quis-

2253 3326 2456 3398 quede
2470 3326 2673 3381 anima
2689 3327 3050 3396 suacogitet,
3077 3326 3329 3381 utetiam
3352 3326 3410 3381 in
3457 3326 3588 3399 ipsa
3610 3328 3926 3397 privatum

2253 3414 2527 3470 affectum
2541 3414 2864 3486 oderit,qui
2879 3415 3086 3486 procul
3101 3415 3281 3470 dubio
3294 3415 3643 3486 temporalis
3655 3422 3750 3470 est
3768 3428 3781 3468 :
3797 3416 3927 3471 dili-

2254 3510 2564 3573 gatautem
2583 3505 2641 3559 in
2660 3521 2728 3559 ea
2741 3506 3226 3560 communionem
3245 3505 3720 3577 societatemque
3735 3505 3922 3570 illam,

2252 3594 2459 3665 dequa
2480 3594 2994 3658 dictumest,Erat
3017 3595 3139 3649 illis
3170 3594 3231 3648 in
3263 3596 3447 3650 Deum
3477 3596 3687 3650 anima
3713 3611 3842 3650 una
3872 3605 3923 3650 et

2251 3698 2355 3738 cor
2387 3699 2569 3738 unum
2594 3683 2737 3754 (Act.
2759 3699 2833 3748 iv,
2859 3683 2969 3754 32).
3010 3685 3101 3739 Sic
3118 3683 3278 3738 enim
3320 3683 3527 3739 anima
3550 3689 3654 3739 tua
3690 3699 3810 3738 non
3837 3690 3923 3738 est

2250 3771 2511 3843 propria,
2533 3771 2638 3827 sed
2650 3771 2923 3827 omnium
2937 3771 3186 3828 fratrum
3205 3789 3217 3838 ;
3234 3788 3492 3844 quorum
3505 3772 3691 3828 etiam
3711 3774 3922 3828 animai

2251 3867 2363 3917 tuas
2379 3865 2533 3926 sunt,
2558 3861 2648 3916 vel
2665 3861 2862 3932 potius
2874 3877 3136 3934 quorum
3148 3863 3366 3918 animas
3379 3878 3513 3917 cum
3532 3867 3636 3918 tua
3657 3879 3791 3918 non
3804 3865 3925 3919 ani-

2253 3967 2386 4016 maa,
2403 3951 2506 4006 sed
2526 3951 2725 4006 anima
2747 3967 2866 4006 una
2885 3955 2989 4022 est,
3008 3951 3424 4016 Christiunica,
3451 3968 3589 4024 quae
3617 3954 3695 4007 de
3731 3968 3923 4009 manu

2251 4040 2417 4096 canis
2432 4045 2494 4095 ut
2510 4047 2771 4108 eruatur,
2787 4045 3064 4096 cantatur
3079 4041 3138 4096 in
3155 4041 3405 4097 Psalmis
3427 4041 3621 4113 (Psal.
3657 4058 3788 4108 xxx,
3807 4045 3920 4113 2t).

2249 4130 2392 4186 Inde
2407 4130 2482 4186 ad
2498 4135 2910 4203 contemptum
2927 4131 3130 4186 mortis
3144 4131 3424 4187 facillime
3439 4132 3816 4202 pervenitur.

2322 4243 2371 4293 5.
2407 4241 2521 4294 Nec
2544 4243 2936 4294 succenseant
2962 4244 3240 4311 parentes
3284 4239 3399 4296 hoc
3431 4240 3770 4313 praecipere
3803 4241 3918 4297 Do-

2251 4328 2483 4383 minum
2518 4331 2578 4382 ut
2604 4343 2704 4383 eos
2730 4328 3060 4393 oderimus,
3091 4327 3339 4400 quando
3361 4327 3667 4384 nobishoc
3682 4329 3765 4386 de
3799 4331 3924 4385 ani-

2253 4433 2353 4472 ma
2406 4421 2612 4472 nostra
2641 4416 2999 4488 praecipitur.
3038 4420 3186 4473 Nam
3231 4418 3382 4474 sicut
3412 4433 3566 4473 nunc
3598 4418 3674 4473 de
3712 4420 3924 4476 anima

2246 4506 2508 4576 jubetur,
2545 4511 2608 4560 ut
2637 4522 2770 4560 eam
2789 4511 3026 4578 propter
3058 4507 3354 4563 Christum
3381 4523 3519 4563 cum
3551 4510 3916 4578 parentibus

2250 4595 2555 4650 oderimus
2589 4594 2706 4660 ;ita
2735 4595 2900 4666 quod
2941 4596 3060 4651 alio
3091 4595 3224 4652 loco
3254 4596 3328 4652 de
3355 4597 3558 4653 anima
3585 4596 3756 4652 idem
3795 4601 3918 4654 Do-

2251 4684 2451 4738 minus
2483 4683 2642 4748 dicit,
2673 4685 2729 4739 in
2763 4689 3038 4756 parentes
3069 4701 3314 4758 quoque
3345 4691 3536 4756 potest
3567 4701 3917 4754 congruen~

2252 4772 2481 4827 tissime
2496 4773 2841 4828 convenire:
2869 4773 3172 4841 Quiamal,
3200 4774 3413 4844 inquit,
3438 4773 3702 4829 animam
3721 4790 3916 4834 suam.

2247 4862 2454 4930 perdet
2477 4877 2603 4918 eam
2634 4863 2830 4933 (Joan.
2855 4878 2953 4927 xu,
3004 4864 3118 4932 25).
3156 4863 3354 4918 Dicam
3389 4864 3565 4918 etiam
3619 4862 3916 4920 ﬁdenter:

2251 4951 2360 5017 Qui
2375 4958 2536 5006 amat
2551 4956 2823 5022 parentes
2837 4967 2997 5016 suos,
3014 4953 3221 5024 perdet
3234 4955 3443 5008 eos.De
3460 4951 3672 5008 anima
3685 4954 3921 5026 quippe

2249 5040 2362 5095 hoc
2397 5040 2480 5096 ibi
2503 5039 2668 5106 dixit,
2690 5040 2902 5105 oderit,
2931 5041 3092 5113 quod
3118 5040 3214 5096 hic
3231 5041 3448 5112 perdet.
3497 5041 3663 5097 Sicut
3712 5049 3921 5098 autem

2251 5129 2365 5185 hoc
2415 5135 2797 5200 prmceptum,
2847 5145 2970 5201 quo
3016 5130 3256 5202 perdere
3293 5130 3579 5200 jubemur
3637 5132 3917 5187 animam

2251 5225 2542 5282 nostram,
2572 5234 2691 5274 non
2719 5217 2795 5274 ad
2833 5219 2892 5274 id
2924 5219 3080 5275 valet
3110 5225 3170 5275 ut
3201 5236 3262 5275 se
3293 5220 3546 5292 quisque
3580 5220 3918 5281 interimat,

2251 5308 2414 5380 quod
2445 5309 2804 5380 inexpiabile
2844 5309 3011 5365 nefas
3037 5314 3160 5374 est;
3193 5315 3249 5364 et
3299 5315 3496 5365 tamen
3531 5310 3694 5367 valet
3729 5319 3793 5368 ut
3836 5315 3917 5366 in-

2252 5398 2484 5452 terimat
2513 5397 2648 5452 inse
2675 5398 2975 5454 carnalem
3008 5397 3226 5454 animai
3254 5397 3554 5464 affectum,
3599 5415 3728 5472 quo
3785 5421 3914 5461 cum

2251 5488 2679 5558 impedimento
2697 5486 2908 5543 futuras
2948 5487 3081 5542 vitm
3135 5504 3402 5559 praesens
3437 5487 3559 5544 vita
3607 5490 3910 5557 delectat;

2251 5577 2364 5632 hoc
2379 5577 2636 5633 estenim
2652 5577 2813 5649 quod
2827 5576 3050 5632 dictum
3070 5583 3178 5644 est,
3199 5577 3388 5634 oderit
3416 5579 3692 5636 animam
3718 5598 3908 5640 suam.

2254 5670 2330 5733 et,
2371 5667 2576 5738 perdet
2621 5681 2749 5724 eam
2780 5683 2800 5722 :
2825 5665 2990 5740 quod
3020 5670 3221 5725 tamen
3245 5667 3554 5740 diligendo
3584 5668 3700 5742 ﬁt;
3727 5687 3917 5744 quan-
