4138 6172
268 154 408 212 1057

235 277 570 352 doquidem
621 277 992 350 apertissime
1057 275 1311 334 fructum
1346 277 1616 349 ejusdem
1672 278 1891 334 animm

232 367 637 441 acquirendae,
674 368 735 423 in
774 366 986 422 eodem
1017 372 1319 438 praecepto
1341 383 1769 432 commemora,
1805 366 1895 420 di—

235 473 380 514 cens
413 477 426 518 :
460 457 573 526 Qui
597 457 917 529 perdiderit
958 472 1084 512 eam
1118 456 1180 511 in
1217 459 1326 512 ista
1357 457 1584 522 saeculo,
1611 459 1671 512 in
1711 455 1892 512 vitam

232 555 519 604 mternam
550 546 811 603 inveniet
839 560 966 601 eam
1002 566 1022 602 :
1048 546 1131 601 ita
1169 545 1243 601 de
1273 545 1619 617 parentibus
1644 543 1894 601 rectissi-

235 652 336 694 me
359 637 576 692 dicitur
599 641 660 691 ut
682 635 786 708 qui
810 651 912 690 eos
943 639 1123 701 amat,
1157 635 1369 706 perdat
1389 651 1491 690 eos
1536 651 1550 701 ;
1583 650 1702 689 non
1733 649 1894 689 more

233 725 648 798 paricidarum
675 723 1054 789 interﬁciens,
1089 723 1195 780 sed
1226 723 1516 794 spirituali
1545 723 1744 793 gladio
1765 737 1895 776 ver-

233 813 298 871 bi
325 814 424 869 Dei
460 812 765 870 carnalem
793 812 1086 870 affectum
1125 827 1355 877 eorum,
1384 827 1506 882 quo
1537 816 1591 867 et
1633 811 1892 882 seipsos,

237 908 297 961 et
322 918 426 959 eos
456 917 610 974 quos
636 908 971 971 genuerunt
997 899 1461 972 implicamentis
1487 900 1584 970 hoj
1597 916 1664 954 us
1696 898 1894 954 saeculi

237 991 506 1061 obligare
547 994 862 1056 conantur,
898 991 991 1061 pie
1052 989 1428 1060 ﬁdenterque
1476 989 1813 1060 percutiens
1840 991 1894 1044 et

236 1081 540 1147 occidens,
565 1079 712 1135 illud
743 1079 802 1134 in
817 1079 899 1134 eis
919 1079 1111 1134 vivere
1128 1077 1325 1144 faciat,
1354 1094 1476 1151 quo
1503 1077 1712 1135 fratres
1732 1081 1892 1144 sunt,

238 1186 363 1243 quo
403 1186 541 1226 cum
565 1168 700 1224 ﬁliis
733 1169 856 1223 suis
877 1167 1338 1240 temporalibus,
1356 1172 1894 1239 parenteseeternos

241 1262 430 1316 Deum
463 1258 904 1330 Ecclesiamque
927 1262 1320 1328 cognoscunt.
1372 1324 1374 1328 ν

309 1371 361 1423 6.
391 1369 537 1423 Ecce
557 1365 714 1438 raplt
733 1370 788 1421 te
806 1364 1072 1421 studium
1091 1364 1371 1430 veritatis,
1386 1369 1443 1420 et
1460 1363 1894 1436 cognoscendae

238 1461 417 1529 atque
439 1454 839 1528 percipiendae
861 1453 1182 1509 voluntatis
1201 1455 1296 1508 Dei
1314 1453 1371 1508 in
1388 1453 1708 1524 Scripturis
1728 1468 1896 1508 sanc-

237 1546 308 1602 tis
335 1563 352 1612 ;
382 1546 537 1617 rapit
578 1542 935 1614 evangelicae
990 1541 1430 1614 praedicationis
1468 1541 1752 1597 ofﬁcium.
1789 1543 1897 1597 Dat

237 1637 480 1708 signum
510 1633 798 1689 Dominus
830 1636 894 1687 ut
923 1631 1235 1702 vigilemus
1265 1631 1328 1686 in
1355 1631 1592 1702 castris,
1623 1637 1685 1686 ut
1713 1631 1898 1686 aediﬁ-

236 1740 443 1780 cemus
475 1724 705 1788 turrim,
739 1721 813 1777 de
841 1737 964 1792 qua
993 1721 1226 1776 hostem
1258 1722 1634 1793 sempiternae
1676 1721 1808 1776 vitae
1839 1725 1897 1776 et

236 1813 578 1887 prospicere
609 1817 665 1868 et
695 1809 1026 1883 propellere
1060 1809 1390 1866 valeamus.
1428 1809 1602 1881 Rapit
1641 1809 1892 1865 militem

238 1903 450 1959 Christi
472 1902 616 1958 tuba
646 1900 901 1957 caelestis
927 1899 1006 1956 ad
1038 1899 1330 1965 Praelium,
1354 1904 1410 1955 et
1434 1900 1644 1955 retinet
1675 1899 1892 1955 mater!

236 2007 360 2049 non
377 1992 551 2063 plane
573 1990 727 2055 talis,
752 1989 949 2062 qualis
981 1989 1460 2045 Machabteorum
1491 1988 1623 2054 fuit,
1644 2004 1755 2044 nec
1780 1987 1897 2044 sal-

237 2087 357 2138 tem
409 2081 616 2137 similis
675 2078 1142 2135 Lacedaemoniis
1191 2078 1501 2143 matribus,
1552 2077 1626 2132 de
1673 2078 1896 2149 quibus

247 2171 553 2226 memoria:
591 2168 896 2241 proditum
941 2171 1032 2223 est
1069 2167 1235 2239 quod
1281 2167 1435 2222 ﬁlios
1476 2183 1640 2231 suos,
1684 2171 1748 2222 ut
1786 2183 1896 2238 pro

236 2263 473 2318 terrena
485 2260 678 2331 patria
694 2257 1049 2329 sanguinem
1065 2256 1400 2324 funderent,
1426 2255 1611 2312 multo
1633 2256 1894 2329 amplius

236 2355 419 2421 atque
445 2347 752 2405 ardentius
777 2347 834 2401 in
865 2345 1196 2401 certamina
1220 2344 1451 2410 bellica,
1481 2361 1667 2417 quam
1697 2346 1895 2416 signo-

237 2453 377 2493 rum
421 2437 652 2493 sonitus
701 2435 1062 2491 excitabant.
1113 2437 1259 2490 Nam
1317 2439 1508 2490 mater
1549 2450 1683 2506 qua:
1726 2439 1778 2490 te
1818 2435 1897 2491 ad

239 2526 595 2582 discendam
617 2527 801 2582 vitam
828 2523 1113 2580 removeri
1132 2539 1167 2579 a
1188 2525 1345 2579 curis
1369 2524 1757 2580 saecularibus
1779 2539 1897 2580 non

240 2615 540 2688 permittit,
577 2616 717 2671 satis
739 2613 994 2670 ostendit
1020 2613 1541 2685 quemadmodum
1573 2617 1645 2678 te,
1676 2614 1726 2668 si
1747 2629 1897 2686 opus

243 2710 420 2771 esset,
445 2703 515 2760 ad
538 2703 884 2760 obeundam
923 2706 1175 2759 mortem
1203 2703 1439 2774 penitus
1486 2702 1772 2758 saeculum
1810 2719 1898 2759 re-

252 2792 508 2866 pudiare
537 2792 932 2865 permitteret.

315 2906 369 2955 τ.
401 2900 515 2956 Sed
546 2899 690 2972 quid
723 2899 880 2964 dicit,
915 2904 1018 2954 aut
1047 2897 1193 2970 quid
1215 2898 1431 2968 allegat
1451 2897 1663 2956 ?Forte
1689 2899 1894 2955 decem

241 2988 376 3046 illos
401 3005 632 3044 menses
652 2988 873 3060 quibus
894 2989 1122 3043 viscera
1139 2989 1270 3058 ejus
1293 2988 1576 3057 onerasti,
1597 2987 1898 3044 etdolores

245 3077 678 3151 parturitionis,
712 3093 781 3133 ac
805 3077 1043 3132 labores
1075 3076 1465 3134 educationis.
1491 3079 1628 3144 Hoc,
1661 3078 1775 3134 hoc
1806 3079 1900 3134 in-

243 3168 448 3224 terﬁce
475 3167 658 3223 verbo
688 3166 930 3223 salutari
961 3165 1112 3232 ;hoc
1153 3166 1334 3237 perde
1366 3167 1594 3231 matris,
1629 3171 1690 3223 ut
1715 3167 1897 3222 in'vi-

243 3263 368 3314 tam
400 3261 684 3313 aeternam
714 3255 986 3312 invenias
1011 3271 1166 3311 eam.
1195 3255 1318 3311 Hoc
1344 3262 1646 3312 memento
1671 3261 1733 3313 ut
1757 3256 1901 3312 ode-

243 3346 326 3402 ris
357 3346 417 3400 in
449 3361 539 3411 ea,
576 3345 623 3400 si
656 3344 850 3414 diligis
879 3360 1035 3410 eam,
1069 3349 1116 3399 si
1147 3345 1255 3400 tiro
1289 3344 1498 3400 Christi
1529 3361 1612 3412 es,
1645 3345 1693 3401 si
1723 3346 1900 3401 turris

245 3434 645 3491 fundamenta
674 3433 927 3506 posuisti
960 3450 973 3500 ;
1007 3449 1081 3489 ne
1107 3433 1310 3490 dicant
1341 3440 1715 3490 transeuntes
1742 3454 1756 3494 :
1785 3437 1901 3492 Hic

245 3524 410 3581 homo
442 3525 612 3592 coepit
647 3523 956 3590 aediﬁcare,
990 3528 1184 3580 etnon
1206 3523 1401 3592 potuit
1427 3525 1728 3592 perﬁcere.
1763 3526 1901 3581 Car-

243 3613 398 3671 nalis
432 3613 593 3669 enim
624 3612 872 3669 affectus
903 3619 990 3668 est
1026 3614 1155 3681 iste,
1184 3617 1239 3669 et
1268 3611 1466 3668 adhuc
1506 3618 1763 3670 veterem
1801 3615 1902 3671 ho-

243 3704 467 3760 minem
502 3709 692 3759 sonat.
720 3705 885 3758 Hunc
911 3701 1215 3758 carnalem
1237 3701 1538 3770 affectum,
1565 3708 1618 3759 et
1644 3703 1704 3759 in
1727 3703 1901 3760 nobis

244 3797 301 3849 et
330 3793 391 3848 in
420 3791 658 3859 nostris,
691 3791 898 3847 militia
937 3791 1258 3847 christiana
1286 3797 1347 3847 ut
1377 3793 1744 3863 perimamus
1765 3793 1903 3848 hor-

243 3885 437 3949 tatur;
463 3896 571 3937 nec
598 3886 796 3937 tamen
823 3881 902 3936 ita
926 3887 985 3936 ut
1005 3881 1277 3950 ingratus
1307 3881 1378 3936 sit
1407 3881 1663 3953 quisque
1691 3897 1901 3953 paren-

243 3970 423 4037 tibus,
446 3970 729 4026 eteadem
749 3971 886 4042 ipsa
906 3969 1198 4026 beneﬁcia
1210 3970 1432 4040 quibus
1457 3971 1516 4024 in
1538 3972 1722 4026 vitam
1743 3971 1898 4026 hanc

241 4058 456 4124 editus,
501 4064 820 4130 susceptus
865 4064 1046 4131 atque
1098 4059 1356 4115 nutritus
1405 4064 1513 4124 est,
1552 4066 1899 4116 enumerata

242 4148 532 4204 derideat.
562 4150 761 4205 Servet
789 4149 990 4221 potius
1021 4148 1245 4221 ubique
1277 4149 1560 4219 pietatem
1592 4164 1604 4204 :
1636 4149 1899 4206 habeant

241 4237 372 4294 haec
411 4237 610 4294 locum
653 4237 753 4293 ubi
786 4238 1018 4309 majora
1059 4253 1182 4294 non
1215 4244 1450 4294 vocant.

314 4345 370 4402 8.
401 4346 576 4401 Mater
608 4344 883 4411 Ecclesia,
924 4351 1114 4400 mater
1154 4350 1242 4401 est
1282 4345 1461 4401 etiam
1505 4346 1713 4402 matris
1758 4351 1893 4404 tuae.

242 4433 376 4489 Haec
404 4448 512 4489 vos
543 4433 616 4489 de
648 4434 875 4490 Christo
907 4434 1201 4507 concepit,
1235 4434 1362 4490 haec
1393 4441 1727 4507 martyrum
1757 4453 1896 4493 san-

238 4523 419 4594 guine
461 4523 787 4594 parturivit,
841 4523 971 4579 haec
997 4524 1056 4579 in
1100 4524 1526 4595 sempiternam
1569 4525 1766 4580 lucem
1790 4542 1896 4597 pe-

243 4612 415 4685 perit,
456 4612 585 4668 heec
624 4611 766 4667 ﬁdei
806 4611 955 4668 lacte
998 4615 1239 4667 nutrivit
1290 4619 1342 4667 et
1379 4614 1577 4681 nutrit,
1607 4613 1895 4686 cibosque

239 4700 504 4771 majores
521 4717 892 4773 praeparans,
907 4701 1114 4773 quoda
1127 4703 1287 4756 dhuc
1301 4702 1529 4773 parvuli
1544 4707 1600 4757 et
1613 4703 1740 4757 sine
1754 4702 1897 4758 den~

238 4789 402 4846 tibus
430 4791 635 4860 vagire
662 4789 856 4855 vultis,
880 4789 1184 4846 horrescit.
1217 4791 1351 4846 Haec
1378 4797 1566 4846 mater
1594 4795 1719 4846 toto
1750 4792 1895 4847 orbe

237 4878 478 4945 diffusa,
513 4885 634 4936 tam
673 4881 850 4936 variis
876 4885 930 4934 et
959 4879 1388 4952 multiplicibus
1419 4897 1688 4937 errorum
1713 4881 1893 4938 infes-

239 4967 564 5025 tationibus
577 4970 855 5039 agitatur,
873 4969 1200 5025 utabortivi
1208 4967 1334 5039 jam
1351 4969 1448 5025 ﬁlii
1463 4970 1513 5040 ej
1525 4987 1591 5026 us
1605 4970 1894 5026 adversus

238 5072 376 5114 eam
391 5055 636 5113 infrenis
649 5058 830 5114 armis
841 5057 1192 5129 belligerare
1208 5075 1327 5115 non
1342 5059 1630 5115 dubitent.
1651 5059 1897 5130 Ignavia

240 5146 418 5202 etiam
441 5151 620 5218 atque
643 5151 883 5218 torpore
905 5149 1309 5220 quorumdam
1330 5165 1483 5220 quos
1511 5151 1736 5219 gremio
1759 5166 1894 5205 con-

239 5235 404 5305 tinet,
439 5237 712 5292 membra
741 5253 851 5294 sua
889 5237 1204 5308 frigescere
1239 5238 1512 5310 plurimis
1542 5239 1688 5295 locis
1729 5244 1784 5295 et
1805 5239 1893 5296 fo-

241 5325 452 5381 vendis
483 5325 752 5398 parvulis
777 5326 976 5381 minus
997 5327 1215 5383 idonea
1238 5327 1362 5383 ﬁeri
1385 5328 1563 5384 dolet.
1591 5329 1756 5384 Unde
1784 5329 1894 5384 nisi

236 5427 344 5488 per
364 5413 512 5471 alios
539 5415 711 5482 ﬁlios,
739 5415 898 5472 unde
921 5415 1032 5471 nisi
1055 5431 1160 5487 per
1176 5415 1297 5473 alia
1319 5417 1612 5486 membra,
1634 5432 1895 5490 quorum

239 5518 537 5561 enumero
562 5521 648 5571 es,
677 5504 904 5576 justum
937 5521 1007 5562 ac
1037 5506 1305 5561 debitum
1335 5507 1526 5578 poscit
1554 5507 1892 5566 auxilium?

237 5593 349 5665 Huj
360 5609 505 5649 usne
523 5599 585 5651 tu
609 5593 990 5650 necessitates
1013 5594 1317 5660 deserens,
1336 5593 1414 5650 ad
1430 5595 1694 5652 carnalia
1711 5597 1894 5655 verba

237 5683 600 5745 converteris
615 5681 644 5741 7
658 5685 867 5746 Nonne
894 5684 1024 5743 hac
1051 5683 1428 5758 gravioribus
1450 5685 1707 5759 querelis
1731 5687 1893 5748 inso-

1476 149 1981 210 EPISTOLARUM
2022 146 2309 206 CLASSIS
2354 148 2452 206 IV.

3526 158 3661 213 1058

2005 280 2110 333 nat
2121 275 2364 332 auribus
2381 274 2408 329 ?
2427 289 2623 331 nonne
2636 274 2763 331 haec
2777 274 3051 333 chariora
3065 277 3314 345 viscera,
3329 281 3657 340 etccelestia

2005 365 2192 421 ubera
2209 363 2503 420 ostentat?
2518 364 2686 420 Adde
2707 365 2813 420 viri
2827 365 2876 436 ej
2891 383 2955 419 us
2974 369 3412 439 susceptionem
3438 372 3654 437 carnis,

2005 469 2079 509 ne
2093 453 2434 509 carnalibus
2450 453 3101 519 inhaereres,etaVerbo
3115 463 3369 512 aeteeruo
3392 462 3660 515 universa

2005 558 2140 615 qua:
2167 543 2268 597 tibi
2295 549 2484 598 mater
2510 543 2889 614 improperat,
2911 560 2984 598 ne
3017 546 3106 599 his
3137 545 3528 616 implicareris
3557 566 3651 605 as-

2006 637 2247 702 sumpta
2297 650 2314 702 ς
2370 632 2524 686 adde
2583 631 3002 699 contumelias,
3060 634 3317 705 ﬂagella,
3379 642 3653 704 mortem,

2005 725 2260 776 mortem
2289 723 2490 776 autem
2520 721 2725 775 crucis.

2077 831 2127 882 9.
2160 827 2398 882 Talibus
2423 833 2707 898 concepte
2739 827 3093 899 seminibus,
3128 830 3351 902 talique
3390 831 3451 886 in
3477 832 3660 890 vitam

2006 932 2223 972 novam
2245 917 2549 973 connubio
2568 924 2894 988 procreate,
2911 917 3248 988 languescis
3263 926 3319 976 et
3344 923 3658 978 contabes-

2007 1005 2090 1061 cis
2119 1005 2180 1060 in
2219 1011 2477 1061 veterem
2508 1007 2816 1061 hominem
2847 1007 2859 1061 ι
2891 1011 3049 1062 ltane
3080 1013 3333 1064 matrem
3366 1017 3660 1068 terrenam

2006 1109 2128 1150 non
2152 1094 2416 1150 habebat
2449 1095 2810 1166 lImperator
2844 1102 2976 1151 tuus
2998 1095 3025 1151 ‘2
3045 1099 3185 1162 Quae
3215 1103 3413 1154 tamen
3445 1117 3581 1155 cum
3608 1101 3660 1156 ei

2005 1184 2379 1240 nuntiaretur
2408 1184 2608 1253 agenti
2639 1185 2921 1250 coelestia,
2953 1187 3260 1257 respondit
3293 1205 3305 1242 :
3337 1190 3472 1256 Quae
3506 1191 3659 1246 mihi

2007 1277 2214 1339 mater,
2256 1278 2361 1330 aut
2391 1274 2495 1346 qui
2523 1275 2750 1343 fratres
2781 1274 2807 1328 ‘?
2847 1275 2914 1330 Et
2949 1277 3272 1332 extendens
3314 1295 3560 1334 manum
3601 1281 3658 1334 in

2007 1362 2336 1434 discipulos
2361 1362 2676 1427 suos,dixit
2697 1379 2816 1418 non
2836 1366 3125 1434 pertinere
3149 1365 3227 1420 ad
3241 1370 3661 1436 cognationem

2008 1451 2432 1523 suam,nisiqui
2445 1451 2705 1508 facerent
2719 1451 3069 1508 voluntatem
3086 1455 3270 1509 Patris
3286 1456 3406 1527 ejus
3420 1457 3657 1527 (Matth.

2005 1556 2110 1609 xu,
2141 1540 2348 1612 48-50).
2390 1542 2452 1594 lu
2493 1557 2614 1612 quo
2654 1558 2904 1598 numero
2945 1543 3208 1613 profecto
3249 1546 3426 1600 etiam
3465 1548 3661 1617 ipsam

2006 1629 2254 1684 Mariam
2288 1629 2583 1699 benignus
2631 1631 2875 1686 inclusit
2905 1649 2917 1697 ;
2953 1632 3213 1688 faciebat
3254 1637 3412 1688 enim
3463 1642 3518 1690 et
3561 1636 3663 1691 illa

2007 1717 2373 1774 voluntatem
2399 1720 2606 1774 Patris.
2626 1720 2713 1775 lta
2733 1720 2998 1790 optimus
3025 1722 3299 1792 Magister
3316 1729 3493 1794 atque
3515 1725 3660 1779 divi-

2007 1822 2140 1877 nus,
2168 1813 2226 1862 et
2247 1817 2584 1863 maternum
2611 1825 2855 1874 nomen,
2888 1810 3051 1881 quod
3083 1811 3134 1865 ei
3163 1813 3336 1882 quasi
3364 1815 3661 1883 privatum

2008 1897 2441 1968 propriumque
2471 1897 2916 1961 nuntiaverant,
2942 1899 3086 1970 quia
3106 1903 3405 1956 terrenum
3432 1908 3576 1968 erat,
3601 1903 3662 1958 in

2007 1986 2456 2056 comparatione
2495 1987 2744 2041 ccelestis
2780 1989 3244 2059 propinquitatis
3285 1989 3505 2059 abjecit
3549 2007 3561 2046 :
3607 1997 3662 2047 et

2007 2076 2284 2130 eamdem
2298 2075 2596 2132 cmlestem
2610 2077 3118 2148 prOpinquitatem
3132 2079 3190 2132 in
3204 2078 3514 2150 discipulis
3535 2081 3660 2136 suis

2008 2180 2509 2231 commemorans,
2536 2181 2658 2237 quo
2689 2165 2800 2222 sibi
2830 2182 3073 2221 rursum
3100 2171 3402 2225 consortio
3429 2171 3662 2238 generis

2007 2270 2149 2311 cum
2174 2256 2400 2310 caeteris
2430 2255 2656 2311 sanctis
2690 2255 2856 2325 virgo
2881 2255 2982 2313 illa
3011 2259 3352 2326 cohaereret,
3381 2258 3656 2316 ostendit.

2008 2347 2075 2400 Et
2108 2361 2182 2400 ne
2221 2345 2333 2399 isto
2373 2344 2765 2402 saluberrimo
2811 2347 3154 2416 magisterio
3197 2363 3318 2419 quo
3359 2350 3661 2405 contemni

2007 2431 2310 2490 carnalem
2327 2433 2607 2490 aﬂectum
2623 2435 2683 2489 in
2705 2435 3052 2505 parentibus
3079 2435 3304 2504 docuit,
3328 2437 3588 2493 adminic
3599 2455 3665 2494 u-

2006 2523 2133 2578 lum
2169 2538 2332 2578 error
2361 2524 2671 2594 acciperet,
2703 2539 2827 2595 quo
2863 2533 3117 2581 matrem
3154 2525 3440 2582 habuisse
3467 2544 3502 2583 a
3530 2528 3665 2600 qui-

2007 2611 2274 2668 busdam
2290 2618 2561 2681 negatur,
2584 2613 2702 2668 alio
2727 2614 2858 2668 loco
2885 2615 3211 2686 discipulos
3231 2618 3462 2672 monuit
3481 2633 3554 2672 ne
3577 2633 3664 2672 se-

2007 2707 2240 2774 patrem
2263 2700 2325 2756 in
2355 2701 2522 2757 terris
2547 2702 2749 2757 dicant
2771 2703 2994 2758 habere
3014 2704 3124 2774 (Id.
3152 2721 3313 2771 xxiii,
3331 2706 3410 2777 9),
3433 2713 3492 2761 ut
3516 2723 3664 2777 quo-

2012 2791 2193 2846 modo
2219 2791 2350 2845 illos
2388 2789 2773 2846 manifestum
2803 2798 2893 2846 est
2919 2793 3204 2849 habuisse
3236 2802 3455 2865 patres,
3487 2796 3571 2851 sic
3602 2813 3664 2852 se

2008 2879 2294 2936 habuisse
2307 2886 2558 2934 matrem
2582 2879 3012 2947 manifestaret,
3027 2882 3200 2953 cujus
3218 2889 3415 2939 tamen
3433 2891 3664 2943 terrena

2011 2968 2367 3038 cognatione
2406 2973 2771 3038 contempta,
2822 2971 3402 3026 contemnendarum
3453 2973 3663 3030 talium

2009 3057 2525 3114 necessitudinum
2546 3057 2860 3130 discipulis
2892 3059 3182 3129 praeberet
3201 3061 3568 3132 exemplum.

2082 3163 2173 3218 10.
2197 3163 2330 3218 Haec
2347 3177 2489 3232 ergo
2507 3163 2834 3234 interrump
2844 3167 3021 3218 untur
3038 3163 3282 3219 vocibus
3300 3166 3505 3222 matris
3525 3172 3659 3236 tuae,

2011 3251 2230 3308 etinter
2241 3253 2582 3308 haeclocum
2603 3253 3335 3311 invenitcommemoratio
3348 3271 3663 3327 praegnan-

2013 3341 2085 3398 tis
2116 3348 2295 3414 atque
2324 3343 2616 3413 laetantis,
2645 3348 2710 3398 ut
2732 3343 2805 3398 de
2832 3343 3023 3399 Adam
3046 3349 3102 3399 et
3131 3345 3269 3410 Eva,
3293 3344 3444 3400 alius
3467 3346 3657 3402 Adam

2013 3433 2340 3488 nascereris
2377 3436 2434 3488 et
2473 3432 2779 3488 nutrireris
2819 3433 2846 3486 ‘I
2879 3433 3123 3504 Respice
3162 3435 3378 3505 potius,
3429 3436 3656 3507 respice

2012 3520 2205 3577 Adam
2248 3521 2580 3577 secundum
2620 3522 2694 3577 de
2736 3522 2908 3588 caelo,
2941 3529 2998 3578 et
3031 3530 3206 3594 porta
3229 3524 3358 3594 jam
3401 3525 3657 3580 caelestis

2014 3610 2361 3681 imaginem,
2389 3610 2539 3666 sicut
2564 3613 2778 3668 terreni
2803 3614 3046 3684 portasti
3067 3613 3113 3685 (l
3143 3615 3283 3669 Cor.
3318 3631 3411 3678 xv,
3435 3615 3659 3686 47-49).

2014 3703 2139 3755 lmo
2164 3705 2220 3755 et
2244 3700 2339 3755 hic
2368 3700 2630 3757 habeant
2654 3701 2854 3757 locum
2887 3708 3158 3759 materna
3181 3705 3312 3773 ipsa
3341 3704 3654 3771 beneﬁcia,

2013 3805 2149 3861 quae
2169 3789 2270 3845 tibi
2289 3789 2367 3845 ad
2388 3792 2832 3846 enervationem
2854 3792 3049 3846 cordis
3070 3800 3500 3849 enumerantur
3523 3812 3537 3848 :
3561 3795 3664 3850 ha-

2011 3877 2194 3933 beant
2222 3894 2466 3949 prorsus
2495 3879 2696 3935 locum
2721 3896 2734 3946 ;
2770 3880 2890 3936 noli
2919 3896 3049 3935 esse
3079 3881 3370 3950 ingratus,
3402 3885 3664 3953 repende

2012 3969 2268 4037 gratiam
2295 3969 2466 4023 matri
2489 3975 2623 4033 tuae,
2648 3968 2907 4039 repende
2931 3969 3257 4040 spiritualia
3281 3986 3389 4042 pro
3410 3970 3663 4027 carnali-

2010 4057 2148 4127 bus,
2185 4072 2292 4128 pro
2329 4057 2756 4129 temporalibus
2791 4059 3173 4130 sempiterna.
3218 4061 3331 4115 Sed
3375 4076 3497 4117 non
3534 4060 3661 4118 vult

2012 4147 2228 4217 sequi?
2249 4162 2367 4202 non
2393 4147 2702 4218 impediat.
2731 4149 2858 4204 Non
2881 4147 3004 4204 vult
3033 4151 3291 4205 converti
3315 4150 3372 4204 in
3402 4148 3656 4206 melius?

2010 4250 2152 4291 cave
2184 4251 2256 4291 ne
2289 4241 2341 4292 te
2381 4236 2438 4291 in
2480 4237 2738 4293 deterius
2778 4243 3089 4308 pervertat,
3133 4244 3187 4294 et
3221 4245 3460 4295 evertat.
3509 4240 3662 4305 Quid

2009 4324 2251 4383 interest
2282 4333 2481 4383 utrum
2510 4329 2570 4382 in
2602 4343 2804 4392 uxore,
2840 4343 2916 4383 an
2947 4329 3006 4382 in
3035 4334 3244 4393 matre,
3277 4329 3424 4384 dum
3459 4336 3660 4384 tamen

2009 4416 2127 4472 Eva
2154 4417 2213 4471 in
2231 4417 2497 4487 qualibet
2523 4417 2767 4472 muliere
2785 4423 3066 4472 caveatur
3085 4415 3112 4470 Ῡ
3129 4419 3274 4471 Nam
3300 4417 3412 4472 ista
3442 4419 3657 4474 umbra

2008 4504 2242 4574 pietatis
2265 4505 2337 4560 de
2360 4505 2514 4560 foliis
2537 4505 2699 4562 illius
2730 4505 2959 4560 arboris
2993 4507 3168 4572 venit,
3192 4506 3415 4578 quibus
3439 4525 3499 4562 se
3528 4509 3650 4578 pri-

2009 4609 2177 4648 mum
2194 4599 2466 4664 parentes
2480 4596 2662 4650 nostri
2680 4595 2739 4649 in
2753 4594 2850 4650 illa
2867 4595 3194 4650 damnabili
3211 4595 3477 4651 nuditate
3491 4602 3658 4653 texe~

2007 4687 2162 4738 runt.
2195 4685 2261 4736 Et
2289 4683 2586 4754 quidquid
2615 4685 2675 4738 in
2706 4683 2813 4738 illis
2845 4684 3042 4739 verbis
3070 4691 3246 4757 atque
3279 4687 3660 4756 suggestione

2007 4772 2183 4842 quasi
2207 4771 2470 4827 ofﬁcium
2503 4773 2606 4828 tibi
2637 4774 2937 4830 charitatis
2969 4774 3255 4843 obtendit,
3293 4781 3354 4831 ut
3381 4791 3663 4846 agerma—

2008 4861 2257 4917 nissima
2290 4867 2467 4932 atque
2500 4863 2911 4918 sincerissima
2951 4865 3252 4934 Evangelii
3283 4865 3570 4921 charitate
3611 4873 3662 4921 te

2007 4951 2376 5022 detorqueat,
2417 4952 2494 5008 ad
2521 4954 2806 5009 astutiam
2847 4955 3133 5025 serpentis
3176 4956 3444 5026 pertinet,
3491 4960 3542 5009 et
3580 4955 3658 5010 ad

2008 5040 2412 5112 duplicitatem
2455 5043 2610 5114 regis
2651 5042 2810 5098 illius
2843 5045 2946 5115 qui
2986 5044 3167 5099 habet
3207 5044 3410 5114 viginti
3451 5044 3656 5112 millia,

2008 5145 2193 5203 quam
2211 5147 2321 5186 nos
2343 5131 2629 5188 docemur
2650 5131 2855 5188 decem
2873 5133 3144 5197 millium,
3170 5134 3282 5188 hoc
3301 5140 3409 5198 est,
3436 5133 3654 5201 cordis,

2007 5220 2068 5275 in
2107 5236 2230 5291 qua
2271 5223 2455 5277 Deum
2483 5222 2835 5293 quaerimus,
2871 5222 3246 5293 simplicitate
3280 5237 3587 5294 superare.

2084 5334 2165 5384 ll.
2193 5329 2293 5384 His
2317 5330 2512 5402 potius
2534 5331 2792 5396 intende,
2814 5329 3180 5396 charissime,
3198 5331 3404 5387 ettolle
3426 5348 3664 5389 crucem

2008 5422 2194 5484 tuam,
2227 5425 2283 5475 et
2313 5435 2559 5491 sequere
2589 5421 2929 5476 Dominum.
2959 5422 3106 5477 Nam
3137 5437 3274 5476 cum
3309 5429 3360 5479 te
3394 5435 3656 5493 praesens

2006 5509 2540 5566 animadverteram
2551 5510 2896 5566 domesticis
2913 5510 3068 5565 curis
3081 5526 3117 5566 a
3129 5511 3331 5568 divmo
3358 5511 3557 5568 studio
3571 5528 3658 5568 re-

2005 5597 2246 5663 tardari,
2279 5597 2412 5654 ferri
2433 5605 2483 5654 te
2508 5599 2704 5670 potius
2731 5605 2786 5653 et
2807 5600 2944 5654 duci
2963 5616 2999 5656 a
3019 5615 3192 5656 cruce
3222 5608 3339 5666 tua,
3369 5617 3489 5657 non
3517 5619 3651 5659 eam

2003 5690 2059 5745 te
2069 5686 2222 5744 ferre
2238 5703 2308 5746 ac
2321 5688 2538 5746 ducere
2547 5688 2898 5750 sentiebam.
2915 5690 3068 5748 Crux
3078 5692 3238 5767 enim
3249 5698 3455 5752 nostra
3466 5706 3653 5768 quam
