  <div class='ocr_page' id='page_1' title='image "/cluster/home/n/w/nwhite01/storage/ocr_20150623/33/hvd.32044096580568/527.png"; bbox 0 0 4140 6174; ppageno 0'>
   <div class='ocr_carea' id='block_1_1' title="bbox 475 188 613 245">
    <p class='ocr_par' dir='ltr' id='par_1_1' title="bbox 475 188 613 245">
     <span class='ocr_line' id='line_1_1' title="bbox 475 188 613 245; baseline -0.014 -1"><span class='ocrx_word' id='word_1_1' title='bbox 475 188 613 245; x_wconf 88' lang='grc'>1059</span> 
     </span>
    </p>
   </div>
   <div class='ocr_carea' id='block_1_2' title="bbox 473 309 2120 386">
    <p class='ocr_par' dir='ltr' id='par_1_2' title="bbox 473 309 2120 386">
     <span class='ocr_line' id='line_1_2' title="bbox 473 309 2120 386; baseline -0.002 -18"><span class='ocrx_word' id='word_1_2' title='bbox 473 314 759 370; x_wconf 89' lang='lat' dir='ltr'>Dominus</span> <span class='ocrx_word' id='word_1_3' title='bbox 773 312 994 386; x_wconf 87' lang='lat' dir='ltr'>portari</span> <span class='ocrx_word' id='word_1_4' title='bbox 1012 311 1232 369; x_wconf 89' lang='lat' dir='ltr'>anobis</span> <span class='ocrx_word' id='word_1_5' title='bbox 1251 310 1436 382; x_wconf 87' lang='lat' dir='ltr'>jubet,</span> <span class='ocrx_word' id='word_1_6' title='bbox 1455 314 1516 367; x_wconf 93' lang='lat' dir='ltr'>ut</span> <span class='ocrx_word' id='word_1_7' title='bbox 1537 325 1674 366; x_wconf 91' lang='lat' dir='ltr'>eum</span> <span class='ocrx_word' id='word_1_8' title='bbox 1693 309 2120 382; x_wconf 84' lang='lat' dir='ltr'>expeditissimi</span> 
     </span>
    </p>
   </div>
   <div class='ocr_carea' id='block_1_3' title="bbox 473 400 2120 475">
    <p class='ocr_par' dir='ltr' id='par_1_3' title="bbox 473 400 2120 475">
     <span class='ocr_line' id='line_1_3' title="bbox 473 400 2120 475; baseline -0.002 -17"><span class='ocrx_word' id='word_1_9' title='bbox 473 417 816 475; x_wconf 85' lang='lat' dir='ltr'>sequamur,</span> <span class='ocrx_word' id='word_1_10' title='bbox 833 403 979 475; x_wconf 91' lang='lat' dir='ltr'>quid</span> <span class='ocrx_word' id='word_1_11' title='bbox 993 401 1152 457; x_wconf 84' lang='lat' dir='ltr'>aliud</span> <span class='ocrx_word' id='word_1_12' title='bbox 1166 417 1350 473; x_wconf 89' lang='lat' dir='ltr'>quam</span> <span class='ocrx_word' id='word_1_13' title='bbox 1369 401 1786 456; x_wconf 77' lang='lat' dir='ltr'>mortalitatem</span> <span class='ocrx_word' id='word_1_14' title='bbox 1801 400 1995 455; x_wconf 91' lang='lat' dir='ltr'>carnis</span> <span class='ocrx_word' id='word_1_15' title='bbox 2009 400 2120 454; x_wconf 93' lang='lat' dir='ltr'>hu-</span> 
     </span>
    </p>
   </div>
   <div class='ocr_carea' id='block_1_4' title="bbox 466 488 2122 563">
    <p class='ocr_par' dir='ltr' id='par_1_4' title="bbox 466 488 2122 563">
     <span class='ocr_line' id='line_1_4' title="bbox 466 488 2122 563; baseline -0.002 -17"><span class='ocrx_word' id='word_1_16' title='bbox 466 493 563 563; x_wconf 89' lang='lat' dir='ltr'>jus</span> <span class='ocrx_word' id='word_1_17' title='bbox 596 490 935 562; x_wconf 83' lang='lat' dir='ltr'>signilicat?</span> <span class='ocrx_word' id='word_1_18' title='bbox 958 491 1093 562; x_wconf 90' lang='lat' dir='ltr'>lpsa</span> <span class='ocrx_word' id='word_1_19' title='bbox 1121 492 1280 546; x_wconf 89' lang='lat' dir='ltr'>enim</span> <span class='ocrx_word' id='word_1_20' title='bbox 1304 506 1414 546; x_wconf 91' lang='lat' dir='ltr'>nos</span> <span class='ocrx_word' id='word_1_21' title='bbox 1437 491 1660 545; x_wconf 83' lang='lat' dir='ltr'>cruciat</span> <span class='ocrx_word' id='word_1_22' title='bbox 1688 489 1878 544; x_wconf 91' lang='lat' dir='ltr'>donec</span> <span class='ocrx_word' id='word_1_23' title='bbox 1918 488 2122 544; x_wconf 90' lang='lat' dir='ltr'>absor-</span> 
     </span>
    </p>
   </div>
   <div class='ocr_carea' id='block_1_5' title="bbox 469 579 2119 650">
    <p class='ocr_par' dir='ltr' id='par_1_5' title="bbox 469 579 2119 650">
     <span class='ocr_line' id='line_1_5' title="bbox 469 579 2119 650; baseline -0.002 -14"><span class='ocrx_word' id='word_1_24' title='bbox 469 581 680 637; x_wconf 90' lang='lat' dir='ltr'>beatur</span> <span class='ocrx_word' id='word_1_25' title='bbox 713 597 871 635; x_wconf 90' lang='lat' dir='ltr'>mors</span> <span class='ocrx_word' id='word_1_26' title='bbox 898 581 957 634; x_wconf 90' lang='lat' dir='ltr'>in</span> <span class='ocrx_word' id='word_1_27' title='bbox 985 580 1286 636; x_wconf 78' lang='lat' dir='ltr'>victoriam</span> <span class='ocrx_word' id='word_1_28' title='bbox 1312 583 1357 650; x_wconf 94' lang='lat' dir='ltr'>(l</span> <span class='ocrx_word' id='word_1_29' title='bbox 1382 581 1507 634; x_wconf 81' lang='lat' dir='ltr'>Cor.</span> <span class='ocrx_word' id='word_1_30' title='bbox 1539 596 1633 645; x_wconf 92' lang='lat' dir='ltr'>xv,</span> <span class='ocrx_word' id='word_1_31' title='bbox 1663 580 1774 650; x_wconf 80' lang='grc'>54).</span> <span class='ocrx_word' id='word_1_32' title='bbox 1803 579 1956 634; x_wconf 91' lang='lat' dir='ltr'>Crux</span> <span class='ocrx_word' id='word_1_33' title='bbox 1978 592 2119 647; x_wconf 88' lang='lat' dir='ltr'>ergo</span> 
     </span>
    </p>
   </div>
   <div class='ocr_carea' id='block_1_6' title="bbox 469 667 2120 740">
    <p class='ocr_par' dir='ltr' id='par_1_6' title="bbox 469 667 2120 740">
     <span class='ocr_line' id='line_1_6' title="bbox 469 667 2120 740; baseline -0.001 -17"><span class='ocrx_word' id='word_1_34' title='bbox 469 668 596 724; x_wconf 70' lang='lat' dir='ltr'>haec</span> <span class='ocrx_word' id='word_1_35' title='bbox 622 669 752 740; x_wconf 88' lang='lat' dir='ltr'>ipsa</span> <span class='ocrx_word' id='word_1_36' title='bbox 765 668 1166 737; x_wconf 83' lang='lat' dir='ltr'>cruciﬁgenda</span> <span class='ocrx_word' id='word_1_37' title='bbox 1189 673 1296 733; x_wconf 89' lang='lat' dir='ltr'>est,</span> <span class='ocrx_word' id='word_1_38' title='bbox 1329 675 1382 723; x_wconf 91' lang='lat' dir='ltr'>et</span> <span class='ocrx_word' id='word_1_39' title='bbox 1405 668 1812 737; x_wconf 88' lang='lat' dir='ltr'>transﬁgenda</span> <span class='ocrx_word' id='word_1_40' title='bbox 1833 674 1918 722; x_wconf 90' lang='lat' dir='ltr'>est</span> <span class='ocrx_word' id='word_1_41' title='bbox 1937 667 2120 723; x_wconf 83' lang='lat' dir='ltr'>clavis</span> 
     </span>
    </p>
   </div>
   <div class='ocr_carea' id='block_1_7' title="bbox 468 757 2118 823">
    <p class='ocr_par' dir='ltr' id='par_1_7' title="bbox 468 757 2118 823">
     <span class='ocr_line' id='line_1_7' title="bbox 468 757 2118 823; baseline -0.001 -10"><span class='ocrx_word' id='word_1_42' title='bbox 468 758 695 813; x_wconf 89' lang='lat' dir='ltr'>timoris</span> <span class='ocrx_word' id='word_1_43' title='bbox 713 759 912 823; x_wconf 91' lang='lat' dir='ltr'>Dei,ne</span> <span class='ocrx_word' id='word_1_44' title='bbox 928 758 1137 813; x_wconf 90' lang='lat' dir='ltr'>solutis</span> <span class='ocrx_word' id='word_1_45' title='bbox 1153 757 1421 812; x_wconf 87' lang='lat' dir='ltr'>etliberis</span> <span class='ocrx_word' id='word_1_46' title='bbox 1437 757 1722 812; x_wconf 75' lang='lat' dir='ltr'>membris</span> <span class='ocrx_word' id='word_1_47' title='bbox 1739 762 2118 812; x_wconf 86' lang='lat' dir='ltr'>reluctantem</span> 
     </span>
    </p>
   </div>
   <div class='ocr_carea' id='block_1_8' title="bbox 466 846 2120 918">
    <p class='ocr_par' dir='ltr' id='par_1_8' title="bbox 466 846 2120 918">
     <span class='ocr_line' id='line_1_8' title="bbox 466 846 2120 918; baseline 0 -17"><span class='ocrx_word' id='word_1_48' title='bbox 466 852 704 918; x_wconf 89' lang='lat' dir='ltr'>portare</span> <span class='ocrx_word' id='word_1_49' title='bbox 727 862 845 902; x_wconf 91' lang='lat' dir='ltr'>non</span> <span class='ocrx_word' id='word_1_50' title='bbox 873 848 1088 917; x_wconf 89' lang='lat' dir='ltr'>possis.</span> <span class='ocrx_word' id='word_1_51' title='bbox 1117 847 1294 918; x_wconf 85' lang='lat' dir='ltr'>Sequi</span> <span class='ocrx_word' id='word_1_52' title='bbox 1320 847 1481 901; x_wconf 91' lang='lat' dir='ltr'>enim</span> <span class='ocrx_word' id='word_1_53' title='bbox 1511 846 1829 901; x_wconf 92' lang='lat' dir='ltr'>Dominum</span> <span class='ocrx_word' id='word_1_54' title='bbox 1853 846 1962 900; x_wconf 88' lang='lat' dir='ltr'>nisi</span> <span class='ocrx_word' id='word_1_55' title='bbox 1984 861 2120 901; x_wconf 88' lang='lat' dir='ltr'>eam</span> 
     </span>
    </p>
   </div>
   <div class='ocr_carea' id='block_1_9' title="bbox 467 935 2121 1006">
    <p class='ocr_par' dir='ltr' id='par_1_9' title="bbox 467 935 2121 1006">
     <span class='ocr_line' id='line_1_9' title="bbox 467 935 2121 1006; baseline -0.001 -16"><span class='ocrx_word' id='word_1_56' title='bbox 467 941 736 1006; x_wconf 87' lang='lat' dir='ltr'>portans,</span> <span class='ocrx_word' id='word_1_57' title='bbox 779 935 1028 990; x_wconf 90' lang='lat' dir='ltr'>omnino</span> <span class='ocrx_word' id='word_1_58' title='bbox 1056 950 1175 990; x_wconf 93' lang='lat' dir='ltr'>non</span> <span class='ocrx_word' id='word_1_59' title='bbox 1209 935 1370 990; x_wconf 89' lang='lat' dir='ltr'>vales</span> <span class='ocrx_word' id='word_1_60' title='bbox 1407 951 1423 990; x_wconf 93' lang='lat'><strong><em>:</em></strong></span> <span class='ocrx_word' id='word_1_61' title='bbox 1454 949 1597 990; x_wconf 89' lang='lat' dir='ltr'>nam</span> <span class='ocrx_word' id='word_1_62' title='bbox 1633 935 1942 1006; x_wconf 91' lang='lat' dir='ltr'>quomodo</span> <span class='ocrx_word' id='word_1_63' title='bbox 1981 951 2121 990; x_wconf 91' lang='lat' dir='ltr'>eum</span> 
     </span>
    </p>
   </div>
   <div class='ocr_carea' id='block_1_10' title="bbox 467 1022 2122 1095">
    <p class='ocr_par' dir='ltr' id='par_1_10' title="bbox 467 1022 2122 1095">
     <span class='ocr_line' id='line_1_10' title="bbox 467 1022 2122 1095; baseline 0 -16"><span class='ocrx_word' id='word_1_64' title='bbox 467 1025 753 1095; x_wconf 91' lang='lat' dir='ltr'>sequeris,</span> <span class='ocrx_word' id='word_1_65' title='bbox 796 1025 842 1078; x_wconf 90' lang='lat' dir='ltr'>si</span> <span class='ocrx_word' id='word_1_66' title='bbox 874 1040 994 1079; x_wconf 93' lang='lat' dir='ltr'>non</span> <span class='ocrx_word' id='word_1_67' title='bbox 1034 1040 1096 1078; x_wconf 91' lang='lat' dir='ltr'>es</span> <span class='ocrx_word' id='word_1_68' title='bbox 1123 1024 1251 1094; x_wconf 88' lang='lat' dir='ltr'>ejus</span> <span class='ocrx_word' id='word_1_69' title='bbox 1285 1022 1312 1077; x_wconf 71' lang='lat' dir='ltr'>‘I</span> <span class='ocrx_word' id='word_1_70' title='bbox 1344 1024 1456 1088; x_wconf 82' lang='lat' dir='ltr'>Qui</span> <span class='ocrx_word' id='word_1_71' title='bbox 1491 1030 1691 1079; x_wconf 87' lang='lat' dir='ltr'>autem</span> <span class='ocrx_word' id='word_1_72' title='bbox 1721 1025 1863 1080; x_wconf 81' lang='lat' dir='ltr'>Jesu</span> <span class='ocrx_word' id='word_1_73' title='bbox 1897 1024 2122 1080; x_wconf 74' lang='lat' dir='ltr'>Chr-isti</span> 
     </span>
    </p>
   </div>
   <div class='ocr_carea' id='block_1_11' title="bbox 466 1114 2118 1185">
    <p class='ocr_par' dir='ltr' id='par_1_11' title="bbox 466 1114 2118 1185">
     <span class='ocr_line' id='line_1_11' title="bbox 466 1114 2118 1185; baseline 0.001 -17"><span class='ocrx_word' id='word_1_74' title='bbox 466 1121 627 1179; x_wconf 88' lang='lat' dir='ltr'>sunt,</span> <span class='ocrx_word' id='word_1_75' title='bbox 645 1115 722 1168; x_wconf 87' lang='lat' dir='ltr'>ait</span> <span class='ocrx_word' id='word_1_76' title='bbox 741 1114 1078 1185; x_wconf 82' lang='lat' dir='ltr'>Apostolus,</span> <span class='ocrx_word' id='word_1_77' title='bbox 1098 1129 1336 1170; x_wconf 83' lang='lat' dir='ltr'>carnem</span> <span class='ocrx_word' id='word_1_78' title='bbox 1350 1129 1515 1169; x_wconf 88' lang='lat' dir='ltr'>suam</span> <span class='ocrx_word' id='word_1_79' title='bbox 1536 1114 1964 1181; x_wconf 63' lang='lat' dir='ltr'>cruci/ﬁxerunt</span> <span class='ocrx_word' id='word_1_80' title='bbox 1987 1130 2118 1170; x_wconf 86' lang='lat' dir='ltr'>cum</span> 
     </span>
    </p>
   </div>
   <div class='ocr_carea' id='block_1_12' title="bbox 463 1203 1743 1274">
    <p class='ocr_par' dir='ltr' id='par_1_12' title="bbox 463 1203 1743 1274">
     <span class='ocr_line' id='line_1_12' title="bbox 463 1203 1743 1274; baseline -0.002 -15"><span class='ocrx_word' id='word_1_81' title='bbox 463 1203 834 1272; x_wconf 79' lang='lat' dir='ltr'>passionibus</span> <span class='ocrx_word' id='word_1_82' title='bbox 866 1207 918 1259; x_wconf 87' lang='lat' dir='ltr'>et</span> <span class='ocrx_word' id='word_1_83' title='bbox 950 1203 1253 1259; x_wconf 82' lang='lat' dir='ltr'>desideriis</span> <span class='ocrx_word' id='word_1_84' title='bbox 1285 1203 1508 1274; x_wconf 83' lang='lat' dir='ltr'>(Gatat.</span> <span class='ocrx_word' id='word_1_85' title='bbox 1544 1219 1598 1271; x_wconf 91' lang='lat' dir='ltr'>v,</span> <span class='ocrx_word' id='word_1_86' title='bbox 1629 1203 1743 1273; x_wconf 74' lang='grc'>24).</span> 
     </span>
    </p>
   </div>
   <div class='ocr_carea' id='block_1_13' title="bbox 541 1292 2116 1365">
    <p class='ocr_par' dir='ltr' id='par_1_13' title="bbox 541 1292 2116 1365">
     <span class='ocr_line' id='line_1_13' title="bbox 541 1292 2116 1365; baseline 0.001 -18"><span class='ocrx_word' id='word_1_87' title='bbox 541 1295 625 1347; x_wconf 78' lang='grc'>12.</span> <span class='ocrx_word' id='word_1_88' title='bbox 652 1293 705 1348; x_wconf 92' lang='lat' dir='ltr'>Si</span> <span class='ocrx_word' id='word_1_89' title='bbox 728 1293 873 1365; x_wconf 92' lang='lat' dir='ltr'>quid</span> <span class='ocrx_word' id='word_1_90' title='bbox 897 1308 1040 1348; x_wconf 89' lang='lat' dir='ltr'>sane</span> <span class='ocrx_word' id='word_1_91' title='bbox 1065 1294 1332 1364; x_wconf 84' lang='lat' dir='ltr'>pecuniae</span> <span class='ocrx_word' id='word_1_92' title='bbox 1349 1309 1442 1347; x_wconf 90' lang='lat' dir='ltr'>res</span> <span class='ocrx_word' id='word_1_93' title='bbox 1467 1297 1567 1348; x_wconf 88' lang='lat' dir='ltr'>tua</span> <span class='ocrx_word' id='word_1_94' title='bbox 1590 1293 1898 1349; x_wconf 89' lang='lat' dir='ltr'>familiaris</span> <span class='ocrx_word' id='word_1_95' title='bbox 1911 1292 2116 1359; x_wconf 90' lang='lat' dir='ltr'>habet,</span> 
     </span>
    </p>
   </div>
   <div class='ocr_carea' id='block_1_14' title="bbox 464 1381 2114 1454">
    <p class='ocr_par' dir='ltr' id='par_1_14' title="bbox 464 1381 2114 1454">
     <span class='ocr_line' id='line_1_14' title="bbox 464 1381 2114 1454; baseline 0.001 -18"><span class='ocrx_word' id='word_1_96' title='bbox 464 1381 635 1453; x_wconf 88' lang='lat' dir='ltr'>cujus</span> <span class='ocrx_word' id='word_1_97' title='bbox 654 1387 707 1437; x_wconf 89' lang='lat' dir='ltr'>te</span> <span class='ocrx_word' id='word_1_98' title='bbox 725 1383 1019 1454; x_wconf 90' lang='lat' dir='ltr'>implicari</span> <span class='ocrx_word' id='word_1_99' title='bbox 1043 1382 1281 1452; x_wconf 91' lang='lat' dir='ltr'>negotio</span> <span class='ocrx_word' id='word_1_100' title='bbox 1305 1398 1412 1437; x_wconf 92' lang='lat' dir='ltr'>nec</span> <span class='ocrx_word' id='word_1_101' title='bbox 1435 1388 1667 1453; x_wconf 87' lang='lat' dir='ltr'>oportet</span> <span class='ocrx_word' id='word_1_102' title='bbox 1689 1398 1797 1438; x_wconf 89' lang='lat' dir='ltr'>nec</span> <span class='ocrx_word' id='word_1_103' title='bbox 1819 1384 2009 1447; x_wconf 83' lang='lat' dir='ltr'>decet,</span> <span class='ocrx_word' id='word_1_104' title='bbox 2032 1397 2114 1437; x_wconf 89' lang='lat' dir='ltr'>re-</span> 
     </span>
    </p>
   </div>
   <div class='ocr_carea' id='block_1_15' title="bbox 464 1471 2116 1528">
    <p class='ocr_par' dir='ltr' id='par_1_15' title="bbox 464 1471 2116 1528">
     <span class='ocr_line' id='line_1_15' title="bbox 464 1471 2116 1528; baseline -0.001 -2"><span class='ocrx_word' id='word_1_105' title='bbox 464 1487 607 1527; x_wconf 86' lang='lat' dir='ltr'>vera</span> <span class='ocrx_word' id='word_1_106' title='bbox 622 1471 1005 1527; x_wconf 89' lang='lat' dir='ltr'>tribuendum</span> <span class='ocrx_word' id='word_1_107' title='bbox 1023 1477 1109 1526; x_wconf 91' lang='lat' dir='ltr'>est</span> <span class='ocrx_word' id='word_1_108' title='bbox 1127 1472 1300 1527; x_wconf 86' lang='lat' dir='ltr'>matri</span> <span class='ocrx_word' id='word_1_109' title='bbox 1322 1476 1375 1526; x_wconf 91' lang='lat' dir='ltr'>et</span> <span class='ocrx_word' id='word_1_110' title='bbox 1392 1471 1733 1527; x_wconf 88' lang='lat' dir='ltr'>domesticis</span> <span class='ocrx_word' id='word_1_111' title='bbox 1748 1473 1882 1527; x_wconf 92' lang='lat' dir='ltr'>tuis.</span> <span class='ocrx_word' id='word_1_112' title='bbox 1899 1475 2116 1528; x_wconf 87' lang='lat' dir='ltr'>Horum</span> 
     </span>
    </p>
   </div>
   <div class='ocr_carea' id='block_1_16' title="bbox 463 1561 2116 1633">
    <p class='ocr_par' dir='ltr' id='par_1_16' title="bbox 463 1561 2116 1633">
     <span class='ocr_line' id='line_1_16' title="bbox 463 1561 2116 1633; baseline 0.001 -19"><span class='ocrx_word' id='word_1_113' title='bbox 463 1561 688 1633; x_wconf 86' lang='lat' dir='ltr'>quippe</span> <span class='ocrx_word' id='word_1_114' title='bbox 718 1562 1063 1631; x_wconf 82' lang='lat' dir='ltr'>indigentia,</span> <span class='ocrx_word' id='word_1_115' title='bbox 1099 1562 1145 1615; x_wconf 92' lang='lat' dir='ltr'>si</span> <span class='ocrx_word' id='word_1_116' title='bbox 1169 1561 1556 1632; x_wconf 87' lang='lat' dir='ltr'>pauperibus,</span> <span class='ocrx_word' id='word_1_117' title='bbox 1590 1568 1653 1616; x_wconf 93' lang='lat' dir='ltr'>ut</span> <span class='ocrx_word' id='word_1_118' title='bbox 1689 1561 1769 1615; x_wconf 87' lang='lat' dir='ltr'>sis</span> <span class='ocrx_word' id='word_1_119' title='bbox 1799 1562 2116 1633; x_wconf 91' lang='lat' dir='ltr'>perfectus,</span> 
     </span>
    </p>
   </div>
   <div class='ocr_carea' id='block_1_17' title="bbox 464 1650 2119 1722">
    <p class='ocr_par' dir='ltr' id='par_1_17' title="bbox 464 1650 2119 1722">
     <span class='ocr_line' id='line_1_17' title="bbox 464 1650 2119 1722; baseline 0.002 -19"><span class='ocrx_word' id='word_1_120' title='bbox 464 1651 760 1705; x_wconf 87' lang='lat' dir='ltr'>instituisti</span> <span class='ocrx_word' id='word_1_121' title='bbox 783 1651 1136 1706; x_wconf 87' lang='lat' dir='ltr'>distribuere</span> <span class='ocrx_word' id='word_1_122' title='bbox 1165 1650 1304 1706; x_wconf 88' lang='lat' dir='ltr'>talia</span> <span class='ocrx_word' id='word_1_123' title='bbox 1331 1657 1448 1714; x_wconf 89' lang='lat' dir='ltr'>tua,</span> <span class='ocrx_word' id='word_1_124' title='bbox 1479 1650 1744 1722; x_wconf 93' lang='lat' dir='ltr'>primum</span> <span class='ocrx_word' id='word_1_125' title='bbox 1766 1651 1930 1721; x_wconf 88' lang='lat' dir='ltr'>apud</span> <span class='ocrx_word' id='word_1_126' title='bbox 1959 1657 2009 1706; x_wconf 92' lang='lat' dir='ltr'>te</span> <span class='ocrx_word' id='word_1_127' title='bbox 2037 1651 2119 1708; x_wconf 93' lang='lat' dir='ltr'>lo-</span> 
     </span>
    </p>
   </div>
   <div class='ocr_carea' id='block_1_18' title="bbox 463 1739 2118 1811">
    <p class='ocr_par' dir='ltr' id='par_1_18' title="bbox 463 1739 2118 1811">
     <span class='ocr_line' id='line_1_18' title="bbox 463 1739 2118 1811; baseline 0.002 -17"><span class='ocrx_word' id='word_1_128' title='bbox 463 1755 601 1794; x_wconf 89' lang='lat' dir='ltr'>cum</span> <span class='ocrx_word' id='word_1_129' title='bbox 624 1740 890 1795; x_wconf 87' lang='lat' dir='ltr'>obtinere</span> <span class='ocrx_word' id='word_1_130' title='bbox 915 1741 1093 1795; x_wconf 88' lang='lat' dir='ltr'>debet</span> <span class='ocrx_word' id='word_1_131' title='bbox 1123 1741 1139 1774; x_wconf 86' lang='grc'>¹</span> <span class='ocrx_word' id='word_1_132' title='bbox 1173 1757 1184 1794; x_wconf 92' lang='lat'>:</span> <span class='ocrx_word' id='word_1_133' title='bbox 1214 1740 1278 1794; x_wconf 89' lang='lat' dir='ltr'>Si</span> <span class='ocrx_word' id='word_1_134' title='bbox 1304 1741 1430 1811; x_wconf 85' lang='lat' dir='ltr'>quis</span> <span class='ocrx_word' id='word_1_135' title='bbox 1455 1741 1609 1795; x_wconf 88' lang='lat' dir='ltr'>enim</span> <span class='ocrx_word' id='word_1_136' title='bbox 1637 1739 1756 1794; x_wconf 84' lang='lat' dir='ltr'>suis</span> <span class='ocrx_word' id='word_1_137' title='bbox 1779 1746 1833 1796; x_wconf 91' lang='lat' dir='ltr'>et</span> <span class='ocrx_word' id='word_1_138' title='bbox 1861 1742 2118 1798; x_wconf 61' lang='lat' dir='ltr'>maxime</span> 
     </span>
    </p>
   </div>
   <div class='ocr_carea' id='block_1_19' title="bbox 462 1828 2116 1900">
    <p class='ocr_par' dir='ltr' id='par_1_19' title="bbox 462 1828 2116 1900">
     <span class='ocr_line' id='line_1_19' title="bbox 462 1828 2116 1900; baseline 0.002 -17"><span class='ocrx_word' id='word_1_139' title='bbox 462 1828 810 1894; x_wconf 82' lang='lat' dir='ltr'>domesticis,</span> <span class='ocrx_word' id='word_1_140' title='bbox 843 1831 925 1886; x_wconf 88' lang='lat' dir='ltr'>ait</span> <span class='ocrx_word' id='word_1_141' title='bbox 953 1829 1296 1900; x_wconf 88' lang='lat' dir='ltr'>Apostolus,</span> <span class='ocrx_word' id='word_1_142' title='bbox 1337 1845 1454 1884; x_wconf 85' lang='lat' dir='ltr'>non</span> <span class='ocrx_word' id='word_1_143' title='bbox 1485 1829 1772 1898; x_wconf 79' lang='lat' dir='ltr'>providet,</span> <span class='ocrx_word' id='word_1_144' title='bbox 1813 1831 1987 1898; x_wconf 84' lang='lat' dir='ltr'>ﬁdem</span> <span class='ocrx_word' id='word_1_145' title='bbox 2015 1846 2116 1886; x_wconf 90' lang='lat' dir='ltr'>ne-</span> 
     </span>
    </p>
   </div>
   <div class='ocr_carea' id='block_1_20' title="bbox 459 1919 2114 1990">
    <p class='ocr_par' dir='ltr' id='par_1_20' title="bbox 459 1919 2114 1990">
     <span class='ocr_line' id='line_1_20' title="bbox 459 1919 2114 1990; baseline 0.001 -15"><span class='ocrx_word' id='word_1_146' title='bbox 459 1921 645 1989; x_wconf 82' lang='lat' dir='ltr'>gavit,</span> <span class='ocrx_word' id='word_1_147' title='bbox 678 1924 731 1976; x_wconf 89' lang='lat' dir='ltr'>et</span> <span class='ocrx_word' id='word_1_148' title='bbox 757 1924 836 1974; x_wconf 88' lang='lat' dir='ltr'>est</span> <span class='ocrx_word' id='word_1_149' title='bbox 861 1920 1092 1987; x_wconf 83' lang='lat' dir='ltr'>inﬁdeli</span> <span class='ocrx_word' id='word_1_150' title='bbox 1115 1919 1371 1975; x_wconf 79' lang='lat' dir='ltr'>deterior</span> <span class='ocrx_word' id='word_1_151' title='bbox 1399 1921 1446 1989; x_wconf 91' lang='grc' dir='ltr'>(Ι</span> <span class='ocrx_word' id='word_1_152' title='bbox 1490 1921 1635 1974; x_wconf 90' lang='lat' dir='ltr'>Tim.</span> <span class='ocrx_word' id='word_1_153' title='bbox 1667 1935 1723 1986; x_wconf 91' lang='lat' dir='ltr'>v,</span> <span class='ocrx_word' id='word_1_154' title='bbox 1766 1921 1840 1990; x_wconf 89' lang='lat'>8).</span> <span class='ocrx_word' id='word_1_155' title='bbox 1885 1921 2114 1985; x_wconf 86' lang='lat' dir='ltr'>Quibus</span> 
     </span>
    </p>
   </div>
   <div class='ocr_carea' id='block_1_21' title="bbox 460 2008 2111 2078">
    <p class='ocr_par' dir='ltr' id='par_1_21' title="bbox 460 2008 2111 2078">
     <span class='ocr_line' id='line_1_21' title="bbox 460 2008 2111 2078; baseline 0.001 -15"><span class='ocrx_word' id='word_1_156' title='bbox 460 2008 804 2064; x_wconf 88' lang='lat' dir='ltr'>ordinandis</span> <span class='ocrx_word' id='word_1_157' title='bbox 832 2009 1034 2078; x_wconf 89' lang='lat' dir='ltr'>rebus,</span> <span class='ocrx_word' id='word_1_158' title='bbox 1054 2009 1121 2072; x_wconf 90' lang='lat' dir='ltr'>si,</span> <span class='ocrx_word' id='word_1_159' title='bbox 1151 2008 1445 2064; x_wconf 89' lang='lat' dir='ltr'>utcollum</span> <span class='ocrx_word' id='word_1_160' title='bbox 1467 2023 1714 2063; x_wconf 87' lang='lat' dir='ltr'>exueres</span> <span class='ocrx_word' id='word_1_161' title='bbox 1735 2008 2111 2065; x_wconf 88' lang='lat' dir='ltr'>induendum</span> 
     </span>
    </p>
   </div>
   <div class='ocr_carea' id='block_1_22' title="bbox 458 2097 2113 2170">
    <p class='ocr_par' dir='ltr' id='par_1_22' title="bbox 458 2097 2113 2170">
     <span class='ocr_line' id='line_1_22' title="bbox 458 2097 2113 2170; baseline 0.001 -18"><span class='ocrx_word' id='word_1_162' title='bbox 458 2097 763 2168; x_wconf 71' lang='lat' dir='ltr'>sapientiae</span> <span class='ocrx_word' id='word_1_163' title='bbox 798 2097 1066 2162; x_wconf 87' lang='lat' dir='ltr'>vinculis,</span> <span class='ocrx_word' id='word_1_164' title='bbox 1098 2097 1392 2168; x_wconf 85' lang='lat' dir='ltr'>profectus</span> <span class='ocrx_word' id='word_1_165' title='bbox 1422 2113 1457 2153; x_wconf 87' lang='lat' dir='ltr'>a</span> <span class='ocrx_word' id='word_1_166' title='bbox 1484 2097 1659 2152; x_wconf 91' lang='lat' dir='ltr'>nobis</span> <span class='ocrx_word' id='word_1_167' title='bbox 1687 2113 1750 2152; x_wconf 91' lang='lat' dir='ltr'>es</span> <span class='ocrx_word' id='word_1_168' title='bbox 1783 2114 1796 2164; x_wconf 90' lang='lat'><strong>;</strong></span> <span class='ocrx_word' id='word_1_169' title='bbox 1828 2099 1975 2170; x_wconf 91' lang='lat' dir='ltr'>quid</span> <span class='ocrx_word' id='word_1_170' title='bbox 2010 2099 2113 2154; x_wconf 88' lang='lat' dir='ltr'>tibi</span> 
     </span>
    </p>
   </div>
   <div class='ocr_carea' id='block_1_23' title="bbox 457 2186 2110 2260">
    <p class='ocr_par' dir='ltr' id='par_1_23' title="bbox 457 2186 2110 2260">
     <span class='ocr_line' id='line_1_23' title="bbox 457 2186 2110 2260; baseline 0.002 -19"><span class='ocrx_word' id='word_1_171' title='bbox 457 2193 694 2253; x_wconf 90' lang='lat' dir='ltr'>nocent,</span> <span class='ocrx_word' id='word_1_172' title='bbox 719 2193 957 2259; x_wconf 89' lang='lat' dir='ltr'>autquo</span> <span class='ocrx_word' id='word_1_173' title='bbox 981 2194 1156 2258; x_wconf 92' lang='lat' dir='ltr'>pacto</span> <span class='ocrx_word' id='word_1_174' title='bbox 1180 2192 1232 2242; x_wconf 91' lang='lat' dir='ltr'>te</span> <span class='ocrx_word' id='word_1_175' title='bbox 1253 2186 1586 2258; x_wconf 88' lang='lat' dir='ltr'>pervellunt</span> <span class='ocrx_word' id='word_1_176' title='bbox 1607 2189 1811 2242; x_wconf 86' lang='lat' dir='ltr'>matris</span> <span class='ocrx_word' id='word_1_177' title='bbox 1831 2187 2110 2260; x_wconf 75' lang='lat' dir='ltr'>lacrymas</span> 
     </span>
    </p>
   </div>
   <div class='ocr_carea' id='block_1_24' title="bbox 458 2275 2107 2349">
    <p class='ocr_par' dir='ltr' id='par_1_24' title="bbox 458 2275 2107 2349">
     <span class='ocr_line' id='line_1_24' title="bbox 458 2275 2107 2349; baseline 0.002 -19"><span class='ocrx_word' id='word_1_178' title='bbox 458 2275 703 2332; x_wconf 90' lang='lat' dir='ltr'>ﬂuentes</span> <span class='ocrx_word' id='word_1_179' title='bbox 725 2292 923 2345; x_wconf 88' lang='lat' dir='ltr'>carne,</span> <span class='ocrx_word' id='word_1_180' title='bbox 941 2282 1042 2332; x_wconf 91' lang='lat' dir='ltr'>aut</span> <span class='ocrx_word' id='word_1_181' title='bbox 1068 2277 1215 2331; x_wconf 88' lang='lat' dir='ltr'>servi</span> <span class='ocrx_word' id='word_1_182' title='bbox 1233 2276 1394 2346; x_wconf 90' lang='lat' dir='ltr'>fuga,</span> <span class='ocrx_word' id='word_1_183' title='bbox 1423 2281 1522 2331; x_wconf 90' lang='lat' dir='ltr'>aut</span> <span class='ocrx_word' id='word_1_184' title='bbox 1546 2292 1711 2332; x_wconf 92' lang='lat' dir='ltr'>mors</span> <span class='ocrx_word' id='word_1_185' title='bbox 1735 2277 2107 2349; x_wconf 88' lang='lat' dir='ltr'>ancillarum,</span> 
     </span>
    </p>
   </div>
   <div class='ocr_carea' id='block_1_25' title="bbox 458 2365 2115 2424">
    <p class='ocr_par' dir='ltr' id='par_1_25' title="bbox 458 2365 2115 2424">
     <span class='ocr_line' id='line_1_25' title="bbox 458 2365 2115 2424; baseline 0.002 -3"><span class='ocrx_word' id='word_1_186' title='bbox 458 2372 561 2422; x_wconf 85' lang='lat' dir='ltr'>aut</span> <span class='ocrx_word' id='word_1_187' title='bbox 591 2365 838 2423; x_wconf 87' lang='lat' dir='ltr'>fratrum</span> <span class='ocrx_word' id='word_1_188' title='bbox 878 2366 1169 2422; x_wconf 89' lang='lat' dir='ltr'>morbosa</span> <span class='ocrx_word' id='word_1_189' title='bbox 1211 2365 1490 2421; x_wconf 89' lang='lat' dir='ltr'>valetudo</span> <span class='ocrx_word' id='word_1_190' title='bbox 1515 2366 1543 2419; x_wconf 81' lang='lat'><strong>?</strong></span> <span class='ocrx_word' id='word_1_191' title='bbox 1575 2367 1630 2421; x_wconf 88' lang='lat' dir='ltr'>Si</span> <span class='ocrx_word' id='word_1_192' title='bbox 1655 2369 1749 2420; x_wconf 88' lang='lat' dir='ltr'>est</span> <span class='ocrx_word' id='word_1_193' title='bbox 1778 2367 1838 2420; x_wconf 93' lang='lat' dir='ltr'>in</span> <span class='ocrx_word' id='word_1_194' title='bbox 1885 2372 1938 2422; x_wconf 90' lang='lat' dir='ltr'>te</span> <span class='ocrx_word' id='word_1_195' title='bbox 1978 2368 2115 2424; x_wconf 86' lang='lat' dir='ltr'>cha-</span> 
     </span>
    </p>
   </div>
   <div class='ocr_carea' id='block_1_26' title="bbox 455 2455 2106 2527">
    <p class='ocr_par' dir='ltr' id='par_1_26' title="bbox 455 2455 2106 2527">
     <span class='ocr_line' id='line_1_26' title="bbox 455 2455 2106 2527; baseline 0.001 -17"><span class='ocrx_word' id='word_1_196' title='bbox 455 2455 597 2510; x_wconf 90' lang='lat' dir='ltr'>ritas</span> <span class='ocrx_word' id='word_1_197' title='bbox 627 2455 916 2522; x_wconf 85' lang='lat' dir='ltr'>ordinata,</span> <span class='ocrx_word' id='word_1_198' title='bbox 949 2455 1102 2512; x_wconf 89' lang='lat' dir='ltr'>scias</span> <span class='ocrx_word' id='word_1_199' title='bbox 1125 2469 1472 2527; x_wconf 56' lang='lat' dir='ltr'>praeponere</span> <span class='ocrx_word' id='word_1_200' title='bbox 1500 2457 1733 2525; x_wconf 86' lang='lat' dir='ltr'>majora</span> <span class='ocrx_word' id='word_1_201' title='bbox 1754 2455 2106 2525; x_wconf 89' lang='lat' dir='ltr'>minoribus,</span> 
     </span>
    </p>
   </div>
   <div class='ocr_carea' id='block_1_27' title="bbox 455 2545 2111 2616">
    <p class='ocr_par' dir='ltr' id='par_1_27' title="bbox 455 2545 2111 2616">
     <span class='ocr_line' id='line_1_27' title="bbox 455 2545 2111 2616; baseline 0.001 -16"><span class='ocrx_word' id='word_1_202' title='bbox 455 2549 512 2601; x_wconf 88' lang='lat' dir='ltr'>et</span> <span class='ocrx_word' id='word_1_203' title='bbox 551 2545 958 2602; x_wconf 88' lang='lat' dir='ltr'>misericordia</span> <span class='ocrx_word' id='word_1_204' title='bbox 987 2546 1233 2608; x_wconf 89' lang='lat' dir='ltr'>moveri,</span> <span class='ocrx_word' id='word_1_205' title='bbox 1270 2551 1331 2599; x_wconf 91' lang='lat' dir='ltr'>ut</span> <span class='ocrx_word' id='word_1_206' title='bbox 1371 2560 1664 2615; x_wconf 89' lang='lat' dir='ltr'>pauperes</span> <span class='ocrx_word' id='word_1_207' title='bbox 1702 2546 2111 2616; x_wconf 86' lang='lat' dir='ltr'>evangelizen-</span> 
     </span>
    </p>
   </div>
   <div class='ocr_carea' id='block_1_28' title="bbox 457 2633 2103 2706">
    <p class='ocr_par' dir='ltr' id='par_1_28' title="bbox 457 2633 2103 2706">
     <span class='ocr_line' id='line_1_28' title="bbox 457 2633 2103 2706; baseline 0.002 -17"><span class='ocrx_word' id='word_1_208' title='bbox 457 2636 569 2698; x_wconf 93' lang='lat' dir='ltr'>tur,</span> <span class='ocrx_word' id='word_1_209' title='bbox 587 2651 659 2689; x_wconf 89' lang='lat' dir='ltr'>ne</span> <span class='ocrx_word' id='word_1_210' title='bbox 675 2634 882 2689; x_wconf 90' lang='lat' dir='ltr'>messis</span> <span class='ocrx_word' id='word_1_211' title='bbox 907 2633 1424 2704; x_wconf 88' lang='lat' dir='ltr'>Dominic0piosa,</span> <span class='ocrx_word' id='word_1_212' title='bbox 1454 2633 2103 2706; x_wconf 81' lang='lat' dir='ltr'>operarioruminopia,</span> 
     </span>
    </p>
   </div>
   <div class='ocr_carea' id='block_1_29' title="bbox 456 2722 2106 2794">
    <p class='ocr_par' dir='ltr' id='par_1_29' title="bbox 456 2722 2106 2794">
     <span class='ocr_line' id='line_1_29' title="bbox 456 2722 2106 2794; baseline 0.003 -18"><span class='ocrx_word' id='word_1_213' title='bbox 456 2723 515 2777; x_wconf 93' lang='lat' dir='ltr'>in</span> <span class='ocrx_word' id='word_1_214' title='bbox 550 2724 815 2793; x_wconf 79' lang='lat' dir='ltr'>praedam</span> <span class='ocrx_word' id='word_1_215' title='bbox 849 2723 1193 2778; x_wconf 88' lang='lat' dir='ltr'>volucribus</span> <span class='ocrx_word' id='word_1_216' title='bbox 1217 2722 1437 2794; x_wconf 88' lang='lat' dir='ltr'>jaceat,</span> <span class='ocrx_word' id='word_1_217' title='bbox 1482 2729 1537 2777; x_wconf 90' lang='lat' dir='ltr'>et</span> <span class='ocrx_word' id='word_1_218' title='bbox 1569 2728 1842 2794; x_wconf 88' lang='lat' dir='ltr'>paratum</span> <span class='ocrx_word' id='word_1_219' title='bbox 1883 2725 2106 2781; x_wconf 86' lang='lat' dir='ltr'>habere</span> 
     </span>
    </p>
   </div>
   <div class='ocr_carea' id='block_1_30' title="bbox 455 2811 2106 2886">
    <p class='ocr_par' dir='ltr' id='par_1_30' title="bbox 455 2811 2106 2886">
     <span class='ocr_line' id='line_1_30' title="bbox 455 2811 2106 2886; baseline 0.002 -19"><span class='ocrx_word' id='word_1_220' title='bbox 455 2828 555 2867; x_wconf 93' lang='lat' dir='ltr'>cor</span> <span class='ocrx_word' id='word_1_221' title='bbox 583 2813 660 2867; x_wconf 85' lang='lat' dir='ltr'>ad</span> <span class='ocrx_word' id='word_1_222' title='bbox 687 2813 1059 2884; x_wconf 91' lang='lat' dir='ltr'>sequendum</span> <span class='ocrx_word' id='word_1_223' title='bbox 1090 2812 1322 2867; x_wconf 87' lang='lat' dir='ltr'>Domini</span> <span class='ocrx_word' id='word_1_224' title='bbox 1351 2811 1736 2879; x_wconf 87' lang='lat' dir='ltr'>voluntatem,</span> <span class='ocrx_word' id='word_1_225' title='bbox 1765 2814 1825 2868; x_wconf 92' lang='lat' dir='ltr'>in</span> <span class='ocrx_word' id='word_1_226' title='bbox 1847 2829 1916 2870; x_wconf 91' lang='lat' dir='ltr'>eo</span> <span class='ocrx_word' id='word_1_227' title='bbox 1941 2815 2106 2886; x_wconf 88' lang='lat' dir='ltr'>quod</span> 
     </span>
    </p>
   </div>
   <div class='ocr_carea' id='block_1_31' title="bbox 455 2902 2100 2974">
    <p class='ocr_par' dir='ltr' id='par_1_31' title="bbox 455 2902 2100 2974">
     <span class='ocr_line' id='line_1_31' title="bbox 455 2902 2100 2974; baseline 0.002 -16"><span class='ocrx_word' id='word_1_228' title='bbox 455 2902 546 2959; x_wconf 87' lang='lat' dir='ltr'>vel</span> <span class='ocrx_word' id='word_1_229' title='bbox 575 2902 935 2973; x_wconf 88' lang='lat' dir='ltr'>ﬂagellando</span> <span class='ocrx_word' id='word_1_230' title='bbox 979 2903 1067 2957; x_wconf 92' lang='lat' dir='ltr'>vel</span> <span class='ocrx_word' id='word_1_231' title='bbox 1103 2903 1408 2974; x_wconf 87' lang='lat' dir='ltr'>parcendo</span> <span class='ocrx_word' id='word_1_232' title='bbox 1443 2919 1620 2973; x_wconf 87' lang='lat' dir='ltr'>agere</span> <span class='ocrx_word' id='word_1_233' title='bbox 1657 2906 1929 2960; x_wconf 85' lang='lat' dir='ltr'>statuerit</span> <span class='ocrx_word' id='word_1_234' title='bbox 1962 2921 2100 2961; x_wconf 91' lang='lat' dir='ltr'>cum</span> 
     </span>
    </p>
   </div>
   <div class='ocr_carea' id='block_1_32' title="bbox 451 2992 2103 3065">
    <p class='ocr_par' dir='ltr' id='par_1_32' title="bbox 451 2992 2103 3065">
     <span class='ocr_line' id='line_1_32' title="bbox 451 2992 2103 3065; baseline 0.001 -17"><span class='ocrx_word' id='word_1_235' title='bbox 451 2995 631 3048; x_wconf 88' lang='lat' dir='ltr'>servis</span> <span class='ocrx_word' id='word_1_236' title='bbox 654 2993 777 3047; x_wconf 89' lang='lat' dir='ltr'>suis</span> <span class='ocrx_word' id='word_1_237' title='bbox 809 3010 822 3045; x_wconf 89' lang='lat'><strong>:</strong></span> <span class='ocrx_word' id='word_1_238' title='bbox 853 2992 982 3047; x_wconf 71' lang='lat' dir='ltr'>haec</span> <span class='ocrx_word' id='word_1_239' title='bbox 1014 2993 1320 3056; x_wconf 89' lang='lat' dir='ltr'>meditare,</span> <span class='ocrx_word' id='word_1_240' title='bbox 1358 2994 1420 3047; x_wconf 90' lang='lat' dir='ltr'>in</span> <span class='ocrx_word' id='word_1_241' title='bbox 1459 2992 1552 3047; x_wconf 91' lang='lat' dir='ltr'>his</span> <span class='ocrx_word' id='word_1_242' title='bbox 1580 2999 1727 3059; x_wconf 88' lang='lat' dir='ltr'>esto,</span> <span class='ocrx_word' id='word_1_243' title='bbox 1757 2999 1818 3050; x_wconf 90' lang='lat' dir='ltr'>ut</span> <span class='ocrx_word' id='word_1_244' title='bbox 1861 3011 2103 3065; x_wconf 89' lang='lat' dir='ltr'>provec-</span> 
     </span>
    </p>
   </div>
   <div class='ocr_carea' id='block_1_33' title="bbox 451 3081 2098 3156">
    <p class='ocr_par' dir='ltr' id='par_1_33' title="bbox 451 3081 2098 3156">
     <span class='ocr_line' id='line_1_33' title="bbox 451 3081 2098 3156; baseline 0.002 -20"><span class='ocrx_word' id='word_1_245' title='bbox 451 3087 709 3138; x_wconf 56' lang='lat' dir='ltr'>tus&#39;tuus</span> <span class='ocrx_word' id='word_1_246' title='bbox 741 3082 1095 3138; x_wconf 88' lang='lat' dir='ltr'>manifestus</span> <span class='ocrx_word' id='word_1_247' title='bbox 1128 3082 1200 3137; x_wconf 90' lang='lat' dir='ltr'>sit</span> <span class='ocrx_word' id='word_1_248' title='bbox 1228 3083 1287 3138; x_wconf 90' lang='lat' dir='ltr'>in</span> <span class='ocrx_word' id='word_1_249' title='bbox 1319 3081 1602 3137; x_wconf 90' lang='lat' dir='ltr'>omnibus</span> <span class='ocrx_word' id='word_1_250' title='bbox 1626 3083 1668 3153; x_wconf 87' lang='grc' dir='ltr'>(Ι</span> <span class='ocrx_word' id='word_1_251' title='bbox 1704 3083 1850 3139; x_wconf 89' lang='lat' dir='ltr'>Tim.</span> <span class='ocrx_word' id='word_1_252' title='bbox 1882 3100 1960 3153; x_wconf 84' lang='lat' dir='ltr'>1v,</span> <span class='ocrx_word' id='word_1_253' title='bbox 1991 3087 2098 3156; x_wconf 82' lang='grc'>15).</span> 
     </span>
    </p>
   </div>
   <div class='ocr_carea' id='block_1_34' title="bbox 451 3171 2100 3242">
    <p class='ocr_par' dir='ltr' id='par_1_34' title="bbox 451 3171 2100 3242">
     <span class='ocr_line' id='line_1_34' title="bbox 451 3171 2100 3242; baseline 0.001 -14"><span class='ocrx_word' id='word_1_254' title='bbox 451 3171 711 3228; x_wconf 88' lang='lat' dir='ltr'>Obsecro</span> <span class='ocrx_word' id='word_1_255' title='bbox 730 3179 780 3226; x_wconf 92' lang='lat' dir='ltr'>te</span> <span class='ocrx_word' id='word_1_256' title='bbox 811 3177 873 3226; x_wconf 90' lang='lat' dir='ltr'>ut</span> <span class='ocrx_word' id='word_1_257' title='bbox 896 3187 1109 3228; x_wconf 86' lang='lat' dir='ltr'>caveas</span> <span class='ocrx_word' id='word_1_258' title='bbox 1131 3187 1204 3226; x_wconf 91' lang='lat' dir='ltr'>ne</span> <span class='ocrx_word' id='word_1_259' title='bbox 1229 3171 1522 3242; x_wconf 87' lang='lat' dir='ltr'>majorem</span> <span class='ocrx_word' id='word_1_260' title='bbox 1549 3171 1844 3228; x_wconf 84' lang='lat' dir='ltr'>tristitiam</span> <span class='ocrx_word' id='word_1_261' title='bbox 1870 3174 1975 3229; x_wconf 92' lang='lat' dir='ltr'>des</span> <span class='ocrx_word' id='word_1_262' title='bbox 1997 3175 2100 3230; x_wconf 88' lang='lat' dir='ltr'>bo-</span> 
     </span>
    </p>
   </div>
   <div class='ocr_carea' id='block_1_35' title="bbox 443 3260 2099 3332">
    <p class='ocr_par' dir='ltr' id='par_1_35' title="bbox 443 3260 2099 3332">
     <span class='ocr_line' id='line_1_35' title="bbox 443 3260 2099 3332; baseline 0.002 -16"><span class='ocrx_word' id='word_1_263' title='bbox 443 3261 536 3316; x_wconf 89' lang='lat' dir='ltr'>nis</span> <span class='ocrx_word' id='word_1_264' title='bbox 563 3260 848 3316; x_wconf 85' lang='lat' dir='ltr'>fratribus</span> <span class='ocrx_word' id='word_1_265' title='bbox 881 3266 1118 3332; x_wconf 83' lang='lat' dir='ltr'>torpore</span> <span class='ocrx_word' id='word_1_266' title='bbox 1143 3266 1264 3326; x_wconf 90' lang='lat' dir='ltr'>tuo,</span> <span class='ocrx_word' id='word_1_267' title='bbox 1289 3277 1472 3332; x_wconf 89' lang='lat' dir='ltr'>quam</span> <span class='ocrx_word' id='word_1_268' title='bbox 1498 3261 1769 3317; x_wconf 71' lang='lat' dir='ltr'>laetitiam</span> <span class='ocrx_word' id='word_1_269' title='bbox 1793 3263 2099 3320; x_wconf 85' lang='lat' dir='ltr'>alacritate</span> 
     </span>
    </p>
   </div>
   <div class='ocr_carea' id='block_1_36' title="bbox 436 3350 2098 3425">
    <p class='ocr_par' dir='ltr' id='par_1_36' title="bbox 436 3350 2098 3425">
     <span class='ocr_line' id='line_1_36' title="bbox 436 3350 2098 3425; baseline 0.002 -19"><span class='ocrx_word' id='word_1_270' title='bbox 436 3351 564 3423; x_wconf 88' lang='lat' dir='ltr'>jam</span> <span class='ocrx_word' id='word_1_271' title='bbox 586 3351 860 3407; x_wconf 89' lang='lat' dir='ltr'>dederas.</span> <span class='ocrx_word' id='word_1_272' title='bbox 893 3350 1326 3406; x_wconf 84' lang='lat' dir='ltr'>Commendare</span> <span class='ocrx_word' id='word_1_273' title='bbox 1355 3355 1406 3405; x_wconf 90' lang='lat' dir='ltr'>te</span> <span class='ocrx_word' id='word_1_274' title='bbox 1429 3355 1631 3406; x_wconf 89' lang='lat' dir='ltr'>autem</span> <span class='ocrx_word' id='word_1_275' title='bbox 1651 3351 1854 3408; x_wconf 89' lang='lat' dir='ltr'>litteris</span> <span class='ocrx_word' id='word_1_276' title='bbox 1877 3354 2098 3425; x_wconf 88' lang='lat' dir='ltr'>quibus</span> 
     </span>
    </p>
   </div>
   <div class='ocr_carea' id='block_1_37' title="bbox 440 3439 2098 3516">
    <p class='ocr_par' dir='ltr' id='par_1_37' title="bbox 440 3439 2098 3516">
     <span class='ocr_line' id='line_1_37' title="bbox 440 3439 2098 3516; baseline 0.002 -19"><span class='ocrx_word' id='word_1_277' title='bbox 440 3440 699 3509; x_wconf 88' lang='lat' dir='ltr'>voluisti,</span> <span class='ocrx_word' id='word_1_278' title='bbox 718 3447 840 3496; x_wconf 91' lang='lat' dir='ltr'>tam</span> <span class='ocrx_word' id='word_1_279' title='bbox 860 3439 1233 3511; x_wconf 87' lang='lat' dir='ltr'>superfluum</span> <span class='ocrx_word' id='word_1_280' title='bbox 1256 3441 1482 3511; x_wconf 88' lang='lat' dir='ltr'>putavi,</span> <span class='ocrx_word' id='word_1_281' title='bbox 1502 3457 1688 3512; x_wconf 89' lang='lat' dir='ltr'>quam</span> <span class='ocrx_word' id='word_1_282' title='bbox 1708 3442 1755 3496; x_wconf 88' lang='lat' dir='ltr'>si</span> <span class='ocrx_word' id='word_1_283' title='bbox 1773 3445 2098 3516; x_wconf 88' lang='lat' dir='ltr'>quisquam</span> 
     </span>
    </p>
   </div>
   <div class='ocr_carea' id='block_1_38' title="bbox 443 3529 1914 3589">
    <p class='ocr_par' dir='ltr' id='par_1_38' title="bbox 443 3529 1914 3589">
     <span class='ocr_line' id='line_1_38' title="bbox 443 3529 1914 3589; baseline 0.003 -4"><span class='ocrx_word' id='word_1_284' title='bbox 443 3535 498 3586; x_wconf 91' lang='lat' dir='ltr'>te</span> <span class='ocrx_word' id='word_1_285' title='bbox 523 3531 672 3586; x_wconf 90' lang='lat' dir='ltr'>mihi</span> <span class='ocrx_word' id='word_1_286' title='bbox 702 3529 915 3586; x_wconf 92' lang='lat' dir='ltr'>eodem</span> <span class='ocrx_word' id='word_1_287' title='bbox 945 3529 1125 3584; x_wconf 92' lang='lat' dir='ltr'>modo</span> <span class='ocrx_word' id='word_1_288' title='bbox 1152 3529 1579 3586; x_wconf 90' lang='lat' dir='ltr'>commendare</span> <span class='ocrx_word' id='word_1_289' title='bbox 1612 3531 1914 3589; x_wconf 88' lang='lat' dir='ltr'>voluisset.</span> 
     </span>
    </p>
   </div>
   <div class='ocr_carea' id='block_1_39' title="bbox 871 3638 1667 3710">
    <p class='ocr_par' dir='ltr' id='par_1_39' title="bbox 871 3638 1667 3710">
     <span class='ocr_line' id='line_1_39' title="bbox 871 3638 1667 3710; baseline 0.004 -19"><span class='ocrx_word' id='word_1_290' title='bbox 871 3638 1218 3694; x_wconf 84' lang='lat' dir='ltr'>EPISTOLA</span> <span class='ocrx_word' id='word_1_291' title='bbox 1250 3638 1491 3692; x_wconf 80' lang='lat' dir='ltr'>CCXLIV</span> <span class='ocrx_word' id='word_1_292' title='bbox 1522 3639 1537 3655; x_wconf 84' lang='grc'><strong>’</strong></span> <span class='ocrx_word' id='word_1_293' title='bbox 1563 3639 1667 3710; x_wconf 89' lang='grc' dir='ltr'>(α).</span> 
     </span>
    </p>
   </div>
   <div class='ocr_carea' id='block_1_40' title="bbox 511 3726 2024 3852">
    <p class='ocr_par' dir='ltr' id='par_1_40' title="bbox 511 3726 2024 3852">
     <span class='ocr_line' id='line_1_40' title="bbox 511 3726 2024 3852; baseline 0.003 -70"><span class='ocrx_word' id='word_1_294' title='bbox 511 3727 882 3798; x_wconf 82' lang='lat' dir='ltr'>Augustinus</span> <span class='ocrx_word' id='word_1_295' title='bbox 915 3726 1222 3852; x_wconf 59' lang='lat' dir='ltr'>Chrisimg,</span> <span class='ocrx_word' id='word_1_296' title='bbox 1247 3729 1561 3808; x_wconf 76' lang='lat' dir='ltr'>consolans</span> <span class='ocrx_word' id='word_1_297' title='bbox 1591 3743 1665 3784; x_wconf 87' lang='lat' dir='ltr'>ne</span> <span class='ocrx_word' id='word_1_298' title='bbox 1694 3728 1931 3796; x_wconf 76' lang='lat' dir='ltr'>deﬁciat</span> <span class='ocrx_word' id='word_1_299' title='bbox 1961 3731 2024 3786; x_wconf 88' lang='lat' dir='ltr'>in</span> 
     </span>
     <span class='ocr_line' id='line_1_41' title="bbox 1127 3814 1407 3852; baseline 0 0"><span class='ocrx_word' id='word_1_300' title='bbox 1127 3814 1162 3852; x_wconf 91' lang='lat' dir='ltr'>a</span> <span class='ocrx_word' id='word_1_301' title='bbox 1209 3814 1407 3852; x_wconf 74' lang='lat' dir='ltr'>veI‘SlS.</span> 
     </span>
    </p>
   </div>
   <div class='ocr_carea' id='block_1_41' title="bbox 1127 3814 1407 3855">
    <p class='ocr_par' dir='ltr' id='par_1_41' title="bbox 1127 3814 1407 3855">
     <span class='ocr_line' id='line_1_42' title="bbox 1127 3814 1407 3855; baseline -0.004 0"><span class='ocrx_word' id='word_1_302' title='bbox 1127 3814 1407 3855; x_wconf 73' lang='lat' dir='ltr'>adversis.</span> 
     </span>
    </p>
   </div>
   <div class='ocr_carea' id='block_1_42' title="bbox 437 3888 2096 3962">
    <p class='ocr_par' dir='ltr' id='par_1_42' title="bbox 437 3888 2096 3962">
     <span class='ocr_line' id='line_1_43' title="bbox 437 3888 2096 3962; baseline 0.002 -19"><span class='ocrx_word' id='word_1_303' title='bbox 437 3888 695 3945; x_wconf 93' lang='lat' dir='ltr'>Domino</span> <span class='ocrx_word' id='word_1_304' title='bbox 728 3904 861 3944; x_wconf 90' lang='lat' dir='ltr'>vere</span> <span class='ocrx_word' id='word_1_305' title='bbox 891 3903 961 3943; x_wconf 90' lang='lat' dir='ltr'>ac</span> <span class='ocrx_word' id='word_1_306' title='bbox 988 3890 1198 3944; x_wconf 90' lang='lat' dir='ltr'>merito</span> <span class='ocrx_word' id='word_1_307' title='bbox 1229 3889 1605 3958; x_wconf 89' lang='lat' dir='ltr'>charissimo,</span> <span class='ocrx_word' id='word_1_308' title='bbox 1628 3896 1684 3946; x_wconf 90' lang='lat' dir='ltr'>et</span> <span class='ocrx_word' id='word_1_309' title='bbox 1711 3891 2096 3962; x_wconf 62' lang='lat' dir='ltr'>praedicando</span> 
     </span>
    </p>
   </div>
   <div class='ocr_carea' id='block_1_43' title="bbox 505 3977 2092 4044">
    <p class='ocr_par' dir='ltr' id='par_1_43' title="bbox 505 3977 2092 4044">
     <span class='ocr_line' id='line_1_44' title="bbox 505 3977 2092 4044; baseline 0.003 -12"><span class='ocrx_word' id='word_1_310' title='bbox 505 3977 668 4034; x_wconf 88' lang='lat' dir='ltr'>fratri</span> <span class='ocrx_word' id='word_1_311' title='bbox 696 3979 966 4033; x_wconf 75' lang='lat' dir='ltr'>Cuaismo</span> <span class='ocrx_word' id='word_1_312' title='bbox 985 3981 1027 4043; x_wconf 75' lang='grc'>³,</span> <span class='ocrx_word' id='word_1_313' title='bbox 1052 3984 1426 4044; x_wconf 74' lang='lat' dir='ltr'>Aucusrmus,</span> <span class='ocrx_word' id='word_1_314' title='bbox 1453 3979 1514 4033; x_wconf 90' lang='lat' dir='ltr'>in</span> <span class='ocrx_word' id='word_1_315' title='bbox 1540 3980 1793 4036; x_wconf 87' lang='lat' dir='ltr'>Domino</span> <span class='ocrx_word' id='word_1_316' title='bbox 1816 3981 2092 4037; x_wconf 90' lang='lat' dir='ltr'>salutem.</span> 
     </span>
    </p>
   </div>
   <div class='ocr_carea' id='block_1_44' title="bbox 512 4067 2092 4143">
    <p class='ocr_par' dir='ltr' id='par_1_44' title="bbox 512 4067 2092 4143">
     <span class='ocr_line' id='line_1_45' title="bbox 512 4067 2092 4143; baseline 0.003 -22"><span class='ocrx_word' id='word_1_317' title='bbox 512 4075 560 4121; x_wconf 86' lang='lat' dir='ltr'>t.</span> <span class='ocrx_word' id='word_1_318' title='bbox 589 4070 812 4121; x_wconf 81' lang='lat' dir='ltr'>Rumor</span> <span class='ocrx_word' id='word_1_319' title='bbox 841 4067 918 4121; x_wconf 88' lang='lat' dir='ltr'>ad</span> <span class='ocrx_word' id='word_1_320' title='bbox 951 4082 1046 4122; x_wconf 92' lang='lat' dir='ltr'>me</span> <span class='ocrx_word' id='word_1_321' title='bbox 1077 4067 1286 4121; x_wconf 88' lang='lat' dir='ltr'>detulit</span> <span class='ocrx_word' id='word_1_322' title='bbox 1327 4067 1506 4137; x_wconf 88' lang='lat' dir='ltr'>(Deus</span> <span class='ocrx_word' id='word_1_323' title='bbox 1543 4067 1720 4125; x_wconf 87' lang='lat' dir='ltr'>faciat</span> <span class='ocrx_word' id='word_1_324' title='bbox 1750 4081 1811 4124; x_wconf 89' lang='lat' dir='ltr'>ut</span> <span class='ocrx_word' id='word_1_325' title='bbox 1847 4086 1970 4126; x_wconf 90' lang='lat' dir='ltr'>non</span> <span class='ocrx_word' id='word_1_326' title='bbox 1997 4071 2092 4143; x_wconf 90' lang='lat' dir='ltr'>sit)</span> 
     </span>
    </p>
   </div>
   <div class='ocr_carea' id='block_1_45' title="bbox 439 4156 2094 4231">
    <p class='ocr_par' dir='ltr' id='par_1_45' title="bbox 439 4156 2094 4231">
     <span class='ocr_line' id='line_1_46' title="bbox 439 4156 2094 4231; baseline 0.004 -20"><span class='ocrx_word' id='word_1_327' title='bbox 439 4158 592 4211; x_wconf 87' lang='lat' dir='ltr'>sicte</span> <span class='ocrx_word' id='word_1_328' title='bbox 605 4156 809 4211; x_wconf 90' lang='lat' dir='ltr'>animo</span> <span class='ocrx_word' id='word_1_329' title='bbox 832 4161 1266 4225; x_wconf 89' lang='lat' dir='ltr'>perturbatum,</span> <span class='ocrx_word' id='word_1_330' title='bbox 1285 4158 1614 4213; x_wconf 91' lang='lat' dir='ltr'>utmultum</span> <span class='ocrx_word' id='word_1_331' title='bbox 1633 4161 1811 4215; x_wconf 90' lang='lat' dir='ltr'>mirer</span> <span class='ocrx_word' id='word_1_332' title='bbox 1833 4161 2094 4231; x_wconf 89' lang='lat' dir='ltr'>pruden-</span> 
     </span>
    </p>
   </div>
   <div class='ocr_carea' id='block_1_46' title="bbox 437 4245 2091 4320">
    <p class='ocr_par' dir='ltr' id='par_1_46' title="bbox 437 4245 2091 4320">
     <span class='ocr_line' id='line_1_47' title="bbox 437 4245 2091 4320; baseline 0.004 -20"><span class='ocrx_word' id='word_1_333' title='bbox 437 4245 586 4301; x_wconf 87' lang='lat' dir='ltr'>tiam</span> <span class='ocrx_word' id='word_1_334' title='bbox 620 4250 782 4299; x_wconf 89' lang='lat' dir='ltr'>tuam</span> <span class='ocrx_word' id='word_1_335' title='bbox 800 4251 856 4298; x_wconf 90' lang='lat' dir='ltr'>et</span> <span class='ocrx_word' id='word_1_336' title='bbox 876 4245 1270 4300; x_wconf 87' lang='lat' dir='ltr'>christianum</span> <span class='ocrx_word' id='word_1_337' title='bbox 1291 4247 1561 4301; x_wconf 90' lang='lat' dir='ltr'>animum</span> <span class='ocrx_word' id='word_1_338' title='bbox 1591 4264 1805 4318; x_wconf 90' lang='lat' dir='ltr'>parum</span> <span class='ocrx_word' id='word_1_339' title='bbox 1829 4251 2091 4320; x_wconf 87' lang='lat' dir='ltr'>cogitare</span> 
     </span>
    </p>
   </div>
   <div class='ocr_carea' id='block_1_47' title="bbox 434 4334 2093 4412">
    <p class='ocr_par' dir='ltr' id='par_1_47' title="bbox 434 4334 2093 4412">
     <span class='ocr_line' id='line_1_48' title="bbox 434 4334 2093 4412; baseline 0.004 -22"><span class='ocrx_word' id='word_1_340' title='bbox 434 4349 635 4390; x_wconf 89' lang='lat' dir='ltr'>rerum</span> <span class='ocrx_word' id='word_1_341' title='bbox 661 4339 1030 4389; x_wconf 89' lang='lat' dir='ltr'>terrenarum</span> <span class='ocrx_word' id='word_1_342' title='bbox 1048 4334 1454 4391; x_wconf 83' lang='lat' dir='ltr'>conditionem</span> <span class='ocrx_word' id='word_1_343' title='bbox 1477 4337 1633 4392; x_wconf 89' lang='lat' dir='ltr'>nullo</span> <span class='ocrx_word' id='word_1_344' title='bbox 1666 4339 1850 4394; x_wconf 93' lang='lat' dir='ltr'>modo</span> <span class='ocrx_word' id='word_1_345' title='bbox 1866 4343 2093 4412; x_wconf 64' lang='lat' dir='ltr'>aequari</span> 
     </span>
    </p>
   </div>
   <div class='ocr_carea' id='block_1_48' title="bbox 434 4423 2094 4498">
    <p class='ocr_par' dir='ltr' id='par_1_48' title="bbox 434 4423 2094 4498">
     <span class='ocr_line' id='line_1_49' title="bbox 434 4423 2094 4498; baseline 0.004 -18"><span class='ocrx_word' id='word_1_346' title='bbox 434 4441 614 4496; x_wconf 84' lang='lat' dir='ltr'>posse</span> <span class='ocrx_word' id='word_1_347' title='bbox 632 4423 996 4493; x_wconf 64' lang='lat' dir='ltr'>caelestibus,</span> <span class='ocrx_word' id='word_1_348' title='bbox 1017 4424 1117 4479; x_wconf 90' lang='lat' dir='ltr'>ubi</span> <span class='ocrx_word' id='word_1_349' title='bbox 1131 4440 1231 4479; x_wconf 88' lang='lat' dir='ltr'>cor</span> <span class='ocrx_word' id='word_1_350' title='bbox 1250 4432 1520 4480; x_wconf 90' lang='lat' dir='ltr'>nostrum</span> <span class='ocrx_word' id='word_1_351' title='bbox 1535 4435 1587 4481; x_wconf 92' lang='lat' dir='ltr'>et</span> <span class='ocrx_word' id='word_1_352' title='bbox 1605 4445 1740 4498; x_wconf 89' lang='lat' dir='ltr'>spes</span> <span class='ocrx_word' id='word_1_353' title='bbox 1756 4435 1958 4485; x_wconf 87' lang='lat' dir='ltr'>nostra</span> <span class='ocrx_word' id='word_1_354' title='bbox 1977 4431 2094 4486; x_wconf 87' lang='lat' dir='ltr'>col-</span> 
     </span>
    </p>
   </div>
   <div class='ocr_carea' id='block_1_49' title="bbox 431 4513 2092 4586">
    <p class='ocr_par' dir='ltr' id='par_1_49' title="bbox 431 4513 2092 4586">
     <span class='ocr_line' id='line_1_50' title="bbox 431 4513 2092 4586; baseline 0.004 -17"><span class='ocrx_word' id='word_1_355' title='bbox 431 4514 690 4570; x_wconf 88' lang='lat' dir='ltr'>locanda</span> <span class='ocrx_word' id='word_1_356' title='bbox 702 4519 809 4569; x_wconf 90' lang='lat' dir='ltr'>est.</span> <span class='ocrx_word' id='word_1_357' title='bbox 835 4513 926 4568; x_wconf 90' lang='lat' dir='ltr'>Vir</span> <span class='ocrx_word' id='word_1_358' title='bbox 938 4515 1198 4579; x_wconf 86' lang='lat' dir='ltr'>cordate,</span> <span class='ocrx_word' id='word_1_359' title='bbox 1225 4515 1521 4586; x_wconf 91' lang='lat' dir='ltr'>numquid</span> <span class='ocrx_word' id='word_1_360' title='bbox 1537 4522 1641 4572; x_wconf 89' lang='lat' dir='ltr'>aut</span> <span class='ocrx_word' id='word_1_361' title='bbox 1658 4523 1846 4574; x_wconf 92' lang='lat' dir='ltr'>totum</span> <span class='ocrx_word' id='word_1_362' title='bbox 1865 4520 2092 4577; x_wconf 90' lang='lat' dir='ltr'>bonum</span> 
     </span>
    </p>
   </div>
   <div class='ocr_carea' id='block_1_50' title="bbox 436 4604 2088 4678">
    <p class='ocr_par' dir='ltr' id='par_1_50' title="bbox 436 4604 2088 4678">
     <span class='ocr_line' id='line_1_51' title="bbox 436 4604 2088 4678; baseline 0.005 -21"><span class='ocrx_word' id='word_1_363' title='bbox 436 4609 600 4658; x_wconf 90' lang='lat' dir='ltr'>tuum</span> <span class='ocrx_word' id='word_1_364' title='bbox 630 4605 688 4658; x_wconf 93' lang='lat' dir='ltr'>in</span> <span class='ocrx_word' id='word_1_365' title='bbox 707 4604 793 4659; x_wconf 88' lang='lat' dir='ltr'>his</span> <span class='ocrx_word' id='word_1_366' title='bbox 818 4605 997 4659; x_wconf 90' lang='lat' dir='ltr'>rebus</span> <span class='ocrx_word' id='word_1_367' title='bbox 1015 4609 1160 4668; x_wconf 89' lang='lat' dir='ltr'>erat,</span> <span class='ocrx_word' id='word_1_368' title='bbox 1193 4620 1343 4675; x_wconf 90' lang='lat' dir='ltr'>quas</span> <span class='ocrx_word' id='word_1_369' title='bbox 1362 4621 1525 4660; x_wconf 90' lang='lat' dir='ltr'>nunc</span> <span class='ocrx_word' id='word_1_370' title='bbox 1548 4607 1764 4663; x_wconf 88' lang='lat' dir='ltr'>videris</span> <span class='ocrx_word' id='word_1_371' title='bbox 1783 4610 2088 4678; x_wconf 87' lang='lat' dir='ltr'>amittere;</span> 
     </span>
    </p>
   </div>
   <div class='ocr_carea' id='block_1_51' title="bbox 433 4694 2093 4766">
    <p class='ocr_par' dir='ltr' id='par_1_51' title="bbox 433 4694 2093 4766">
     <span class='ocr_line' id='line_1_52' title="bbox 433 4694 2093 4766; baseline 0.005 -19"><span class='ocrx_word' id='word_1_372' title='bbox 433 4697 537 4747; x_wconf 90' lang='lat' dir='ltr'>aut</span> <span class='ocrx_word' id='word_1_373' title='bbox 561 4700 681 4748; x_wconf 90' lang='lat' dir='ltr'>tam</span> <span class='ocrx_word' id='word_1_374' title='bbox 698 4708 989 4761; x_wconf 88' lang='lat' dir='ltr'>magnum</span> <span class='ocrx_word' id='word_1_375' title='bbox 1013 4694 1240 4748; x_wconf 91' lang='lat' dir='ltr'>bonum</span> <span class='ocrx_word' id='word_1_376' title='bbox 1262 4694 1377 4749; x_wconf 88' lang='lat' dir='ltr'>illic</span> <span class='ocrx_word' id='word_1_377' title='bbox 1393 4694 1753 4766; x_wconf 88' lang='lat' dir='ltr'>deputabas,</span> <span class='ocrx_word' id='word_1_378' title='bbox 1781 4704 1842 4753; x_wconf 91' lang='lat' dir='ltr'>ut</span> <span class='ocrx_word' id='word_1_379' title='bbox 1859 4715 1929 4754; x_wconf 92' lang='lat' dir='ltr'>eo</span> <span class='ocrx_word' id='word_1_380' title='bbox 1953 4701 2093 4755; x_wconf 90' lang='lat' dir='ltr'>sub-</span> 
     </span>
    </p>
   </div>
   <div class='ocr_carea' id='block_1_52' title="bbox 433 4782 2089 4858">
    <p class='ocr_par' dir='ltr' id='par_1_52' title="bbox 433 4782 2089 4858">
     <span class='ocr_line' id='line_1_53' title="bbox 433 4782 2089 4858; baseline 0.004 -22"><span class='ocrx_word' id='word_1_381' title='bbox 433 4786 621 4837; x_wconf 85' lang='lat' dir='ltr'>tracto</span> <span class='ocrx_word' id='word_1_382' title='bbox 644 4783 724 4837; x_wconf 89' lang='lat' dir='ltr'>sic</span> <span class='ocrx_word' id='word_1_383' title='bbox 741 4782 1106 4837; x_wconf 90' lang='lat' dir='ltr'>tenebrescat</span> <span class='ocrx_word' id='word_1_384' title='bbox 1125 4797 1291 4837; x_wconf 89' lang='lat' dir='ltr'>mens</span> <span class='ocrx_word' id='word_1_385' title='bbox 1316 4785 1500 4839; x_wconf 90' lang='lat' dir='ltr'>nimia</span> <span class='ocrx_word' id='word_1_386' title='bbox 1526 4786 1775 4851; x_wconf 83' lang='lat' dir='ltr'>tristitia,</span> <span class='ocrx_word' id='word_1_387' title='bbox 1801 4789 1975 4858; x_wconf 91' lang='lat' dir='ltr'>quasi</span> <span class='ocrx_word' id='word_1_388' title='bbox 2004 4789 2089 4843; x_wconf 92' lang='lat' dir='ltr'>lu-</span> 
     </span>
    </p>
   </div>
   <div class='ocr_carea' id='block_1_53' title="bbox 432 4872 2088 4948">
    <p class='ocr_par' dir='ltr' id='par_1_53' title="bbox 432 4872 2088 4948">
     <span class='ocr_line' id='line_1_54' title="bbox 432 4872 2088 4948; baseline 0.004 -21"><span class='ocrx_word' id='word_1_389' title='bbox 432 4887 571 4927; x_wconf 90' lang='lat' dir='ltr'>men</span> <span class='ocrx_word' id='word_1_390' title='bbox 591 4872 740 4943; x_wconf 90' lang='lat' dir='ltr'>ejus,</span> <span class='ocrx_word' id='word_1_391' title='bbox 765 4887 884 4926; x_wconf 90' lang='lat' dir='ltr'>non</span> <span class='ocrx_word' id='word_1_392' title='bbox 905 4873 1083 4935; x_wconf 91' lang='lat' dir='ltr'>Deus,</span> <span class='ocrx_word' id='word_1_393' title='bbox 1103 4872 1210 4926; x_wconf 90' lang='lat' dir='ltr'>sed</span> <span class='ocrx_word' id='word_1_394' title='bbox 1228 4877 1381 4928; x_wconf 89' lang='lat' dir='ltr'>terra</span> <span class='ocrx_word' id='word_1_395' title='bbox 1401 4874 1473 4928; x_wconf 90' lang='lat' dir='ltr'>sit</span> <span class='ocrx_word' id='word_1_396' title='bbox 1489 4873 1743 4930; x_wconf 78' lang='lat' dir='ltr'>‘fAudivi</span> <span class='ocrx_word' id='word_1_397' title='bbox 1760 4879 1919 4932; x_wconf 91' lang='lat' dir='ltr'>enim</span> <span class='ocrx_word' id='word_1_398' title='bbox 1941 4878 2088 4948; x_wconf 91' lang='lat' dir='ltr'>(jam</span> 
     </span>
    </p>
   </div>
   <div class='ocr_carea' id='block_1_54' title="bbox 431 4959 2087 5036">
    <p class='ocr_par' dir='ltr' id='par_1_54' title="bbox 431 4959 2087 5036">
     <span class='ocr_line' id='line_1_55' title="bbox 431 4959 2087 5036; baseline 0.005 -21"><span class='ocrx_word' id='word_1_399' title='bbox 431 4961 574 5025; x_wconf 90' lang='lat' dir='ltr'>dixi,</span> <span class='ocrx_word' id='word_1_400' title='bbox 606 4965 758 5016; x_wconf 89' lang='lat' dir='ltr'>Deus</span> <span class='ocrx_word' id='word_1_401' title='bbox 780 4960 958 5016; x_wconf 89' lang='lat' dir='ltr'>faciat</span> <span class='ocrx_word' id='word_1_402' title='bbox 980 4966 1040 5015; x_wconf 92' lang='lat' dir='ltr'>ut</span> <span class='ocrx_word' id='word_1_403' title='bbox 1064 4959 1283 5016; x_wconf 86' lang='lat' dir='ltr'>falsum</span> <span class='ocrx_word' id='word_1_404' title='bbox 1309 4962 1624 5034; x_wconf 85' lang='lat' dir='ltr'>audierim)</span> <span class='ocrx_word' id='word_1_405' title='bbox 1645 4966 1808 5036; x_wconf 91' lang='lat' dir='ltr'>quod</span> <span class='ocrx_word' id='word_1_406' title='bbox 1837 4967 1938 5022; x_wconf 88' lang='lat' dir='ltr'>tibi</span> <span class='ocrx_word' id='word_1_407' title='bbox 1962 4984 2087 5024; x_wconf 90' lang='lat' dir='ltr'>ma-</span> 
     </span>
    </p>
   </div>
   <div class='ocr_carea' id='block_1_55' title="bbox 429 5049 2087 5122">
    <p class='ocr_par' dir='ltr' id='par_1_55' title="bbox 429 5049 2087 5122">
     <span class='ocr_line' id='line_1_56' title="bbox 429 5049 2087 5122; baseline 0.006 -17"><span class='ocrx_word' id='word_1_408' title='bbox 429 5065 546 5106; x_wconf 87' lang='lat' dir='ltr'>nus</span> <span class='ocrx_word' id='word_1_409' title='bbox 561 5053 739 5106; x_wconf 90' lang='lat' dir='ltr'>etiam</span> <span class='ocrx_word' id='word_1_410' title='bbox 769 5050 948 5105; x_wconf 89' lang='lat' dir='ltr'>velles</span> <span class='ocrx_word' id='word_1_411' title='bbox 974 5049 1188 5104; x_wconf 86' lang='lat' dir='ltr'>inferre</span> <span class='ocrx_word' id='word_1_412' title='bbox 1205 5067 1218 5117; x_wconf 89' lang='lat'><strong>;</strong></span> <span class='ocrx_word' id='word_1_413' title='bbox 1233 5052 1396 5122; x_wconf 89' lang='lat' dir='ltr'>quod</span> <span class='ocrx_word' id='word_1_414' title='bbox 1415 5053 1626 5109; x_wconf 92' lang='lat' dir='ltr'>melius</span> <span class='ocrx_word' id='word_1_415' title='bbox 1645 5070 1766 5110; x_wconf 90' lang='lat' dir='ltr'>non</span> <span class='ocrx_word' id='word_1_416' title='bbox 1790 5059 1969 5112; x_wconf 87' lang='lat' dir='ltr'>credo</span> <span class='ocrx_word' id='word_1_417' title='bbox 1982 5064 2087 5115; x_wconf 88' lang='lat' dir='ltr'>aut</span> 
     </span>
    </p>
   </div>
   <div class='ocr_carea' id='block_1_56' title="bbox 429 5140 2080 5205">
    <p class='ocr_par' dir='ltr' id='par_1_56' title="bbox 429 5140 2080 5205">
     <span class='ocr_line' id='line_1_57' title="bbox 429 5140 2080 5205; baseline 0.005 -9"><span class='ocrx_word' id='word_1_418' title='bbox 429 5140 771 5197; x_wconf 84' lang='lat' dir='ltr'>ascendisse</span> <span class='ocrx_word' id='word_1_419' title='bbox 795 5141 854 5194; x_wconf 93' lang='lat' dir='ltr'>in</span> <span class='ocrx_word' id='word_1_420' title='bbox 882 5156 982 5195; x_wconf 92' lang='lat' dir='ltr'>cor</span> <span class='ocrx_word' id='word_1_421' title='bbox 1015 5146 1204 5205; x_wconf 90' lang='lat' dir='ltr'>tuum,</span> <span class='ocrx_word' id='word_1_422' title='bbox 1238 5147 1338 5195; x_wconf 88' lang='lat' dir='ltr'>aut</span> <span class='ocrx_word' id='word_1_423' title='bbox 1365 5143 1552 5197; x_wconf 85' lang='lat' dir='ltr'>exisse</span> <span class='ocrx_word' id='word_1_424' title='bbox 1577 5143 1651 5198; x_wconf 91' lang='lat' dir='ltr'>de</span> <span class='ocrx_word' id='word_1_425' title='bbox 1683 5161 1782 5200; x_wconf 91' lang='lat' dir='ltr'>ore</span> <span class='ocrx_word' id='word_1_426' title='bbox 1811 5151 1934 5202; x_wconf 89' lang='lat' dir='ltr'>tuo.</span> <span class='ocrx_word' id='word_1_427' title='bbox 1967 5148 2080 5204; x_wconf 91' lang='lat' dir='ltr'>Sed</span> 
     </span>
    </p>
   </div>
   <div class='ocr_carea' id='block_1_57' title="bbox 429 5230 2087 5308">
    <p class='ocr_par' dir='ltr' id='par_1_57' title="bbox 429 5230 2087 5308">
     <span class='ocr_line' id='line_1_58' title="bbox 429 5230 2087 5308; baseline 0.005 -23"><span class='ocrx_word' id='word_1_428' title='bbox 429 5235 632 5286; x_wconf 89' lang='lat' dir='ltr'>tamen</span> <span class='ocrx_word' id='word_1_429' title='bbox 653 5230 796 5301; x_wconf 90' lang='lat' dir='ltr'>quia</span> <span class='ocrx_word' id='word_1_430' title='bbox 825 5230 905 5286; x_wconf 90' lang='lat' dir='ltr'>ita</span> <span class='ocrx_word' id='word_1_431' title='bbox 935 5230 1316 5302; x_wconf 90' lang='lat' dir='ltr'>perturbatus</span> <span class='ocrx_word' id='word_1_432' title='bbox 1339 5246 1421 5297; x_wconf 89' lang='lat' dir='ltr'>es,</span> <span class='ocrx_word' id='word_1_433' title='bbox 1451 5236 1511 5287; x_wconf 90' lang='lat' dir='ltr'>ut</span> <span class='ocrx_word' id='word_1_434' title='bbox 1535 5232 1648 5288; x_wconf 91' lang='lat' dir='ltr'>hoc</span> <span class='ocrx_word' id='word_1_435' title='bbox 1670 5233 1744 5289; x_wconf 93' lang='lat' dir='ltr'>de</span> <span class='ocrx_word' id='word_1_436' title='bbox 1773 5240 1825 5291; x_wconf 91' lang='lat' dir='ltr'>te</span> <span class='ocrx_word' id='word_1_437' title='bbox 1850 5236 1967 5292; x_wconf 90' lang='lat' dir='ltr'>dici</span> <span class='ocrx_word' id='word_1_438' title='bbox 1989 5254 2087 5308; x_wconf 84' lang='lat' dir='ltr'>po-</span> 
     </span>
    </p>
   </div>
   <div class='ocr_carea' id='block_1_58' title="bbox 489 5337 2084 5403">
    <p class='ocr_par' dir='ltr' id='par_1_58' title="bbox 489 5337 2084 5403">
     <span class='ocr_line' id='line_1_59' title="bbox 489 5337 2084 5403; baseline 0.006 -18"><span class='ocrx_word' id='word_1_439' title='bbox 489 5340 502 5370; x_wconf 83' lang='grc' dir='ltr'>ί</span> <span class='ocrx_word' id='word_1_440' title='bbox 539 5337 691 5403; x_wconf 84' lang='lat' dir='ltr'>Edd.,</span> <span class='ocrx_word' id='word_1_441' title='bbox 728 5338 1034 5386; x_wconf 80' lang='lat' dir='ltr'>distribuere</span> <span class='ocrx_word' id='word_1_442' title='bbox 1053 5338 1198 5393; x_wconf 83' lang='lat' dir='ltr'>talia,</span> <span class='ocrx_word' id='word_1_443' title='bbox 1231 5339 1306 5385; x_wconf 80' lang='lat' dir='ltr'>tui</span> <span class='ocrx_word' id='word_1_444' title='bbox 1334 5338 1564 5403; x_wconf 82' lang='lat' dir='ltr'>primum</span> <span class='ocrx_word' id='word_1_445' title='bbox 1584 5342 1722 5403; x_wconf 88' lang='lat' dir='ltr'>apud</span> <span class='ocrx_word' id='word_1_446' title='bbox 1748 5347 1792 5390; x_wconf 83' lang='lat' dir='ltr'>te</span> <span class='ocrx_word' id='word_1_447' title='bbox 1814 5343 1978 5393; x_wconf 80' lang='lat' dir='ltr'>locum</span> <span class='ocrx_word' id='word_1_448' title='bbox 2001 5347 2084 5396; x_wconf 89' lang='lat' dir='ltr'>ob-</span> 
     </span>
    </p>
   </div>
   <div class='ocr_carea' id='block_1_59' title="bbox 429 5401 2080 5474">
    <p class='ocr_par' dir='ltr' id='par_1_59' title="bbox 429 5401 2080 5474">
     <span class='ocr_line' id='line_1_60' title="bbox 429 5401 2080 5474; baseline 0.007 -26"><span class='ocrx_word' id='word_1_449' title='bbox 429 5401 804 5474; x_wconf 38' lang='lat' dir='ltr'>tin&#39;ere‘debent,</span> <span class='ocrx_word' id='word_1_450' title='bbox 824 5416 982 5464; x_wconf 87' lang='lat' dir='ltr'>quem</span> <span class='ocrx_word' id='word_1_451' title='bbox 997 5403 1183 5474; x_wconf 42' lang='lat' dir='ltr'>locum.</span> <span class='ocrx_word' id='word_1_452' title='bbox 1197 5401 1693 5474; x_wconf 52' lang='lat' dir='ltr'>emendavimus&#39;ex</span> <span class='ocrx_word' id='word_1_453' title='bbox 1716 5406 1838 5454; x_wconf 84' lang='lat' dir='ltr'>Mss.</span> <span class='ocrx_word' id='word_1_454' title='bbox 1863 5413 1913 5456; x_wconf 89' lang='lat' dir='ltr'>et</span> <span class='ocrx_word' id='word_1_455' title='bbox 1928 5408 2080 5460; x_wconf 73' lang='lat' dir='ltr'>Bedaa</span> 
     </span>
    </p>
   </div>
   <div class='ocr_carea' id='block_1_60' title="bbox 429 5463 1980 5595">
    <p class='ocr_par' dir='ltr' id='par_1_60' title="bbox 429 5463 1980 5595">
     <span class='ocr_line' id='line_1_61' title="bbox 429 5463 1531 5537; baseline 0.005 -29"><span class='ocrx_word' id='word_1_456' title='bbox 429 5463 628 5524; x_wconf 75' lang='lat' dir='ltr'>vulgati</span> <span class='ocrx_word' id='word_1_457' title='bbox 665 5463 1050 5535; x_wconf 80' lang='lat' dir='ltr'>commentario</span> <span class='ocrx_word' id='word_1_458' title='bbox 1084 5465 1136 5511; x_wconf 93' lang='lat' dir='ltr'>in</span> <span class='ocrx_word' id='word_1_459' title='bbox 1168 5464 1187 5512; x_wconf 95' lang='lat' dir='ltr'>l</span> <span class='ocrx_word' id='word_1_460' title='bbox 1218 5465 1451 5537; x_wconf 56' lang='lat' dir='ltr'>Timoth,</span> <span class='ocrx_word' id='word_1_461' title='bbox 1487 5469 1531 5514; x_wconf 89' lang='lat'>5.</span> 
     </span>
     <span class='ocr_line' id='line_1_62' title="bbox 489 5525 1980 5595; baseline 0.007 -25"><span class='ocrx_word' id='word_1_462' title='bbox 489 5525 521 5595; x_wconf 52' lang='grc' dir='ltr'>ἶ.</span> <span class='ocrx_word' id='word_1_463' title='bbox 555 5526 705 5595; x_wconf 50' lang='lat' dir='ltr'>add,</span> <span class='ocrx_word' id='word_1_464' title='bbox 737 5528 1008 5595; x_wconf 33' lang='lat' dir='ltr'>Chrys-mg.</span> <span class='ocrx_word' id='word_1_465' title='bbox 1033 5531 1094 5576; x_wconf 84' lang='lat' dir='ltr'>At</span> <span class='ocrx_word' id='word_1_466' title='bbox 1125 5527 1243 5586; x_wconf 91' lang='lat' dir='ltr'>Ms.,</span> <span class='ocrx_word' id='word_1_467' title='bbox 1269 5529 1543 5595; x_wconf 62' lang='lat' dir='ltr'>Gtt-mmo,</span> <span class='ocrx_word' id='word_1_468' title='bbox 1575 5530 1659 5595; x_wconf 82' lang='lat' dir='ltr'>vel</span> <span class='ocrx_word' id='word_1_469' title='bbox 1681 5531 1980 5582; x_wconf 81' lang='lat' dir='ltr'>Chrissimo.</span> 
     </span>
    </p>
   </div>
   <div class='ocr_carea' id='block_1_61' title="bbox 486 5587 2077 5654">
    <p class='ocr_par' dir='ltr' id='par_1_61' title="bbox 486 5587 2077 5654">
     <span class='ocr_line' id='line_1_63' title="bbox 486 5587 2077 5654; baseline 0.011 -21"><span class='ocrx_word' id='word_1_470' title='bbox 486 5588 517 5618; x_wconf 65' lang='grc'><strong><em>⁸</em></strong></span> <span class='ocrx_word' id='word_1_471' title='bbox 550 5587 821 5654; x_wconf 78' lang='lat' dir='ltr'>Castigata</span> <span class='ocrx_word' id='word_1_472' title='bbox 845 5587 990 5654; x_wconf 66' lang='lat' dir='ltr'>adn.</span> <span class='ocrx_word' id='word_1_473' title='bbox 1015 5605 1104 5654; x_wconf 83' lang='lat' dir='ltr'>gg.</span> <span class='ocrx_word' id='word_1_474' title='bbox 1137 5606 1179 5640; x_wconf 93' lang='lat' dir='ltr'>r.</span> <span class='ocrx_word' id='word_1_475' title='bbox 1212 5605 1291 5641; x_wconf 89' lang='lat' dir='ltr'>vc.</span> <span class='ocrx_word' id='word_1_476' title='bbox 1321 5591 1456 5644; x_wconf 83' lang='lat' dir='ltr'>ducs</span> <span class='ocrx_word' id='word_1_477' title='bbox 1483 5587 1566 5642; x_wconf 91' lang='lat' dir='ltr'>cb.</span> <span class='ocrx_word' id='word_1_478' title='bbox 1598 5593 1734 5644; x_wconf 90' lang='lat' dir='ltr'>duos</span> <span class='ocrx_word' id='word_1_479' title='bbox 1761 5595 1845 5649; x_wconf 90' lang='lat' dir='ltr'>sb.</span> <span class='ocrx_word' id='word_1_480' title='bbox 1877 5595 2013 5648; x_wconf 88' lang='lat' dir='ltr'>duos</span> <span class='ocrx_word' id='word_1_481' title='bbox 2037 5600 2077 5650; x_wconf 90' lang='lat' dir='ltr'>t.</span> 
     </span>
    </p>
   </div>
   <div class='ocr_carea' id='block_1_62' title="bbox 428 5647 992 5702">
    <p class='ocr_par' dir='ltr' id='par_1_62' title="bbox 428 5647 992 5702">
     <span class='ocr_line' id='line_1_64' title="bbox 428 5647 992 5702; baseline -0.004 -2"><span class='ocrx_word' id='word_1_482' title='bbox 428 5647 565 5700; x_wconf 89' lang='lat' dir='ltr'>duos</span> <span class='ocrx_word' id='word_1_483' title='bbox 598 5663 652 5702; x_wconf 92' lang='lat' dir='ltr'>v.</span> <span class='ocrx_word' id='word_1_484' title='bbox 685 5647 736 5697; x_wconf 46' lang='lat' dir='ltr'>e—t</span> <span class='ocrx_word' id='word_1_485' title='bbox 761 5652 829 5697; x_wconf 84' lang='lat' dir='ltr'>ad</span> <span class='ocrx_word' id='word_1_486' title='bbox 865 5653 992 5700; x_wconf 81' lang='lat' dir='ltr'>Edd.</span> 
     </span>
    </p>
   </div>
   <div class='ocr_carea' id='block_1_63' title="bbox 479 5712 1787 5784">
    <p class='ocr_par' dir='ltr' id='par_1_63' title="bbox 479 5712 1787 5784">
     <span class='ocr_line' id='line_1_65' title="bbox 479 5712 1787 5784; baseline 0.007 -22"><span class='ocrx_word' id='word_1_487' title='bbox 479 5714 560 5784; x_wconf 67' lang='grc' dir='ltr'>(α)</span> <span class='ocrx_word' id='word_1_488' title='bbox 589 5712 731 5763; x_wconf 80' lang='lat' dir='ltr'>Alias</span> <span class='ocrx_word' id='word_1_489' title='bbox 758 5714 818 5761; x_wconf 86' lang='lat'>83</span> <span class='ocrx_word' id='word_1_490' title='bbox 847 5727 1009 5778; x_wconf 58' lang='lat' dir='ltr'>:quw</span> <span class='ocrx_word' id='word_1_491' title='bbox 1039 5718 1222 5766; x_wconf 79' lang='lat' dir='ltr'>autem</span> <span class='ocrx_word' id='word_1_492' title='bbox 1251 5717 1341 5768; x_wconf 64' lang='grc'>144</span> <span class='ocrx_word' id='word_1_493' title='bbox 1372 5722 1502 5778; x_wconf 78' lang='lat' dir='ltr'>erat,</span> <span class='ocrx_word' id='word_1_494' title='bbox 1535 5733 1682 5773; x_wconf 86' lang='lat' dir='ltr'>nunc</span> <span class='ocrx_word' id='word_1_495' title='bbox 1709 5721 1787 5772; x_wconf 80' lang='lat'>79.</span> 
     </span>
    </p>
   </div>
   <div class='ocr_carea' id='block_1_64' title="bbox 1701 177 2603 240">
    <p class='ocr_par' dir='ltr' id='par_1_64' title="bbox 1701 177 2603 240">
     <span class='ocr_line' id='line_1_66' title="bbox 1701 177 2603 240; baseline 0 0"><span class='ocrx_word' id='word_1_496' title='bbox 1701 199 1710 212; x_wconf 86' lang='lat'>&#39;</span> <span class='ocrx_word' id='word_1_497' title='bbox 1753 183 1812 240; x_wconf 89' lang='lat' dir='ltr'>S.</span> <span class='ocrx_word' id='word_1_498' title='bbox 1854 177 2240 240; x_wconf 80' lang='lat' dir='ltr'>AUGUSTINI</span> <span class='ocrx_word' id='word_1_499' title='bbox 2281 179 2603 240; x_wconf 82' lang='lat' dir='ltr'>EPISCOPI</span> 
     </span>
    </p>
   </div>
   <div class='ocr_carea' id='block_1_65' title="bbox 3757 180 3902 241">
    <p class='ocr_par' dir='ltr' id='par_1_65' title="bbox 3757 180 3902 241">
     <span class='ocr_line' id='line_1_67' title="bbox 3757 180 3902 241; baseline 0.014 -1"><span class='ocrx_word' id='word_1_500' title='bbox 3757 180 3902 241; x_wconf 76' lang='lat' dir='ltr'>meo</span> 
     </span>
    </p>
   </div>
   <div class='ocr_carea' id='block_1_66' title="bbox 2239 311 3902 382">
    <p class='ocr_par' dir='ltr' id='par_1_66' title="bbox 2239 311 3902 382">
     <span class='ocr_line' id='line_1_68' title="bbox 2239 311 3902 382; baseline 0.001 -15"><span class='ocrx_word' id='word_1_501' title='bbox 2239 313 2426 368; x_wconf 90' lang='lat' dir='ltr'>tuerit.</span> <span class='ocrx_word' id='word_1_502' title='bbox 2460 312 2717 382; x_wconf 86' lang='lat' dir='ltr'>graviter</span> <span class='ocrx_word' id='word_1_503' title='bbox 2742 311 2816 368; x_wconf 90' lang='lat' dir='ltr'>de</span> <span class='ocrx_word' id='word_1_504' title='bbox 2859 315 2910 367; x_wconf 91' lang='lat' dir='ltr'>te</span> <span class='ocrx_word' id='word_1_505' title='bbox 2950 311 3360 378; x_wconf 87' lang='lat' dir='ltr'>contristatus,</span> <span class='ocrx_word' id='word_1_506' title='bbox 3403 311 3517 368; x_wconf 89' lang='lat' dir='ltr'>hoc</span> <span class='ocrx_word' id='word_1_507' title='bbox 3555 311 3902 370; x_wconf 87' lang='lat' dir='ltr'>litterarum</span> 
     </span>
    </p>
   </div>
   <div class='ocr_carea' id='block_1_67' title="bbox 2237 400 3902 473">
    <p class='ocr_par' dir='ltr' id='par_1_67' title="bbox 2237 400 3902 473">
     <span class='ocr_line' id='line_1_69' title="bbox 2237 400 3902 473; baseline 0.001 -17"><span class='ocrx_word' id='word_1_508' title='bbox 2237 401 2502 473; x_wconf 87' lang='lat' dir='ltr'>alloquio</span> <span class='ocrx_word' id='word_1_509' title='bbox 2543 402 2748 472; x_wconf 90' lang='lat' dir='ltr'>putavi</span> <span class='ocrx_word' id='word_1_510' title='bbox 2787 400 3226 457; x_wconf 89' lang='lat' dir='ltr'>consolandam</span> <span class='ocrx_word' id='word_1_511' title='bbox 3272 402 3632 458; x_wconf 88' lang='lat' dir='ltr'>Charitatem</span> <span class='ocrx_word' id='word_1_512' title='bbox 3673 408 3846 458; x_wconf 84' lang='lat' dir='ltr'>tuam</span> <span class='ocrx_word' id='word_1_513' title='bbox 3887 420 3902 469; x_wconf 88' lang='lat'><strong>;</strong></span> 
     </span>
    </p>
   </div>
   <div class='ocr_carea' id='block_1_68' title="bbox 2235 490 3902 562">
    <p class='ocr_par' dir='ltr' id='par_1_68' title="bbox 2235 490 3902 562">
     <span class='ocr_line' id='line_1_70' title="bbox 2235 490 3902 562; baseline 0.002 -18"><span class='ocrx_word' id='word_1_514' title='bbox 2235 505 2588 562; x_wconf 82' lang='lat' dir='ltr'>quanquam</span> <span class='ocrx_word' id='word_1_515' title='bbox 2617 506 2738 547; x_wconf 89' lang='lat' dir='ltr'>non</span> <span class='ocrx_word' id='word_1_516' title='bbox 2759 490 3031 546; x_wconf 88' lang='lat' dir='ltr'>dubitem</span> <span class='ocrx_word' id='word_1_517' title='bbox 3052 491 3373 547; x_wconf 90' lang='lat' dir='ltr'>Dominum</span> <span class='ocrx_word' id='word_1_518' title='bbox 3405 493 3589 547; x_wconf 91' lang='lat' dir='ltr'>Deum</span> <span class='ocrx_word' id='word_1_519' title='bbox 3618 498 3902 548; x_wconf 85' lang='lat' dir='ltr'>nostrum</span> 
     </span>
    </p>
   </div>
   <div class='ocr_carea' id='block_1_69' title="bbox 2235 578 3902 653">
    <p class='ocr_par' dir='ltr' id='par_1_69' title="bbox 2235 578 3902 653">
     <span class='ocr_line' id='line_1_71' title="bbox 2235 578 3902 653; baseline 0.002 -20"><span class='ocrx_word' id='word_1_520' title='bbox 2235 578 2295 633; x_wconf 92' lang='lat' dir='ltr'>in</span> <span class='ocrx_word' id='word_1_521' title='bbox 2323 579 2501 635; x_wconf 91' lang='lat' dir='ltr'>corde</span> <span class='ocrx_word' id='word_1_522' title='bbox 2531 583 2633 635; x_wconf 91' lang='lat' dir='ltr'>tuo</span> <span class='ocrx_word' id='word_1_523' title='bbox 2673 580 2837 651; x_wconf 88' lang='lat' dir='ltr'>loqui</span> <span class='ocrx_word' id='word_1_524' title='bbox 2879 579 3127 635; x_wconf 89' lang='lat' dir='ltr'>meliora</span> <span class='ocrx_word' id='word_1_525' title='bbox 3156 597 3168 635; x_wconf 91' lang='lat'><strong>:</strong></span> <span class='ocrx_word' id='word_1_526' title='bbox 3203 581 3341 636; x_wconf 90' lang='lat' dir='ltr'>novi</span> <span class='ocrx_word' id='word_1_527' title='bbox 3369 583 3529 636; x_wconf 90' lang='lat' dir='ltr'>enim</span> <span class='ocrx_word' id='word_1_528' title='bbox 3569 595 3766 652; x_wconf 87' lang='lat' dir='ltr'>quam</span> <span class='ocrx_word' id='word_1_529' title='bbox 3798 582 3902 653; x_wconf 91' lang='lat' dir='ltr'>pio</span> 
     </span>
    </p>
   </div>
   <div class='ocr_carea' id='block_1_70' title="bbox 2238 667 3450 740">
    <p class='ocr_par' dir='ltr' id='par_1_70' title="bbox 2238 667 3450 740">
     <span class='ocr_line' id='line_1_72' title="bbox 2238 667 3450 740; baseline 0.002 -18"><span class='ocrx_word' id='word_1_530' title='bbox 2238 667 2435 723; x_wconf 87' lang='lat' dir='ltr'>studio</span> <span class='ocrx_word' id='word_1_531' title='bbox 2467 684 2706 740; x_wconf 88' lang='lat' dir='ltr'>semper</span> <span class='ocrx_word' id='word_1_532' title='bbox 2731 669 2988 725; x_wconf 89' lang='lat' dir='ltr'>audieris</span> <span class='ocrx_word' id='word_1_533' title='bbox 3021 669 3268 725; x_wconf 87' lang='lat' dir='ltr'>verbum</span> <span class='ocrx_word' id='word_1_534' title='bbox 3296 671 3450 740; x_wconf 88' lang='lat' dir='ltr'>ejus.</span> 
     </span>
    </p>
   </div>
   <div class='ocr_carea' id='block_1_71' title="bbox 2306 758 3894 831">
    <p class='ocr_par' dir='ltr' id='par_1_71' title="bbox 2306 758 3894 831">
     <span class='ocr_line' id='line_1_73' title="bbox 2306 758 3894 831; baseline 0.001 -19"><span class='ocrx_word' id='word_1_535' title='bbox 2306 761 2359 812; x_wconf 83' lang='lat'>2.</span> <span class='ocrx_word' id='word_1_536' title='bbox 2386 758 2551 827; x_wconf 85' lang='lat' dir='ltr'>Erige</span> <span class='ocrx_word' id='word_1_537' title='bbox 2581 758 2784 831; x_wconf 88' lang='lat' dir='ltr'>itaque</span> <span class='ocrx_word' id='word_1_538' title='bbox 2815 760 3108 826; x_wconf 88' lang='lat' dir='ltr'>animum,</span> <span class='ocrx_word' id='word_1_539' title='bbox 3137 758 3311 814; x_wconf 83' lang='lat' dir='ltr'>frater</span> <span class='ocrx_word' id='word_1_540' title='bbox 3335 760 3395 814; x_wconf 93' lang='lat' dir='ltr'>in</span> <span class='ocrx_word' id='word_1_541' title='bbox 3418 759 3648 816; x_wconf 88' lang='lat' dir='ltr'>Christo</span> <span class='ocrx_word' id='word_1_542' title='bbox 3671 758 3894 816; x_wconf 84' lang='lat' dir='ltr'>charis-</span> 
     </span>
    </p>
   </div>
   <div class='ocr_carea' id='block_1_72' title="bbox 2237 846 3897 919">
    <p class='ocr_par' dir='ltr' id='par_1_72' title="bbox 2237 846 3897 919">
     <span class='ocr_line' id='line_1_74' title="bbox 2237 846 3897 919; baseline 0.002 -18"><span class='ocrx_word' id='word_1_543' title='bbox 2237 846 2415 913; x_wconf 90' lang='lat' dir='ltr'>sime;</span> <span class='ocrx_word' id='word_1_544' title='bbox 2434 849 2584 902; x_wconf 92' lang='lat' dir='ltr'>Deus</span> <span class='ocrx_word' id='word_1_545' title='bbox 2607 852 2812 904; x_wconf 91' lang='lat' dir='ltr'>noster</span> <span class='ocrx_word' id='word_1_546' title='bbox 2835 863 2941 903; x_wconf 90' lang='lat' dir='ltr'>nec</span> <span class='ocrx_word' id='word_1_547' title='bbox 2967 848 3171 919; x_wconf 88' lang='lat' dir='ltr'>perita</span> <span class='ocrx_word' id='word_1_548' title='bbox 3195 847 3340 913; x_wconf 85' lang='lat' dir='ltr'>suis,</span> <span class='ocrx_word' id='word_1_549' title='bbox 3361 863 3469 904; x_wconf 89' lang='lat' dir='ltr'>nec</span> <span class='ocrx_word' id='word_1_550' title='bbox 3487 849 3703 919; x_wconf 87' lang='lat' dir='ltr'>perdet</span> <span class='ocrx_word' id='word_1_551' title='bbox 3724 865 3897 905; x_wconf 88' lang='lat' dir='ltr'>suos:</span> 
     </span>
    </p>
   </div>
   <div class='ocr_carea' id='block_1_73' title="bbox 2235 935 3906 1009">
    <p class='ocr_par' dir='ltr' id='par_1_73' title="bbox 2235 935 3906 1009">
     <span class='ocr_line' id='line_1_75' title="bbox 2235 935 3906 1009; baseline 0.003 -20"><span class='ocrx_word' id='word_1_552' title='bbox 2235 935 2357 990; x_wconf 90' lang='lat' dir='ltr'>vult</span> <span class='ocrx_word' id='word_1_553' title='bbox 2387 942 2588 991; x_wconf 89' lang='lat' dir='ltr'>autem</span> <span class='ocrx_word' id='word_1_554' title='bbox 2629 953 2874 993; x_wconf 92' lang='lat' dir='ltr'>monere</span> <span class='ocrx_word' id='word_1_555' title='bbox 2903 953 3013 992; x_wconf 92' lang='lat' dir='ltr'>nos</span> <span class='ocrx_word' id='word_1_556' title='bbox 3039 953 3228 1009; x_wconf 90' lang='lat' dir='ltr'>quam</span> <span class='ocrx_word' id='word_1_557' title='bbox 3261 937 3376 993; x_wconf 90' lang='lat' dir='ltr'>sint</span> <span class='ocrx_word' id='word_1_558' title='bbox 3405 937 3532 993; x_wconf 67' lang='lat' dir='ltr'>haec</span> <span class='ocrx_word' id='word_1_559' title='bbox 3564 937 3809 1007; x_wconf 83' lang='lat' dir='ltr'>fragilia</span> <span class='ocrx_word' id='word_1_560' title='bbox 3849 945 3906 994; x_wconf 89' lang='lat' dir='ltr'>et</span> 
     </span>
    </p>
   </div>
   <div class='ocr_carea' id='block_1_74' title="bbox 2235 1024 3904 1098">
    <p class='ocr_par' dir='ltr' id='par_1_74' title="bbox 2235 1024 3904 1098">
     <span class='ocr_line' id='line_1_76' title="bbox 2235 1024 3904 1098; baseline 0.001 -18"><span class='ocrx_word' id='word_1_561' title='bbox 2235 1024 2477 1089; x_wconf 89' lang='lat' dir='ltr'>incerta,</span> <span class='ocrx_word' id='word_1_562' title='bbox 2512 1042 2648 1096; x_wconf 75' lang='lat' dir='ltr'>qute</span> <span class='ocrx_word' id='word_1_563' title='bbox 2678 1026 2856 1082; x_wconf 89' lang='lat' dir='ltr'>nimis</span> <span class='ocrx_word' id='word_1_564' title='bbox 2887 1026 3136 1098; x_wconf 90' lang='lat' dir='ltr'>diligunt</span> <span class='ocrx_word' id='word_1_565' title='bbox 3165 1025 3461 1092; x_wconf 89' lang='lat' dir='ltr'>homines,</span> <span class='ocrx_word' id='word_1_566' title='bbox 3489 1032 3554 1081; x_wconf 89' lang='lat' dir='ltr'>ut</span> <span class='ocrx_word' id='word_1_567' title='bbox 3587 1027 3904 1082; x_wconf 84' lang='lat' dir='ltr'>solvamus</span> 
     </span>
    </p>
   </div>
   <div class='ocr_carea' id='block_1_75' title="bbox 2235 1113 3904 1188">
    <p class='ocr_par' dir='ltr' id='par_1_75' title="bbox 2235 1113 3904 1188">
     <span class='ocr_line' id='line_1_77' title="bbox 2235 1113 3904 1188; baseline 0.001 -18"><span class='ocrx_word' id='word_1_568' title='bbox 2235 1113 2312 1170; x_wconf 89' lang='lat' dir='ltr'>ab</span> <span class='ocrx_word' id='word_1_569' title='bbox 2343 1115 2427 1169; x_wconf 92' lang='lat' dir='ltr'>eis</span> <span class='ocrx_word' id='word_1_570' title='bbox 2456 1116 2472 1150; x_wconf 85' lang='grc'>¹</span> <span class='ocrx_word' id='word_1_571' title='bbox 2504 1114 2809 1171; x_wconf 91' lang='lat' dir='ltr'>vinculum</span> <span class='ocrx_word' id='word_1_572' title='bbox 2837 1115 3203 1188; x_wconf 88' lang='lat' dir='ltr'>cupiditatis,</span> <span class='ocrx_word' id='word_1_573' title='bbox 3232 1130 3337 1187; x_wconf 90' lang='lat' dir='ltr'>per</span> <span class='ocrx_word' id='word_1_574' title='bbox 3363 1115 3524 1187; x_wconf 89' lang='lat' dir='ltr'>quod</span> <span class='ocrx_word' id='word_1_575' title='bbox 3559 1115 3904 1187; x_wconf 85' lang='lat' dir='ltr'>implicatos</span> 
     </span>
    </p>
   </div>
   <div class='ocr_carea' id='block_1_76' title="bbox 2235 1203 3904 1268">
    <p class='ocr_par' dir='ltr' id='par_1_76' title="bbox 2235 1203 3904 1268">
     <span class='ocr_line' id='line_1_78' title="bbox 2235 1203 3904 1268; baseline 0.001 -11"><span class='ocrx_word' id='word_1_576' title='bbox 2235 1219 2345 1258; x_wconf 93' lang='lat' dir='ltr'>nos</span> <span class='ocrx_word' id='word_1_577' title='bbox 2377 1203 2636 1268; x_wconf 90' lang='lat' dir='ltr'>trahunt,</span> <span class='ocrx_word' id='word_1_578' title='bbox 2670 1209 2725 1259; x_wconf 90' lang='lat' dir='ltr'>et</span> <span class='ocrx_word' id='word_1_579' title='bbox 2755 1208 2944 1260; x_wconf 89' lang='lat' dir='ltr'>totum</span> <span class='ocrx_word' id='word_1_580' title='bbox 2978 1219 3248 1260; x_wconf 88' lang='lat' dir='ltr'>amorem</span> <span class='ocrx_word' id='word_1_581' title='bbox 3278 1211 3550 1260; x_wconf 89' lang='lat' dir='ltr'>nostrum</span> <span class='ocrx_word' id='word_1_582' title='bbox 3576 1204 3904 1260; x_wconf 83' lang='lat' dir='ltr'>consuefa-</span> 
     </span>
    </p>
   </div>
   <div class='ocr_carea' id='block_1_77' title="bbox 2234 1292 3900 1365">
    <p class='ocr_par' dir='ltr' id='par_1_77' title="bbox 2234 1292 3900 1365">
     <span class='ocr_line' id='line_1_79' title="bbox 2234 1292 3900 1365; baseline 0.001 -18"><span class='ocrx_word' id='word_1_583' title='bbox 2234 1292 2465 1348; x_wconf 89' lang='lat' dir='ltr'>ciamus</span> <span class='ocrx_word' id='word_1_584' title='bbox 2490 1293 2549 1346; x_wconf 91' lang='lat' dir='ltr'>in</span> <span class='ocrx_word' id='word_1_585' title='bbox 2571 1309 2710 1348; x_wconf 90' lang='lat' dir='ltr'>eum</span> <span class='ocrx_word' id='word_1_586' title='bbox 2743 1308 2996 1363; x_wconf 89' lang='lat' dir='ltr'>currere,</span> <span class='ocrx_word' id='word_1_587' title='bbox 3018 1294 3078 1348; x_wconf 89' lang='lat' dir='ltr'>in</span> <span class='ocrx_word' id='word_1_588' title='bbox 3105 1309 3227 1365; x_wconf 90' lang='lat' dir='ltr'>quo</span> <span class='ocrx_word' id='word_1_589' title='bbox 3253 1292 3415 1350; x_wconf 88' lang='lat' dir='ltr'>nulla</span> <span class='ocrx_word' id='word_1_590' title='bbox 3439 1293 3669 1349; x_wconf 88' lang='lat' dir='ltr'>damna</span> <span class='ocrx_word' id='word_1_591' title='bbox 3692 1294 3900 1349; x_wconf 85' lang='lat' dir='ltr'>timea-</span> 
     </span>
    </p>
   </div>
   <div class='ocr_carea' id='block_1_78' title="bbox 2234 1381 3896 1453">
    <p class='ocr_par' dir='ltr' id='par_1_78' title="bbox 2234 1381 3896 1453">
     <span class='ocr_line' id='line_1_80' title="bbox 2234 1381 3896 1453; baseline 0.001 -17"><span class='ocrx_word' id='word_1_592' title='bbox 2234 1397 2390 1436; x_wconf 91' lang='lat' dir='ltr'>mus.</span> <span class='ocrx_word' id='word_1_593' title='bbox 2433 1381 2561 1452; x_wconf 88' lang='lat' dir='ltr'>lpse</span> <span class='ocrx_word' id='word_1_594' title='bbox 2604 1387 2656 1437; x_wconf 89' lang='lat' dir='ltr'>te</span> <span class='ocrx_word' id='word_1_595' title='bbox 2696 1384 2968 1438; x_wconf 87' lang='lat' dir='ltr'>hortatur</span> <span class='ocrx_word' id='word_1_596' title='bbox 3004 1397 3110 1453; x_wconf 90' lang='lat' dir='ltr'>per</span> <span class='ocrx_word' id='word_1_597' title='bbox 3150 1382 3548 1438; x_wconf 84' lang='lat' dir='ltr'>ministerium</span> <span class='ocrx_word' id='word_1_598' title='bbox 3592 1387 3896 1447; x_wconf 87' lang='lat' dir='ltr'>nostrum,</span> 
     </span>
    </p>
   </div>
   <div class='ocr_carea' id='block_1_79' title="bbox 2235 1470 3901 1543">
    <p class='ocr_par' dir='ltr' id='par_1_79' title="bbox 2235 1470 3901 1543">
     <span class='ocr_line' id='line_1_81' title="bbox 2235 1470 3901 1543; baseline 0.002 -19"><span class='ocrx_word' id='word_1_599' title='bbox 2235 1470 2476 1524; x_wconf 87' lang='lat' dir='ltr'>viriliter</span> <span class='ocrx_word' id='word_1_600' title='bbox 2505 1471 2729 1542; x_wconf 91' lang='lat' dir='ltr'>cogites</span> <span class='ocrx_word' id='word_1_601' title='bbox 2752 1475 2804 1526; x_wconf 92' lang='lat' dir='ltr'>te</span> <span class='ocrx_word' id='word_1_602' title='bbox 2827 1471 3065 1526; x_wconf 79' lang='lat' dir='ltr'>fidelem</span> <span class='ocrx_word' id='word_1_603' title='bbox 3092 1487 3220 1527; x_wconf 89' lang='lat' dir='ltr'>esse</span> <span class='ocrx_word' id='word_1_604' title='bbox 3253 1471 3671 1539; x_wconf 83' lang='lat' dir='ltr'>christianum,</span> <span class='ocrx_word' id='word_1_605' title='bbox 3694 1477 3754 1528; x_wconf 85' lang='lat' dir='ltr'>et</span> <span class='ocrx_word' id='word_1_606' title='bbox 3767 1472 3901 1543; x_wconf 88' lang='lat' dir='ltr'>ejus</span> 
     </span>
    </p>
   </div>
   <div class='ocr_carea' id='block_1_80' title="bbox 2233 1559 3904 1632">
    <p class='ocr_par' dir='ltr' id='par_1_80' title="bbox 2233 1559 3904 1632">
     <span class='ocr_line' id='line_1_82' title="bbox 2233 1559 3904 1632; baseline 0.004 -19"><span class='ocrx_word' id='word_1_607' title='bbox 2233 1559 2612 1630; x_wconf 87' lang='lat' dir='ltr'>redemptum</span> <span class='ocrx_word' id='word_1_608' title='bbox 2641 1577 2766 1615; x_wconf 90' lang='lat' dir='ltr'>esse</span> <span class='ocrx_word' id='word_1_609' title='bbox 2797 1561 3108 1630; x_wconf 88' lang='lat' dir='ltr'>sanguine,</span> <span class='ocrx_word' id='word_1_610' title='bbox 3141 1560 3247 1632; x_wconf 89' lang='lat' dir='ltr'>qui</span> <span class='ocrx_word' id='word_1_611' title='bbox 3277 1576 3397 1617; x_wconf 92' lang='lat' dir='ltr'>non</span> <span class='ocrx_word' id='word_1_612' title='bbox 3429 1561 3627 1617; x_wconf 89' lang='lat' dir='ltr'>solum</span> <span class='ocrx_word' id='word_1_613' title='bbox 3671 1569 3904 1620; x_wconf 60' lang='lat' dir='ltr'>eterna</span> 
     </span>
    </p>
   </div>
   <div class='ocr_carea' id='block_1_81' title="bbox 2233 1649 3904 1722">
    <p class='ocr_par' dir='ltr' id='par_1_81' title="bbox 2233 1649 3904 1722">
     <span class='ocr_line' id='line_1_83' title="bbox 2233 1649 3904 1722; baseline 0.002 -19"><span class='ocrx_word' id='word_1_614' title='bbox 2233 1649 2545 1719; x_wconf 87' lang='lat' dir='ltr'>sapientia,</span> <span class='ocrx_word' id='word_1_615' title='bbox 2571 1649 2675 1705; x_wconf 89' lang='lat' dir='ltr'>sed</span> <span class='ocrx_word' id='word_1_616' title='bbox 2698 1650 2877 1705; x_wconf 90' lang='lat' dir='ltr'>etiam</span> <span class='ocrx_word' id='word_1_617' title='bbox 2900 1650 3170 1706; x_wconf 87' lang='lat' dir='ltr'>humana</span> <span class='ocrx_word' id='word_1_618' title='bbox 3193 1650 3538 1722; x_wconf 68' lang='lat' dir='ltr'>praesentia’</span> <span class='ocrx_word' id='word_1_619' title='bbox 3562 1651 3904 1708; x_wconf 75' lang='lat' dir='ltr'>docuitnos</span> 
     </span>
    </p>
   </div>
   <div class='ocr_carea' id='block_1_82' title="bbox 2234 1739 3898 1811">
    <p class='ocr_par' dir='ltr' id='par_1_82' title="bbox 2234 1739 3898 1811">
     <span class='ocr_line' id='line_1_84' title="bbox 2234 1739 3898 1811; baseline 0.002 -18"><span class='ocrx_word' id='word_1_620' title='bbox 2234 1743 2633 1809; x_wconf 88' lang='lat' dir='ltr'>temperanter</span> <span class='ocrx_word' id='word_1_621' title='bbox 2663 1754 2952 1810; x_wconf 86' lang='lat' dir='ltr'>prospera</span> <span class='ocrx_word' id='word_1_622' title='bbox 2978 1739 3179 1794; x_wconf 64' lang='lat' dir='ltr'>saeculi</span> <span class='ocrx_word' id='word_1_623' title='bbox 3207 1739 3389 1811; x_wconf 87' lang='lat' dir='ltr'>hujus</span> <span class='ocrx_word' id='word_1_624' title='bbox 3411 1745 3824 1808; x_wconf 89' lang='lat' dir='ltr'>contemnere,</span> <span class='ocrx_word' id='word_1_625' title='bbox 3843 1745 3898 1797; x_wconf 93' lang='lat' dir='ltr'>et</span> 
     </span>
    </p>
   </div>
   <div class='ocr_carea' id='block_1_83' title="bbox 2231 1826 3896 1898">
    <p class='ocr_par' dir='ltr' id='par_1_83' title="bbox 2231 1826 3896 1898">
     <span class='ocr_line' id='line_1_85' title="bbox 2231 1826 3896 1898; baseline 0 -14"><span class='ocrx_word' id='word_1_626' title='bbox 2231 1827 2455 1884; x_wconf 83' lang='lat' dir='ltr'>fortiter</span> <span class='ocrx_word' id='word_1_627' title='bbox 2475 1827 2729 1883; x_wconf 89' lang='lat' dir='ltr'>adversa</span> <span class='ocrx_word' id='word_1_628' title='bbox 2757 1828 3005 1884; x_wconf 87' lang='lat' dir='ltr'>tolerare</span> <span class='ocrx_word' id='word_1_629' title='bbox 3031 1850 3043 1893; x_wconf 87' lang='lat'><strong>;</strong></span> <span class='ocrx_word' id='word_1_630' title='bbox 3069 1829 3198 1898; x_wconf 89' lang='lat' dir='ltr'>ejus</span> <span class='ocrx_word' id='word_1_631' title='bbox 3225 1826 3520 1884; x_wconf 89' lang='lat' dir='ltr'>felicitatis</span> <span class='ocrx_word' id='word_1_632' title='bbox 3546 1829 3896 1885; x_wconf 87' lang='lat' dir='ltr'>mercedem</span> 
     </span>
    </p>
   </div>
   <div class='ocr_carea' id='block_1_84' title="bbox 2230 1916 3896 1990">
    <p class='ocr_par' dir='ltr' id='par_1_84' title="bbox 2230 1916 3896 1990">
     <span class='ocr_line' id='line_1_86' title="bbox 2230 1916 3896 1990; baseline 0.001 -20"><span class='ocrx_word' id='word_1_633' title='bbox 2230 1916 2532 1986; x_wconf 90' lang='lat' dir='ltr'>pollicens,</span> <span class='ocrx_word' id='word_1_634' title='bbox 2554 1931 2739 1987; x_wconf 92' lang='lat' dir='ltr'>quam</span> <span class='ocrx_word' id='word_1_635' title='bbox 2759 1932 2938 1972; x_wconf 90' lang='lat' dir='ltr'>nemo</span> <span class='ocrx_word' id='word_1_636' title='bbox 2959 1917 3198 1988; x_wconf 91' lang='lat' dir='ltr'>possita</span> <span class='ocrx_word' id='word_1_637' title='bbox 3217 1917 3388 1972; x_wconf 89' lang='lat' dir='ltr'>nobis</span> <span class='ocrx_word' id='word_1_638' title='bbox 3407 1916 3658 1972; x_wconf 85' lang='lat' dir='ltr'>auferre.</span> <span class='ocrx_word' id='word_1_639' title='bbox 3691 1918 3896 1990; x_wconf 88' lang='lat' dir='ltr'>Scrips</span> 
     </span>
    </p>
   </div>
   <div class='ocr_carea' id='block_1_85' title="bbox 2229 2005 3895 2079">
    <p class='ocr_par' dir='ltr' id='par_1_85' title="bbox 2229 2005 3895 2079">
     <span class='ocr_line' id='line_1_87' title="bbox 2229 2005 3895 2079; baseline 0.004 -21"><span class='ocrx_word' id='word_1_640' title='bbox 2229 2021 2372 2061; x_wconf 89' lang='lat' dir='ltr'>sane</span> <span class='ocrx_word' id='word_1_641' title='bbox 2393 2005 2570 2060; x_wconf 89' lang='lat' dir='ltr'>etiam</span> <span class='ocrx_word' id='word_1_642' title='bbox 2606 2007 2676 2060; x_wconf 91' lang='lat' dir='ltr'>ad</span> <span class='ocrx_word' id='word_1_643' title='bbox 2708 2005 2902 2061; x_wconf 88' lang='lat' dir='ltr'>virum</span> <span class='ocrx_word' id='word_1_644' title='bbox 2928 2005 3294 2062; x_wconf 88' lang='lat' dir='ltr'>laudabilem</span> <span class='ocrx_word' id='word_1_645' title='bbox 3325 2008 3608 2062; x_wconf 90' lang='lat' dir='ltr'>comitem</span> <span class='ocrx_word' id='word_1_646' title='bbox 3641 2023 3656 2071; x_wconf 92' lang='lat'><strong>;</strong></span> <span class='ocrx_word' id='word_1_647' title='bbox 3701 2023 3895 2079; x_wconf 89' lang='lat' dir='ltr'>quam</span> 
     </span>
    </p>
   </div>
   <div class='ocr_carea' id='block_1_86' title="bbox 2228 2094 3893 2165">
    <p class='ocr_par' dir='ltr' id='par_1_86' title="bbox 2228 2094 3893 2165">
     <span class='ocr_line' id='line_1_88' title="bbox 2228 2094 3893 2165; baseline 0.002 -15"><span class='ocrx_word' id='word_1_648' title='bbox 2228 2094 2561 2165; x_wconf 87' lang='lat' dir='ltr'>epistolam,</span> <span class='ocrx_word' id='word_1_649' title='bbox 2586 2095 2642 2149; x_wconf 93' lang='lat' dir='ltr'>in</span> <span class='ocrx_word' id='word_1_650' title='bbox 2658 2099 2759 2150; x_wconf 87' lang='lat' dir='ltr'>tuo</span> <span class='ocrx_word' id='word_1_651' title='bbox 2781 2096 2889 2150; x_wconf 90' lang='lat' dir='ltr'>erit</span> <span class='ocrx_word' id='word_1_652' title='bbox 2915 2094 3161 2150; x_wconf 90' lang='lat' dir='ltr'>arbitrio</span> <span class='ocrx_word' id='word_1_653' title='bbox 3177 2101 3375 2150; x_wconf 89' lang='lat' dir='ltr'>utrum</span> <span class='ocrx_word' id='word_1_654' title='bbox 3397 2095 3528 2153; x_wconf 86' lang='lat' dir='ltr'>dari</span> <span class='ocrx_word' id='word_1_655' title='bbox 3547 2095 3713 2152; x_wconf 84' lang='lat' dir='ltr'>velis.</span> <span class='ocrx_word' id='word_1_656' title='bbox 3742 2100 3893 2153; x_wconf 86' lang='lat' dir='ltr'>Nam</span> 
     </span>
    </p>
   </div>
   <div class='ocr_carea' id='block_1_87' title="bbox 2228 2183 3892 2255">
    <p class='ocr_par' dir='ltr' id='par_1_87' title="bbox 2228 2183 3892 2255">
     <span class='ocr_line' id='line_1_89' title="bbox 2228 2183 3892 2255; baseline 0.002 -18"><span class='ocrx_word' id='word_1_657' title='bbox 2228 2197 2333 2254; x_wconf 92' lang='lat' dir='ltr'>per</span> <span class='ocrx_word' id='word_1_658' title='bbox 2348 2198 2530 2254; x_wconf 90' lang='lat' dir='ltr'>quem</span> <span class='ocrx_word' id='word_1_659' title='bbox 2549 2183 2738 2248; x_wconf 91' lang='lat' dir='ltr'>detur,</span> <span class='ocrx_word' id='word_1_660' title='bbox 2755 2198 2876 2238; x_wconf 91' lang='lat' dir='ltr'>non</span> <span class='ocrx_word' id='word_1_661' title='bbox 2890 2183 3099 2239; x_wconf 88' lang='lat' dir='ltr'>dubito</span> <span class='ocrx_word' id='word_1_662' title='bbox 3113 2183 3326 2240; x_wconf 88' lang='lat' dir='ltr'>deesse</span> <span class='ocrx_word' id='word_1_663' title='bbox 3341 2199 3462 2240; x_wconf 91' lang='lat' dir='ltr'>non</span> <span class='ocrx_word' id='word_1_664' title='bbox 3487 2201 3690 2255; x_wconf 89' lang='lat' dir='ltr'>posse,</span> <span class='ocrx_word' id='word_1_665' title='bbox 3717 2186 3818 2255; x_wconf 89' lang='lat' dir='ltr'>adj</span> <span class='ocrx_word' id='word_1_666' title='bbox 3831 2203 3892 2241; x_wconf 91' lang='lat' dir='ltr'>u-</span> 
     </span>
    </p>
   </div>
   <div class='ocr_carea' id='block_1_88' title="bbox 2225 2273 3882 2347">
    <p class='ocr_par' dir='ltr' id='par_1_88' title="bbox 2225 2273 3882 2347">
     <span class='ocr_line' id='line_1_90' title="bbox 2225 2273 3882 2347; baseline 0.003 -21"><span class='ocrx_word' id='word_1_667' title='bbox 2225 2276 2401 2328; x_wconf 86' lang='lat' dir='ltr'>vante</span> <span class='ocrx_word' id='word_1_668' title='bbox 2447 2273 2718 2338; x_wconf 89' lang='lat' dir='ltr'>Domino,</span> <span class='ocrx_word' id='word_1_669' title='bbox 2760 2273 2853 2328; x_wconf 92' lang='lat' dir='ltr'>vel</span> <span class='ocrx_word' id='word_1_670' title='bbox 2889 2274 3268 2346; x_wconf 89' lang='lat' dir='ltr'>episcopum,</span> <span class='ocrx_word' id='word_1_671' title='bbox 3311 2273 3400 2328; x_wconf 90' lang='lat' dir='ltr'>vel</span> <span class='ocrx_word' id='word_1_672' title='bbox 3432 2274 3882 2347; x_wconf 83' lang='lat' dir='ltr'>presbyterum,</span> 
     </span>
    </p>
   </div>
   <div class='ocr_carea' id='block_1_89' title="bbox 2224 2360 2686 2434">
    <p class='ocr_par' dir='ltr' id='par_1_89' title="bbox 2224 2360 2686 2434">
     <span class='ocr_line' id='line_1_91' title="bbox 2224 2360 2686 2434; baseline 0.004 -18"><span class='ocrx_word' id='word_1_673' title='bbox 2224 2360 2318 2416; x_wconf 90' lang='lat' dir='ltr'>vel</span> <span class='ocrx_word' id='word_1_674' title='bbox 2338 2361 2686 2434; x_wconf 91' lang='lat' dir='ltr'>quemlibet.</span> 
     </span>
    </p>
   </div>
   <div class='ocr_carea' id='block_1_90' title="bbox 2661 2451 3439 2525">
    <p class='ocr_par' dir='ltr' id='par_1_90' title="bbox 2661 2451 3439 2525">
     <span class='ocr_line' id='line_1_92' title="bbox 2661 2451 3439 2525; baseline -0.001 -19"><span class='ocrx_word' id='word_1_675' title='bbox 2661 2451 2994 2508; x_wconf 82' lang='lat' dir='ltr'>EPISTOLA</span> <span class='ocrx_word' id='word_1_676' title='bbox 3038 2451 3257 2508; x_wconf 87' lang='lat' dir='ltr'>CCXLV</span> <span class='ocrx_word' id='word_1_677' title='bbox 3292 2454 3308 2470; x_wconf 88' lang='grc'><strong>·</strong></span> <span class='ocrx_word' id='word_1_678' title='bbox 3336 2451 3439 2525; x_wconf 91' lang='lat' dir='ltr'>(a).</span> 
     </span>
    </p>
   </div>
   <div class='ocr_carea' id='block_1_91' title="bbox 2223 2540 3885 2612">
    <p class='ocr_par' dir='ltr' id='par_1_91' title="bbox 2223 2540 3885 2612">
     <span class='ocr_line' id='line_1_93' title="bbox 2223 2540 3885 2612; baseline 0.003 -17"><span class='ocrx_word' id='word_1_679' title='bbox 2223 2541 2594 2611; x_wconf 79' lang='lat' dir='ltr'>Augustinus</span> <span class='ocrx_word' id='word_1_680' title='bbox 2623 2540 2901 2604; x_wconf 87' lang='lat' dir='ltr'>Possidio,</span> <span class='ocrx_word' id='word_1_681' title='bbox 2936 2541 3008 2598; x_wconf 90' lang='lat' dir='ltr'>de</span> <span class='ocrx_word' id='word_1_682' title='bbox 3037 2542 3224 2606; x_wconf 80' lang='lat' dir='ltr'>cultu,</span> <span class='ocrx_word' id='word_1_683' title='bbox 3254 2542 3411 2612; x_wconf 80' lang='lat' dir='ltr'>fucis</span> <span class='ocrx_word' id='word_1_684' title='bbox 3446 2548 3500 2599; x_wconf 90' lang='lat' dir='ltr'>et</span> <span class='ocrx_word' id='word_1_685' title='bbox 3539 2543 3885 2612; x_wconf 70' lang='lat' dir='ltr'>initur-ibus,</span> 
     </span>
    </p>
   </div>
   <div class='ocr_carea' id='block_1_92' title="bbox 2291 2630 3889 2702">
    <p class='ocr_par' dir='ltr' id='par_1_92' title="bbox 2291 2630 3889 2702">
     <span class='ocr_line' id='line_1_94' title="bbox 2291 2630 3889 2702; baseline 0.002 -17"><span class='ocrx_word' id='word_1_686' title='bbox 2291 2637 2345 2685; x_wconf 86' lang='lat' dir='ltr'>et</span> <span class='ocrx_word' id='word_1_687' title='bbox 2380 2631 2452 2686; x_wconf 88' lang='lat' dir='ltr'>de</span> <span class='ocrx_word' id='word_1_688' title='bbox 2485 2645 2602 2686; x_wconf 89' lang='lat' dir='ltr'>non</span> <span class='ocrx_word' id='word_1_689' title='bbox 2639 2630 2975 2688; x_wconf 83' lang='lat' dir='ltr'>ordinando</span> <span class='ocrx_word' id='word_1_690' title='bbox 3013 2631 3273 2702; x_wconf 87' lang='lat' dir='ltr'>quodam</span> <span class='ocrx_word' id='word_1_691' title='bbox 3321 2633 3384 2688; x_wconf 85' lang='lat' dir='ltr'>in</span> <span class='ocrx_word' id='word_1_692' title='bbox 3429 2638 3610 2702; x_wconf 83' lang='lat' dir='ltr'>parte</span> <span class='ocrx_word' id='word_1_693' title='bbox 3659 2635 3889 2690; x_wconf 78' lang='lat' dir='ltr'>Donati</span> 
     </span>
    </p>
   </div>
   <div class='ocr_carea' id='block_1_93' title="bbox 2293 2718 2608 2788">
    <p class='ocr_par' dir='ltr' id='par_1_93' title="bbox 2293 2718 2608 2788">
     <span class='ocr_line' id='line_1_95' title="bbox 2293 2718 2608 2788; baseline 0.003 -15"><span class='ocrx_word' id='word_1_694' title='bbox 2293 2718 2608 2788; x_wconf 82' lang='lat' dir='ltr'>baptizata.</span> 
     </span>
    </p>
   </div>
   <div class='ocr_carea' id='block_1_94' title="bbox 2222 2807 3881 2874">
    <p class='ocr_par' dir='ltr' id='par_1_94' title="bbox 2222 2807 3881 2874">
     <span class='ocr_line' id='line_1_96' title="bbox 2222 2807 3881 2874; baseline 0.004 -13"><span class='ocrx_word' id='word_1_695' title='bbox 2222 2808 2472 2862; x_wconf 89' lang='lat' dir='ltr'>Domino</span> <span class='ocrx_word' id='word_1_696' title='bbox 2486 2807 2890 2874; x_wconf 90' lang='lat' dir='ltr'>dilectissimo,</span> <span class='ocrx_word' id='word_1_697' title='bbox 2919 2814 2973 2864; x_wconf 91' lang='lat' dir='ltr'>et</span> <span class='ocrx_word' id='word_1_698' title='bbox 2990 2809 3310 2865; x_wconf 88' lang='lat' dir='ltr'>venerabili</span> <span class='ocrx_word' id='word_1_699' title='bbox 3326 2809 3486 2867; x_wconf 88' lang='lat' dir='ltr'>fratri</span> <span class='ocrx_word' id='word_1_700' title='bbox 3499 2814 3881 2868; x_wconf 83' lang='lat' dir='ltr'>etconsacer-</span> 
     </span>
    </p>
   </div>
   <div class='ocr_carea' id='block_1_95' title="bbox 2289 2896 3885 2979">
    <p class='ocr_par' dir='ltr' id='par_1_95' title="bbox 2289 2896 3885 2979">
     <span class='ocr_line' id='line_1_97' title="bbox 2289 2896 3885 2979; baseline 0.005 -29"><span class='ocrx_word' id='word_1_701' title='bbox 2289 2896 2410 2951; x_wconf 91' lang='lat' dir='ltr'>doti</span> <span class='ocrx_word' id='word_1_702' title='bbox 2439 2897 2712 2962; x_wconf 80' lang='lat' dir='ltr'>Possmio,</span> <span class='ocrx_word' id='word_1_703' title='bbox 2743 2901 2798 2952; x_wconf 90' lang='lat' dir='ltr'>et</span> <span class='ocrx_word' id='word_1_704' title='bbox 2826 2898 2927 2969; x_wconf 91' lang='lat' dir='ltr'>qui</span> <span class='ocrx_word' id='word_1_705' title='bbox 2957 2902 3155 2953; x_wconf 91' lang='lat' dir='ltr'>tecum</span> <span class='ocrx_word' id='word_1_706' title='bbox 3187 2904 3327 2955; x_wconf 90' lang='lat' dir='ltr'>sunt</span> <span class='ocrx_word' id='word_1_707' title='bbox 3351 2898 3658 2965; x_wconf 88' lang='lat' dir='ltr'>fratribus,</span> <span class='ocrx_word' id='word_1_708' title='bbox 3694 2904 3885 2979; x_wconf 71' lang='lat' dir='ltr'>Ausu-</span> 
     </span>
    </p>
   </div>
   <div class='ocr_carea' id='block_1_96' title="bbox 2287 2987 3886 3060">
    <p class='ocr_par' dir='ltr' id='par_1_96' title="bbox 2287 2987 3886 3060">
     <span class='ocr_line' id='line_1_98' title="bbox 2287 2987 3886 3060; baseline 0.004 -20"><span class='ocrx_word' id='word_1_709' title='bbox 2287 3002 2492 3052; x_wconf 75' lang='lat' dir='ltr'>srmus,</span> <span class='ocrx_word' id='word_1_710' title='bbox 2531 2991 2585 3043; x_wconf 90' lang='lat' dir='ltr'>et</span> <span class='ocrx_word' id='word_1_711' title='bbox 2623 2987 2726 3060; x_wconf 92' lang='lat' dir='ltr'>qui</span> <span class='ocrx_word' id='word_1_712' title='bbox 2763 3002 3002 3043; x_wconf 90' lang='lat' dir='ltr'>mecum</span> <span class='ocrx_word' id='word_1_713' title='bbox 3046 2991 3185 3044; x_wconf 91' lang='lat' dir='ltr'>sunt</span> <span class='ocrx_word' id='word_1_714' title='bbox 3232 2988 3459 3055; x_wconf 85' lang='lat' dir='ltr'>fratres,</span> <span class='ocrx_word' id='word_1_715' title='bbox 3513 2989 3575 3044; x_wconf 92' lang='lat' dir='ltr'>in</span> <span class='ocrx_word' id='word_1_716' title='bbox 3625 2992 3886 3046; x_wconf 90' lang='lat' dir='ltr'>Domino</span> 
     </span>
    </p>
   </div>
   <div class='ocr_carea' id='block_1_97' title="bbox 2286 3075 2561 3132">
    <p class='ocr_par' dir='ltr' id='par_1_97' title="bbox 2286 3075 2561 3132">
     <span class='ocr_line' id='line_1_99' title="bbox 2286 3075 2561 3132; baseline 0.011 -3"><span class='ocrx_word' id='word_1_717' title='bbox 2286 3075 2561 3132; x_wconf 89' lang='lat' dir='ltr'>salutem.</span> 
     </span>
    </p>
   </div>
   <div class='ocr_carea' id='block_1_98' title="bbox 2280 3164 3883 3239">
    <p class='ocr_par' dir='ltr' id='par_1_98' title="bbox 2280 3164 3883 3239">
     <span class='ocr_line' id='line_1_100' title="bbox 2280 3164 3883 3239; baseline 0.004 -20"><span class='ocrx_word' id='word_1_718' title='bbox 2280 3165 2516 3234; x_wconf 84' lang='lat' dir='ltr'>t.Magis</span> <span class='ocrx_word' id='word_1_719' title='bbox 2529 3164 2678 3237; x_wconf 89' lang='lat' dir='ltr'>quid</span> <span class='ocrx_word' id='word_1_720' title='bbox 2689 3180 2834 3236; x_wconf 88' lang='lat' dir='ltr'>agas</span> <span class='ocrx_word' id='word_1_721' title='bbox 2849 3181 2985 3222; x_wconf 93' lang='lat' dir='ltr'>cum</span> <span class='ocrx_word' id='word_1_722' title='bbox 3001 3166 3085 3222; x_wconf 89' lang='lat' dir='ltr'>eis</span> <span class='ocrx_word' id='word_1_723' title='bbox 3100 3166 3203 3236; x_wconf 87' lang='lat' dir='ltr'>qui</span> <span class='ocrx_word' id='word_1_724' title='bbox 3216 3167 3631 3239; x_wconf 86' lang='lat' dir='ltr'>obtemperare</span> <span class='ocrx_word' id='word_1_725' title='bbox 3644 3168 3883 3236; x_wconf 86' lang='lat' dir='ltr'>nolunt,</span> 
     </span>
    </p>
   </div>
   <div class='ocr_carea' id='block_1_99' title="bbox 2213 3253 3886 3328">
    <p class='ocr_par' dir='ltr' id='par_1_99' title="bbox 2213 3253 3886 3328">
     <span class='ocr_line' id='line_1_101' title="bbox 2213 3253 3886 3328; baseline 0.004 -20"><span class='ocrx_word' id='word_1_726' title='bbox 2213 3253 2601 3323; x_wconf 88' lang='lat' dir='ltr'>cogitandum</span> <span class='ocrx_word' id='word_1_727' title='bbox 2625 3259 2733 3321; x_wconf 90' lang='lat' dir='ltr'>est,</span> <span class='ocrx_word' id='word_1_728' title='bbox 2757 3271 2942 3327; x_wconf 89' lang='lat' dir='ltr'>quam</span> <span class='ocrx_word' id='word_1_729' title='bbox 2957 3255 3476 3328; x_wconf 88' lang='lat' dir='ltr'>quemadmodum</span> <span class='ocrx_word' id='word_1_730' title='bbox 3492 3257 3886 3314; x_wconf 85' lang='lat' dir='ltr'>eisostendas</span> 
     </span>
    </p>
   </div>
   <div class='ocr_carea' id='block_1_100' title="bbox 2211 3343 3881 3417">
    <p class='ocr_par' dir='ltr' id='par_1_100' title="bbox 2211 3343 3881 3417">
     <span class='ocr_line' id='line_1_102' title="bbox 2211 3343 3881 3417; baseline 0.003 -20"><span class='ocrx_word' id='word_1_731' title='bbox 2211 3357 2331 3398; x_wconf 89' lang='lat' dir='ltr'>non</span> <span class='ocrx_word' id='word_1_732' title='bbox 2353 3343 2525 3399; x_wconf 90' lang='lat' dir='ltr'>licere</span> <span class='ocrx_word' id='word_1_733' title='bbox 2543 3344 2708 3416; x_wconf 90' lang='lat' dir='ltr'>quod</span> <span class='ocrx_word' id='word_1_734' title='bbox 2725 3343 2972 3401; x_wconf 90' lang='lat' dir='ltr'>faciunt.</span> <span class='ocrx_word' id='word_1_735' title='bbox 2997 3345 3111 3401; x_wconf 90' lang='lat' dir='ltr'>Sed</span> <span class='ocrx_word' id='word_1_736' title='bbox 3134 3361 3294 3401; x_wconf 92' lang='lat' dir='ltr'>nunc</span> <span class='ocrx_word' id='word_1_737' title='bbox 3310 3345 3566 3417; x_wconf 89' lang='lat' dir='ltr'>epistola</span> <span class='ocrx_word' id='word_1_738' title='bbox 3588 3347 3881 3402; x_wconf 83' lang='lat' dir='ltr'>Sanctita-</span> 
     </span>
    </p>
   </div>
   <div class='ocr_carea' id='block_1_101' title="bbox 2211 3431 3885 3507">
    <p class='ocr_par' dir='ltr' id='par_1_101' title="bbox 2211 3431 3885 3507">
     <span class='ocr_line' id='line_1_103' title="bbox 2211 3431 3885 3507; baseline 0.002 -20"><span class='ocrx_word' id='word_1_739' title='bbox 2211 3431 2432 3498; x_wconf 74' lang='lat' dir='ltr'>tistuae,</span> <span class='ocrx_word' id='word_1_740' title='bbox 2453 3439 2507 3488; x_wconf 91' lang='lat' dir='ltr'>et</span> <span class='ocrx_word' id='word_1_741' title='bbox 2527 3434 3062 3505; x_wconf 88' lang='lat' dir='ltr'>occupatissimum</span> <span class='ocrx_word' id='word_1_742' title='bbox 3083 3450 3177 3490; x_wconf 92' lang='lat' dir='ltr'>me</span> <span class='ocrx_word' id='word_1_743' title='bbox 3196 3437 3430 3507; x_wconf 91' lang='lat' dir='ltr'>reperit,</span> <span class='ocrx_word' id='word_1_744' title='bbox 3452 3441 3507 3490; x_wconf 92' lang='lat' dir='ltr'>et</span> <span class='ocrx_word' id='word_1_745' title='bbox 3525 3436 3885 3492; x_wconf 88' lang='lat' dir='ltr'>celerrimus</span> 
     </span>
    </p>
   </div>
   <div class='ocr_carea' id='block_1_102' title="bbox 2208 3520 3881 3597">
    <p class='ocr_par' dir='ltr' id='par_1_102' title="bbox 2208 3520 3881 3597">
     <span class='ocr_line' id='line_1_104' title="bbox 2208 3520 3881 3597; baseline 0.003 -21"><span class='ocrx_word' id='word_1_746' title='bbox 2208 3520 2395 3589; x_wconf 87' lang='lat' dir='ltr'>bajuli</span> <span class='ocrx_word' id='word_1_747' title='bbox 2419 3521 2644 3577; x_wconf 86' lang='lat' dir='ltr'>reditus</span> <span class='ocrx_word' id='word_1_748' title='bbox 2672 3537 2868 3594; x_wconf 89' lang='lat' dir='ltr'>neque</span> <span class='ocrx_word' id='word_1_749' title='bbox 2897 3539 3018 3579; x_wconf 91' lang='lat' dir='ltr'>non</span> <span class='ocrx_word' id='word_1_750' title='bbox 3046 3523 3370 3579; x_wconf 89' lang='lat' dir='ltr'>rescribere</span> <span class='ocrx_word' id='word_1_751' title='bbox 3398 3523 3520 3592; x_wconf 89' lang='lat' dir='ltr'>tibi,</span> <span class='ocrx_word' id='word_1_752' title='bbox 3553 3540 3762 3597; x_wconf 89' lang='lat' dir='ltr'>neque</span> <span class='ocrx_word' id='word_1_753' title='bbox 3805 3524 3881 3581; x_wconf 90' lang='lat' dir='ltr'>ad</span> 
     </span>
    </p>
   </div>
   <div class='ocr_carea' id='block_1_103' title="bbox 2208 3610 3884 3685">
    <p class='ocr_par' dir='ltr' id='par_1_103' title="bbox 2208 3610 3884 3685">
     <span class='ocr_line' id='line_1_105' title="bbox 2208 3610 3884 3685; baseline 0.004 -21"><span class='ocrx_word' id='word_1_754' title='bbox 2208 3625 2280 3665; x_wconf 91' lang='lat' dir='ltr'>ea</span> <span class='ocrx_word' id='word_1_755' title='bbox 2305 3627 2433 3682; x_wconf 81' lang='lat' dir='ltr'>quae</span> <span class='ocrx_word' id='word_1_756' title='bbox 2463 3610 2834 3677; x_wconf 89' lang='lat' dir='ltr'>consuluisti,</span> <span class='ocrx_word' id='word_1_757' title='bbox 2861 3613 2944 3667; x_wconf 88' lang='lat' dir='ltr'>ita</span> <span class='ocrx_word' id='word_1_758' title='bbox 2976 3618 3037 3667; x_wconf 90' lang='lat' dir='ltr'>ut</span> <span class='ocrx_word' id='word_1_759' title='bbox 3061 3617 3309 3684; x_wconf 90' lang='lat' dir='ltr'>oportet,</span> <span class='ocrx_word' id='word_1_760' title='bbox 3341 3613 3720 3684; x_wconf 87' lang='lat' dir='ltr'>respondere</span> <span class='ocrx_word' id='word_1_761' title='bbox 3754 3631 3884 3685; x_wconf 82' lang='lat' dir='ltr'>per-</span> 
     </span>
    </p>
   </div>
   <div class='ocr_carea' id='block_1_104' title="bbox 2208 3699 3884 3775">
    <p class='ocr_par' dir='ltr' id='par_1_104' title="bbox 2208 3699 3884 3775">
     <span class='ocr_line' id='line_1_106' title="bbox 2208 3699 3884 3775; baseline 0.004 -23"><span class='ocrx_word' id='word_1_762' title='bbox 2208 3699 2386 3756; x_wconf 90' lang='lat' dir='ltr'>misit.</span> <span class='ocrx_word' id='word_1_763' title='bbox 2417 3700 2559 3754; x_wconf 88' lang='lat' dir='ltr'>Nolo</span> <span class='ocrx_word' id='word_1_764' title='bbox 2576 3705 2774 3754; x_wconf 88' lang='lat' dir='ltr'>tamen</span> <span class='ocrx_word' id='word_1_765' title='bbox 2789 3700 2863 3754; x_wconf 89' lang='lat' dir='ltr'>de</span> <span class='ocrx_word' id='word_1_766' title='bbox 2877 3702 3244 3756; x_wconf 90' lang='lat' dir='ltr'>ornamentis</span> <span class='ocrx_word' id='word_1_767' title='bbox 3256 3701 3384 3756; x_wconf 89' lang='lat' dir='ltr'>auri</span> <span class='ocrx_word' id='word_1_768' title='bbox 3405 3701 3498 3757; x_wconf 81' lang='lat' dir='ltr'>vel</span> <span class='ocrx_word' id='word_1_769' title='bbox 3520 3703 3711 3758; x_wconf 90' lang='lat' dir='ltr'>vestis</span> <span class='ocrx_word' id='word_1_770' title='bbox 3731 3719 3884 3775; x_wconf 80' lang='lat' dir='ltr'>prae-</span> 
     </span>
    </p>
   </div>
   <div class='ocr_carea' id='block_1_105' title="bbox 2209 3789 3879 3860">
    <p class='ocr_par' dir='ltr' id='par_1_105' title="bbox 2209 3789 3879 3860">
     <span class='ocr_line' id='line_1_107' title="bbox 2209 3789 3879 3860; baseline 0.004 -18"><span class='ocrx_word' id='word_1_771' title='bbox 2209 3803 2526 3859; x_wconf 86' lang='lat' dir='ltr'>prOperam</span> <span class='ocrx_word' id='word_1_772' title='bbox 2555 3789 2783 3844; x_wconf 89' lang='lat' dir='ltr'>habeas</span> <span class='ocrx_word' id='word_1_773' title='bbox 2818 3791 2878 3844; x_wconf 91' lang='lat' dir='ltr'>in</span> <span class='ocrx_word' id='word_1_774' title='bbox 2911 3790 3285 3860; x_wconf 91' lang='lat' dir='ltr'>prohibendo</span> <span class='ocrx_word' id='word_1_775' title='bbox 3327 3792 3711 3860; x_wconf 85' lang='lat' dir='ltr'>sententiam,</span> <span class='ocrx_word' id='word_1_776' title='bbox 3763 3795 3879 3848; x_wconf 88' lang='lat' dir='ltr'>nisi</span> 
     </span>
    </p>
   </div>
   <div class='ocr_carea' id='block_1_106' title="bbox 2208 3875 3883 3954">
    <p class='ocr_par' dir='ltr' id='par_1_106' title="bbox 2208 3875 3883 3954">
     <span class='ocr_line' id='line_1_108' title="bbox 2208 3875 3883 3954; baseline 0.004 -23"><span class='ocrx_word' id='word_1_777' title='bbox 2208 3875 2268 3931; x_wconf 91' lang='lat' dir='ltr'>in</span> <span class='ocrx_word' id='word_1_778' title='bbox 2290 3893 2390 3932; x_wconf 92' lang='lat' dir='ltr'>eos</span> <span class='ocrx_word' id='word_1_779' title='bbox 2412 3879 2514 3948; x_wconf 92' lang='lat' dir='ltr'>qui</span> <span class='ocrx_word' id='word_1_780' title='bbox 2539 3894 2732 3950; x_wconf 89' lang='lat' dir='ltr'>neque</span> <span class='ocrx_word' id='word_1_781' title='bbox 2746 3880 3066 3951; x_wconf 89' lang='lat' dir='ltr'>conjugati,</span> <span class='ocrx_word' id='word_1_782' title='bbox 3086 3895 3275 3951; x_wconf 89' lang='lat' dir='ltr'>neque</span> <span class='ocrx_word' id='word_1_783' title='bbox 3297 3881 3612 3951; x_wconf 86' lang='lat' dir='ltr'>conjugari</span> <span class='ocrx_word' id='word_1_784' title='bbox 3627 3882 3883 3954; x_wconf 85' lang='lat' dir='ltr'>cupien-</span> 
     </span>
    </p>
   </div>
   <div class='ocr_carea' id='block_1_107' title="bbox 2209 3967 3882 4041">
    <p class='ocr_par' dir='ltr' id='par_1_107' title="bbox 2209 3967 3882 4041">
     <span class='ocr_line' id='line_1_109' title="bbox 2209 3967 3882 4041; baseline 0.005 -22"><span class='ocrx_word' id='word_1_785' title='bbox 2209 3970 2313 4031; x_wconf 88' lang='lat' dir='ltr'>tes,</span> <span class='ocrx_word' id='word_1_786' title='bbox 2339 3968 2600 4037; x_wconf 87' lang='lat' dir='ltr'>cogitare</span> <span class='ocrx_word' id='word_1_787' title='bbox 2622 3967 2840 4023; x_wconf 89' lang='lat' dir='ltr'>debent</span> <span class='ocrx_word' id='word_1_788' title='bbox 2861 3969 3172 4041; x_wconf 87' lang='lat' dir='ltr'>quomodo</span> <span class='ocrx_word' id='word_1_789' title='bbox 3199 3969 3474 4041; x_wconf 88' lang='lat' dir='ltr'>placeant</span> <span class='ocrx_word' id='word_1_790' title='bbox 3493 3972 3636 4026; x_wconf 90' lang='lat' dir='ltr'>Deo.</span> <span class='ocrx_word' id='word_1_791' title='bbox 3661 3970 3756 4026; x_wconf 89' lang='lat' dir='ltr'>Illi</span> <span class='ocrx_word' id='word_1_792' title='bbox 3777 3987 3882 4027; x_wconf 84' lang='lat' dir='ltr'>au-</span> 
     </span>
    </p>
   </div>
   <div class='ocr_carea' id='block_1_108' title="bbox 2208 4058 3882 4131">
    <p class='ocr_par' dir='ltr' id='par_1_108' title="bbox 2208 4058 3882 4131">
     <span class='ocr_line' id='line_1_110' title="bbox 2208 4058 3882 4131; baseline 0.004 -21"><span class='ocrx_word' id='word_1_793' title='bbox 2208 4058 2328 4110; x_wconf 92' lang='lat' dir='ltr'>tem</span> <span class='ocrx_word' id='word_1_794' title='bbox 2361 4058 2623 4128; x_wconf 87' lang='lat' dir='ltr'>cogitant</span> <span class='ocrx_word' id='word_1_795' title='bbox 2653 4073 2787 4128; x_wconf 74' lang='lat' dir='ltr'>quae</span> <span class='ocrx_word' id='word_1_796' title='bbox 2814 4063 2952 4113; x_wconf 90' lang='lat' dir='ltr'>sunt</span> <span class='ocrx_word' id='word_1_797' title='bbox 2986 4058 3218 4128; x_wconf 90' lang='lat' dir='ltr'>mundi,</span> <span class='ocrx_word' id='word_1_798' title='bbox 3247 4061 3556 4130; x_wconf 90' lang='lat' dir='ltr'>quomodo</span> <span class='ocrx_word' id='word_1_799' title='bbox 3591 4060 3882 4131; x_wconf 86' lang='lat' dir='ltr'>placeant</span> 
     </span>
    </p>
   </div>
   <div class='ocr_carea' id='block_1_109' title="bbox 2207 4143 3879 4220">
    <p class='ocr_par' dir='ltr' id='par_1_109' title="bbox 2207 4143 3879 4220">
     <span class='ocr_line' id='line_1_111' title="bbox 2207 4143 3879 4220; baseline 0.003 -21"><span class='ocrx_word' id='word_1_800' title='bbox 2207 4143 2300 4199; x_wconf 91' lang='lat' dir='ltr'>vel</span> <span class='ocrx_word' id='word_1_801' title='bbox 2334 4145 2441 4200; x_wconf 91' lang='lat' dir='ltr'>viri</span> <span class='ocrx_word' id='word_1_802' title='bbox 2471 4146 2777 4216; x_wconf 81' lang='lat' dir='ltr'>uxoribus,</span> <span class='ocrx_word' id='word_1_803' title='bbox 2820 4146 2912 4202; x_wconf 91' lang='lat' dir='ltr'>vel</span> <span class='ocrx_word' id='word_1_804' title='bbox 2944 4147 3225 4202; x_wconf 91' lang='lat' dir='ltr'>mulieres</span> <span class='ocrx_word' id='word_1_805' title='bbox 3253 4148 3482 4204; x_wconf 87' lang='lat' dir='ltr'>maritis</span> <span class='ocrx_word' id='word_1_806' title='bbox 3515 4150 3555 4220; x_wconf 95' lang='grc' dir='ltr'><strong>(Ι</strong></span> <span class='ocrx_word' id='word_1_807' title='bbox 3595 4148 3740 4205; x_wconf 90' lang='lat' dir='ltr'>Cor.</span> <span class='ocrx_word' id='word_1_808' title='bbox 3784 4169 3879 4216; x_wconf 80' lang='lat' dir='ltr'>vn,</span> 
     </span>
    </p>
   </div>
   <div class='ocr_carea' id='block_1_110' title="bbox 2207 4235 3878 4312">
    <p class='ocr_par' dir='ltr' id='par_1_110' title="bbox 2207 4235 3878 4312">
     <span class='ocr_line' id='line_1_112' title="bbox 2207 4235 3878 4312; baseline 0.004 -22"><span class='ocrx_word' id='word_1_809' title='bbox 2207 4236 2421 4305; x_wconf 75' lang='lat'>32-34).</span> <span class='ocrx_word' id='word_1_810' title='bbox 2476 4236 2591 4291; x_wconf 86' lang='lat' dir='ltr'>Nisi</span> <span class='ocrx_word' id='word_1_811' title='bbox 2631 4237 2795 4307; x_wconf 88' lang='lat' dir='ltr'>quod</span> <span class='ocrx_word' id='word_1_812' title='bbox 2835 4235 3084 4307; x_wconf 90' lang='lat' dir='ltr'>capillos</span> <span class='ocrx_word' id='word_1_813' title='bbox 3126 4238 3354 4292; x_wconf 90' lang='lat' dir='ltr'>nudare</span> <span class='ocrx_word' id='word_1_814' title='bbox 3388 4237 3666 4304; x_wconf 89' lang='lat' dir='ltr'>feminas,</span> <span class='ocrx_word' id='word_1_815' title='bbox 3711 4257 3878 4312; x_wconf 85' lang='lat' dir='ltr'>quas</span> 
     </span>
    </p>
   </div>
   <div class='ocr_carea' id='block_1_111' title="bbox 2205 4323 3879 4400">
    <p class='ocr_par' dir='ltr' id='par_1_111' title="bbox 2205 4323 3879 4400">
     <span class='ocr_line' id='line_1_113' title="bbox 2205 4323 3879 4400; baseline 0.004 -22"><span class='ocrx_word' id='word_1_816' title='bbox 2205 4324 2385 4379; x_wconf 91' lang='lat' dir='ltr'>etiam</span> <span class='ocrx_word' id='word_1_817' title='bbox 2418 4329 2595 4396; x_wconf 87' lang='lat' dir='ltr'>caput</span> <span class='ocrx_word' id='word_1_818' title='bbox 2614 4323 2800 4380; x_wconf 85' lang='lat' dir='ltr'>velare</span> <span class='ocrx_word' id='word_1_819' title='bbox 2831 4326 3334 4396; x_wconf 85' lang='lat' dir='ltr'>Apostolnsjubet</span> <span class='ocrx_word' id='word_1_820' title='bbox 3357 4327 3400 4397; x_wconf 90' lang='grc' dir='ltr'>(Ι</span> <span class='ocrx_word' id='word_1_821' title='bbox 3428 4326 3555 4382; x_wconf 84' lang='lat' dir='ltr'>Cor.</span> <span class='ocrx_word' id='word_1_822' title='bbox 3582 4345 3664 4393; x_wconf 81' lang='lat' dir='ltr'>xi,</span> <span class='ocrx_word' id='word_1_823' title='bbox 3696 4331 3879 4400; x_wconf 76' lang='lat'>5-13),</span> 
     </span>
    </p>
   </div>
   <div class='ocr_carea' id='block_1_112' title="bbox 2206 4413 3880 4491">
    <p class='ocr_par' dir='ltr' id='par_1_112' title="bbox 2206 4413 3880 4491">
     <span class='ocr_line' id='line_1_114' title="bbox 2206 4413 3880 4491; baseline 0.004 -24"><span class='ocrx_word' id='word_1_824' title='bbox 2206 4428 2314 4468; x_wconf 89' lang='lat' dir='ltr'>nec</span> <span class='ocrx_word' id='word_1_825' title='bbox 2349 4415 2656 4469; x_wconf 89' lang='lat' dir='ltr'>maritatas</span> <span class='ocrx_word' id='word_1_826' title='bbox 2677 4413 2865 4470; x_wconf 90' lang='lat' dir='ltr'>decet.</span> <span class='ocrx_word' id='word_1_827' title='bbox 2897 4416 3096 4471; x_wconf 85' lang='lat' dir='ltr'>Fucari</span> <span class='ocrx_word' id='word_1_828' title='bbox 3129 4420 3332 4471; x_wconf 86' lang='lat' dir='ltr'>autem</span> <span class='ocrx_word' id='word_1_829' title='bbox 3367 4418 3717 4488; x_wconf 87' lang='lat' dir='ltr'>pigmentis,</span> <span class='ocrx_word' id='word_1_830' title='bbox 3755 4435 3880 4491; x_wconf 90' lang='lat' dir='ltr'>quo</span> 
     </span>
    </p>
   </div>
   <div class='ocr_carea' id='block_1_113' title="bbox 2204 4503 3884 4576">
    <p class='ocr_par' dir='ltr' id='par_1_113' title="bbox 2204 4503 3884 4576">
     <span class='ocr_line' id='line_1_115' title="bbox 2204 4503 3884 4576; baseline 0.004 -19"><span class='ocrx_word' id='word_1_831' title='bbox 2204 4503 2297 4558; x_wconf 87' lang='lat' dir='ltr'>vel</span> <span class='ocrx_word' id='word_1_832' title='bbox 2326 4503 2714 4559; x_wconf 90' lang='lat' dir='ltr'>rubicundior</span> <span class='ocrx_word' id='word_1_833' title='bbox 2737 4503 2822 4559; x_wconf 91' lang='lat' dir='ltr'>vel</span> <span class='ocrx_word' id='word_1_834' title='bbox 2843 4505 3154 4560; x_wconf 89' lang='lat' dir='ltr'>candidior</span> <span class='ocrx_word' id='word_1_835' title='bbox 3185 4511 3496 4576; x_wconf 88' lang='lat' dir='ltr'>appareat,</span> <span class='ocrx_word' id='word_1_836' title='bbox 3527 4507 3884 4565; x_wconf 87' lang='lat' dir='ltr'>adulterina</span> 
     </span>
    </p>
   </div>
   <div class='ocr_carea' id='block_1_114' title="bbox 2203 4591 3880 4666">
    <p class='ocr_par' dir='ltr' id='par_1_114' title="bbox 2203 4591 3880 4666">
     <span class='ocr_line' id='line_1_116' title="bbox 2203 4591 3880 4666; baseline 0.005 -20"><span class='ocrx_word' id='word_1_837' title='bbox 2203 4591 2438 4647; x_wconf 90' lang='lat' dir='ltr'>fallacia</span> <span class='ocrx_word' id='word_1_838' title='bbox 2467 4597 2572 4657; x_wconf 92' lang='lat' dir='ltr'>est,</span> <span class='ocrx_word' id='word_1_839' title='bbox 2607 4608 2728 4664; x_wconf 90' lang='lat' dir='ltr'>qua</span> <span class='ocrx_word' id='word_1_840' title='bbox 2752 4609 2869 4648; x_wconf 91' lang='lat' dir='ltr'>non</span> <span class='ocrx_word' id='word_1_841' title='bbox 2897 4593 3106 4649; x_wconf 90' lang='lat' dir='ltr'>dubito</span> <span class='ocrx_word' id='word_1_842' title='bbox 3130 4593 3310 4649; x_wconf 88' lang='lat' dir='ltr'>etiam</span> <span class='ocrx_word' id='word_1_843' title='bbox 3334 4595 3498 4666; x_wconf 91' lang='lat' dir='ltr'>ipsos</span> <span class='ocrx_word' id='word_1_844' title='bbox 3532 4598 3792 4653; x_wconf 90' lang='lat' dir='ltr'>maritos</span> <span class='ocrx_word' id='word_1_845' title='bbox 3821 4613 3880 4654; x_wconf 87' lang='lat' dir='ltr'>se</span> 
     </span>
    </p>
   </div>
   <div class='ocr_carea' id='block_1_115' title="bbox 2203 4681 3879 4755">
    <p class='ocr_par' dir='ltr' id='par_1_115' title="bbox 2203 4681 3879 4755">
     <span class='ocr_line' id='line_1_117' title="bbox 2203 4681 3879 4755; baseline 0.005 -21"><span class='ocrx_word' id='word_1_846' title='bbox 2203 4681 2358 4736; x_wconf 90' lang='lat' dir='ltr'>nolle</span> <span class='ocrx_word' id='word_1_847' title='bbox 2382 4681 2596 4752; x_wconf 91' lang='lat' dir='ltr'>decipi,</span> <span class='ocrx_word' id='word_1_848' title='bbox 2630 4681 2851 4753; x_wconf 91' lang='lat' dir='ltr'>quibus</span> <span class='ocrx_word' id='word_1_849' title='bbox 2869 4684 3008 4738; x_wconf 91' lang='lat' dir='ltr'>solis</span> <span class='ocrx_word' id='word_1_850' title='bbox 3031 4683 3443 4755; x_wconf 55' lang='lat' dir='ltr'>permittendae</span> <span class='ocrx_word' id='word_1_851' title='bbox 3466 4690 3607 4740; x_wconf 89' lang='lat' dir='ltr'>sunt</span> <span class='ocrx_word' id='word_1_852' title='bbox 3632 4684 3879 4742; x_wconf 58' lang='lat' dir='ltr'>femina</span> 
     </span>
    </p>
   </div>
   <div class='ocr_carea' id='block_1_116' title="bbox 2201 4769 3880 4849">
    <p class='ocr_par' dir='ltr' id='par_1_116' title="bbox 2201 4769 3880 4849">
     <span class='ocr_line' id='line_1_118' title="bbox 2201 4769 3880 4849; baseline 0.004 -24"><span class='ocrx_word' id='word_1_853' title='bbox 2201 4769 2419 4834; x_wconf 87' lang='lat' dir='ltr'>ornari,</span> <span class='ocrx_word' id='word_1_854' title='bbox 2460 4772 2791 4826; x_wconf 90' lang='lat' dir='ltr'>secundum</span> <span class='ocrx_word' id='word_1_855' title='bbox 2833 4772 3090 4838; x_wconf 90' lang='lat' dir='ltr'>veniam,</span> <span class='ocrx_word' id='word_1_856' title='bbox 3142 4788 3264 4828; x_wconf 92' lang='lat' dir='ltr'>non</span> <span class='ocrx_word' id='word_1_857' title='bbox 3303 4773 3641 4830; x_wconf 90' lang='lat' dir='ltr'>secundum</span> <span class='ocrx_word' id='word_1_858' title='bbox 3684 4776 3880 4849; x_wconf 87' lang='lat' dir='ltr'>impe-</span> 
     </span>
    </p>
   </div>
   <div class='ocr_carea' id='block_1_117' title="bbox 2201 4859 3879 4922">
    <p class='ocr_par' dir='ltr' id='par_1_117' title="bbox 2201 4859 3879 4922">
     <span class='ocr_line' id='line_1_119' title="bbox 2201 4859 3879 4922; baseline 0.005 -8"><span class='ocrx_word' id='word_1_859' title='bbox 2201 4859 2375 4914; x_wconf 91' lang='lat' dir='ltr'>rium.</span> <span class='ocrx_word' id='word_1_860' title='bbox 2401 4862 2549 4914; x_wconf 88' lang='lat' dir='ltr'>Nam</span> <span class='ocrx_word' id='word_1_861' title='bbox 2575 4877 2743 4914; x_wconf 92' lang='lat' dir='ltr'>verus</span> <span class='ocrx_word' id='word_1_862' title='bbox 2770 4867 3014 4916; x_wconf 90' lang='lat' dir='ltr'>ornatus</span> <span class='ocrx_word' id='word_1_863' title='bbox 3038 4862 3297 4916; x_wconf 83' lang='lat' dir='ltr'>maxime</span> <span class='ocrx_word' id='word_1_864' title='bbox 3322 4862 3808 4921; x_wconf 89' lang='lat' dir='ltr'>Christianorum</span> <span class='ocrx_word' id='word_1_865' title='bbox 3827 4874 3879 4922; x_wconf 88' lang='lat' dir='ltr'>et</span> 
     </span>
    </p>
   </div>
   <div class='ocr_carea' id='block_1_118' title="bbox 2201 4947 3875 5023">
    <p class='ocr_par' dir='ltr' id='par_1_118' title="bbox 2201 4947 3875 5023">
     <span class='ocr_line' id='line_1_120' title="bbox 2201 4947 3875 5023; baseline 0.005 -20"><span class='ocrx_word' id='word_1_866' title='bbox 2201 4947 2691 5017; x_wconf 87' lang='lat' dir='ltr'>Christianarum,</span> <span class='ocrx_word' id='word_1_867' title='bbox 2723 4965 2841 5004; x_wconf 90' lang='lat' dir='ltr'>non</span> <span class='ocrx_word' id='word_1_868' title='bbox 2870 4955 3100 5005; x_wconf 91' lang='lat' dir='ltr'>tantum</span> <span class='ocrx_word' id='word_1_869' title='bbox 3133 4950 3332 5005; x_wconf 91' lang='lat' dir='ltr'>nullus</span> <span class='ocrx_word' id='word_1_870' title='bbox 3366 4950 3539 5007; x_wconf 88' lang='lat' dir='ltr'>fucus</span> <span class='ocrx_word' id='word_1_871' title='bbox 3581 4955 3875 5023; x_wconf 83' lang='lat' dir='ltr'>mendax,</span> 
     </span>
    </p>
   </div>
   <div class='ocr_carea' id='block_1_119' title="bbox 2201 5037 3876 5112">
    <p class='ocr_par' dir='ltr' id='par_1_119' title="bbox 2201 5037 3876 5112">
     <span class='ocr_line' id='line_1_121' title="bbox 2201 5037 3876 5112; baseline 0.006 -21"><span class='ocrx_word' id='word_1_872' title='bbox 2201 5052 2407 5092; x_wconf 88' lang='lat' dir='ltr'>verum</span> <span class='ocrx_word' id='word_1_873' title='bbox 2430 5053 2502 5092; x_wconf 92' lang='lat' dir='ltr'>ne</span> <span class='ocrx_word' id='word_1_874' title='bbox 2524 5037 2651 5093; x_wconf 91' lang='lat' dir='ltr'>auri</span> <span class='ocrx_word' id='word_1_875' title='bbox 2673 5039 2918 5110; x_wconf 92' lang='lat' dir='ltr'>quidem</span> <span class='ocrx_word' id='word_1_876' title='bbox 2942 5039 3248 5112; x_wconf 90' lang='lat' dir='ltr'>vestisque</span> <span class='ocrx_word' id='word_1_877' title='bbox 3267 5055 3512 5112; x_wconf 89' lang='lat' dir='ltr'>pompa,</span> <span class='ocrx_word' id='word_1_878' title='bbox 3535 5043 3645 5098; x_wconf 90' lang='lat' dir='ltr'>sed</span> <span class='ocrx_word' id='word_1_879' title='bbox 3669 5061 3876 5101; x_wconf 88' lang='lat' dir='ltr'>mores</span> 
     </span>
    </p>
   </div>
   <div class='ocr_carea' id='block_1_120' title="bbox 2197 5126 2534 5182">
    <p class='ocr_par' dir='ltr' id='par_1_120' title="bbox 2197 5126 2534 5182">
     <span class='ocr_line' id='line_1_122' title="bbox 2197 5126 2534 5182; baseline 0 0"><span class='ocrx_word' id='word_1_880' title='bbox 2197 5126 2534 5182; x_wconf 68' lang='lat' dir='ltr'>bonisunL</span> 
     </span>
    </p>
   </div>
   <div class='ocr_carea' id='block_1_121' title="bbox 2269 5215 3873 5290">
    <p class='ocr_par' dir='ltr' id='par_1_121' title="bbox 2269 5215 3873 5290">
     <span class='ocr_line' id='line_1_123' title="bbox 2269 5215 3873 5290; baseline 0.006 -20"><span class='ocrx_word' id='word_1_881' title='bbox 2269 5220 2320 5272; x_wconf 78' lang='grc'>2,</span> <span class='ocrx_word' id='word_1_882' title='bbox 2354 5215 2732 5272; x_wconf 84' lang='lat' dir='ltr'>Exsecranda</span> <span class='ocrx_word' id='word_1_883' title='bbox 2759 5222 2957 5274; x_wconf 90' lang='lat' dir='ltr'>autem</span> <span class='ocrx_word' id='word_1_884' title='bbox 2985 5219 3323 5289; x_wconf 89' lang='lat' dir='ltr'>superstitio</span> <span class='ocrx_word' id='word_1_885' title='bbox 3353 5219 3778 5290; x_wconf 85' lang='lat' dir='ltr'>ligaturarum.</span> <span class='ocrx_word' id='word_1_886' title='bbox 3817 5225 3873 5280; x_wconf 83' lang='lat' dir='ltr'>in</span> 
     </span>
    </p>
   </div>
   <div class='ocr_carea' id='block_1_122' title="bbox 2196 5305 3874 5378">
    <p class='ocr_par' dir='ltr' id='par_1_122' title="bbox 2196 5305 3874 5378">
     <span class='ocr_line' id='line_1_124' title="bbox 2196 5305 3874 5378; baseline 0.006 -19"><span class='ocrx_word' id='word_1_887' title='bbox 2196 5306 2414 5378; x_wconf 90' lang='lat' dir='ltr'>quibus</span> <span class='ocrx_word' id='word_1_888' title='bbox 2442 5305 2620 5360; x_wconf 91' lang='lat' dir='ltr'>etiam</span> <span class='ocrx_word' id='word_1_889' title='bbox 2655 5305 2889 5361; x_wconf 87' lang='lat' dir='ltr'>inaures</span> <span class='ocrx_word' id='word_1_890' title='bbox 2928 5306 3188 5363; x_wconf 89' lang='lat' dir='ltr'>virorum</span> <span class='ocrx_word' id='word_1_891' title='bbox 3232 5308 3291 5363; x_wconf 91' lang='lat' dir='ltr'>in</span> <span class='ocrx_word' id='word_1_892' title='bbox 3333 5312 3591 5365; x_wconf 85' lang='lat' dir='ltr'>summis</span> <span class='ocrx_word' id='word_1_893' title='bbox 3635 5329 3709 5367; x_wconf 91' lang='lat' dir='ltr'>ex</span> <span class='ocrx_word' id='word_1_894' title='bbox 3754 5330 3874 5370; x_wconf 86' lang='lat' dir='ltr'>una</span> 
     </span>
    </p>
   </div>
   <div class='ocr_carea' id='block_1_123' title="bbox 2254 5412 3866 5477">
    <p class='ocr_par' dir='ltr' id='par_1_123' title="bbox 2254 5412 3866 5477">
     <span class='ocr_line' id='line_1_125' title="bbox 2254 5412 3866 5477; baseline 0.005 -17"><span class='ocrx_word' id='word_1_895' title='bbox 2254 5415 2267 5477; x_wconf 50' lang='grc' dir='ltr'>ἦ</span> <span class='ocrx_word' id='word_1_896' title='bbox 2289 5412 2418 5477; x_wconf 84' lang='lat' dir='ltr'>Mss.</span> <span class='ocrx_word' id='word_1_897' title='bbox 2439 5413 2546 5462; x_wconf 92' lang='lat' dir='ltr'>duo</span> <span class='ocrx_word' id='word_1_898' title='bbox 2566 5413 2682 5468; x_wconf 87' lang='lat' dir='ltr'>Vat.</span> <span class='ocrx_word' id='word_1_899' title='bbox 2707 5417 2760 5463; x_wconf 88' lang='lat' dir='ltr'>et</span> <span class='ocrx_word' id='word_1_900' title='bbox 2779 5414 2847 5463; x_wconf 87' lang='lat' dir='ltr'>ad</span> <span class='ocrx_word' id='word_1_901' title='bbox 2875 5416 3176 5477; x_wconf 84' lang='lat' dir='ltr'>marginem</span> <span class='ocrx_word' id='word_1_902' title='bbox 3204 5416 3349 5473; x_wconf 91' lang='lat' dir='ltr'>Lov.,</span> <span class='ocrx_word' id='word_1_903' title='bbox 3370 5420 3425 5464; x_wconf 85' lang='lat' dir='ltr'>ut</span> <span class='ocrx_word' id='word_1_904' title='bbox 3442 5418 3609 5466; x_wconf 74' lang='lat' dir='ltr'>solvat</span> <span class='ocrx_word' id='word_1_905' title='bbox 3637 5433 3670 5466; x_wconf 86' lang='grc' dir='ltr'><strong><em>α</em></strong></span> <span class='ocrx_word' id='word_1_906' title='bbox 3691 5420 3866 5469; x_wconf 73' lang='lat' dir='ltr'>nobis.</span> 
     </span>
    </p>
   </div>
   <div class='ocr_carea' id='block_1_124' title="bbox 2254 5476 3867 5540">
    <p class='ocr_par' dir='ltr' id='par_1_124' title="bbox 2254 5476 3867 5540">
     <span class='ocr_line' id='line_1_126' title="bbox 2254 5476 3867 5540; baseline 0.005 -17"><span class='ocrx_word' id='word_1_907' title='bbox 2254 5476 2271 5504; x_wconf 80' lang='lat'>&#39;</span> <span class='ocrx_word' id='word_1_908' title='bbox 2305 5476 2452 5532; x_wconf 40' lang='lat' dir='ltr'>lildd.,</span> <span class='ocrx_word' id='word_1_909' title='bbox 2480 5477 2564 5524; x_wconf 87' lang='lat' dir='ltr'>sed</span> <span class='ocrx_word' id='word_1_910' title='bbox 2599 5477 2749 5524; x_wconf 84' lang='lat' dir='ltr'>etiam</span> <span class='ocrx_word' id='word_1_911' title='bbox 2775 5491 2871 5540; x_wconf 82' lang='lat' dir='ltr'>per</span> <span class='ocrx_word' id='word_1_912' title='bbox 2897 5476 3035 5525; x_wconf 77' lang='lat' dir='ltr'>maia</span> <span class='ocrx_word' id='word_1_913' title='bbox 3057 5480 3354 5540; x_wconf 63' lang='lat' dir='ltr'>praesentia.</span> <span class='ocrx_word' id='word_1_914' title='bbox 3388 5480 3734 5530; x_wconf 60' lang='lat' dir='ltr'>Praetulimus</span> <span class='ocrx_word' id='word_1_915' title='bbox 3767 5483 3867 5531; x_wconf 78' lang='lat' dir='ltr'>lec-</span> 
     </span>
    </p>
   </div>
   <div class='ocr_carea' id='block_1_125' title="bbox 2192 5538 3864 5594">
    <p class='ocr_par' dir='ltr' id='par_1_125' title="bbox 2192 5538 3864 5594">
     <span class='ocr_line' id='line_1_127' title="bbox 2192 5538 3864 5594; baseline 0.004 -7"><span class='ocrx_word' id='word_1_916' title='bbox 2192 5538 2392 5588; x_wconf 89' lang='lat' dir='ltr'>tionem</span> <span class='ocrx_word' id='word_1_917' title='bbox 2417 5542 2684 5594; x_wconf 86' lang='lat' dir='ltr'>repertam</span> <span class='ocrx_word' id='word_1_918' title='bbox 2711 5538 2995 5589; x_wconf 49' lang='lat' dir='ltr'>in‘vetusto</span> <span class='ocrx_word' id='word_1_919' title='bbox 3011 5538 3192 5591; x_wconf 84' lang='lat' dir='ltr'>codice</span> <span class='ocrx_word' id='word_1_920' title='bbox 3218 5542 3369 5591; x_wconf 88' lang='lat' dir='ltr'>Corb.</span> <span class='ocrx_word' id='word_1_921' title='bbox 3391 5547 3443 5592; x_wconf 88' lang='lat' dir='ltr'>et</span> <span class='ocrx_word' id='word_1_922' title='bbox 3459 5542 3512 5590; x_wconf 91' lang='lat' dir='ltr'>in</span> <span class='ocrx_word' id='word_1_923' title='bbox 3531 5557 3646 5592; x_wconf 89' lang='lat' dir='ltr'>uno</span> <span class='ocrx_word' id='word_1_924' title='bbox 3669 5559 3698 5593; x_wconf 89' lang='lat' dir='ltr'>e</span> <span class='ocrx_word' id='word_1_925' title='bbox 3713 5546 3864 5594; x_wconf 88' lang='lat' dir='ltr'>sorb.</span> 
     </span>
    </p>
   </div>
   <div class='ocr_carea' id='block_1_126' title="bbox 2252 5602 3860 5671">
    <p class='ocr_par' dir='ltr' id='par_1_126' title="bbox 2252 5602 3860 5671">
     <span class='ocr_line' id='line_1_128' title="bbox 2252 5602 3860 5671; baseline 0.006 -23"><span class='ocrx_word' id='word_1_926' title='bbox 2252 5602 2426 5671; x_wconf 50' lang='lat' dir='ltr'>*4d_a_</span> <span class='ocrx_word' id='word_1_927' title='bbox 2441 5602 2511 5671; x_wconf 78' lang='lat' dir='ltr'>bl.</span> <span class='ocrx_word' id='word_1_928' title='bbox 2532 5616 2575 5652; x_wconf 89' lang='lat' dir='ltr'>c.</span> <span class='ocrx_word' id='word_1_929' title='bbox 2596 5617 2673 5652; x_wconf 88' lang='lat' dir='ltr'>cc.</span> <span class='ocrx_word' id='word_1_930' title='bbox 2691 5602 2743 5671; x_wconf 69' lang='lat' dir='ltr'>tl‘.</span> <span class='ocrx_word' id='word_1_931' title='bbox 2759 5617 2812 5665; x_wconf 86' lang='lat' dir='ltr'>g.</span> <span class='ocrx_word' id='word_1_932' title='bbox 2831 5617 2918 5667; x_wconf 89' lang='lat' dir='ltr'>gv.</span> <span class='ocrx_word' id='word_1_933' title='bbox 2933 5602 2972 5666; x_wconf 91' lang='lat' dir='ltr'>j.</span> <span class='ocrx_word' id='word_1_934' title='bbox 2993 5617 3047 5652; x_wconf 91' lang='lat' dir='ltr'>n.</span> <span class='ocrx_word' id='word_1_935' title='bbox 3065 5617 3107 5653; x_wconf 89' lang='lat' dir='ltr'>r.</span> <span class='ocrx_word' id='word_1_936' title='bbox 3128 5618 3178 5654; x_wconf 88' lang='lat' dir='ltr'>s.</span> <span class='ocrx_word' id='word_1_937' title='bbox 3197 5607 3235 5652; x_wconf 83' lang='lat' dir='ltr'>t.</span> <span class='ocrx_word' id='word_1_938' title='bbox 3249 5619 3331 5654; x_wconf 91' lang='lat' dir='ltr'>vc.</span> <span class='ocrx_word' id='word_1_939' title='bbox 3347 5605 3482 5655; x_wconf 89' lang='lat' dir='ltr'>duos</span> <span class='ocrx_word' id='word_1_940' title='bbox 3499 5605 3583 5656; x_wconf 90' lang='lat' dir='ltr'>sb.</span> <span class='ocrx_word' id='word_1_941' title='bbox 3598 5612 3860 5671; x_wconf 82' lang='lat' dir='ltr'>quatuor.</span> 
     </span>
    </p>
   </div>
   <div class='ocr_carea' id='block_1_127' title="bbox 2191 5663 3127 5715">
    <p class='ocr_par' dir='ltr' id='par_1_127' title="bbox 2191 5663 3127 5715">
     <span class='ocr_line' id='line_1_129' title="bbox 2191 5663 3127 5715; baseline -0.001 0"><span class='ocrx_word' id='word_1_942' title='bbox 2191 5675 2243 5715; x_wconf 86' lang='lat' dir='ltr'>v.</span> <span class='ocrx_word' id='word_1_943' title='bbox 2271 5667 2324 5713; x_wconf 89' lang='lat' dir='ltr'>et</span> <span class='ocrx_word' id='word_1_944' title='bbox 2355 5663 2488 5713; x_wconf 87' lang='lat' dir='ltr'>Edd.</span> <span class='ocrx_word' id='word_1_945' title='bbox 2522 5663 2787 5715; x_wconf 55' lang='lat' dir='ltr'>correcta?</span> <span class='ocrx_word' id='word_1_946' title='bbox 2837 5663 2860 5667; x_wconf 73' lang='grc'><strong><em>“</em></strong></span> <span class='ocrx_word' id='word_1_947' title='bbox 2935 5663 2949 5666; x_wconf 70' lang='grc'>⁷</span> <span class='ocrx_word' id='word_1_948' title='bbox 3123 5673 3127 5675; x_wconf 69' lang='grc'><strong>“</strong></span> 
     </span>
    </p>
   </div>
   <div class='ocr_carea' id='block_1_128' title="bbox 2253 5725 3544 5794">
    <p class='ocr_par' dir='ltr' id='par_1_128' title="bbox 2253 5725 3544 5794">
     <span class='ocr_line' id='line_1_130' title="bbox 2253 5725 3544 5794; baseline 0.004 -19"><span class='ocrx_word' id='word_1_949' title='bbox 2253 5725 2326 5792; x_wconf 81' lang='grc' dir='ltr'>(α)</span> <span class='ocrx_word' id='word_1_950' title='bbox 2351 5727 2496 5779; x_wconf 80' lang='lat' dir='ltr'>Alias</span> <span class='ocrx_word' id='word_1_951' title='bbox 2519 5729 2578 5779; x_wconf 82' lang='lat'><strong>73</strong></span> <span class='ocrx_word' id='word_1_952' title='bbox 2614 5743 2631 5781; x_wconf 71' lang='grc' dir='ltr'>ι</span> <span class='ocrx_word' id='word_1_953' title='bbox 2659 5729 2993 5794; x_wconf 66' lang='lat' dir='ltr'>quassatam</span> <span class='ocrx_word' id='word_1_954' title='bbox 3021 5728 3117 5780; x_wconf 66' lang='lat'>245</span> <span class='ocrx_word' id='word_1_955' title='bbox 3147 5732 3278 5789; x_wconf 79' lang='lat' dir='ltr'>erat,</span> <span class='ocrx_word' id='word_1_956' title='bbox 3314 5730 3544 5783; x_wconf 83' lang='lat' dir='ltr'>nunc-8.</span> 
     </span>
    </p>
   </div>
  </div>
