4138 6172
275 159 409 219 1061

268 291 439 360 parte
453 287 733 344 auriculis
761 303 1064 361 suspensae
1094 288 1458 361 deputantur
1489 306 1506 360 ;
1539 304 1660 344 non
1698 288 1773 344 ad
1794 287 1923 360 pla-

271 376 533 432 cendum
545 376 1028 442 bominibus,sed
1047 377 1122 433 ad
1146 378 1526 433 serviendum
1548 377 1927 433 daemonibus

267 464 608 522 adhibetur.
629 466 768 531 Quis
792 473 992 523 autem
1022 467 1211 538 possit
1243 467 1532 539 speciales
1558 466 1924 522 nefariarum

270 555 763 626 superstitionum
778 555 1208 628 prohibitiones
1227 557 1282 611 in
1309 557 1620 629 Scripturis
1635 556 1920 620 invenire,

268 659 407 699 cum
423 644 776 714 generaliter
787 646 1112 718 Apostolus
1126 646 1462 710 dicat,Nolo
1477 661 1575 701 vos
1587 645 1767 702 socios
1792 643 1924 712 ﬁeri

266 733 689 790 daemoniorum
727 736 770 803 (Ι
800 735 932 791 Cor.
962 752 1021 804 x,
1054 735 1143 807 20)
1176 737 1204 792 ?
1234 740 1288 791 et
1319 737 1554 800 iterum,
1589 735 1728 801 Quae
1766 735 1920 790 enim

267 824 660 881 consonantia
693 824 911 881 Christi
938 825 1019 882 ad
1045 825 1321 897 Belial(ll
1347 825 1483 881 Cor.
1512 841 1591 890 vn,
1626 826 1713 894 l5)
1746 825 1772 880 ‘t
1797 823 1919 878 Nisi

265 911 412 968 forte
439 913 584 984 quia
615 913 790 969 Belial
825 915 1177 978 nominavnt,
1205 920 1261 969 et
1291 912 1630 984 generalem
1667 912 1918 968 societa-

265 1004 387 1057 tem
400 1002 838 1058 daemoniorum
853 1003 1177 1074 prohibuit,
1193 1003 1325 1058 licet
1337 1002 1682 1058 Christianis
1701 1001 1919 1057 sacrifi-

263 1105 400 1146 care
452 1091 748 1162 Neptuno,
809 1093 954 1163 quia
1021 1093 1167 1148 nihil
1223 1093 1462 1164 proprie
1521 1092 1594 1146 de
1646 1094 1916 1162 Neptuno

265 1180 778 1250 vetitumlegimus
797 1180 810 1236 1
828 1182 1171 1238 Moneantur
1186 1181 1420 1237 interim
1436 1180 1660 1250 miseri,
1679 1186 1738 1235 ut
1755 1180 1919 1235 siob-

265 1273 598 1342 temperare
641 1269 1180 1343 noluntpreeceptis
1213 1270 1671 1334 salubrioribus,
1704 1268 1916 1325 saltem

264 1359 577 1430 sacrilegia
601 1375 712 1415 sua
741 1375 862 1415 non
890 1359 1229 1426 defendant,
1264 1375 1339 1415 ne
1367 1359 1583 1431 majori
1604 1374 1665 1414 se
1697 1359 1916 1414 scelere

265 1448 587 1519 implicent.
622 1448 774 1513 Quid
796 1455 995 1504 autem
1017 1464 1154 1504 cum
1176 1449 1260 1503 eis
1286 1449 1588 1518 agendum
1613 1448 1706 1516 sit,
1731 1448 1780 1501 si
1804 1447 1919 1502 sol-

257 1550 398 1594 vere
432 1537 671 1593 inaures
696 1537 922 1601 timent,
971 1544 1024 1592 et
1063 1553 1280 1608 corpus
1309 1537 1520 1594 Christi
1563 1552 1700 1592 cum
1745 1536 1919 1606 signo

257 1625 487 1682 diaboli
516 1627 781 1698 accipere
808 1641 929 1681 non
961 1626 1215 1682 timent?
1245 1629 1321 1681 De
1343 1625 1684 1681 ordinando
1714 1632 1915 1681 autem

259 1717 364 1787 qui
389 1715 449 1771 in
476 1721 642 1787 parte
669 1717 878 1772 Donati
907 1716 1241 1788 baptizatus
1265 1721 1372 1782 est,
1405 1722 1615 1771 auctor
1644 1714 1747 1770 tibi
1784 1729 1916 1770 esse

255 1820 381 1860 non
405 1820 685 1877 possum:
715 1804 878 1861 aliud
900 1811 987 1860 est
1013 1805 1172 1860 enim
1197 1805 1386 1861 facere
1405 1804 1453 1860 si
1473 1804 1729 1875 cogaris,
1752 1803 1914 1860 aliud

259 1894 382 1950 aliu
421 1893 730 1950 consulere
762 1899 823 1949 ut
850 1894 1056 1950 facias.

687 1983 1020 2041 EPISTOLA
1061 1984 1304 2040 CCXLVI
1336 1983 1352 1999 '
1381 1982 1485 2053 (a).

253 2073 633 2144 Augustinus
650 2074 1000 2143 Lampadio,
1024 2073 1332 2129 ostendens
1346 2073 1544 2141 fatum
1559 2071 1618 2128 in
1640 2074 1912 2141 peccatis

327 2177 633 2233 perperam
660 2162 959 2229 excusari,
993 2163 1213 2234 quippe
1236 2165 1409 2232 cujus
1439 2164 1531 2219 vel
1554 2163 1671 2231 ipsi
1696 2165 1915 2221 mathe-

329 2253 537 2309 matici
562 2253 797 2310 nullam
827 2252 1118 2309 rationem
1140 2251 1400 2308 habeant
1430 2255 1490 2309 in
1512 2253 1762 2310 subditis
1783 2269 1912 2311 cas-

332 2342 618 2413 tigandis.

742 2415 1090 2470 Aucusrmus
1126 2412 1445 2470 LAMPADIO.

329 2502 384 2555 1.
416 2502 493 2557 De
517 2501 848 2573 quaestione
879 2503 982 2559 fati
1021 2517 1089 2559 ac
1118 2501 1393 2572 fortunae,
1416 2518 1540 2575 qua
1572 2507 1740 2560 tuum
1781 2505 1910 2562 ani-

256 2606 426 2646 mum
453 2607 574 2647 non
603 2590 808 2648 leviter
845 2591 1092 2659 moveri,
1128 2596 1184 2647 et
1214 2607 1352 2647 cum
1404 2608 1670 2663 praesens
1713 2609 1907 2650 essem

255 2679 509 2749 adverti,
536 2685 593 2736 et
617 2696 776 2736 nunc
807 2681 921 2737 tuis
946 2680 1156 2737 litteris
1186 2682 1410 2750 gratius
1442 2682 1777 2754 certiusque
1807 2699 1907 2740 co-

260 2769 466 2839 gnovi,
497 2769 850 2842 rescriptum
871 2770 973 2826 tibi
1000 2785 1120 2826 non
1138 2771 1307 2842 parvi
1330 2770 1653 2826 voluminis
1674 2771 1866 2828 debeo
1891 2791 1905 2840 ;

253 2859 422 2930 quod
455 2858 742 2915 Dominus
761 2859 1065 2931 praestabit
1091 2866 1153 2916 ut
1177 2861 1257 2916 ita
1278 2860 1589 2932 explicem,
1617 2863 1910 2932 quemad-

256 2948 697 3018 modummovit
723 2950 826 3006 tibi
857 2965 1184 3019 congruere
1215 2950 1293 3006 ad
1321 2949 1572 3006 salutem
1605 2951 1740 3006 fidei
1771 2957 1910 3008 tuae.

257 3039 386 3094 Non
398 3039 558 3094 enim
575 3055 832 3109 parvum
849 3039 1074 3095 malum
1091 3044 1198 3102 est,
1219 3039 1511 3110 perversis
1525 3040 1911 3111 opinionibus

257 3141 382 3182 non
399 3127 598 3182 solum
631 3127 712 3183 ad
742 3128 1238 3183 committendum
1267 3127 1680 3184 blandimento
1703 3128 1911 3202 volup-

258 3215 394 3272 tatis
415 3215 655 3283 adduci,
674 3216 778 3273 sed
801 3217 978 3273 etiam
996 3216 1074 3273 ad
1091 3216 1534 3274 defendendum
1548 3223 1863 3289 peccatum
1876 3236 1913 3276 a

255 3305 698 3362 medicamento
738 3306 1128 3362 confessionis
1161 3306 1372 3362 averti.

325 3394 544 3451 2.Illud
569 3411 712 3452 sane
728 3397 1084 3468 quantocius
1106 3411 1175 3451 ac
1199 3395 1458 3452 breviter
1478 3397 1742 3462 noveris,
1774 3413 1907 3454 om-

253 3499 360 3540 nes
388 3483 551 3554 leges
582 3490 760 3558 atque
787 3485 992 3542 omnia
1011 3485 1283 3541 instituta
1304 3484 1651 3557 disciplinae,
1671 3486 1904 3554 laudes,

253 3573 740 3645 vituperationes,
793 3573 1248 3639 exhortationes,
1310 3579 1579 3639 terrores,
1633 3577 1903 3647 praamia,

253 3662 570 3734 supplicia,
604 3669 936 3736 cmteraque
956 3663 1162 3719 omnia
1189 3664 1410 3736 quibus
1437 3663 1777 3721 humanum
1803 3681 1905 3736 ge-

251 3767 366 3808 nus
395 3752 846 3809 administratur
875 3759 930 3809 et
972 3754 1215 3823 regitur,
1270 3755 1504 3824 penitus
1549 3754 1903 3812 labefactari

249 3847 429 3914 atque
458 3841 744 3911 subverti,
776 3842 1042 3914 nihilque
1069 3843 1129 3898 in
1160 3843 1244 3898 eis
1273 3845 1523 3900 omnino
1540 3845 1786 3914 justitiaa
1817 3861 1902 3902 re-

246 3946 511 3997 manere,
546 3931 661 3986 nisi
683 3931 960 3988 voluntas
991 3932 1065 3988 sit
1093 3948 1280 3988 causa
1311 3933 1623 4005 peccandi.
1664 3936 1898 4000 Quanto

241 4037 386 4091 ergo
409 4020 682 4077 licentius
712 4026 770 4077 et
792 4023 1024 4094 aequius
1059 4023 1622 4079 mathematicorum
1672 4024 1899 4097 impro-

238 4109 461 4166 bamus
501 4125 748 4178 errores,
781 4127 967 4183 quam
999 4111 1235 4168 divinas
1265 4112 1450 4182 leges,
1477 4113 1568 4167 vel
1589 4113 1766 4170 etiam
1795 4114 1900 4170 do-

238 4215 480 4255 morum
500 4204 843 4256 nostrarum
873 4216 1082 4256 curam
1109 4199 1400 4256 damnare
1426 4207 1605 4274 atque
1637 4202 1897 4273 abjicere

241 4290 515 4359 cogimur
543 4304 557 4356 ;
582 4289 747 4362 quod
771 4305 878 4344 nec
903 4289 1015 4361 ipsi
1043 4291 1444 4346 mathematici
1464 4291 1731 4348 faciunt?
1747 4296 1895 4350 Nam

241 4393 384 4434 cum
400 4377 613 4450 aliquis
634 4394 842 4434 eorum
863 4379 1209 4435 hominibus
1232 4381 1563 4437 nummatis
1589 4380 1754 4438 fatua
1773 4382 1896 4439 fata

241 4467 610 4539 vendiderit;
647 4484 785 4524 mox
817 4473 879 4524 ut
909 4468 1150 4525 oculum
1181 4485 1217 4526 a
1248 4469 1475 4526 tabellis
1507 4471 1789 4527 eburneis
1818 4472 1897 4528 ad

241 4555 465 4613 domus
494 4574 618 4614 suae
647 4559 1039 4615 moderamen
1069 4574 1140 4615 ac
1179 4559 1636 4616 sollicitudinem
1662 4576 1899 4617 revoca-

243 4647 406 4717 verit,
437 4661 558 4703 non
585 4647 780 4703 solum
798 4647 1064 4713 vocibus,
1085 4649 1187 4702 sed
1205 4649 1382 4704 etiam
1407 4649 1599 4720 plagis
1619 4651 1899 4708 emendat

243 4751 535 4801 uxorum;
569 4751 690 4792 non
716 4737 852 4793 dico
879 4739 926 4791 si
956 4738 1316 4808 petulantius
1342 4737 1668 4808 jocantem,
1712 4739 1814 4794 sed
1847 4739 1892 4795 si

241 4826 697 4882 immoderatius
753 4843 859 4898 per
900 4827 1221 4882 fenestram
1271 4828 1660 4899 aspicientem
1699 4829 1897 4884 anim-

243 4915 579 4971 adverterit.
604 4917 742 4981 Quae
771 4924 970 4972 tamen
1001 4917 1050 4971 si
1080 4917 1131 4971 ei
1157 4916 1336 4981 dicat,
1367 4916 1520 4981 Quid
1541 4933 1638 4973 me
1669 4919 1847 4974 caedis
1868 4920 1896 4974 ?

241 5005 527 5060 Venerem
558 5006 716 5060 caede
747 5007 796 5060 si
825 5012 1011 5077 potes,
1054 5021 1090 5062 a
1119 5021 1240 5077 qua
1280 5021 1462 5075 cogor
1511 5006 1626 5062 hoc
1662 5007 1891 5065 facere:

243 5101 370 5150 tum
395 5111 532 5150 vero
553 5095 648 5150 ille
664 5111 784 5151 non
808 5102 1173 5167 curatquam
1195 5111 1353 5152 vana
1367 5097 1550 5152 verba
1569 5106 1897 5169 componat

241 5183 518 5240 fallendis
535 5185 848 5251 extraneis,
871 5185 978 5240 sed
991 5200 1176 5257 quam
1185 5186 1204 5256 j
1218 5190 1347 5242 usta
1362 5185 1607 5243 verbera
1624 5188 1894 5260 imponat

243 5273 610 5344 corrigendis
637 5275 785 5329 suis.

315 5367 366 5420 3.
393 5365 646 5429 Quando
662 5379 802 5434 ergo
819 5364 1093 5437 quisque,
1111 5380 1249 5420 cum
1262 5365 1610 5436 reprehendi
1629 5383 1717 5424 cce
1727 5368 1892 5440 perit,

239 5454 804 5523 causamkconvertit
827 5455 884 5510 in
918 5453 1125 5521 fatum,
1154 5460 1211 5510 et
1241 5453 1377 5510 ideo
1404 5469 1466 5510 se
1498 5456 1726 5528 culpari
1770 5473 1894 5515 non

303 5629 323 5652 ⁸
345 5629 462 5695 Non
476 5633 639 5695 Arepta
671 5631 726 5679 in
756 5627 880 5680 Mss.
905 5632 1126 5695 excepto
1161 5644 1268 5680 uno
1306 5628 1583 5682 Vaticano.

305 5694 378 5761 ta)
405 5693 558 5746 Alias
573 5695 701 5746 243:
732 5709 854 5761 qua:
882 5693 1065 5748 autem
1096 5696 1188 5745 246
1203 5697 1335 5754 erat,
1362 5708 1508 5747 nunc
1524 5697 1642 5750 160.

1517 159 2021 219 EPISTOLARUM
2061 159 2353 222 CLASSIS
2391 162 2494 226 IV.

3563 181 3579 232 t
3591 178 3696 234 062

2039 287 2186 353 vult,
2206 289 2349 361 quia
2363 288 2480 345 fato
2495 303 2554 344 se
2571 287 2998 348 dicitcoactum
3013 292 3219 351 fecisse
3233 295 3292 352 id
3313 299 3478 370 quod
3497 305 3696 374 argui-

2041 381 2168 443 tur;
2201 378 2406 434 redeat
2423 377 2498 433 ad
2523 378 2810 450 seipsum,
2835 387 3024 437 servet
3049 383 3238 440 hocin
3267 387 3409 455 suis,
3442 405 3562 446 non
3595 409 3692 450 ca-

2041 467 2212 536 stiget
2235 483 2474 522 servum
2490 467 2703 534 furem,
2724 484 2846 524 non
2868 470 2942 524 de
2961 474 3391 532 contumelioso
3417 479 3536 536 tilio
3555 498 3694 538 con-

2037 563 2338 627 queratur,
2373 556 2564 611 vicino
2590 558 2869 628 improbo
2892 575 3012 614 non
3038 561 3315 619 minetur.
3344 568 3495 631 Quid
3527 573 3687 628 enim

2034 643 2252 699 horum
2280 645 2690 714 faciens,juste
2705 646 2863 716 facit,
2880 649 2922 701 si
2940 665 3151 704 omnes
3165 668 3198 707 a
3213 654 3427 724 quibus
3441 658 3688 728 injurias

2035 733 2272 805 patitur,
2306 749 2426 789 non
2459 733 2637 804 culpa
2665 752 2795 802 sua,
2824 737 2928 791 sed
2955 737 3078 795 fato
3103 740 3490 813 impelluntur
3523 755 3584 804 ut
3607 750 3687 807 fa-

2033 820 2243 878 ciant?
2269 823 2323 879 Si
2353 828 2554 878 autem
2573 823 2705 894 jure
2733 827 2976 896 proprio
2995 834 3051 882 et
3078 832 3522 900 patrisfamilias
3559 838 3686 894 dili~

2031 911 2250 982 gentia,
2291 928 2709 984 quoscumque
2740 914 3014 971 homines
3049 933 3154 988 pro
3182 925 3446 994 tempore
3475 926 3534 982 in
3584 945 3688 1000 po-

2031 1004 2239 1056 testate
2269 1000 2468 1069 habet,
2503 1001 2771 1057 hortatur
2796 1004 2874 1058 ad
2890 1003 3139 1078 bonum,
3163 1009 3416 1068 deterret
3446 1030 3481 1070 a
3506 1019 3686 1086 malo,

2029 1089 2283 1161 imperat
2306 1106 2428 1144 suae
2450 1091 2738 1147 voluntati
2766 1098 2826 1147 ut
2847 1093 3283 1167 obtemperent,
3309 1101 3564 1162 honorat
3588 1124 3689 1164 eos

2029 1179 2131 1249 qui
2163 1179 2277 1233 sibi
2308 1179 2384 1234 ad
2417 1187 2623 1234 nutum
2653 1181 2960 1248 obediunt,
2991 1185 3254 1243 vindicat
3275 1189 3333 1244 in
3363 1207 3463 1248 eos
3495 1197 3599 1267 qui
3628 1214 3689 1254 se

2030 1273 2436 1332 contemnunt,
2470 1269 2741 1340 rependit
2781 1273 3033 1340 gratiam
3068 1275 3376 1347 beneficis,
3425 1284 3549 1340 odit
3597 1286 3690 1342 in-

2030 1361 2230 1426 gratos
2253 1375 2266 1427 ;
2311 1373 2498 1428 egone
2528 1360 2888 1430 exspectabo
2915 1368 2972 1418 ut
2990 1370 3196 1420 contra
3222 1367 3338 1424 fata
3362 1371 3683 1444 disputem,

2030 1460 2183 1535 cum,
2201 1451 2363 1503 tanta
2384 1463 2522 1502 eum
2551 1464 2670 1503 non
2697 1450 2908 1517 verbis,
2940 1453 3046 1507 sed
3069 1454 3238 1510 factis
3262 1458 3461 1530 eloqui
3482 1463 3687 1535 depre-

2029 1532 2316 1601 hendam,
2347 1542 2408 1590 ut
2431 1552 2616 1608 prope
2637 1539 2916 1595 manibus
2943 1542 3066 1595 suis
3086 1560 3295 1600 omnes
3316 1532 3689 1609 mathemati-

2029 1637 2238 1678 corum
2260 1624 2506 1695 capillos
2532 1641 2711 1698 super
2735 1630 2930 1698 capita
2960 1646 3167 1687 eorum
3191 1633 3461 1704 frangere
3490 1642 3688 1700 videa-

2030 1715 2122 1766 tur
2144 1711 2170 1767 ἵ
2196 1713 2293 1767 His
2317 1714 2520 1786 itaque
2550 1717 2758 1786 paucis
2776 1717 2824 1770 si
2849 1718 3103 1775 aviditas
3135 1725 3238 1778 tua
3259 1732 3538 1784 contenta
3566 1746 3688 1788 non

2028 1800 2436 1891 est,ie_tlibrum
2451 1803 2712 1875 aliquem
2727 1804 2800 1860 de
2816 1805 2925 1862 hac
2941 1824 3020 1871 re,
3053 1826 3234 1881 quem
3270 1813 3491 1871 diutius
3505 1818 3683 1891 legat,

2027 1887 2360 1956 desiderat;
2391 1892 2677 1960 patienter
2699 1892 2802 1948 tibi
2828 1901 2966 1950 sunt
2992 1903 3405 1970 exspectandae
3427 1887 3684 1966 vacatio-

2028 1991 2135 2031 nes
2169 1984 2404 2044 nostraa,
2435 1985 2489 2035 et
2513 1981 2820 2049 rogandus
2853 1986 3022 2054 Deus,
3065 1989 3167 2058 qui
3201 1995 3255 2045 et
3285 1993 3474 2049 otium
3514 2002 3569 2051 et
3596 1997 3682 2055 fa-

2028 2066 2307 2124 cultatem
2340 2069 2612 2125 satiando
2634 2071 2706 2125 de
2726 2070 2834 2126 hac
2867 2088 2926 2128 re
2950 2075 3154 2132 animo
3186 2083 3284 2135 tuo
3316 2082 3571 2140 tribuere
3596 2087 3681 2142 di-

2026 2160 2256 2226 gnetur.
2275 2159 2384 2212 Ero
2403 2164 2600 2214 tamen
2619 2159 2890 2227 alacrior,
2906 2163 2952 2217 si
2967 2169 3190 2238 etsaape
3205 2184 3681 2232 commemorare

2026 2244 2541 2335 me-litterisrtuam
2572 2264 2693 2304 non
2723 2250 2979 2321 piguerit
3003 2253 3377 2326 charitatem,
3430 2267 3486 2318 et
3533 2265 3681 2335 quid

2023 2333 2096 2389 de
2122 2333 2236 2390 hac
2266 2334 2522 2407 epistola
2561 2338 2782 2394 sentias
2815 2343 3201 2402 rescribendo
3234 2347 3532 2408 docueris.

2413 2462 2752 2519 EPISTOLA
2793 2467 3063 2523 CCXLV”
3089 2471 3109 2492 '
3149 2471 3255 2542 (a).

2017 2584 2386 2655 Augustinus
2407 2587 2720 2644 Romulum
2745 2597 3036 2658 potentem
3069 2594 3382 2665 hominem,
3408 2615 3577 2671 quem
3610 2604 3671 2660 in

2091 2675 2324 2731 Christo
2353 2683 2663 2746 genuerat,
2697 2679 2956 2736 obsecrat
2985 2697 3058 2738 ne
3089 2684 3340 2741 nimimu
3361 2691 3602 2747 acerbus
3623 2697 3676 2748 et

2091 2764 2342 2834 iniustus
2371 2773 2612 2822 exactor
2635 2769 2683 2821 si
2710 2769 3056 2825 tributorum
3093 2775 3675 2838 administratoribus

2087 2855 2200 2907 suis
2225 2856 2585 2911 solutorum:
2617 2857 2893 2912 minitans
2914 2862 2989 2925 ei,
3009 2861 3059 2915 si
3084 2865 3404 2931 tyrannice
3424 2871 3664 2941 exigere

2089 2949 2320 3012 pergat,
2349 2951 2673 3000 extremum
2694 2945 3008 3014 judicium.

2024 3065 2278 3124 Domino
2307 3066 2692 3124 dilectissimo
2734 3071 2963 3125 Romam
3017 3071 3157 3138 filio,
3204 3079 3570 3150 Aunusrmus,
3609 3084 3670 3142 in

2570 3159 2820 3214 Domino
2861 3160 3135 3218 salutem.

2098 3278 2145 3329 l.
2187 3274 2410 3330 Veritas
2439 3278 2494 3328 et
2523 3273 2714 3329 dulcis
2744 3280 2832 3330 est
2860 3281 2917 3332 et
2941 3293 3170 3336 amara.
3197 3283 3450 3347 Quando
3479 3287 3670 3346 dulcis

2021 3367 2130 3429 est,
2150 3363 2339 3435 parcit
2358 3381 2370 3431 ;
2389 3365 2708 3435 etquando
2729 3381 2957 3432 amara,
2979 3374 3162 3425 curat.
3188 3369 3247 3425 Si
3280 3388 3400 3429 non
3427 3391 3674 3436 recusas

2019 3453 2226 3510 bibere
2264 3453 2429 3526 quod
2457 3454 2517 3508 in
2543 3453 2657 3509 hac
2687 3455 2939 3526 epistola
2967 3456 3173 3526 offero,
3199 3462 3485 3532 probabis
3505 3470 3672 3539 quod

2019 3543 2158 3599 dixi.
2190 3543 2425 3598 Utinam
2443 3543 2592 3599 sicut
2613 3544 2758 3599 mihi
2780 3561 2899 3601 non
2930 3545 3117 3614 obest,
3140 3551 3222 3604 sic
3240 3567 3348 3608 nec
3377 3555 3479 3611 tibi
3499 3558 3677 3615 obes-

2017 3639 2103 3689 set
2118 3633 2414 3705 quidquid
2426 3633 2926 3690 contumeliarum
2942 3637 3086 3692 mihi
3099 3637 3330 3710 irrogas
3345 3661 3357 3699 :
3375 3651 3429 3700 et
3445 3647 3672 3706 utinam

2015 3723 2107 3779 vel
2140 3727 2366 3778 tantum
2395 3721 2498 3777 tibi
2519 3721 2760 3778 obesset
2799 3724 3080 3795 iniquitas
3118 3743 3304 3799 quam
3343 3735 3576 3792 miseris
3613 3742 3670 3795 et

2015 3812 2383 3884 pauperibus
2407 3811 2573 3876 facis,
2596 3818 2887 3883 quantum
2920 3815 3091 3871 obest
3109 3817 3259 3887 ipsis
3289 3824 3511 3892 quibus
3534 3842 3670 3884 eam

2011 3900 2177 3957 facis.
2210 3900 2293 3955 Illi
2323 3901 2482 3956 enim
2513 3901 2592 3956 ad
2625 3906 2860 3973 tempus
2889 3902 3186 3972 laborant,
3223 3914 3281 3963 tu
3313 3919 3512 3969 autem
3542 3915 3666 3973 vide

2011 3989 2160 4061 quid
2192 3989 2292 4044 tibi
2323 3990 2682 4045 thesaurizes
2707 3991 2766 4045 in
2793 3991 2889 4046 die
2921 3993 3020 4049 irae
3051 3997 3499 4056 etrevelationis
3515 4005 3666 4075 justi

2003 4078 2216 4150 judicii
2250 4077 2371 4145 Dei,
2403 4078 2507 4150 qui
2539 4078 2745 4136 reddet
2775 4082 3095 4154 unicuique
3123 4089 3456 4146 secundum
3479 4108 3666 4166 opera

2011 4184 2123 4224 sua
2154 4169 2342 4237 (Rom.
2374 4183 2432 4235 ιι,
2462 4172 2514 4233 5,
2537 4169 2614 4240 6).
2650 4170 2832 4241 Cujus
2867 4170 3340 4233 misericordiam
3371 4179 3663 4253 deprecor

2011 4263 2074 4314 ut
2098 4259 2194 4315 hic
2217 4266 2268 4315 te
2293 4260 2551 4328 corrigat
2570 4261 2880 4331 quomodo
2897 4263 3022 4332 ipse
3045 4266 3226 4331 novit,
3253 4270 3450 4338 potius
3471 4289 3658 4344 quam

2009 4354 2267 4405 reservet
2287 4350 2346 4404 in
2372 4349 2541 4404 illum
2569 4350 2730 4405 diem
2760 4352 3007 4421 quando
3039 4354 3375 4424 nulluSJam
3403 4362 3510 4416 erit
3529 4378 3662 4419 cor-

2009 4440 2288 4494 rectionis
2314 4438 2513 4504 locus;
2548 4443 2610 4492 ut
2638 4440 2740 4509 qui
2792 4439 2894 4493 tibi
2934 4440 3098 4494 dedit
3143 4444 3417 4502 timorem
3458 4466 3656 4522 suum,

2011 4531 2254 4597 propter
2283 4541 2464 4596 quem
2495 4528 2569 4580 de
2597 4531 2649 4580 te
2680 4540 2794 4580 non
2821 4526 3093 4598 despero,
3128 4533 3354 4602 aperiat
3387 4535 3490 4592 tibi
3530 4555 3662 4596 sen-

2011 4631 2168 4681 sum,
2196 4620 2256 4670 ut
2277 4615 2483 4670 videas
2499 4630 2636 4685 qua:
2654 4613 2824 4679 facis,
2848 4617 3256 4686 etexhorreas,
3281 4627 3335 4678 et
3352 4628 3658 4686 emendes.

2009 4706 2197 4760 Parva
2223 4704 2380 4759 enim
2412 4704 2661 4775 etquasi
2689 4704 2854 4760 nulla
2881 4706 2986 4761 tibi
3015 4709 3306 4777 videntur,
3353 4730 3488 4786 quae
3541 4723 3662 4776 tam

2010 4809 2232 4866 magna
2263 4793 2423 4848 mala
2461 4799 2618 4858 sunt,
2649 4799 2709 4848 ut
2734 4795 2979 4865 quando
3013 4803 3062 4852 te
3092 4798 3322 4859 domita
3363 4808 3657 4878 cupiditas

2007 4898 2079 4938 ea
2105 4883 2480 4939 considerare
2506 4883 2859 4954 permiserit,
2889 4885 3042 4954 riges
3079 4887 3361 4961 lacrymis
3415 4902 3654 4967 terram,

2009 4978 2069 5028 ut
2103 4976 2253 5028 Deus
2273 4973 2618 5028 misereatur
2637 4973 2734 5027 tui.
2766 4979 2876 5027 Aut
2904 4975 2953 5028 si
2978 4991 3088 5044 ego
3111 4977 3352 5049 iniquus
3374 4999 3528 5053 sum,
3550 4990 3652 5059 qui

2007 5062 2120 5118 hoc
2154 5069 2350 5118 tecum
2381 5077 2492 5133 ago
2521 5077 2594 5116 ne
2624 5061 3079 5133 miserietegeni
3106 5067 3380 5124 homines
3405 5075 3494 5127 bis
3525 5078 3658 5134 red-

2006 5152 2154 5208 dant
2181 5151 2346 5224 quod
2367 5151 2600 5216 debent,
2634 5167 2770 5206 cum
2793 5151 2986 5207 coloni
3013 5157 3194 5210 actori
3226 5174 3335 5212 suo
3363 5160 3654 5237 dederint,

2007 5242 2290 5298 subdito1
2326 5241 2646 5312 praeposito
2684 5247 2739 5295 et
2761 5240 2992 5310 jubenti
3025 5246 3367 5315 servientes,
3403 5268 3510 5308 nec
3555 5255 3649 5313 ille

2009 5349 2072 5388 se
2102 5332 2401 5403 accepisse
2431 5346 2648 5401 negare
2675 5331 2964 5401 potuerit:
3000 5333 3047 5387 si
3086 5349 3228 5404 ergo
3255 5353 3367 5408 ego
3412 5343 3654 5416 iniquus

2007 5438 2162 5488 sum,
2195 5421 2337 5493 quia
2364 5420 2506 5476 mihi
2541 5420 2768 5475 videtur
2795 5419 3086 5492 injustum
3122 5429 3181 5480 ut
3200 5425 3294 5482 bis
3319 5432 3648 5506 exigantur,

2072 5574 2084 5602 ι
2113 5571 2196 5622 Sic
2217 5573 2270 5622 in
2295 5572 2546 5621 omnibus
2575 5569 2698 5620 Mss.
2735 5573 2802 5622 At
2835 5574 2887 5623 in
2927 5577 3154 5634 excusis,
3190 5580 3398 5633 subditi.

2068 5635 2098 5704 ξ
2125 5637 2273 5704 Hanc
2292 5635 2701 5704 recognovimus
2729 5636 2797 5704 ad
2834 5637 2904 5704 bl.
2933 5639 3019 5689 cb.
3057 5654 3138 5689 να.
3173 5643 3310 5694 duos
3347 5661 3396 5697 ν.
3432 5652 3485 5701 et
3515 5637 3666 5704 Lov.‘

2068 5699 2142 5765 (a)
2161 5700 2307 5750 Alias
2337 5691 2474 5750 21f:
2503 5713 2626 5765 qua:
2649 5703 2832 5752 autem
2859 5703 2952 5756 24⁵1
2973 5707 3104 5766 erat,
3127 5691 3402 5764 alia“;
3433 5691 3485 5701 ν-
3515 5691 3646 5716 -νη
