4138 6172
453 152 589 209 1063

452 280 555 353 qui
586 279 683 336 vix
706 275 889 335 semel
919 274 1165 333 reddere
1193 272 1533 343 sufficiunt;
1566 271 1659 328 fac
1684 272 1850 346 quod
1881 273 1988 329 vis.
2042 272 2097 329 Si

453 376 655 428 autem
678 376 742 425 tu
773 366 939 423 vides
976 364 1119 435 quia
1148 362 1444 433 injustum
1470 367 1590 429 est;
1623 361 1714 419 fac
1730 362 1890 435 quod
1913 361 2099 429 decet,

455 460 548 517 fac
577 457 739 532 quod
772 459 922 511 Deus
946 452 1139 525 jubet,
1168 457 1223 507 et
1253 466 1361 521 ego
1391 467 1557 523 rogo.

525 572 576 622 2.
600 565 726 620 Non
744 577 852 634 pro
878 559 992 615 illis
1017 558 1208 628 magis
1232 558 1415 630 (novit
1438 557 1531 614 ille
1544 574 1724 631 quem
1752 558 1973 631 timeo),
1997 557 2103 614 sed

451 671 560 729 pro
584 654 769 724 teipso
792 650 1050 721 teipsum
1072 663 1236 719 rogo,
1266 653 1345 711 ut,
1361 647 1671 719 quomodo
1687 648 1973 719 scriptum
1993 652 2100 714 est,

448 740 779 802 Miserearis
808 741 1023 795 animae
1048 746 1163 793 tum
1178 739 1423 806 placens
1451 737 1567 793 Deo
1590 737 1801 807 (Eccli.
1821 754 1960 803 xxx,
1985 736 2099 807 24).

452 837 515 889 Et
544 830 727 887 modo
756 828 1002 901 quidem
1032 843 1154 882 non
1186 825 1513 895 rogandus,
1539 825 1644 881 sed
1684 826 2101 896 objurgandus

449 938 511 979 es
536 939 548 978 :
583 937 725 977 nam
753 924 809 974 et
828 919 940 973 hoc
961 916 1246 987 scriptum
1263 921 1370 980 est,
1391 916 1513 985 Ego
1533 930 1703 985 quem
1722 930 1873 973 amo.
1897 914 2099 971 redar-

446 1028 577 1085 guo,
608 1016 659 1067 et
679 1008 893 1078 castigo
926 1006 1131 1076 (Apoc.
1162 1021 1242 1069 ιιι,
1283 1006 1385 1075 19).
1421 1007 1537 1073 Ego
1570 1009 1771 1059 tamen
1797 1004 1843 1058 si
1879 1020 1986 1075 pro
2007 1019 2101 1059 me

448 1099 757 1171 rogandus
787 1112 970 1160 esses,
1005 1095 1151 1149 forte
1184 1108 1305 1148 non
1339 1099 1389 1147 te
1416 1108 1693 1161 rogarem
1720 1110 1731 1146 :
1764 1093 1908 1163 quia
1959 1107 2100 1147 vero

450 1206 561 1263 pro
591 1194 642 1244 te
674 1185 977 1255 rogandus
1004 1200 1088 1253 es,
1124 1197 1270 1251 rogo
1305 1187 1357 1237 te
1383 1183 1600 1237 iratum
1637 1186 1699 1236 ut
1728 1188 1941 1253 parcas
1978 1181 2099 1248 tibi,

452 1283 514 1335 ut
544 1276 789 1349 placeris
818 1273 920 1327 tibi
949 1274 990 1342 ¹,
1028 1277 1087 1326 ut
1121 1271 1219 1325 tibi
1260 1270 1524 1341 placetur
1555 1268 1649 1324 ille
1677 1286 1858 1341 quem
1886 1284 2090 1340 rogas.

452 1368 574 1425 Misi
599 1366 675 1422 ad
690 1372 741 1421 te
756 1364 847 1418 die
866 1361 1123 1425 sabbati,
1148 1376 1285 1415 cum
1308 1359 1505 1414 adhuc
1526 1360 1874 1431 pranderes,
1898 1364 1961 1414 ut
1979 1375 2099 1414 non

449 1451 929 1530 proﬁciscereris,
960 1451 1075 1505 nisi
1116 1465 1209 1504 me
1240 1449 1524 1504 vidisses:
1560 1449 1907 1504 renuntiasti
1936 1450 2015 1504 ita
2045 1453 2100 1504 te

451 1554 580 1602 esse
606 1544 924 1599 facturum.
952 1537 1260 1595 Surrexisti
1281 1537 1377 1592 die
1400 1537 1725 1602 dominico,
1750 1542 1823 1601 et,
1850 1542 1913 1591 ut
1930 1537 2102 1592 audi-

450 1635 529 1698 vi,
564 1632 773 1689 venisti
800 1630 861 1685 in
891 1627 1227 1691 ecclesiam,
1261 1630 1317 1681 et
1337 1625 1538 1694 orasti,
1570 1630 1626 1681 et
1675 1624 1973 1697 profectus
2016 1641 2097 1696 es,

452 1728 508 1778 et
534 1738 629 1777 me
643 1720 841 1776 videre
867 1715 1129 1772 noluisti.
1160 1718 1309 1770 Deus
1329 1714 1429 1769 tibi
1448 1716 1737 1783 ignoscat.
1766 1714 1917 1779 Quid
1940 1715 2101 1769 enim

450 1810 608 1869 aliud
640 1810 741 1866 tibi
769 1807 987 1869 dicam,
1008 1805 1120 1859 nisi
1140 1804 1304 1876 quod
1331 1803 1460 1875 ipse
1487 1805 1650 1858 novit
1693 1804 1837 1875 quia
1874 1804 2053 1875 cupio
2074 1802 2103 1857 Ὺ

450 1900 557 1958 sed
582 1899 701 1955 scio
727 1896 871 1969 quia
901 1894 1011 1949 nisi
1043 1901 1094 1949 te
1126 1893 1467 1958 correxeris,
1492 1892 1587 1947 ille
1609 1892 1807 1963 justus
1826 1897 1932 1947 est.
1954 1894 2101 1950 Cum

450 1995 650 2048 autem
678 1987 778 2043 tibi
810 1985 1024 2057 parcis,
1044 1988 1101 2038 et
1132 1983 1275 2037 mihi
1299 1982 1526 2053 parcis:
1563 1998 1757 2054 neque
1789 1983 1948 2036 enim
1979 1988 2099 2037 tam

448 2080 628 2137 miser
658 2092 793 2132 sum
825 2080 881 2130 et
908 2073 1137 2129 alienus
1164 2089 1199 2127 a
1234 2071 1557 2126 visceribus
1595 2071 1824 2136 Christi,
1878 2077 1938 2127 ut
1980 2086 2101 2126 non

451 2168 810 2242 gravissimo
841 2163 1083 2219 vulnere
1131 2161 1374 2217 feriatur
1420 2177 1523 2216 cor
1577 2176 1799 2227 meum,
1854 2160 2101 2232 quando

450 2260 533 2315 sic
554 2261 763 2329 agunt,
794 2267 946 2325 quos
971 2253 1032 2308 in
1062 2253 1193 2323 ejus
1226 2250 1543 2321 Evangelio
1579 2250 1780 2320 genui.

522 2371 573 2422 3.
592 2367 809 2421 Iterum
824 2364 1089 2419 dicturus
1110 2376 1173 2416 es
1197 2379 1209 2418 :
1232 2361 1361 2414 Non
1378 2357 1627 2428 eisjussi
1648 2362 1708 2412 ut
1728 2356 1939 2413 darent
1960 2359 2104 2412 Pon-

450 2457 670 2514 ticano.
708 2452 1119 2524 Respondetur
1142 2449 1246 2503 tibi
1274 2463 1286 2501 :
1323 2447 1435 2503 Sed
1458 2446 1683 2517 jussisti
1716 2451 1779 2501 ut
1820 2446 2104 2501 servirent

447 2546 800 2609 Ponticano;
830 2558 938 2597 nec
955 2545 1199 2612 possent
1211 2538 1579 2605 distinguere
1592 2550 1911 2606 quousque
1925 2536 2103 2590 servi-

447 2640 601 2703 rent,
626 2640 683 2687 et
718 2644 1036 2703 quousque
1062 2642 1185 2681 non
1226 2625 1533 2687 servirent,
1569 2623 1828 2677 maxime
1859 2639 1995 2677 cum
2029 2639 2101 2678 ea

449 2726 673 2795 peteret
688 2736 824 2793 quae
848 2736 909 2773 se
934 2717 1153 2773 debere
1173 2714 1466 2769 sciebant.
1486 2712 1642 2768 Tuas
1662 2717 1862 2768 autem
1881 2712 2102 2769 litteras

449 2811 675 2868 habere
698 2811 1052 2871 debuerunt,
1086 2819 1239 2877 quas
1273 2802 1605 2874 proferrent
1642 2803 1824 2857 actori
1856 2807 1897 2867 ³,
1953 2803 2000 2857 si
2048 2808 2103 2858 te

449 2902 686 2958 nolente
702 2898 997 2968 exigebat,
1010 2904 1065 2950 et
1080 2892 1409 2962 relegerent
1425 2890 1477 2946 ei
1492 2907 1615 2947 non
1630 2907 1693 2945 se
1706 2890 1923 2947 debere
1936 2891 2100 2959 dare,

450 2992 566 3047 nisi
598 3005 735 3045 cum
764 2994 895 3043 tuas
924 2986 1145 3040 litteras
1192 2982 1582 3053 accepissent.
1631 2979 1777 3035 Nam
1822 2981 1872 3035 si
1920 2981 2104 3037 verbo

447 3079 778 3152 aliquando
795 3074 1023 3147 jussisti
1042 3089 1115 3128 ne
1132 3071 1315 3127 actori
1333 3069 1565 3141 aliquid
1592 3069 1824 3135 darent,
1850 3069 2104 3126 multum

448 3178 535 3227 est
567 3175 627 3224 ut
666 3174 729 3223 tu
757 3169 884 3238 ipse
911 3162 1253 3219 memineris
1279 3175 1355 3216 an
1382 3175 1518 3215 vere
1543 3158 1818 3229 jusseris,
1850 3174 1929 3214 an
1959 3159 2105 3230 ipsis

445 3258 709 3331 jusseris,
738 3273 815 3312 an
841 3254 991 3320 aliis,
1026 3267 1102 3308 an
1120 3250 1403 3307 omnibus
1430 3266 1444 3304 :
1474 3248 1736 3304 maxime
1755 3249 1899 3320 quia
1922 3249 2103 3305 etiam

448 3364 609 3405 nunc
621 3346 789 3404 alteri
802 3344 986 3400 actori
999 3340 1217 3397 audisti
1230 3340 1435 3393 datam
1449 3343 1505 3393 et
1516 3337 1749 3393 salvam
1766 3353 1893 3393 esse
1906 3338 2103 3409 ipsam

447 3438 790 3512 pecuniam,
824 3439 1020 3489 etnon
1053 3429 1156 3485 tibi
1176 3427 1635 3499 displicuitquia
1655 3427 1967 3482 dederunt.
1990 3428 2105 3483 Sed

451 3544 587 3585 cum
609 3542 720 3597 ego
752 3523 1060 3583 dixissem,
1096 3517 1248 3583 Quid
1279 3517 1326 3571 si
1346 3522 1402 3572 et
1428 3518 1535 3571 iste
1560 3517 2000 3583 intervertisset,
2025 3515 2103 3572 ab

450 3618 594 3689 ipsis
626 3618 839 3671 iterum
859 3607 1222 3679 exigendum
1243 3603 1408 3662 erat?
1430 3620 1634 3660 rursus
1663 3605 1764 3661 tibi
1784 3604 1963 3676 ccepit
1989 3604 2105 3660 dis-

452 3706 665 3779 plicere
695 3702 841 3775 quia
868 3699 1189 3755 dederunt:
1220 3701 1276 3751 et
1304 3710 1444 3750 cum
1473 3693 1618 3749 mihi
1647 3709 1804 3765 saepe
1836 3694 2099 3759 dixisses,

448 3808 763 3867 nunquam
791 3798 844 3847 te
870 3786 1206 3859 injunxisse
1250 3785 1409 3841 vices
1450 3790 1580 3839 tuas
1610 3783 1699 3839 vel
1726 3782 1953 3839 Valerio
2009 3782 2102 3839 vel

446 3882 687 3956 Aginesi
717 3886 759 3948 ³,
788 3880 987 3935 subito
1016 3892 1154 3933 cum
1177 3875 1250 3931 de
1278 3875 1411 3930 vino
1456 3878 1753 3944 ageretur,
1803 3873 1948 3944 quia
1997 3872 2103 3928 de-

446 3975 708 4031 buerunt
735 3969 1047 4027 ostendere
1075 3967 1123 4020 si
1146 3979 1415 4020 acescere
1432 3966 1713 4032 cmperat,
1733 3967 1789 4017 et
1808 3961 2101 4016 diceretur

446 4063 553 4120 tibi
580 4061 741 4132 quod
764 4061 985 4114 absens
1010 4061 1135 4111 erat
1161 4070 1174 4119 ;
1198 4052 1398 4117 credo,
1420 4051 1637 4107 excidit
1661 4050 1923 4121 tibiquid
1954 4050 2099 4106 mihi
2197 4090 2200 4092 ν

448 4153 617 4208 toties
643 4149 903 4209 dixeras,
931 4151 985 4199 et
1026 4142 1246 4205 dixisti,
1295 4141 1441 4211 quia
1484 4140 1817 4195 habuerunt
1859 4138 2098 4208 Aginesi

447 4238 782 4303 ostendere,
814 4241 871 4291 et
898 4249 970 4290 ex
1001 4232 1191 4304 ipsius
1229 4244 1404 4298 agere
1433 4228 1691 4283 arbitrio.
1716 4228 1801 4283 lbi
1827 4242 1939 4297 ego
1960 4243 2099 4283 cum

447 4330 753 4398 dixissem,
776 4327 937 4381 Certe
958 4323 1117 4377 vices
1134 4324 1271 4375 tuas
1290 4318 1419 4374 istis
1436 4333 1557 4373 non
1577 4317 1731 4373 soles
1748 4318 2095 4389 injungere;

447 4417 826 4493 respondisti,
859 4414 976 4470 Sed
1004 4411 1234 4468 litteras
1278 4424 1438 4465 meas
1488 4407 1736 4465 habebat
1791 4406 2098 4478 Aginesis:

447 4510 620 4583 quasi
645 4521 883 4578 semper
906 4503 986 4559 illi
1016 4501 1238 4574 quibus
1264 4498 1493 4570 aliquid
1535 4496 1824 4569 injungis,
1876 4498 2095 4555 litteras

448 4606 578 4656 tuas
605 4600 848 4654 recitent
867 4592 1186 4650 rusticanis
1203 4587 1568 4651 hominibus,
1595 4594 1659 4642 ut
1683 4587 1932 4643 credant
1955 4587 2098 4658 quia

447 4695 510 4745 tu
536 4686 784 4760 jussisti.
822 4683 935 4741 Sed
960 4682 1106 4754 quia
1134 4695 1238 4735 eos
1263 4678 1465 4733 vident
1486 4675 1585 4732 tibi
1608 4676 1689 4731 sic
1710 4677 1881 4747 jungi
1910 4678 1951 4741 ⁴,
1975 4690 2098 4731 non

447 4780 651 4851 utique
678 4774 929 4830 credunt
958 4779 1173 4827 temere
1213 4767 1344 4823 illos
1394 4765 1620 4837 aliquid
1662 4765 1883 4822 audere
1945 4781 2099 4837 prae-

447 4883 702 4933 sumere,
732 4862 845 4919 nisi
877 4867 988 4917 ate
1008 4860 1150 4914 data
1175 4861 1491 4930 potestate.
1530 4855 1787 4926 ideoque
1813 4855 1963 4910 inter
1984 4855 2099 4910 ista

444 4963 671 5017 Incerta
708 4969 831 5011 non
861 4954 1113 5022 apparet
1140 4948 1284 5020 quid
1323 4945 1557 5017 iubeas,
1588 4959 1697 4999 nec
1725 4948 1974 5016 possunt
2003 4943 2097 4999 ﬁr-

444 5066 614 5107 mum
646 5042 873 5115 aliquid
898 5038 1166 5103 retinere,
1202 5035 1313 5091 nisi
1344 5036 1570 5089 litteras
1594 5038 1726 5088 tuas
1762 5033 2093 5100 habuerint,

443 5155 598 5214 quas
618 5132 904 5194 omnibus
924 5128 1249 5203 proferant.
1275 5130 1331 5180 et
1348 5122 1586 5180 nonnisi
1601 5122 1716 5177 tuis
1732 5121 1940 5178 litteris
1968 5138 2102 5195 pro-

442 5211 579 5286 latis
610 5215 1307 5295 obtemperent,quando
1338 5213 1422 5268 eis
1444 5211 1666 5284 aliquid
1688 5211 1961 5268 dandum
1990 5216 2102 5269 est.

511 5442 521 5468 ί
553 5440 691 5494 Edd.
726 5438 998 5491 omittunt,
1031 5438 1082 5482 ut
1117 5429 1334 5495 placaris
1388 5428 1501 5495 tibi.
1547 5425 1784 5495 habent.
1811 5438 1943 5495 vero
1970 5426 2099 5477 Mss.

506 5506 525 5534 ²
553 5488 708 5560 “tias,
740 5488 1043 5550 constanter
1068 5488 1296 5560 omnes,
1319 5491 1597 5560 actori._At_.
1615 5490 1744 5560 Edd.
1775 5488 1873 5560 hoc
1902 5494 1951 5560 et
1978 5504 2104 5554 pro-

446 5565 590 5615 ximo
625 5553 740 5612 loco
767 5565 1034 5617 roet‘erunt,
1072 5558 1332 5608 mactari:
1365 5560 1418 5605 et.
1440 5554 1557 5604 aliis
1582 5553 1729 5617 locis,
1762 5553 1941 5602 actori.

476 5628 524 5678 ,³
560 5627 724 5675 Vetus
744 5625 859 5672 cod.
893 5625 1067 5679 Corb.,
1099 5621 1319 5686 Agmcsi,
1349 5618 1437 5686 hic
1468 5616 1694 5686 etinfra.

504 5720 529 5763 ε,
556 5689 665 5742 Mss
694 5685 893 5739 Gallic.
921 5691 973 5737 et
1000 5677 1220 5736 unus'et
1244 5683 1433 5745 Vatic.,
1468 5681 1540 5733 sic
1568 5677 1792 5747 injzmgi.

1662 179 1679 196 .
1750 145 1813 202 S.
1852 141 2229 203 AUGUSTINI
2270 141 2597 201 EPISCOPI

3738 136 3881 195 i064

2287 274 2340 329 4.
2367 269 2483 326 Sed
2512 269 2655 343 quid
2690 284 2843 342 opus
2874 272 2962 325 est
2991 272 3114 326 tam
3144 267 3250 323 diu
3289 268 3484 323 tecum
3535 264 3884 337 disputare,

2217 366 2273 417 et
2301 375 2551 417 onerare
2585 360 2778 416 verbis
2807 359 3231 431 occupationes
3265 361 3422 422 tuas,
3458 360 3519 412 ut
3549 354 3703 412 forte
3736 370 3879 410 cum

2217 450 2487 506 irasceris
2513 448 2706 505 verbis
2731 448 2907 513 meis,
2959 447 3102 504 velis
3130 446 3337 503 saevire
3363 446 3424 500 in
3455 446 3733 501 homines
3773 445 3883 499 mi-

2218 538 2428 593 seros?
2458 537 2577 592 Illis
2610 538 3006 610 imputabitur
3036 536 3116 592 ad
3150 535 3427 591 meritum
3444 533 3698 602 bonum,
3731 533 3881 605 quia

2217 640 2327 697 pro
2350 626 2542 684 salute
2582 631 2703 693 tua,
2726 631 2968 698 propter
2996 641 3180 698 quam
3212 624 3318 680 tibi
3346 628 3512 680 tanta
3540 622 3780 695 loquor,
3822 626 3879 677 te

2215 718 2524 788 patiuntur
2554 717 2774 772 iratum
2798 732 2811 770 :
2856 716 2960 771 tibi
2983 719 3186 771 autem
3210 713 3351 769 nolo
3377 711 3606 785 aliquid
3633 710 3883 781 gravius

2217 804 2431 870 dicere,
2464 821 2539 861 ne
2566 810 2735 877 putes
2763 820 2857 860 me
2887 819 3008 860 non
3037 802 3325 870 timendo,
3356 802 3459 858 sed
3488 801 3646 857 male
3666 806 3882 873 optan-

2216 889 2294 945 do
2326 891 2437 946 tale
2464 890 2689 963 aliquid
2720 890 3087 963 loqui.Time
3112 892 3295 944 Deum
3326 888 3374 942 si
3400 902 3523 943 non
3540 888 3627 942 vis
3645 886 3877 957 decipi:

2214 978 2416 1051 ipsum
2458 984 2666 1035 testem
2698 978 2911 1035 invoco
2942 993 3123 1050 super
3172 977 3440 1033 animam
3473 991 3698 1043 meam,
3744 974 3881 1047 plus

2216 1083 2311 1123 me
2338 1068 2442 1123 tibi
2475 1068 2829 1124 timerecum
2852 1068 2979 1123 haec
2998 1066 3155 1128 dico,
3183 1081 3367 1138 quam
3392 1064 3503 1120 illis
3521 1080 3629 1136 pro
3649 1064 3881 1136 quibus

2215 1157 2379 1229 apud
2408 1162 2463 1213 te
2496 1156 2859 1213 intercedere
2890 1155 3116 1212 videor.
3152 1155 3210 1211 Si
3236 1154 3448 1218 credis,
3475 1156 3591 1209 Deo
3610 1152 3841 1223 gratias

2216 1246 2265 1300 si
2292 1251 2492 1301 autem
2524 1261 2644 1301 non
2671 1245 2884 1311 credis,
2904 1245 3250 1300 consolatur
3273 1258 3367 1298 me
3388 1243 3553 1314 quod
3580 1242 3881 1297 Dominus

2214 1334 2314 1400 ait,
2340 1334 2693 1402 Dicite,Pax
2713 1335 2848 1391 huic
2864 1334 3067 1391 domui
3086 1350 3106 1388 :
3132 1334 3249 1389 etsi
3269 1338 3353 1389 est
3374 1331 3655 1400 tibi/ilius
3676 1331 3876 1401 pacis,

2216 1424 2531 1496 requiescet
2557 1439 2739 1491 super
2762 1438 2887 1479 eum
2909 1438 3032 1492 pax
3063 1428 3296 1491 vestra,-
3321 1422 3371 1475 si
3399 1436 3514 1493 quo
3545 1422 3765 1485 minus,
3798 1421 3887 1476 αιί

2214 1528 2313 1570 vos
2354 1520 2686 1570 revertetur
2706 1512 2941 1584 (Matth.
2978 1528 3034 1578 x,
3069 1515 3149 1575 t2,
3184 1512 3303 1581 l3);
3333 1510 3432 1566 Dei
3463 1509 3885 1566 misericordia

2216 1606 2271 1659 te
2299 1607 2551 1672 tueatur,
2587 1602 2830 1658 domine
2855 1600 3238 1656 dilectissime
3269 1599 3371 1654 ﬁli.

2644 1717 2983 1774 EPISTOLA
3021 1715 3368 1772 CCXLVIII‘
3407 1716 3509 1787 (α).

2214 1823 2575 1895 Augustinus
2601 1822 2968 1889 Sebastiano,
2997 1822 3069 1878 de
3094 1820 3198 1891 pia
3247 1820 3488 1877 tristitia
3518 1834 3701 1891 quam
3735 1818 3878 1874 boni

2282 1913 2492 1982 ferunt
2518 1927 2593 1969 ex
2621 1912 2923 1982 impietate
2940 1927 3036 1968 ma
3046 1912 3259 1967 torum.
3284 1910 3443 1966 Huic
3461 1909 3721 1979 eipstotz
3741 1908 3879 1963 sub-

2286 2003 2526 2071 scripsit
2551 2000 2831 2071 Alypius.

2218 2126 2471 2181 Domino
2497 2130 2705 2180 sancto
2737 2123 3149 2196 :desiderabili,
3177 2127 3231 2179 et
3278 2122 3339 2178 in
3386 2122 3596 2177 Christi
3642 2121 3878 2177 honore

2288 2214 2650 2270 suavissimo
2670 2213 2835 2269 fratri
2858 2213 3200 2269 Ssassruao
3232 2212 3248 2247 ¹
3275 2213 3643 2275 AUGUSTINUS,
3670 2210 3734 2265 in
3768 2213 3883 2265 Do-

2289 2304 2453 2359 mino
2480 2303 2753 2359 salutem.

2289 2412 2338 2465 1.
2366 2409 2654 2477 Quamvis
2677 2409 2755 2466 ab
2782 2408 2986 2464 animo
3019 2410 3225 2465 nostro
3260 2405 3426 2462 nullo
3472 2405 3657 2462 modo
3690 2409 3744 2461 te
3786 2421 3877 2461 se-

2214 2506 2495 2572 paratum
2524 2514 2656 2554 esse
2683 2498 2986 2571 permittat
3015 2497 3189 2553 dulce
3210 2494 3513 2551 vinculum
3540 2495 3877 2562 charitatis,

2214 2594 2271 2645 et
2296 2588 2700 2644 indesinenter
2721 2592 2856 2644 tuos
2878 2594 3115 2643 sanctos
3138 2600 3336 2641 mores
3366 2590 3544 2656 atque
3569 2582 3882 2656 colloquia

2213 2678 2587 2743 recolamus;
2624 2682 2823 2733 tamen
2854 2677 3006 2732 bene
3036 2675 3243 2740 fecisti,
3279 2679 3335 2730 et
3363 2674 3583 2744 gratias
3615 2673 3880 2742 agimus,

2214 2766 2381 2839 quod
2411 2766 2586 2822 nobis
2615 2767 2793 2821 etiam
2833 2764 3162 2836 corporalis
3214 2763 3421 2819 salutis
3475 2766 3590 2818 tum
3635 2762 3881 2817 nuntios

2215 2856 2414 2928 apices
2449 2855 2758 2921 mittendo,
2788 2870 2896 2911 nos
2924 2853 3250 2926 plurimum
3285 2851 3651 2908 exhilarasti.
3705 2849 3880 2906 Sensi

2216 2950 2417 3002 autem
2456 2947 2515 3001 in
2546 2943 2796 3016 epistola
2836 2948 2935 2999 tua
2954 2943 3120 3014 quod
3169 2941 3414 2997 taedium
3457 2945 3511 2996 te
3552 2939 3882 2995 detinuerit

2216 3050 2252 3091 a
2279 3034 2693 3107 peccatoribus
2716 3031 3193 3105 relinquentibus
3220 3031 3415 3101 legem
3431 3029 3531 3085 Dei
3557 3051 3569 3082 :
3590 3028 3692 3085 illo
3714 3029 3879 3084 enim

2216 3124 2418 3196 spiritu
2449 3123 2617 3189 vivis,
2648 3122 2811 3195 quod
2842 3122 3069 3177 dictum
3104 3124 3209 3185 est,
3246 3118 3376 3176 Vidi
3414 3120 3763 3183 insensatos,
3820 3123 3879 3175 et

2214 3213 2570 3269 tabescebam
2599 3210 2781 3284 (Psal.
2814 3226 3010 3277 cxvur,
3047 3214 3135 3275 53,
3168 3210 3316 3279 158).
3352 3208 3449 3265 Pia
3476 3211 3567 3263 est
3594 3208 3714 3263 ista
3740 3209 3880 3263 tris-

2214 3301 2365 3368 titia,
2394 3308 2469 3368 et,
2504 3302 2551 3357 si
2581 3301 2697 3357 dici
2732 3304 2951 3372 potest,
2978 3299 3154 3355 beata
3175 3298 3433 3364 miseria,
3474 3298 3630 3353 vitiis
3659 3296 3878 3353 alienis

2215 3391 2504 3457 tribulari,
2537 3406 2660 3446 non
2686 3389 2979 3462 implicari
3001 3404 3015 3455 ;
3037 3402 3306 3451 moerere,
3342 3402 3461 3442 non
3489 3386 3747 3451 haerere;
3769 3386 3880 3441 do-

2212 3480 2334 3537 lore
2373 3479 2662 3546 contrahi,
2691 3494 2813 3535 non
2852 3492 3060 3534 amore
3085 3476 3323 3533 attrahi.
3361 3475 3496 3531 Haec
3534 3481 3624 3531 est
3668 3490 3881 3547 perse-

2214 3569 2369 3626 cutio
2398 3585 2582 3642 quam
2611 3570 2917 3639 patiuntur
2936 3581 3152 3623 omnes
3173 3565 3278 3637 qui
3309 3566 3513 3620 volunt
3537 3564 3600 3619 in
3640 3564 3876 3620 Christo

2214 3660 2309 3732 pie
2334 3659 2546 3722 vivere,
2572 3658 2906 3712 secundum
2923 3654 3319 3728 apostolicam
3336 3652 3685 3710 mordacem
3704 3669 3877 3709 vera-

2212 3764 2465 3820 cemque
2496 3746 2847 3802 sententiam
2871 3746 2941 3817 (Il
2980 3746 3128 3801 Tim.
3156 3760 3239 3811 ιιι,
3269 3743 3382 3813 12).
3404 3743 3557 3809 Quid
3580 3742 3745 3798 enim
3776 3742 3877 3799 hic

2210 3837 2407 3906 magis
2438 3834 2812 3907 persequitur
2844 3834 3030 3890 vitam
3060 3834 3383 3899 bonorum,
3410 3847 3597 3904 quam
3625 3832 3748 3887 vita
3762 3831 3882 3888 ini-

2210 3941 2468 3997 quorum
2491 3942 2505 3991 ;
2530 3939 2650 3979 non
2673 3939 2812 3978 cum
2833 3923 2991 3992 cogit
3010 3922 3233 3978 imitari
3250 3921 3417 3994 quod
3433 3920 3729 3991 displicet,
3766 3920 3881 3976 sed

2210 4030 2349 4071 cum
2389 4015 2547 4085 cogit
2596 4013 2800 4068 dolere
2847 4012 3013 4084 quod
3071 4012 3280 4068 videt?
3321 4011 3621 4076 Quoniam
3666 4026 3881 4066 coram

2210 4104 2310 4176 pio
2340 4103 2539 4160 vivens
2568 4100 2771 4173 impie,
2796 4102 2904 4157 etsi
2935 4115 3057 4156 non
3094 4100 3322 4171 obligat
3370 4099 3878 4166 consentientem,

2210 4192 2434 4247 cruciat
2458 4191 2828 4247 sentientem.
2860 4194 3009 4247 Nam
3031 4204 3190 4261 saepe
3237 4193 3294 4244 et
3340 4188 3445 4243 diu
3487 4187 3819 4259 impiorum
3854 4191 3877 4223 ³

2208 4282 2555 4352 corporibus
2584 4279 3025 4336 asascularibus
3051 4277 3475 4350 potestatibus,
3504 4282 3559 4332 et
3578 4292 3880 4348 quorum-

2205 4370 2348 4426 libet
2377 4368 2787 4426 vexationibus
2803 4368 3091 4440 parcitur;
3107 4368 3347 4439 piorum
3361 4370 3563 4422 autem
3584 4365 3879 4421 cordibus

2207 4476 2243 4517 a
2272 4460 2449 4515 malis
2474 4460 2790 4515 hominum
2816 4456 3089 4514 moribus
3112 4471 3429 4529 nunquam
3452 4470 3645 4527 usque
3662 4454 3743 4509 ad
3764 4455 3880 4510 hu-

2203 4551 2301 4621 jus
2330 4548 2530 4604 sasculi
2560 4548 2763 4603 ﬁnem.
2799 4549 2891 4604 Sic
2938 4561 3080 4617 ergo
3126 4545 3324 4617 potius
3375 4544 3648 4616 impletur
3704 4546 3881 4616 quod

2207 4636 2674 4694 commemoravi
2701 4636 2922 4691 dixisse
2944 4634 3320 4707 Apostolum,
3355 4633 3509 4701 Quia
3540 4648 3743 4690 omnes
3764 4636 3883 4705 qui

2207 4729 2414 4783 volunt
2437 4727 2493 4781 in
2533 4727 2768 4782 Christo
2792 4726 2887 4795 pie
2913 4725 3126 4788 vivere,
3147 4722 3606 4793 persecutionem
3628 4723 3874 4792 patien-

2208 4822 2347 4883 tur;
2379 4822 2433 4871 et
2453 4820 2614 4872 tanto
2645 4816 2909 4871 amarius
2933 4813 3175 4886 quando
3205 4813 3469 4879 interius,
3496 4811 3693 4867 donec
3719 4812 3880 4868 dilu-

2207 4906 2371 4961 vium
2404 4909 2685 4971 transeat,
2716 4903 2817 4959 ubi
2839 4918 2979 4959 arca
2999 4902 3264 4959 continet
3284 4916 3532 4957 corvum
3553 4906 3611 4956 et
3638 4899 3881 4957 colum-

2207 4995 2373 5053 bam.

2279 5107 2333 5158 2.
2377 5100 2492 5159 Sed
2521 5101 2762 5168 inhaere,
2786 5098 2983 5167 frater,
3016 5097 3096 5154 illi
3127 5114 3163 5155 a
3182 5112 3304 5171 quo
3337 5095 3575 5163 audisti,
3606 5096 3725 5165 Qui
3734 5112 3883 5168 per-

2274 5301 2288 5333 ί
2312 5298 2401 5348 Hic
2422 5299 2475 5347 in
2496 5298 2619 5346 Mss.
2644 5296 2825 5360 Regio,
2849 5294 3023 5360 (ἔοι-ιι..
3051 5293 3244 5351 Germ.,
3268 5297 3375 5343 etc.
3399 5292 3574 5342 Abba:
3594 5297 3829 5342 vocatur
3866 5308 3880 5341 :

2211 5362 2264 5412 in
2303 5362 2524 5411 Possidii
2559 5358 2746 5416 indic;
2776 5358 3069 5406 monachus.

2257 5426 2290 5498 f
2324 5426 2447 5473 Mss.
2478 5424 2684 5487 aliquot
2716 5414 2768 5471 et
2808 5420 2947 5471 Beda
2994 5420 3244 5484 vulgatus
3286 5418 3329 5467 li
3370 5419 3506 5468 Tim.
3539 5419 3585 5475 3,
3640 5414 3873 5476 habent.

2208 5503 2436 5552 piorum.

2272 5552 2300 5583 ³⁵
2329 5550 2576 5600 Correcta
2608 5547 2675 5598 ad
2705 5562 2753 5595 α.
2790 5545 2879 5610 bg.
2916 5559 2960 5595 c.
2997 5558 3074 5595 cc.
3101 5543 3262 5610 cb._tI.
3301 5558 3351 5609 g.
3374 5558 3463 5609 gg.
3521 5556 3613 5607 εν.
3638 5542 3681 5606 j.
3721 5556 3777 5592 ιι.
3810 5557 3862 5593 r.

2211 5613 2291 5664 sb.
2322 5616 2369 5662 t.
2404 5612 2541 5662 duos
2564 5625 2643 5661 vc.
2681 5606 2915 5674 quatuor
2944 5623 2993 5657 v.
3024 5611 3098 5674 et!
3119 5606 3265 5674 Edd.

2274 5675 2346 5743 (α)
2375 5675 2519 5730 Alias
2536 5676 2657 5725 145:
2684 5670 2803 5739 qua)
2834 5674 3017 5726 autem
3044 5672 3136 5721 248
3162 5674 3291 5729 erat,
3321 5683 3464 5745 nunc
3493 5670 3607 5720 263.
