4138 6172
161 222 304 283 l065

152 347 520 406 severaverit
549 363 730 419 usque
758 347 818 404 in
848 344 1049 416 ﬁnem,
1082 346 1179 403 hic
1205 346 1413 401 salvus
1444 346 1555 402 erit
1586 345 1827 415 (Matth.

155 454 325 504 xxiv,
354 438 448 508 13)
478 455 489 492 :
525 439 887 508 conjungere
913 436 1195 501 Domino,
1218 438 1281 491 ut
1301 440 1530 490 crescat
1552 435 1611 490 in
1636 435 1835 491 novis-

154 526 329 583 simis
353 528 475 582 vita
502 532 623 583 tua.
656 527 787 582 Scio
814 525 971 581 enim
1002 540 1120 580 non
1148 524 1359 580 deesse
1391 523 1827 580 recreationem

154 616 358 672 cordis
389 617 464 672 de
492 615 772 671 fratribus
798 614 995 670 bonis.
1032 615 1154 669 Huc
1183 613 1446 684 adjunge
1474 613 1835 684 promissio-

151 721 266 762 nes
299 706 402 762 Dei
432 706 663 771 ﬁdeles,
700 719 973 774 magnas,
1008 708 1220 768 certas,
1265 702 1687 773 sempiternas,
1738 702 1832 774 ip-

153 794 405 868 siusque
427 794 752 851 tolerantiae
772 792 1326 866 imperturbabilem
1341 790 1831 862 ineﬂ‘abilemque

153 884 501 939 mercedem
537 900 549 939 :
581 889 637 939 et
661 883 795 938 vide
834 898 1020 954 quam
1050 896 1261 937 verum
1315 882 1567 935 Domino
1599 886 1828 941 cantes.

151 973 499 1031 Secundum
516 971 961 1030 multitudinem
982 970 1254 1027 dolorum
1284 984 1545 1025 meorum
1569 968 1631 1024 in
1659 969 1832 1025 corde

153 1078 306 1127 meo,
368 1063 792 1119 consolationes
842 1066 957 1116 tua:
1008 1059 1500 1129 jucundaverunt
1568 1060 1830 1115 animam

150 1167 344 1209 meam
362 1151 546 1222 (Psal.
562 1167 719 1216 xcm,
744 1151 854 1220 19).
877 1150 1027 1205 Mitte
1050 1147 1216 1203 fratri
1236 1149 1431 1203 Firmo
1451 1147 1678 1203 litteras
1694 1163 1831 1203 nos-

153 1252 299 1299 tras.
328 1240 711 1297 Sanctitatem
734 1242 897 1294 tuam
922 1242 977 1293 et
996 1235 1285 1293 familiam
1311 1236 1433 1299 Dei,
1453 1240 1701 1306 qusetuo
1717 1237 1829 1292 mi-

154 1329 405 1385 nisterio
425 1330 809 1399 gubernatur,
837 1327 1044 1383 fratres
1066 1330 1367 1382 etsorores
1385 1340 1520 1397 qum
1537 1326 1699 1395 apud
1716 1341 1828 1381 nos

153 1423 295 1474 sunt
341 1418 687 1483 nobiscum,
728 1417 786 1472 in
839 1416 1092 1472 Domino
1142 1414 1493 1471 resalutant.
1544 1414 1651 1482 (Et
1705 1415 1828 1471 alia

155 1523 341 1566 manu
376 1509 422 1578 :)
464 1506 799 1562 Incolumes
836 1520 945 1577 pro
984 1504 1155 1561 nobis
1202 1504 1401 1572 oretis,
1445 1502 1824 1560 dilectissimi

163 1601 222 1652 et
252 1596 441 1652 sancti
474 1595 705 1651 fratres.

238 1686 363 1756 Ego
412 1685 663 1755 Alypius
713 1682 1130 1751 impensissime
1172 1682 1369 1737 saluto
1409 1679 1822 1737 Sinceritatem

164 1782 355 1839 tuam,
384 1788 686 1845 omnesque
703 1772 808 1827 tibi
832 1774 893 1827 in
922 1771 1163 1827 Domino
1176 1772 1517 1840 conjunctos
1537 1777 1747 1841 ;atque
1761 1776 1823 1824 ut

152 1865 311 1920 hanc
348 1868 635 1934 tanquam
664 1877 852 1917 meam
880 1860 1185 1929 epistolam
1225 1859 1487 1928 deputes,
1514 1866 1641 1929 peto
1668 1875 1687 1912 :
1714 1857 1822 1914 etsi

149 1952 310 2010 enim
340 1953 523 2009 aliam
546 1950 857 2020 propriam
872 1950 1097 2005 mittere
1118 1948 1667 2018 potuissem,tamen
1690 1962 1819 2005 ma-

150 2040 241 2097 lui
271 2041 412 2097 huic
430 2039 779 2105 suscribere,
805 2044 869 2093 ut
890 2036 1347 2095 unanimitatem
1379 2042 1645 2093 nostram
1687 2051 1811 2094 una

150 2132 331 2187 etiam
369 2129 597 2201 pagina
626 2133 957 2185 testaretur.

581 2243 923 2300 EPlSTOLA
950 2242 1249 2299 CCXLlX'
1280 2241 1383 2313 (a).

147 2334 520 2405 Augustinus
545 2332 857 2396 Restituto,
890 2339 1182 2402 quatenus
1221 2331 1370 2387 mali
1418 2329 1723 2388 tolerandi
1748 2330 1811 2385 in

836 2421 1123 2477 Ecclesia.

146 2513 401 2570 Domino
430 2510 1005 2576 desiderantissimo,
1034 2515 1089 2565 et
1118 2508 1447 2565 honoriﬁca
1469 2507 1809 2565 sinceritate

219 2600 575 2658 charissimo
606 2599 792 2666 fratri,
816 2604 871 2655 et
902 2598 1274 2654 condiacono
1314 2600 1645 2664 RESTlTUTO,
1694 2602 1800 2653 AU-

222 2706 512 2757 cusrmus,
540 2690 601 2745 in
633 2688 885 2745 Domino
917 2688 1197 2743 salutem.

214 2782 409 2836 Estus
435 2778 767 2834 indicantes
789 2777 954 2849 piam
969 2776 1215 2832 ﬂamam
1231 2774 1428 2831 cordis
1452 2774 1554 2841 tui,
1581 2774 1806 2833 indica-

142 2868 389 2926 vitmibi
416 2866 823 2932 ﬁdelissimus,
850 2870 912 2921 ut
943 2866 1084 2931 scis,
1116 2864 1415 2936 particeps
1439 2880 1667 2929 eorum,
1692 2865 1804 2921 fra-

141 2964 233 3015 ter
249 2958 613 3027 Deogratias.
658 2956 1021 3027 Legeitaque
1050 2953 1618 3025 Tychoniumquem
1648 2952 1803 3010 bene

143 3047 326 3113 nosti,
357 3061 478 3102 non
503 3046 747 3117 quidem
764 3044 970 3100 omnia
994 3043 1395 3116 probaturus;
1429 3059 1572 3098 nam
1585 3058 1722 3115 quas
1740 3043 1803 3099 in

142 3134 247 3192 illo
277 3134 547 3191 cavenda
572 3135 707 3199 sint,
742 3133 896 3189 bene
924 3132 1275 3189 nosti.Hanc
1300 3137 1497 3188 tamen
1528 3134 1805 3204 quaestio-

142 3240 305 3289 nem,
333 3222 645 3296 quomodo
672 3223 731 3277 in
766 3221 1027 3277 Ecclesia
1056 3220 1155 3277 Dei
1184 3237 1308 3293 qua
1340 3222 1487 3279 forte
1516 3236 1802 3293 perversa

144 3311 235 3369 vel
265 3312 445 3369 etiam
488 3311 776 3367 scelerata
823 3309 1115 3380 corrigere
1137 3315 1242 3365 aut
1282 3311 1661 3380 exstinguere
1682 3326 1801 3367 non

140 3402 433 3465 valemus,
462 3400 629 3456 salvo
656 3398 1140 3455 unitatisvinculo
1164 3398 1469 3454 toleranda
1495 3398 1631 3463 sint,
1663 3405 1800 3457 stre-

145 3506 267 3548 nue
291 3489 527 3545 videtur
553 3488 700 3543 mihi
725 3488 1074 3544 tractavisse
1093 3492 1273 3559 atque
1299 3487 1569 3543 solvisse.
1604 3490 1801 3555 Quan-

145 3595 335 3652 quam
364 3579 423 3634 in
438 3577 783 3649 ejuslitteris
798 3575 1554 3633 tantummodointentione
1575 3592 1800 3634 correc-

145 3667 494 3741 ta,adipsos
517 3666 859 3722 divinarum
872 3666 1314 3737 Scripturarum
1334 3666 1523 3723 fontes
1536 3683 1797 3724 recurre-

144 3774 207 3814 re
220 3774 331 3813 nos
348 3761 713 3829 Opportet,ut
731 3756 811 3811 ibi
826 3755 1137 3811 videamus
1158 3771 1342 3828 quam
1358 3771 1553 3827 pauca
1584 3760 1658 3812 de
1683 3758 1797 3813 hac

139 3863 203 3903 re
229 3846 571 3903 testimonia
594 3846 1046 3911 sententiarum,
1076 3844 1164 3900 vel
1192 3845 1468 3916 exempla
1490 3850 1797 3914 gestorum

140 3937 360 4008 posuit,
392 3940 449 3992 et
476 3951 660 4007 quam
691 3950 870 3990 nemo
897 3935 1087 4005 possit
1138 3934 1342 3989 omnia
1384 3949 1626 4005 ponere,
1684 3934 1797 3989 nisi

138 4026 244 4097 qui
277 4040 428 4097 pene
454 4040 666 4080 omnes
713 4027 1059 4080 sanctorum
1107 4022 1418 4078 Librorum
1449 4024 1702 4095 paginas
1733 4023 1795 4079 in

144 4130 259 4170 sua
286 4114 508 4185 scripta
539 4111 859 4169 transferre
890 4112 1169 4168 voluerit:
1191 4112 1273 4168 ita
1300 4127 1485 4184 prope
1514 4112 1682 4168 nulla
1706 4117 1798 4169 est

138 4218 278 4276 qua:
310 4218 421 4259 nos
452 4217 570 4258 non
598 4200 942 4268 admoneat,
971 4201 1131 4258 intus
1158 4200 1218 4256 in
1236 4201 1366 4272 ipsa
1395 4202 1672 4258 societate
1694 4201 1797 4257 Sa-

140 4297 583 4351 cramentorum
598 4290 821 4363 quibus
836 4290 1165 4346 imbuimur
1184 4289 1259 4345 ad
1276 4290 1457 4346 vitam
1485 4296 1773 4347 aeternam

140 4398 281 4439 cum
312 4382 407 4438 his
431 4382 534 4454 qui
564 4380 822 4436 oderunt
852 4394 1065 4451 pacem
1086 4395 1215 4435 esse
1240 4378 1457 4435 debere
1490 4368 1799 4465 paciﬁcos:

141 4471 337 4529 donec
357 4468 811 4540 ingemiscenda
825 4466 1369 4540 nostralonginqua
1394 4471 1794 4542 peregrinatio

144 4563 409 4618 transeat
432 4559 623 4628 (Psal.
656 4572 810 4622 CXlX,
846 4556 965 4627 5-7)
983 4573 1000 4623 ;
1033 4561 1213 4629 atque
1243 4558 1303 4612 in
1334 4558 1537 4615 virtute
1564 4562 1795 4618 Jerusa-

140 4650 261 4705 lem
294 4647 502 4703 matris
534 4652 770 4702 ieternaa
802 4645 1178 4701 securissima
1214 4662 1361 4717 pace
1395 4646 1793 4717 perfruamur,

141 4743 198 4796 et
229 4738 288 4793 in
320 4733 581 4793 turribus
618 4735 748 4806 ejus
796 4735 1172 4791 abundantia
1222 4751 1499 4791 verorum
1547 4737 1796 4795 fratrum

141 4826 328 4902 (Psal.
359 4824 541 4898 cxxl),
563 4840 822 4897 quorum
854 4840 1014 4880 nunc
1060 4824 1210 4879 inter
1245 4824 1463 4880 multos
1491 4825 1676 4883 falsos
1702 4844 1802 4898 ge-

142 4918 371 4974 mimus
396 4916 781 4987 paucitatem.
812 4915 952 4979 Quas
984 4918 1073 4969 est
1104 4918 1304 4969 autem
1338 4915 1521 4970 virtus
1547 4915 1701 4972 illius
1724 4918 1801 4974 ci-

142 5005 366 5071 vitatis,
399 5004 509 5060 nisi
537 5004 693 5059 Deus
722 5004 851 5075 ejus
874 5002 1029 5058 Deus
1056 5007 1259 5057 noster
1292 5002 1321 5054 ‘I
1348 5004 1518 5060 Vides
1550 5005 1800 5076 igiturin

142 5110 271 5170 quo
300 5094 428 5150 solo
442 5093 547 5149 ﬁat
576 5108 714 5164 pax,
747 5092 1068 5163 etsingulis
1082 5091 1452 5158 hominibus,
1471 5095 1575 5166 qui
1595 5111 1803 5153 secum

145 5186 281 5241 sine
312 5183 373 5239 in
398 5182 497 5238 illo
528 5182 752 5238 bellum
774 5188 1008 5254 gerunt,
1035 5181 1216 5238 etiam
1240 5182 1403 5237 nullo
1446 5183 1806 5242 extrinsecus

144 5275 361 5332 oborto
392 5271 712 5340 scandalo;
740 5271 1094 5327 etomnibus
1116 5270 1314 5337 simul,
1338 5272 1806 5346 quiquanquam

144 5363 211 5422 in
243 5363 360 5418 hac
392 5377 457 5416 se
472 5360 594 5417 vita
622 5360 896 5431 diligant,
918 5366 974 5416 et
994 5361 1269 5417 amicitias
1293 5360 1409 5417 ﬁde
1443 5363 1693 5419 nexibus
1726 5370 1809 5421 te-

146 5456 433 5518 neantur,
468 5454 665 5507 tamen
684 5466 794 5507 nec
816 5451 1135 5523 praesentia
1148 5452 1415 5522 corporis
1430 5467 1539 5508 nec
1556 5468 1812 5511 consen-

216 5623 249 5657 *
271 5621 553 5685 Recensita
574 5620 644 5671 ad
669 5618 739 5669 bl.
766 5618 857 5675 cb.
894 5616 952 5671 ﬁ.
990 5634 1147 5685 gg.r.
1188 5618 1267 5669 sb.
1290 5634 1371 5670 vc.
1408 5620 1545 5671 duos
1580 5624 1617 5672 t.
1676 5622 1812 5677 duos

152 5701 209 5739 ν.
243 5688 299 5736 et
321 5682 391 5734 ad
420 5682 551 5733 Edd.

220 5748 297 5815 (α)
324 5746 473 5799 Alius
495 5748 586 5797 69:
612 5759 731 5811 quin
750 5746 935 5797 autem
966 5744 1058 5796 249
1087 5746 1217 5806 erat,
1248 5758 1393 5798 nunc
1418 5747 1500 5798 94.

391 5826 632 5888 Paeon.
671 5827 933 5887 XXXIII.

1413 212 1912 278 EPISTOLARUM
1950 217 2236 281 CLASSIS
2276 216 2371 280 IV.

3428 223 3567 281 1066
3640 270 3654 289 ,

1948 346 2115 404 sione
2146 348 2332 405 animi
2359 363 2593 405 summe
2624 348 2999 421 perfecteque
3024 347 3400 421 copulantur.
3434 350 3591 408 Con-

1945 438 2192 495 fortetur
2216 454 2318 495 cor
2348 443 2518 496 tuum
2546 438 2605 494 in
2642 440 2909 502 Domino,
2943 454 3176 496 memor
3206 441 3415 497 nostri.

2436 527 2781 586 EPISTOLA
2808 526 2937 585 CCL
2971 528 3113 599 '(a).

1942 615 2314 686 Augustinus
2343 632 2520 673 senex
2562 616 2806 673 Auxilio
2848 616 3117 687 episcopo
3136 620 3361 687 juveni,
3403 626 3465 674 ut
3495 624 3597 676 aut

2015 706 2407 762 anathematis
2419 705 2757 763 sententiam
2773 705 3080 775 rescindat,
3097 714 3200 763 aut
3229 707 3436 764 doceat
3465 708 3598 779 qui-

2019 794 2123 849 bus
2153 794 2448 850 adductus
2476 796 2674 850 caucis
2695 800 2855 865 putet
2882 796 2951 850 ob
2979 796 3153 850 unius
3171 803 3480 865 peccatum
3512 803 3595 856 t0-

2016 885 2129 938 tam
2150 883 2438 951 familiam
2477 884 2979 940 excommunicari
3005 899 3191 953 posse.

1946 972 2197 1026 Domino
2228 972 2641 1038 dilectissimo,
2676 976 2730 1029 et
2760 973 3085 1028 venerabili
3116 973 3277 1029 fratri
3302 980 3358 1030 et
3382 990 3597 1033 consa-

2012 1060 2236 1115 cerdoti
2264 1064 2523 1127 AUXlLlO,
2543 1062 2914 1128 Aucusrmus,
2943 1061 3002 1116 in
3036 1061 3289 1118 Domino
3319 1063 3593 1119 salutem.

2018 1153 2063 1203 t.
2099 1150 2193 1203 Vir
2217 1149 2561 1220 spectabilis
2590 1148 2746 1204 ﬁlius
2775 1156 2974 1205 noster
2993 1150 3422 1206 Classicianus‘
3458 1166 3589 1221 gra-

1938 1238 2087 1293 viter
2113 1238 2274 1310 apud
2291 1254 2385 1294 me
2398 1238 2606 1294 litteris
2622 1243 2867 1310 questus
2882 1239 3162 1311 est,quod
3179 1239 3228 1295 si
3244 1241 3592 1298 anathema-

1938 1326 2011 1381 tis
2038 1326 2320 1398 injuriam
2344 1342 2380 1382 a
2411 1332 2511 1383 tua
2544 1328 2867 1383 Sanctitate
2918 1343 3235 1399 perpessus
3272 1344 3284 1383 :
3336 1345 3592 1386 narrans

1936 1415 2101 1487 quod
2126 1416 2354 1471 venerit
2384 1416 2461 1472 ad
2493 1416 2814 1472 Ecclesiam
2858 1417 3230 1488 apparitione
3256 1434 3592 1489 paucorum

1936 1519 2060 1559 suae
2101 1505 2375 1575 potestati
2403 1520 2671 1575 congrua
2697 1505 3036 1569 comitatus,
3071 1511 3128 1561 et
3162 1507 3346 1577 egerit
3368 1513 3587 1575 tecum,

1934 1607 2009 1646 ne
2027 1598 2236 1647 contra
2262 1593 2512 1648 salutem
2531 1609 2703 1648 suam
2724 1593 2947 1649 faveres
2977 1594 3062 1648 eis
3088 1596 3192 1665 qui
3214 1610 3314 1665 per
3328 1599 3591 1665 Evange-

1932 1680 2114 1736 lium‘
2142 1681 3187 1753 pejerando,adiutoriumviolandaa
3208 1682 3345 1739 ﬁdei
3374 1685 3433 1738 in
3457 1684 3591 1753 ipsa

1931 1768 2067 1824 ﬁdei
2101 1770 2285 1825 domo
2304 1771 2686 1842 requirevant
2710 1787 2722 1836 ;
2742 1786 2893 1841 quos
2921 1774 3118 1826 tamen
3144 1769 3590 1829 considerantes

1929 1858 2074 1930 quid
2100 1858 2240 1914 mali
2268 1858 2510 1914 fecerint
2530 1858 2801 1915 noninde
2817 1859 3104 1914 violenter
3129 1860 3443 1928 abductos,
3480 1862 3587 1918 sed

1930 1954 2144 2019 sponte
2158 1948 2793 2021 dicitegressos,atque
2806 1948 2945 2002 hinc
2958 1949 3412 2005 Venerationem
3427 1957 3587 2006 tuam

1926 2036 2009 2093 ita
2042 2037 2155 2092 sibi
2197 2038 2630 2105 succensuisse,
2665 2044 2726 2092 ut
2775 2036 3318 2093 ecclesiasticorum
3350 2038 3585 2094 confec-

1924 2125 2084 2181 tione
2124 2124 2435 2182 Gestorum
2464 2142 2601 2181 cum
2617 2126 2783 2181 omni
2808 2125 2992 2181 domo
3034 2143 3146 2182 sua
3164 2128 3568 2184 anathematis

1924 2216 2215 2271 sententia
2250 2215 2539 2271 feriretur.
2576 2215 2807 2281 Quibus
2839 2214 3042 2271 litteris
3074 2217 3203 2287 ejus
3231 2216 3420 2283 lcctis,
3454 2233 3578 2274 non

1923 2303 2303 2359 mediocriter
2332 2309 2610 2369 aestuans,
2643 2305 3105 2374 cogitationibus
3126 2320 3351 2375 magna
3382 2306 3580 2362 cordis

1923 2398 2272 2465 tempestate
2294 2392 2911 2465 ﬂuctuantibus,apud
2934 2394 3288 2450 Charitatem
3305 2401 3466 2451 tuam
3500 2400 3582 2453 ta-

1922 2498 2053 2539 cere
2084 2498 2207 2538 non
2234 2484 2403 2555 potui
2433 2499 2447 2548 ;
2486 2488 2547 2538 ut
2577 2485 2622 2537 si
2666 2483 2856 2539 habes
2886 2483 2961 2538 de
2987 2484 3100 2539 hac
3131 2500 3193 2539 re
3218 2486 3578 2542 sententiam

1919 2572 2092 2627 certis
2124 2570 2455 2627 rationibus
2486 2571 2575 2627 vel
2610 2571 3049 2643 Scripturarum
3092 2573 3446 2629 testimoniis
3476 2589 3581 2630 ex-

1917 2660 2236 2733 ploratam,
2266 2677 2375 2716 nos
2414 2675 2656 2733 quoque
2698 2661 2912 2716 docere
2949 2661 3211 2731 digneris
3265 2663 3576 2734 quomodo

1918 2754 2071 2805 recte
2102 2748 2520 2805 anathemetur
2534 2764 2642 2820 pro
2669 2748 2854 2819 patris
2869 2754 3112 2820 peccato
3140 2750 3316 2817 ﬁlius,
3336 2756 3438 2807 aut
3464 2767 3575 2823 pro

1916 2837 2110 2894 mariti
2135 2854 2299 2904 uxor,
2331 2842 2435 2893 aut
2456 2853 2562 2909 pro
2590 2837 2819 2893 domini
2848 2853 3072 2903 servus,
3114 2845 3218 2894 aut
3246 2841 3573 2913 quisquam

1914 2927 1975 2984 in
2004 2927 2189 2983 domo
2220 2927 2396 2982 etiam
2428 2926 2699 2981 nondum
2734 2931 2914 2981 natus
2946 2927 2993 2980 si
3033 2927 3246 2982 eodem
3279 2934 3568 2999 tempore,

1913 3032 2036 3089 quo
2070 3016 2344 3072 universa
2373 3015 2591 3071 domus
2606 3020 2694 3070 est
2721 3013 3400 3085 anathemateobligata,
3434 3032 3570 3074 nas-

1915 3112 2103 3173 catur,
2132 3122 2240 3161 nec
2266 3106 2320 3161 ei
2349 3106 2540 3177 possit
2569 3104 2990 3176 perlavacrum
3015 3106 3482 3176 regenerationis
3503 3109 3565 3165 in

1914 3197 2119 3253 mortis
2142 3193 2403 3268 periculo
2434 3194 2755 3250 subveniri.
2776 3197 2975 3266 Neque
3007 3195 3167 3250 enim
3196 3195 3325 3251 haec
3357 3212 3565 3270 corpoc

1910 3286 2050 3343 ralis
2067 3292 2152 3341 est
2173 3299 2351 3357 paena
2380 3299 2502 3355 qua
2522 3282 2778 3353 legimus
2804 3283 3099 3355 quosdam
3123 3290 3563 3357 contemptores

1913 3376 2011 3432 Dei
2041 3391 2178 3432 cum
2209 3373 2332 3429 suis
2362 3372 2780 3445 omnibus,qui
2810 3372 3410 3446 ejusdemimpietatis
3432 3391 3565 3447 par-

1910 3466 2115 3536 ticipes
2150 3479 2268 3519 non
2311 3463 2568 3529 fuerunt,
2601 3463 2821 3534 pariter
2848 3461 3205 3519 interfectos.
3238 3463 3399 3520 Tunc
3431 3464 3562 3536 qui-

1909 3555 2047 3609 dem
2062 3554 2136 3609 ad
2154 3559 2435 3608 terrorem
2463 3552 2791 3607 viventium
2820 3552 3096 3607 mortalia
3126 3568 3374 3624 corpora
3412 3555 3562 3625 peri-

1908 3643 2243 3707 mebantur,
2267 3640 2635 3712 quandoque
2668 3640 2868 3711 utique
2882 3641 3171 3696 moritura
3195 3656 3209 3697 :
3236 3641 3561 3713 spiritualis

1906 3736 2109 3790 autem
2168 3745 2361 3801 paena,
2404 3745 2524 3800 qua
2564 3729 2628 3784 ﬁt
2657 3729 2818 3800 quod
2854 3730 3143 3800 scriptum
3182 3736 3290 3795 est,
3323 3732 3460 3798 Quae
3491 3732 3560 3788 li-

1902 3820 2138 3893 gaveris
2167 3820 2230 3874 in
2282 3826 2465 3885 terra,
2495 3824 2669 3874 erunt
2703 3819 2890 3888 ligata
2919 3825 2971 3874 et
3017 3818 3080 3873 in
3131 3821 3274 3875 caelo
3314 3820 3555 3891 (Matth.

1904 3926 2017 3975 xvr,
2051 3914 2155 3979 l9),
2184 3908 2418 3964 animas
2448 3906 2686 3977 obligat,
2708 3907 2780 3962 de
2803 3907 3024 3979 quibus
3058 3907 3554 3977 dictum_est,Ani-

1905 4014 1999 4055 ma
2027 3997 2211 4067 patris
2231 4011 2361 4053 mea
2391 4002 2550 4061 est,et
2584 3996 2788 4052 anima
2810 3997 2921 4066 ﬁlii
2948 4012 3073 4053 mea
3098 4003 3180 4053 est
3203 3997 3394 4053 anima
3423 4014 3554 4070 qua:

1900 4086 2255 4157 peccaverit,
2300 4087 2420 4156 ipsa
2447 4086 2738 4141 morietur
2770 4085 3002 4156 (Ezech.
3031 4102 3192 4149 xvm,
3226 4086 3300 4158 4).

1974 4181 2030 4232 2.
2056 4174 2284 4231 Audisti
2300 4174 2548 4231 fortasse
2566 4174 2799 4246 aliquos
2831 4175 3035 4244 magni
3066 4176 3330 4232 nominis
3357 4192 3556 4234 sacer-

1905 4266 2072 4322 dotes
2097 4281 2234 4322 cum
2256 4264 2442 4320 domo
2464 4280 2574 4319 sua
2597 4265 2946 4335 quempiam
2970 4264 3393 4322 anathemasse
3423 4283 3555 4338 pec-

1906 4355 2171 4411 cantium
2204 4370 2217 4409 :
2248 4354 2354 4409 sed
2387 4353 2534 4409 forte
2561 4354 2610 4407 si
2633 4359 2831 4407 essent
2854 4353 3211 4421 interrogati,
3232 4355 3557 4424 reperiren-

1907 4448 2000 4499 tur
2048 4442 2245 4499 idonei
2304 4442 2552 4497 reddere
2600 4441 2739 4495 inde
2778 4440 3093 4495 rationem.
3145 4443 3264 4509 Ego
3329 4448 3551 4507 autem,

1905 4531 2192 4604 quoniam
2210 4530 2260 4585 si
2282 4530 2417 4602 quis
2435 4545 2502 4584 ex
2516 4544 2611 4583 me
2632 4533 2864 4600 quierat
2888 4532 3084 4583 utrum
3099 4535 3253 4584 recte
3280 4529 3556 4601 ﬁat,quid

1906 4622 1955 4677 ei
1984 4619 2380 4691 respondeam
2403 4633 2523 4673 non
2557 4616 2795 4672 invenio
2824 4634 2836 4683 ;
2867 4633 3180 4689 nunquam
3214 4616 3324 4672 hoc
3363 4617 3557 4675 facere

1909 4725 2091 4765 ausus
2149 4723 2304 4771 sum,
2347 4723 2482 4762 cum
2535 4705 2609 4760 de
2656 4705 3064 4777 quorumdam
3104 4705 3559 4763 facinoribusim

1911 4798 2165 4853 maniter
2193 4795 2486 4851 adversus
2522 4794 2841 4850 Ecclesiam
2871 4795 3250 4865 perpetratis,
3281 4796 3560 4864 gravissi-

1911 4903 2006 4942 me
2030 4883 2549 4958 permoverer.Sed
2580 4884 2625 4938 si
2647 4883 2747 4939 tibi
2767 4882 2913 4937 forte
2942 4882 3404 4955 quoniamjuste
3433 4884 3560 4947 ﬁat,

1917 4975 2204 5032 Dominus
2251 4972 3287 5043 revelavitnequaquamjuvenilem
3328 4978 3565 5027 aetatem

1916 5069 2165 5132 tuam,et
2186 5062 2429 5119 honoris
2455 5061 2833 5117 ecclesiastici
2853 5060 3192 5115 rudimenta
3222 5066 3562 5117 contemno:

1916 5170 1988 5210 en
2021 5153 2258 5217 adsum,
2291 5166 2473 5206 senex
2504 5167 2538 5206 a
2562 5151 2785 5222 juvene
2817 5155 2873 5205 et
2904 5150 3221 5219 episcopus
3249 5154 3332 5203 tot
3375 5164 3569 5205 anno-

1917 5259 2050 5299 rum
2085 5258 2121 5298 a
2146 5241 2376 5309 collega
2400 5238 2658 5295 necdum
2699 5238 2979 5293 anniculo
3011 5244 3255 5308 paratus
3286 5254 3422 5293 sum
3454 5238 3571 5293 dis-

1918 5348 2072 5397 cere,
2105 5330 2413 5403 quomodo
2436 5328 2659 5385 velDeo
2691 5327 2778 5381 vel
2811 5327 3156 5383 hominibus
3181 5326 3404 5396 justam
3439 5342 3576 5399 pos-

1983 5438 1996 5466 ¹
2032 5436 2184 5500 Apud
2215 5436 2526 5485 Anselmum
2564 5434 2857 5483 Lucenscm
2905 5432 3119 5495 legitur,
3153 5446 3311 5482 comes
3340 5434 3576 5484 Classici-

1921 5514 2049 5549 mus.

1982 5565 2001 5596 ³
2032 5560 2317 5623 Anselmus
2343 5560 2600 5623 Luc.,per
2630 5558 2935 5621 Evangelia.

1977 5625 1995 5644 ⁸
2033 5622 2327 5673 Emendata
2353 5623 2421 5672 ad
2450 5617 2518 5670 bl'.
2544 5621 2595 5670 ff.
2622 5635 2700 5671 vc.
2735 5617 2841 5671 tres
2860 5636 2915 5671 v.
2950 5620 3019 5671 ad
3057 5617 3262 5670 Edd.et
3284 5620 3353 5672 ad
3389 5622 3575 5673 Ansel-

1921 5687 1996 5740 mi
2026 5686 2260 5737 Incensis
2285 5685 2671 5735 collectionem.

1986 5751 2062 5817 (α)
2094 5748 2236 5799 Alias
2257 5748 2316 5800 75
2350 5761 2505 5813 :quee
2539 5751 2720 5799 autem
2751 5747 2844 5796 250
2871 5748 3011 5805 erat,
3044 5758 3190 5797 nunc
3214 5746 3300 5797 95.

2756 5828 3303 5903 (Trente-Quatre.)
