4140 6174
541 191 676 248 1007

540 331 750 371 sumus
777 313 1026 370 reddere
1053 313 1367 380 rationem,
1387 309 1432 367 si
1451 312 1687 369 animas
1710 311 2056 368 innocentes
2083 326 2192 384 pro

544 405 761 461 scelere
785 404 997 466 alieno,
1019 419 1086 456 ex
1109 417 1230 474 quo
1258 417 1378 457 non
1401 402 1642 457 trahunt
1670 403 1822 458 sicut
1843 418 1910 458 ex
1936 400 2126 456 Adam
2150 402 2188 466 ί,

540 496 601 550 in
632 509 751 565 quo
781 507 990 547 omnes
1022 495 1417 561 peccaverunt
1448 491 1636 561 (Rom.
1672 509 1726 558 v,
1767 495 1870 556 12),
1903 489 2190 559 originale

537 587 871 656 peccatum,
905 579 1196 650 spirituali
1238 579 1531 651 supplicio
1571 581 1914 652 puniamus.
1964 579 2190 634 Etenim

538 670 886 726 Classiciani
913 668 1091 734 ﬁlius,
1123 669 1232 724 etsi
1256 669 1428 724 traxit
1449 685 1518 724 ex
1545 677 1708 740 patre
1732 669 1906 740 primi
1934 667 2191 723 hominis

538 760 778 831 culpam
800 774 967 814 sacro
987 757 1144 814 fonte
1175 759 1546 829 Baptismatis
1568 758 1929 829 expiandam
1955 776 1969 827 ,'
1991 763 2190 812 tamen

535 849 852 920 quidquid,
888 853 1283 918 posteaquam
1325 847 1528 917 genuit
1574 863 1731 912 eum,
1769 846 1992 917 peccati
2025 849 2193 917 pater

536 939 668 1011 ejus
716 937 977 1002 admisit,
1013 936 1112 990 ubi
1149 936 1440 1007 particeps
1472 937 1596 1006 ipse
1630 952 1748 990 non
1788 937 1913 998 fuit,
1947 934 2023 990 ad
2051 950 2189 988 eum

537 1044 658 1084 non
708 1027 999 1099 pertinere
1035 1026 1169 1096 quis
1199 1025 1450 1094 ambigit
1480 1023 1507 1078 ?
1545 1024 1697 1089 Quid
1724 1024 1919 1078 dicam
1948 1023 2022 1077 de
2052 1039 2189 1078 cou-

531 1118 676 1190 juge
705 1118 732 1171 ?
756 1115 901 1188 quid
931 1115 1004 1169 de
1050 1120 1132 1169 tot
1167 1113 1487 1168 animabus
1513 1115 1572 1168 in
1607 1114 1881 1168 universa
1915 1111 2138 1167 familia
2165 1112 2191 1166 ?

537 1209 698 1263 unde
717 1207 762 1261 si
793 1222 910 1260 una
941 1205 1142 1259 anima
1166 1219 1270 1274 per
1303 1203 1478 1258 istam
1512 1203 1886 1258 severitatem
1919 1219 2040 1273 qua
2073 1206 2191 1259 tota

535 1296 755 1351 domus
782 1295 895 1347 ista
920 1291 1308 1347 anathemata
1329 1295 1432 1354 est,
1451 1291 1576 1345 sine
1591 1291 1951 1361 Baptismate
1978 1290 2050 1344 de
2065 1305 2188 1344 cor-

534 1400 677 1456 pore
708 1381 982 1437 exeundo
1014 1379 1282 1451 perierit;
1314 1379 1842 1433 innumerabilium
1876 1394 2035 1433 mors
2067 1393 2189 1433 cor-

533 1490 772 1545 porum,
793 1471 840 1526 si
867 1471 939 1524 de
958 1468 1201 1524 ecclesia
1236 1468 1509 1523 homines
1529 1469 1873 1523 innocentes
1907 1467 2189 1522 violenter

533 1561 958 1617 abstrahamur
979 1561 1034 1613 et
1056 1557 1504 1621 interﬁciantur,
1529 1555 1667 1610 huic
1691 1558 1915 1610 damno
1934 1571 2054 1610 non
2080 1571 2186 1627 po-

535 1655 649 1704 test
679 1647 1035 1719 comparari.
1075 1646 1130 1700 Si
1162 1661 1302 1714 ergo
1357 1647 1429 1699 de
1472 1646 1584 1700 hac
1630 1661 1690 1699 re
1733 1651 1898 1716 potes
1938 1644 2185 1700 reddere

531 1740 844 1799 rationem,
882 1738 1110 1790 utinam
1142 1740 1199 1788 et
1229 1735 1402 1788 nobis
1433 1733 1818 1788 rescribendo
1853 1739 2092 1804 praestes
2126 1740 2186 1790 ut

531 1829 837 1900 possimus
859 1831 914 1880 et
945 1840 1086 1880 nos:
1119 1823 1165 1877 si
1196 1827 1396 1878 autem
1431 1838 1551 1877 non
1581 1828 1767 1893 potes,
1801 1823 1944 1893 quid
1978 1823 2076 1878 tibi
2101 1828 2186 1878 est

527 1915 865 1973 inconsulta
881 1914 1282 1968 commotione
1301 1912 1478 1966 animi
1500 1912 1713 1980 facere,
1741 1910 1899 1966 unde
1924 1911 1971 1965 si
2002 1911 2181 1967 fueris

526 2009 944 2073 interrogatus,
976 2009 1199 2057 rectam
1235 2003 1689 2072 responsionem
1743 2015 1863 2056 non
1898 1999 2060 2056 vales
2093 2002 2184 2056 in-

525 2094 724 2150 venire
751 2094 778 2148 ‘I

597 2224 648 2276 3.
702 2221 834 2273 Hth
865 2222 1062 2272 autem
1095 2215 1234 2280 dixi,
1276 2215 1506 2270 etiamsi
1539 2213 1693 2269 ﬁlius
1731 2218 1926 2270 noster
1973 2213 2182 2269 Classi-

522 2310 730 2364 cianus
749 2306 971 2376 aliquid
1004 2305 1264 2367 admisit,
1297 2304 1458 2374 quod
1489 2303 1590 2358 tibi
1623 2303 2002 2357 anathemate
2027 2302 2179 2373 plec-

523 2399 770 2453 tendum
791 2393 1123 2465 justissime
1156 2393 1470 2448 videretur.
1506 2396 1794 2448 Caeterum
1819 2393 1867 2446 si
1900 2407 2070 2446 veras
2100 2392 2177 2447 ad

521 2503 617 2541 me
645 2487 867 2540 litteras
903 2485 1077 2547 misit,
1099 2499 1205 2538 nec
1236 2482 1397 2537 solus
1421 2483 1477 2535 in
1505 2481 1690 2536 domo
1713 2497 1824 2536 sua
1845 2481 2177 2537 debuitista

522 2575 816 2630 sententia
829 2573 1104 2628 coerceri.
1124 2572 1234 2627 Sed
1253 2572 1392 2625 hinc
1413 2587 1550 2625 cum
1576 2577 1678 2625 tua
1697 2570 2012 2625 Sanctitate
2030 2570 2177 2625 nihil

518 2679 652 2732 ago,
687 2664 797 2716 nisi
828 2669 1058 2717 tantum
1096 2667 1230 2731 peto
1264 2662 1540 2729 ignOscas
1572 2659 1791 2730 petenti
1823 2660 2079 2724 veniam,
2127 2659 2175 2714 si

516 2751 827 2821 agnoverit
873 2750 1114 2820 culpam
1148 2765 1160 2803 :
1196 2750 1242 2804 si
1284 2754 1482 2804 autem
1524 2748 1669 2803 nihil
1715 2765 1853 2802 eum
1893 2764 2174 2819 peccasse

516 2840 841 2912 prudenter
856 2839 1155 2907 agnoscis,
1175 2838 1462 2907 quoniam
1483 2837 1686 2908 ipsein
1703 2837 1886 2891 domo
1906 2836 2070 2905 ﬁdeij
2085 2854 2176 2891 us-

518 2930 632 2984 tius
662 2928 970 2997 ﬂagitabat
999 2927 1179 2983 ﬁdem
1211 2927 1428 2982 debere
1461 2927 1702 2995 servari,
1740 2942 1812 2981 ne
1840 2926 1914 2980 ibi
1939 2925 2172 2994 frange-

515 3025 677 3076 retur
708 3018 806 3072 ubi
830 3018 1113 3082 docetur;
1148 3016 1239 3072 fac
1265 3017 1424 3087 quod
1457 3022 1733 3072 sanctum
1768 3017 1958 3070 virum
1982 3015 2172 3070 facere

515 3113 771 3180 oportet,
816 3114 875 3160 ut
905 3107 952 3160 si
986 3106 1088 3161 tibi
1119 3107 1363 3177 contigit
1392 3107 1678 3176 ianquam
1716 3104 1966 3173 homini,
2009 3103 2174 3175 quod

515 3199 717 3268 utique
741 3197 922 3250 homo
958 3195 1052 3250 Dei
1085 3195 1224 3249 dicit
1256 3195 1314 3248 in
1346 3195 1596 3259 Psalmo,
1632 3194 1923 3249 Turbatus
1945 3201 2028 3248 est
2048 3208 2176 3261 prae

515 3287 612 3342 ira
642 3286 842 3341 oculus
872 3301 1055 3350 meus,
1086 3285 1384 3338 exclames
1418 3284 1494 3338 ad
1523 3284 1864 3345 Dominum,
1899 3283 2176 3340 Miserere

516 3375 912 3439 mei,Domine,
930 3375 1208 3444 quoniam
1234 3374 1501 3437 inﬁrmus
1518 3373 1841 3440 sum(Psal.
1863 3375 1992 3437 vr,8,
2011 3373 2063 3442 3)
2083 3387 2094 3436 ;
2114 3376 2176 3426 ut

516 3465 785 3536 porrigat
810 3463 905 3517 tibi
931 3463 1238 3518 dexteram
1263 3477 1455 3526 suam,
1482 3467 1538 3515 et
1559 3460 1916 3531 comprimat
1944 3462 2175 3515 iracun-

516 3555 680 3610 diam
708 3560 892 3616 tuam,
929 3557 982 3606 et
1011 3550 1350 3622 tranquillet
1376 3557 1635 3605 mentem
1669 3556 1832 3604 tuam
1866 3550 1941 3604 ad
1977 3550 2178 3605 viden-

516 3646 658 3698 dam
683 3642 1140 3711 faciendamque
1163 3640 1474 3710 justitiam.
1502 3640 1661 3695 Sicut
1688 3639 1844 3693 enim
1885 3641 2174 3710 scriptum

518 3739 628 3794 est,
649 3731 976 3786 Iracundia
996 3730 1111 3785 viri
1126 3729 1422 3800 justitiam
1457 3730 1564 3784 Dei
1591 3745 1707 3783 non
1746 3736 2030 3798 operatur
2059 3728 2176 3797 (Ja-

519 3821 642 3877 cobi
668 3836 705 3884 1,
736 3820 848 3890 20).
879 3822 990 3874 Nec
1022 3818 1321 3874 arbitreris
1343 3818 1478 3872 ideo
1505 3817 1677 3872 nobis
1709 3833 1828 3872 non
1870 3833 2043 3888 posse
2076 3834 2172 3872 su-

516 3909 765 3980 brepere
830 3909 1114 3977 injustam
1172 3908 1664 3972 commotionem,
1712 3907 1854 3978 quia
1906 3906 2173 3977 episcopi

517 4014 726 4052 sumus
758 3998 894 4051 :sed
910 3999 1102 4067 potius
1116 3996 1448 4066 cogitemus
1476 3996 1884 4067 interlaqueos
1903 3995 2171 4050 tentatio-

519 4101 665 4141 num
691 4102 800 4139 nos
831 4086 1330 4155 periculosissime
1360 4087 1576 4148 vivere,
1603 4084 1751 4155 quia
1775 4085 2050 4139 homines
2078 4101 2173 4138 su-

517 4190 675 4229 mus.
710 4173 886 4227 Aufer
915 4173 1111 4243 itaque
1143 4175 1312 4227 Gesta
1338 4173 1746 4228 ecclesiastica
1785 4189 1918 4244 quae
1952 4179 2173 4244 pertur-

516 4262 712 4319 batior
741 4261 990 4316 fortasse
1022 4261 1224 4325 fecisti,
1265 4267 1318 4315 et
1347 4262 1550 4316 redeat
1577 4261 1732 4316 inter
1773 4278 1878 4317 vos
1909 4262 2168 4318 charitas

515 4369 702 4425 quam
735 4367 872 4406 cum
904 4350 1002 4406 illo
1035 4355 1089 4405 et
1114 4350 1579 4406 catechumenus
1615 4356 1632 4385 ³
1663 4350 1924 4406 habuisti
1959 4367 1970 4406 :
2003 4351 2171 4407 aufer

512 4441 676 4498 litem
726 4447 782 4496 et
811 4456 1024 4496 revoca
1054 4456 1288 4511 pacem,
1327 4456 1400 4495 ne
1431 4441 1530 4495 tibi
1564 4444 1767 4511 pereat
1796 4440 1978 4496 homo
2019 4443 2167 4496 ami-

515 4547 643 4597 cus,
675 4537 731 4586 et
756 4530 829 4585 de
854 4530 1022 4585 vobis
1054 4531 1314 4600 gaudeat
1335 4529 1609 4585 diabolus
1637 4531 1931 4585 inimicus.
1961 4534 2169 4586 Potens

515 4627 604 4676 est
626 4627 824 4676 autem
858 4619 1268 4675 misericordia
1291 4619 1389 4674 Dei
1414 4621 1620 4686 nostri,
1644 4636 1779 4691 quas
1799 4625 1850 4675 et
1875 4637 1968 4676 me
1991 4637 2170 4676 exau-

514 4709 638 4764 diat
663 4716 954 4774 orantem,
1004 4725 1076 4764 ne
1109 4725 1245 4764 mea
1284 4709 1513 4765 tristitia
1544 4709 1618 4765 de
1650 4709 1816 4764 vobis
1854 4715 2166 4782 augeatur,

514 4800 618 4852 sed
653 4801 847 4870 potius
870 4814 1004 4869 quas
1035 4805 1120 4854 est
1163 4804 1366 4854 exorta
1399 4804 1641 4854 sanetur
1669 4815 1681 4864 ;
1716 4806 1774 4854 et
1798 4801 1984 4868 erigat
2012 4801 2033 4834 ³
2063 4816 2169 4871 per

513 4888 770 4959 gratiam
808 4903 1003 4952 suam,
1036 4893 1091 4943 et
1131 4887 1385 4944 laetificat
1424 4888 1798 4958 juventutem
1851 4894 2015 4945 tuam
2042 4906 2167 4947 non

510 4983 990 5033 contemnentem
1023 4982 1386 5034 senectutem
1430 4994 1650 5033 meam.
1689 4978 1842 5034 Vale.

1103 5121 1579 5178 FRAGMENTUM

506 5262 655 5324 Quod
684 5262 736 5312 in
760 5262 922 5313 veteri
946 5261 1126 5312 codice
1149 5261 1394 5313 Ecclesia:
1421 5265 1695 5316 Trecensis
1717 5270 2022 5322 continente
2057 5273 2160 5323 col-

568 5329 822 5440 Lectiorraes
843 5327 1107 5376 Cresconii
1139 5328 1458 5377 etFerrandi
1489 5334 1734 5393 repetum
1764 5337 2161 5390 est,cumtitulo

606 5405 650 5439 lC
683 5407 708 5438 a
779 5404 865 5440 ιο.

566 5563 580 5629 ξ
608 5564 859 5629 Anselm.,
894 5567 1026 5629 quod
1065 5581 1170 5614 non
1203 5569 1416 5619 trahunt
1448 5585 1505 5620 ea:
1534 5571 1720 5623 Adam.

566 5624 582 5654 ³
608 5628 861 5683 Anselm.,
899 5624 1287 5680 Eatechumenis.

563 5689 582 5722 ⁸
609 5689 866 5748 Ansclm.,
902 5696 946 5739 et
978 5696 1021 5741 te
1043 5697 1208 5760 regat.

1761 262 1768 269 _
1819 185 1880 244 S.
1922 183 2304 244 AUGUSTINI
2349 179 2671 243 EPISCOPI

3827 182 3970 249 1068

2526 312 2608 366 EX
2652 309 2988 366 EPISTOLA
3021 308 3114 368 AD
3150 306 3667 369 CLASSICIANUM
3700 314 3740 379 ',

2661 401 2769 468 Qui
2800 400 3346 457 excommunicatus
3371 402 3599 468 fuerat.

2374 489 2494 559 Ego
2517 495 2757 561 propter
2773 506 2874 544 eos
2889 491 2990 561 qui
3009 507 3115 562 pro
3131 497 3376 562 peccato
3401 492 3580 546 unius
3607 493 3863 561 animae,
3895 498 3973 549 to-

2302 582 2422 632 tam
2455 578 2704 632 domum
2736 578 2887 648 ejus,
2923 579 2981 633 id
3015 587 3100 633 est
3133 579 3419 650 plurimas
3449 581 3687 636 animas
3718 583 3974 637 anathe-

2301 666 2928 735 mateligant,uiaxime
2949 683 3020 722 ne
3040 669 3112 722 ibi
3130 669 3446 740 quisquam
3462 670 3589 723 sine
3612 672 3975 742 Baptismate

2301 753 2374 808 de
2395 770 2642 826 corpore
2665 755 2951 811 abscedat
2973 763 3058 820 ;et
3075 762 3269 810 utrum
3291 773 3409 811 non
3430 758 3610 812 etiam
3624 763 3702 814 de
3717 759 3972 815 ecclesia

2301 842 2557 914 pellendi
2585 849 2745 908 sunt,
2769 846 2869 916 qui
2893 861 2962 900 eo
2985 844 3478 917 confugiuntquo
3507 847 3692 902 ﬁdem
3721 847 3866 918 ﬁdej
3881 866 3974 902 us-

2301 933 2536 986 soribus
2565 931 2864 1002 frangant,
2890 934 3213 1003 adjuvante
3245 935 3516 1000 Domino,
3543 942 3600 990 et
3621 937 3684 990 in
3711 937 3969 994 concilio

2300 1026 2506 1076 nostro
2527 1039 2700 1092 agere
2729 1023 2925 1094 cupio,
2944 1031 2998 1078 et
3026 1023 3075 1077 si
3098 1039 3250 1094 opus
3275 1022 3445 1079 fuerit
3466 1025 3542 1080 ad
3557 1025 3780 1081 Sedem
3800 1043 3971 1099 apos-

2299 1109 2536 1165 tolicam
2563 1111 2857 1178 scribere;
2888 1115 3026 1166 utin
3051 1111 3142 1166 his
3163 1114 3356 1167 causis
3378 1114 3521 1184 quid
3545 1115 3717 1186 sequi
3749 1116 3970 1170 debea-

2301 1214 2435 1252 mus
2458 1200 2738 1254 concordi
2757 1201 3029 1255 omnium
3061 1203 3408 1257 auctoritate
3431 1205 3863 1269 constituatur,
3888 1211 3964 1259 at-

2299 1303 2413 1358 que
2447 1288 2714 1343 ﬁrmetur
2745 1289 2846 1358 (a).
2886 1290 3028 1343 Illud
3064 1289 3240 1361 plane
3273 1307 3392 1345 non
3429 1298 3649 1348 temere
3690 1293 3965 1358 dixerim,

2297 1376 2462 1448 quod
2481 1375 2526 1431 si
2557 1378 2877 1450 quisquam
2922 1378 3188 1432 ﬁdelium
3221 1378 3393 1434 fuerit
3421 1380 3861 1437 anathematus
3885 1384 3967 1437 in-

2291 1465 2470 1536 juste,
2501 1465 2550 1520 ei
2583 1467 2780 1537 potius
2806 1467 2992 1522 oberit
3025 1468 3126 1538 qui
3160 1468 3349 1534 faciet,
3378 1485 3563 1540 quam
3588 1471 3640 1525 ei
3675 1471 3783 1541 qui
3816 1473 3967 1527 hanc

2296 1555 2552 1624 patietur
2583 1555 2882 1625 injuriam.
2916 1555 3166 1628 Spiritus
3200 1558 3357 1611 enim
3391 1565 3635 1613 sanctus
3680 1559 3969 1615 habitans

2295 1641 2355 1697 in
2388 1644 2632 1709 sanctis,
2665 1659 2770 1716 per
2799 1661 2980 1715 quem
3015 1645 3270 1717 quisque
3302 1645 3519 1714 ligatur
3550 1653 3656 1703 aut
3697 1650 3967 1715 solvitur,

2293 1729 2657 1787 immeritam
2689 1731 2831 1787 nulli
2868 1749 3107 1804 poenam
3141 1734 3356 1803 ingerit
3387 1751 3398 1788 :
3431 1751 3536 1807 per
3566 1752 3706 1791 eum
3737 1738 3968 1809 quippe

2293 1819 2642 1876 diffunditur
2659 1823 2915 1877 charitas
2935 1823 2992 1877 in
3008 1823 3289 1878 cordibus
3307 1825 3690 1897 nostris,qua3
3708 1842 3836 1882 non
3852 1828 3969 1899 agit

2292 1924 2618 1982 perperam.

2766 1982 3100 2038 arisrom
3142 1983 3292 2038 ccu
3325 1984 3340 2001 ·
3371 1984 3472 2054 (b).

2290 2070 2662 2139 Augustinus
2684 2072 3000 2136 Pancario,
3022 2073 3094 2127 de
3116 2073 3454 2129 Secundino
3471 2075 3836 2142 presbytero
3859 2080 3967 2133 cri-

2363 2142 2481 2196 min
2491 2158 2585 2218 uin
2608 2143 3001 2218 quorumdam
3026 2143 3368 2218 insimulata
3387 2163 3406 2199 :
3427 2154 3643 2202 contra
3673 2164 3853 2218 quem
3874 2165 3967 2204 ac-

2361 2213 2694 2268 cusationes
2718 2215 3126 2270 haereticorum
3151 2216 3464 2273 admittere
3502 2233 3621 2273 non
3670 2213 3833 2284 ῡηιι.
3876 2237 3966 2276 ca-

2363 2285 2715 2340 tholicorum
2746 2287 2958 2342 audire
2981 2293 3249 2354 paratus.

2291 2374 2542 2429 Domino
2556 2373 2962 2438 dilectissimo,
2983 2376 3310 2446 meritoque
3322 2375 3663 2432 honorabili
3685 2377 3814 2435 ﬁlio
3830 2379 3962 2434 Pss-

2480 2461 2664 2510 cuuo,
2702 2446 3069 2510 Ancusrmus,
3099 2447 3154 2501 in
3198 2448 3448 2502 Domino
3474 2449 3765 2506 salutem.

2361 2535 2529 2596 Cum,
2564 2540 2890 2604 antequam
2924 2536 3150 2590 veniret
3193 2536 3418 2605 Religio
3461 2543 3584 2604 tua,
3629 2540 3959 2610 presbyter

2289 2622 2664 2677 Secundinus
2713 2623 3376 2680 Germanicianensibus
3418 2642 3539 2682 non
3585 2628 3952 2700 displiceret,

2287 2710 2641 2766 undemodo
2659 2713 2877 2767 factum
2897 2718 3060 2767 estut
3083 2729 3242 2778 eum,
3260 2715 3412 2769 sicut
3436 2716 3756 2787 scripsisti,
3779 2721 3952 2775 etiam

2284 2799 2359 2854 de
2401 2801 2600 2855 nescio
2635 2802 2852 2872 quibus
2885 2801 3235 2857 criminibus
3267 2818 3552 2860 accusare
3585 2809 3786 2877 parati
3821 2811 3948 2873 sint,

2284 2891 2505 2955 nescio,
2533 2890 2773 2944 domine
2795 2891 3196 2956 dilectissime,
3217 2893 3545 2966 meritoque
3573 2897 3951 2952 honorabilis

2285 2977 2387 3032 ﬁli.
2420 2981 2835 3035 Verumtamen
2872 2980 3034 3035 nullo
3069 2982 3250 3037 modo
3289 2998 3397 3036 nos
3429 2998 3765 3054 possumus
3810 3003 3948 3043 con-

2284 3071 2546 3122 temnere
2564 3069 2724 3140 quod
2747 3069 3095 3139 presbytero
3114 3071 3686 3143 videnturobjicere,
3710 3081 3945 3132 tantum

2285 3157 2331 3210 si
2364 3157 2634 3212 catholici
2671 3165 2811 3212 sunt
2844 3158 2947 3230 qui
2976 3158 3266 3229 objiciunt
3301 3179 3314 3218 :
3352 3177 3492 3216 nam
3525 3162 3951 3221 haareticorum

2284 3247 2695 3301 accusationes
2723 3255 2927 3302 contra
2972 3247 3334 3304 catholicum
3377 3251 3809 3323 presbyterum
3854 3256 3952 3311 ad-

2287 3335 2536 3400 mittere,
2565 3351 2670 3390 nec
2705 3351 3049 3405 possumus,
3079 3353 3185 3392 nec
3217 3338 3529 3394 debemus.
3561 3343 3824 3399 Proinde
3849 3345 3953 3401 hoc

2287 3425 2480 3495 primo
2508 3431 2648 3493 agat
2675 3424 2993 3495 prudentia
3021 3431 3140 3490 tua,
3160 3431 3221 3481 ut
3248 3426 3505 3483 haeretici
3540 3445 3665 3484 non
3699 3433 3951 3498 sint,ubi

2284 3518 2419 3567 ante
2439 3511 2764 3567 adventum
2789 3519 2952 3567 tuum
2972 3528 3090 3568 non
3108 3513 3342 3569 fuerunt
3363 3531 3375 3581 ;
3395 3521 3452 3571 et
3475 3517 3954 3577 audiemuscau-

2285 3617 2414 3655 sam
2440 3602 2796 3672 presbyteri,
2818 3603 2968 3656 sicut
2987 3618 3116 3657 eam
3133 3605 3600 3674 oportetaudiri.
3622 3607 3780 3664 Illud
3811 3628 3950 3667 sane

2285 3705 2518 3754 moneo,
2545 3690 2688 3761 quia
2705 3689 2987 3761 dignaris,
3008 3691 3298 3761 quoniam
3315 3691 3548 3747 etsalus
3564 3700 3622 3749 et
3637 3697 3945 3754 existima-

2281 3779 2360 3833 tio
2387 3783 2482 3832 tua
2507 3778 2858 3832 charissima
2881 3779 3046 3833 nobis
3073 3786 3179 3847 est,
3204 3785 3257 3835 et
3281 3781 3392 3851 ipsi
3416 3783 3946 3843 Germanicianen-

2281 3882 2374 3922 ses
2393 3868 2684 3937 pertinent
2699 3866 2773 3922 ad
2789 3883 2992 3922 curam
3012 3867 3362 3925 humilitatis
3383 3878 3625 3937 nostrae,
3649 3879 3803 3931 utea
3822 3891 3945 3947 qua

2279 3971 2314 4010 a
2333 3954 2776 4025 gloriosissimis
2797 3956 3263 4026 lmperatoribus
3285 3958 3641 4030 impetrasti,
3660 3967 3720 4018 et
3734 3979 3943 4037 eaquae

2278 4044 2442 4115 apud
2473 4049 2881 4114 competentes
2907 4044 3140 4112 judices
3171 4046 3362 4118 egisti,
3396 4047 3652 4105 ﬁdenter
3691 4051 3947 4122 allegare

2278 4132 2542 4201 digneris
2572 4151 2584 4199 ;
2618 4139 2680 4188 ut
2705 4139 2995 4203 appareat
3023 4135 3306 4190 omnibus
3341 4137 3486 4192 nihil
3517 4143 3572 4193 te
3602 4140 3944 4198 inordinate

2277 4237 2474 4290 agere,
2495 4223 2796 4277 neiteruin
2816 4222 2874 4277 in
2893 4238 3081 4278 causa
3099 4229 3315 4288 vestra,
3336 4226 3440 4297 qui
3455 4226 3530 4282 de
3553 4234 3944 4299 possessione

2277 4311 2655 4379 contenditis,
2681 4310 2796 4382 ipsi
2820 4311 3018 4367 miseri
3033 4311 3371 4383 fatigentur,
3400 4317 3729 4386 etgravius
3752 4319 3943 4376 amicti

2275 4399 2635 4472 dispereant.
2647 4400 2831 4456 Simul
2845 4399 3026 4456 etiam
3041 4403 3402 4460 commendo
3417 4412 3477 4460 ut
3491 4405 3778 4476 ejusdem
3797 4426 3946 4482 pres-

2273 4487 2460 4559 byteri
2490 4490 2708 4544 domus
2738 4504 2858 4544 non
2888 4489 3218 4562 diripiatur,
3250 4507 3442 4564 neque
3478 4500 3782 4553 vastetur:
3811 4515 3942 4555 nam

2274 4576 2349 4632 de
2374 4577 2627 4633 ecclesia
2647 4593 2755 4634 sua
2781 4578 3124 4634 nuntiatum
3154 4585 3242 4637 est
3259 4581 3632 4655 nobis,quod
3661 4601 3808 4644 eam
3827 4605 3943 4644 nes-

2275 4666 2366 4722 cio
2410 4667 2510 4740 qui
2539 4667 2716 4723 velint
2757 4669 3057 4739 deponere
3097 4669 3245 4737 ;sed
3274 4685 3393 4726 non
3435 4677 3583 4743 puto
3613 4677 3796 4747 quod
3837 4678 3941 4734 ullo

2274 4761 2451 4828 pacto
2483 4756 2670 4827 possit
2695 4755 2809 4810 hoc
2837 4772 2874 4812 a
2901 4764 2995 4814 tua
3023 4757 3308 4828 religione
3326 4761 3609 4831 permitti.

2738 4845 3066 4902 EPISTOLA
3099 4848 3272 4903 CCLll
3304 4848 3339 4866 "
3369 4850 3466 4921 (ε).

2273 4936 2635 5007 Augustinus
2656 4934 2860 5000 Felici,
2890 4936 2961 4992 de
2987 4938 3226 5006 pupilla
3258 4940 3519 5008 quadam
3541 4939 3844 5003 Ecclesia
3869 4950 3938 5002 ts-

2848 5009 2976 5063 tetae
3021 5009 3350 5064 commissa.

2347 5095 2589 5151 Domino
2603 5094 2983 5152 dilectissimo
2997 5096 3330 5170 meritoque
3343 5097 3714 5171 honorabili,
3726 5113 3786 5162 et
3805 5124 3933 5180 pre-

2332 5203 2362 5235 s
2402 5200 2909 5268 Hoc‘Fiagmetyttm
2941 5216 3004 5268 ex
3033 5203 3332 5268 N._Rigaltii
3366 5205 3577 5256 schedia
3609 5211 3778 5262 nobis
3809 5229 3931 5265 com-

2271 5265 2565 5377 rrpuuicavit
2591 5265 2646 5313 D.
2679 5266 2744 5314 de
2775 5267 2909 5315 Vion
2940 5265 3374 5318 Sen-Victorinus
3400 5273 3727 5336 canonicus,
3757 5277 3931 5328 docte.-

2311 5341 2600 5377 arxsnensis.

2311 5341 2600 5377 arxsnensis.

2331 5391 2360 5453 ’ί
2387 5391 2676 5453 Recognita
2705 5389 2772 5438 ad
2807 5389 2890 5453 cb.
2925 5404 3009 5445 vc.
3043 5390 3179 5440 duos
3215 5404 3263 5440 v.
3303 5399 3350 5442 et
3385 5393 3451 5443 ad
3485 5395 3614 5445 Lov.

2331 5452 2366 5519 ξ’
2394 5452 2672 5519 Recensita
2705 5453 2771 5501 ad
2797 5452 2884 5507 cb.
2921 5469 3007 5519 gv.
3043 5469 3095 5504 n.
3129 5468 3219 5519 vc,
3253 5455 3389 5506 duos
3417 5472 3465 5506 v.
3495 5462 3548 5508 et
3572 5459 3663 5509 ad.
3699 5461 3844 5519 Lor.

2331 5517 2402 5578 (a)
2433 5516 2752 5579 Sequentem
2777 5517 3100 5579 sententiam
3127 5517 3324 5567 habent
3353 5521 3644 5571 Anselmus
3668 5516 3926 5578 Lucensis

2266 5577 2368 5646 lib._
2387 5577 2545 5646 _12,_c.
2579 5581 2739 5646 6§,__et
2769 5578 3068 5635 Gratianus,
3097 5593 3261 5646 causa
3299 5583 3375 5637 11.
3410 5596 3462 5646 q.
3495 5585 3541 5641 3,
3576 5599 3624 5635 c.
3659 5588 3748 5638 87.

2332 5641 2401 5705 (ὁ)
2435 5641 2578 5706 Alias
2599 5641 2703 5706 72172
2734 5655 2745 5689 :
2772 5655 2891 5706 quia
2925 5646 3108 5692 autem
3139 5645 3227 5692 251
3261 5649 3391 5703 erat,
3426 5641 3582 5697 hunc
3625 5649 3748 5702 269.

2332 5708 2394 5772 te)
2427 5705 2566 5758 Alias
2588 5705 2680 5759 217
2715 5718 2728 5755 :
2761 5705 2881 5774 quia
2908 5708 3092 5760 autem
3125 5708 3218 5760 358
3241 5711 3373 5768 erat.
3395 5722 3542 5762 nunc
3568 5711 3697 5774 179.
