4140 6174
189 182 330 249 1069

189 318 431 375 ferendo
461 319 620 375 fratri
639 319 1280 390 FELICI,AUGUST1NUS,in
1298 327 1547 383 Domino
1561 328 1835 384 salutem.

258 408 423 464 Novit
437 409 662 480 optime
680 411 900 482 Religio
916 419 1013 468 tua
1027 430 1210 486 quam
1225 431 1433 471 curam
1451 417 1684 472 tuendis
1699 434 1835 473 cum

187 496 471 552 omnibus
500 498 864 564 hominibus,
891 506 1015 557 tum
1033 502 1292 559 maxime
1316 504 1556 576 pupillis
1583 505 1838 562 Ecclesia

186 586 278 641 vel
305 587 568 658 episcopi
590 587 866 645 debeant.
903 591 1064 647 Unde
1094 593 1345 664 receptis
1373 595 1578 649 iitteris
1620 595 1751 659 tuis,
1783 600 1837 651 et

187 674 462 746 exemplo
484 676 811 733 litterarum
835 680 940 734 viri
955 681 1294 752 spectabilis
1314 682 1508 738 fratris
1521 684 1703 739 nostri
1731 684 1833 754 (a),

187 779 295 819 nec
319 765 481 834 potui
510 780 619 820 nec
637 766 818 821 debui
844 770 1070 838 passim
1095 770 1357 840 puellam
1374 771 1657 843 cuiquam
1679 787 1839 828 com-

188 854 415 908 mittere
449 870 462 918 ;
490 856 816 926 praesertim
831 857 1120 924 quiaeam
1145 859 1415 915 Ecclesia:
1442 861 1837 917 commenda-

187 943 282 1008 vit,
309 943 553 998 domine
583 943 962 1001 dilectissime
990 948 1324 1019 meritoque
1356 949 1748 1015 honorabilis,
1783 955 1838 1006 et

187 1031 763 1103 praeferendefrater.
781 1035 1027 1090 Proinde
1041 1036 1366 1093 adventum
1391 1040 1518 1108 ejus
1530 1047 1833 1110 exspecto,

183 1126 246 1177 ut
277 1121 324 1176 si
366 1121 515 1193 quid
573 1121 699 1177 ﬁeri
731 1130 1018 1194 oporteat,
1083 1126 1211 1196 ejus
1270 1129 1586 1198 praesentia
1619 1128 1838 1183 delibe-

184 1225 329 1281 rem,
356 1218 409 1266 et
441 1210 659 1266 faciam
691 1213 857 1284 quod
881 1213 1170 1270 Dominus
1200 1216 1542 1272 faciendum
1571 1218 1838 1273 esseins-

188 1299 491 1370 piraverit.

639 1427 981 1486 EPISTOLA
1015 1431 1216 1486 CCLIII
1243 1432 1259 1448 '
1291 1430 1389 1503 (ὁ).

181 1551 225 1607 Α
241 1550 474 1620 ugustin
485 1565 551 1605 us
564 1551 645 1606 ad
659 1553 1130 1619 Benenatum,de
1146 1554 1345 1611 eadem
1359 1556 1565 1624 puella
1581 1561 1667 1626 (ut
1681 1554 1835 1612 vide-

254 1643 374 1710 tur)
417 1642 478 1696 in
544 1641 994 1698 matrimonium
1053 1659 1172 1698 non
1225 1644 1524 1702 tradenda
1560 1644 1677 1700 nisi
1709 1645 1834 1701 viro

251 1729 571 1787 catholico.

189 1854 442 1911 Domino
467 1854 835 1921 beatissimo,
885 1859 944 1912 et
967 1857 1290 1914 venerabili
1344 1858 1422 1914 ad
1451 1858 1834 1915 desiderabili

249 1943 415 2000 fratri
454 1945 777 2010 Bassum-0,
812 1951 868 2000 et
888 1946 992 2017 qui
1009 1951 1203 2002 tecum
1226 1954 1362 2003 sunt
1389 1948 1697 2016 fratribus,
1726 1950 1833 2005 AU-

249 2049 529 2102 cusrmus,
567 2034 628 2089 in
670 2035 922 2090 Domino
945 2034 1222 2092 salutem.

248 2150 357 2205 Per
386 2165 568 2221 quem
590 2148 783 2204 saluto
804 2150 1185 2207 Sanctitatem
1205 2157 1393 2218 tuam,
1410 2153 1481 2208 de
1502 2152 1615 2208 ﬁde
1631 2153 1761 2224 ejus
1775 2156 1831 2208 et

175 2240 338 2296 bono
352 2239 508 2294 circa
521 2238 840 2295 Ecclesiam
855 2239 1053 2295 studio
1076 2242 1468 2310 gratulamur.
1499 2241 1692 2298 Voluit
1729 2258 1829 2298 au-

175 2333 294 2386 tem
313 2327 390 2384 ad
407 2333 570 2382 tuam
595 2327 1025 2396 Benignitatem
1056 2344 1190 2383 cum
1208 2329 1410 2385 litteris
1433 2331 1582 2386 meis
1607 2330 1826 2399 venire,

174 2417 419 2474 domine
449 2416 830 2472 dilectissime
858 2432 926 2472 ac
957 2417 1314 2474 venerabilis
1344 2418 1540 2475 frater.
1585 2422 1649 2476 Et
1680 2435 1828 2492 quo-

171 2508 338 2563 niam
352 2505 547 2562 audivi
562 2506 726 2578 quod
740 2505 812 2560 de
827 2508 1061 2577 negotio
1076 2507 1173 2563 illo
1189 2512 1270 2562 tra
1284 2510 1510 2581 nsigere
1524 2509 1827 2579 cogitas,si

171 2613 381 2652 verum
408 2601 495 2652 est
513 2594 699 2667 (quod
717 2595 917 2664 miror,
935 2596 983 2650 si
997 2612 1199 2651 verum
1217 2598 1347 2668 est),
1363 2599 1515 2653 nosti
1535 2598 1822 2670 quemad-

173 2686 426 2743 modum
440 2684 664 2740 debeas
680 2685 1007 2757 episcopali
1039 2687 1389 2756 paternitate
1412 2687 1716 2743 catholicae
1731 2691 1825 2743 Ec-

169 2775 364 2833 clesiae
392 2773 703 2846 providere
739 2790 752 2840 ;
779 2778 839 2830 ut
868 2790 987 2829 non
1020 2791 1156 2830 cum
1183 2775 1450 2847 quolibet
1481 2776 1537 2831 id
1568 2793 1738 2846 agas,
1775 2778 1820 2831 si

167 2871 392 2930 tamen,
424 2866 489 2918 ut
517 2862 658 2930 dixi,
692 2878 896 2918 verum
925 2868 1012 2919 est
1043 2864 1206 2935 quod
1230 2865 1451 2933 audivi,
1486 2866 1590 2920 sed
1623 2867 1821 2937 potius

166 2971 306 3010 cum
329 2954 513 3009 domo
540 2951 850 3016 catholica,
878 2954 1050 3025 cujus
1082 2969 1201 3009 non
1238 2955 1433 3009 solum
1453 2954 1678 3009 nullam
1710 2955 1817 3010 ad-

164 3044 528 3109 versitatem,
563 3058 774 3098 verum
792 3043 969 3097 etiam
1001 3041 1176 3099 ﬁdele
1205 3043 1566 3114 adjutorium
1597 3044 1818 3101 habere

162 3133 352 3206 possit
391 3131 671 3188 Ecclesia.

627 3246 964 3303 EPISTOLA
997 3248 1198 3304 ccuv
1225 3248 1351 3321 με).

155 3363 530 3435 Augustinus
568 3362 650 3418 ad
688 3361 954 3417 eumdem
1011 3363 1409 3431 Benenatum,
1468 3365 1812 3434 pronubam

624 3457 895 3520 agentem
931 3452 1165 3508 Rustici
1198 3453 1347 3521 ﬁlio.

159 3575 419 3636 Domino
449 3572 816 3639 beatissimo,
865 3579 919 3630 et
962 3575 1279 3631 venerabili
1312 3592 1382 3632 ac
1431 3576 1813 3634 desiderabili

230 3664 394 3722 fratri
431 3667 484 3719 et
517 3662 924 3718 consacerdoti
987 3666 1300 3735 ΒεΝεΝΑτο,
1351 3672 1406 3721 et
1458 3669 1563 3739 qui
1618 3672 1815 3724 tecum

234 3758 377 3810 sunt
421 3751 728 3821 fratribus,
778 3757 1123 3808 AUGUSTlNUS
1165 3760 1219 3809 et
1252 3756 1354 3826 qui
1388 3772 1625 3812 mecum
1681 3761 1818 3813 sunt

231 3845 458 3910 fratres,
500 3843 558 3897 in
590 3841 843 3898 Domino
878 3842 1159 3899 salutem.

236 3951 432 4007 Puella
447 3949 521 4006 de
541 3965 664 4021 qua
685 3948 829 4004 mihi
846 3948 1081 4021 scripsit
1099 3950 1390 4007 Sanctitas
1415 3952 1602 4016 tua,in
1621 3969 1691 4008 ea
1713 3969 1818 4010 vo-

157 4043 389 4100 luntate
413 4043 518 4105 est,
551 4038 675 4094 utsi
707 4043 852 4094 aetas
875 4037 925 4093 ei
948 4039 1075 4109 jam
1103 4045 1337 4096 matura
1369 4047 1543 4106 esset,
1573 4042 1716 4097 nulli
1754 4043 1814 4098 in

160 4130 387 4202 nuptiis
413 4128 773 4185 conveniret.
796 4130 857 4182 ln
881 4143 951 4183 ea
975 4144 1112 4184 vero
1139 4133 1311 4185 aetate
1338 4135 1446 4196 est,
1471 4130 1589 4186 utsi
1610 4131 1817 4188 volun-

163 4225 347 4278 tatem
376 4217 920 4283 nubendihaberet,
938 4218 1081 4272 nulli
1097 4219 1292 4274 adhuc
1307 4219 1815 4292 darivelpromitti

158 4307 558 4364 deberet.Huc
591 4306 980 4378 acceditquia
1011 4323 1144 4363 eam
1176 4309 1330 4364 Deus
1356 4310 1414 4364 in
1448 4311 1707 4367 Ecclesia
1734 4312 1816 4367 sic

159 4400 450 4463 tuetur,ut
465 4400 671 4452 contra
685 4395 992 4467 improbos
1009 4402 1386 4466 tueatur;non
1406 4401 1566 4456 utcui
1582 4401 1818 4457 voluero

160 4487 317 4545 tradi
334 4486 540 4558 possit,
555 4486 659 4540 sed
680 4490 738 4540 ut
753 4501 920 4557 aquo
938 4503 1057 4542 non
1072 4490 1460 4560 Oportet,rapi
1475 4506 1592 4545 non
1610 4492 1815 4562 possit,

158 4575 411 4631 domine
440 4577 731 4629 Benenate
759 4575 1135 4631 dilectissime
1163 4581 1216 4632 et
1237 4578 1593 4633 venerabilis
1618 4579 1815 4633 frater.

162 4664 436 4722 Conditio
474 4664 674 4735 itaque
706 4680 890 4735 quam
913 4665 1218 4721 insinuare
1257 4665 1536 4737 dignatus
1571 4683 1653 4730 es,
1695 4681 1818 4721 non

161 4753 310 4809 mihi
337 4752 958 4824 displicet,sinuptura
975 4759 1088 4808 est:
1108 4760 1306 4809 utrum
1337 4760 1534 4810 autem
1559 4760 1820 4826 nuptura

162 4843 374 4906 sit,etsi
403 4842 548 4897 illud
574 4843 738 4914 quod
757 4845 815 4896 in
841 4843 1820 4914 orehabetmagiSOptamus,nunc

162 4935 370 4987 tamen
400 4931 750 5001 ignoramus
779 4947 792 4998 ;
821 4932 965 5003 quia
987 4931 1044 4986 in
1071 4932 1163 4986 his
1192 4933 1364 4986 annis
1382 4938 1558 5001 est,ut
1580 4939 1632 4988 et
1656 4933 1821 5005 quod

164 5036 230 5076 se
263 5020 404 5076 dicit
431 5021 580 5076 velle
612 5037 743 5077 esse
767 5020 1491 5092 sanctimonialem,jocus
1524 5023 1595 5078 sit
1627 5023 1821 5094 potius

163 5111 505 5180 garrientis,
546 5126 733 5182 quam
769 5112 1014 5182 sponsio
1037 5110 1368 5182 profitentis
1394 5112 1612 5167 Deinde
1639 5111 1823 5169 habet

162 5201 670 5270 materteram,ch
685 5215 748 5254 us
767 5201 848 5254 vir
859 5199 1229 5255 honorabilis
1243 5200 1421 5256 frater
1433 5207 1631 5256 noster
1649 5201 1818 5267 Felix,

166 5287 319 5345 dum
333 5288 406 5345 de
419 5288 530 5344 hac
545 5304 605 5344 re
619 5288 1000 5344 contulissem
1016 5305 1151 5343 cum
1166 5289 1265 5345 illo
1281 5289 1497 5362 (neque
1512 5292 1671 5346 enim
1686 5307 1823 5363 pos-

230 5465 260 5496 *
285 5464 448 5528 Epist.
469 5464 651 5514 CCLlII
665 5467 715 5513 et
736 5464 921 5514 CCLIV
932 5479 1041 5514 non
1059 5469 1278 5528 reperta)
1293 5468 1346 5515 in
1363 5467 1750 5518 Mss.nisicb.et
1767 5483 1816 5517 v.

230 5529 304 5592 (ᾳ)
336 5529 489 5592 Forte
518 5528 737 5592 Rustici,
769 5530 853 5576 cui
887 5529 1139 5577 scribitur
1167 5531 1393 5592 epistola
1422 5533 1535 5580 255.

233 5591 305 5652 (ὸ)
333 5591 484 5655 Alias
508 5591 599 5638 232
631 5604 642 5637 :
667 5604 785 5655 quae
841 5595 1021 5639 autem
1048 5593 1137 5639 253
1169 5591 1342 5655 prima
1369 5598 1500 5650 erat,
1532 5607 1677 5644 nunc
1699 5596 1812 5654 237,

166 5654 226 5705 et
301 5666 380 5700 um
405 5653 496 5700 253
518 5653 754 5701 secunda
777 5657 907 5710 erat,
938 5668 1081 5703 nunc
1115 5653 1222 5703 103.

232 5666 300 5781 (ὃ
331 5714 593 5766 Atinam
616 5729 634 5766 :
659 5729 781 5781 qum
807 5720 991 5768 autem
1017 5719 1111 5768 254
1143 5731 1222 5770 ora

232 5715 282 5780 (ς

331 5714 593 5766 Atinam
616 5729 634 5766 :
659 5729 781 5783 qum
807 5720 991 5768 autem
1017 5719 1111 5768 254
1143 5722 1278 5778 erat,
1310 5731 1460 5770 nunc
1492 5719 1602 5770 104.

1396 192 1840 258 EPISTOLARU
1857 192 1911 258 Μ
1941 198 2230 267 CLASSIS
2258 198 2327 264 IV
2349 251 2362 266 .

3456 219 3592 280 1070

1948 346 2074 387 sem
2093 331 2278 399 aliter,
2294 333 2381 389 vel
2399 334 2704 406 deberem)
2718 351 2838 393 non
2853 338 3096 410 quidem
3110 341 3328 400 invitus
3341 349 3590 420 accepit,

1944 418 2066 476 imo
2103 421 2279 477 etiam
2312 424 2641 494 gratulatus
2678 432 2764 482 est
2806 444 2818 493 ;
2872 429 2975 483 sed
3001 429 3133 500 jure
3162 435 3438 491 amicitiae
3469 418 3593 495 non

1941 507 2288 579 importune
2319 512 2509 569 doluit
2529 515 2694 585 quod
2727 517 2812 570 eis
2843 517 2991 572 nihil
3017 519 3156 576 inde
3178 522 3251 577 sit
3278 525 3590 597 scriptum.

1944 599 2233 654 Fortassis
2264 601 2421 656 enim
2454 619 2588 674 quae
2621 620 2779 660 nunc
2823 621 2944 661 non
2973 617 3242 681 apparet,
3282 617 3597 685 apparebit

1944 691 2000 741 et
2024 693 2228 754 mater,
2255 690 2426 760 cujus
2456 691 2893 749 voluntatemin
2923 696 3216 754 tradenda
3241 700 3380 767 ﬁlia,
3399 706 3596 760 omni-

1941 775 2076 841 bus,
2097 782 2156 832 ut
2178 777 2451 844 arbitror,
2467 786 2679 837 natura
2694 785 3013 854 prteponit;
3039 788 3374 846 nisieadem
3399 793 3599 863 puella

1941 865 2002 920 in
2043 866 2256 935 eajam
2278 873 2446 923 atate
2475 869 2667 931 fuerit.
2693 873 2904 942 utjure
2934 873 3235 932 licentiore
3267 879 3376 934 sibi
3417 882 3598 950 eligat

1941 954 2076 1026 ipsa
2108 956 2273 1027 quod
2337 957 2487 1013 velit.
2559 959 2703 1015 Illud
2735 977 2980 1033 quoque
3032 965 3250 1034 cogitet
3281 969 3597 1026 Sinceritas

1944 1047 2066 1107 tua,
2099 1044 2244 1114 quia
2275 1045 2320 1100 si
2355 1047 2500 1101 mihi
2531 1047 2605 1103 de
2636 1050 2859 1121 nuptiis
2892 1053 3020 1122 ejus
3056 1060 3321 1125 potestas
3357 1075 3598 1117 summa

1944 1145 2014 1185 ac
2054 1135 2174 1188 tota
2199 1134 2514 1205 tribuatur,
2549 1141 2730 1209 atque
2768 1139 2898 1210 ipsa
2937 1146 3327 1216 quoquejam
3359 1155 3598 1207 matura

1941 1224 1999 1274 et
2037 1220 2263 1277 nubere
2287 1223 2514 1292 volens,
2549 1228 2645 1292 cui
2676 1227 2921 1285 voluero
2979 1248 3042 1288 se
3074 1234 3433 1292 tradendam
3479 1241 3592 1295 sub

1944 1310 2062 1366 Deo
2106 1311 2308 1380 judice
2365 1314 2510 1370 mihi
2556 1319 2935 1386 committat;
2972 1322 3058 1376 sic
3089 1321 3244 1388 dico,
3277 1329 3335 1380 et
3383 1343 3593 1384 verum

1941 1396 2098 1488 dico,
2122 1401 2266 1456 mihi
2299 1401 2536 1473 placere
2583 1405 2755 1462 istam
2784 1409 3213 1480 conditionem,
3262 1420 3323 1470 ut
3354 1422 3596 1488 propter

1941 1483 2129 1542 Deum
2157 1489 2426 1558 judicem
2466 1508 2586 1548 non
2619 1497 2845 1565 possim
2906 1513 3186 1570 respuere
3240 1483 3548 1561 meliorem
3580 1527 3592 1562 :

1940 1590 2073 1646 quae
2133 1583 2330 1634 utrum
2393 1581 2726 1639 adventura
2765 1586 2857 1655 sit,
2920 1589 3120 1660 utique
3158 1591 3449 1649 incertum
3483 1600 3590 1652 est.

1941 1662 2312 1738 Quapropter
2328 1669 2415 1725 vid
2427 1676 2480 1726 et
2497 1671 2765 1728 Charitas
2785 1678 2887 1730 tua
2904 1684 3134 1747 quanta
3155 1681 3594 1744 consideranda
3620 1677 3622 1680 ’

1940 1761 2320 1823 concurrant,
2351 1763 2412 1814 ut
2445 1774 2606 1816 nunc
2638 1778 2674 1818 a
2706 1778 2800 1819 me
2832 1765 3117 1838 cuiquam
3165 1772 3431 1840 promitti
3463 1790 3592 1832 om-

1940 1844 2083 1901 nino
2113 1860 2233 1902 non
2266 1848 2473 1919 possit.

2393 1977 2732 2033 EPlSTOLA
2766 1979 2942 2036 CCLV
2975 1982 2990 1999 ·
3024 1983 3133 2054 (α).

1935 2087 2307 2159 Augustinus
2333 2091 2414 2146 ad
2442 2093 2770 2162 Rusticum,
2799 2095 2871 2152 de
2889 2100 3099 2166 puella
3130 2101 3191 2157 in
3219 2104 3582 2165 connubium

2498 2184 2626 2252 ejus
2650 2184 2778 2252 ﬁlio
2807 2186 3015 2255 petita.

1937 2297 2188 2356 Domino
2243 2301 2653 2372 dilectissimo,
2705 2311 2761 2362 et
2836 2310 3045 2366 merito
3107 2314 3474 2384 praedicabili
3519 2334 3589 2376 ac

2005 2390 2383 2460 suspicienda
2413 2392 2534 2449 ﬁlio
2557 2396 2818 2466 RUSTICO,
2851 2402 3213 2469 AUGUSTINUS,
3246 2405 3307 2460 in
3332 2407 3586 2465 Domino

2005 2477 2282 2533 salutem.

2002 2594 2286 2657 Quamvis
2311 2594 2484 2651 tibiet
2517 2597 2809 2655 universae
2831 2601 3037 2659 domui
3057 2609 3168 2661 tuae
3182 2609 3388 2667 omnia
3415 2611 3576 2671 bona

1929 2686 2154 2751 Optem,
2180 2698 2288 2738 nec
2315 2688 2546 2740 tantum
2567 2685 2644 2742 ad
2672 2687 3012 2748 felicitatem
3036 2698 3347 2764 praesentis
3377 2701 3581 2757 saeculi

1929 2772 2304 2840 pertinentia,
2332 2789 2540 2829 verum
2566 2776 2745 2832 etiam
2777 2779 2852 2833 ad
2885 2781 3067 2836 vitam
3096 2783 3357 2842 futuram
3398 2794 3583 2862 atque

1928 2861 2379 2930 sempiternam,
2395 2878 2530 2933 quae
2559 2864 2661 2919 tibi
2687 2868 2958 2923 nondum
2974 2873 3275 2930 credenda
3290 2893 3580 2946 persuasa

1927 2953 2046 3016 est;
2068 2954 2264 3004 tamen
2287 2965 2417 3022 quae
2439 2967 2533 3006 me
2551 2961 2845 3021 moveant,
2871 2961 2934 3012 ut
2957 2958 3030 3012 de
3054 2961 3252 3029 puella
3277 2979 3462 3035 quam
3487 2983 3584 3038 pe-

1926 3037 2019 3107 tis,
2047 3038 2192 3092 nihil
2210 3039 2408 3094 adhuc
2423 3041 2683 3096 audeam
2700 3043 2984 3115 polliceri,
3001 3056 3291 3119 quantum
3309 3037 3581 3112 sufﬁcere

1923 3126 2120 3182 visum
2151 3133 2255 3192 est,
2273 3132 2477 3184 sancto
2504 3129 2735 3188 fratriet
2756 3135 3113 3208 coepiscopo
3127 3156 3259 3195 meo
3285 3144 3575 3201 Benenato

1921 3216 2216 3287 rescripsi,
2247 3217 2490 3273 domine
2517 3219 2900 3280 dilectissime
2925 3231 2978 3280 et
3003 3229 3357 3285 venerabilis
3378 3232 3482 3288 ﬁli.
3514 3236 3568 3291 Si

1923 3304 2083 3360 enim
2131 3310 2216 3374 tu,
2276 3321 2414 3363 cum
2445 3310 2768 3366 certissime
2799 3315 3060 3380 noveris,
3089 3318 3320 3374 etiamsi
3348 3332 3568 3379 nostrae

1922 3393 2210 3451 absolutae
2226 3395 2300 3451 sit
2321 3399 2628 3468 potestatis
2650 3401 2985 3471 quamlibet
3001 3406 3260 3476 puellam
3277 3409 3336 3463 in
3358 3411 3490 3482 conj
3504 3428 3570 3467 u-

1925 3482 2088 3552 gium
2121 3484 2376 3553 tradere,
2402 3487 2552 3541 tradi
2587 3503 2622 3544 a
2644 3488 2817 3544 nobis
2839 3491 3228 3550 christianam
3252 3498 3362 3552 nisi
3394 3500 3574 3555 chris-

1926 3571 2086 3627 tiano
2111 3589 2228 3628 non
2258 3590 2435 3645 posse
2462 3597 2473 3640 ;
2505 3575 2650 3630 nihil
2680 3583 2880 3635 tamen
2903 3581 3048 3637 mihi
3081 3585 3194 3640 tale
3222 3586 3294 3641 de
3323 3587 3443 3643 filio
3464 3595 3565 3646 tuo

1925 3676 2107 3732 quem
2133 3663 2330 3718 adhuc
2363 3679 2667 3734 paganum
2693 3669 2894 3733 audio,
2928 3674 3267 3740 promittere
3287 3677 3523 3734 voluisti
3558 3697 3570 3736 :

1925 3756 2153 3821 quanto
2188 3753 2378 3820 magis
2410 3768 2544 3823 ego,
2566 3761 2808 3825 propter
2839 3758 3158 3830 illaquaein
3184 3765 3434 3835 epistola
3449 3785 3573 3824 me-

1926 3840 2141 3895 morati
2158 3838 2356 3895 fratris
2373 3843 2486 3896 mei
2501 3843 2693 3911 legere
2709 3848 2944 3916 poteris,
2971 3851 3157 3923 quidq
3170 3868 3306 3908 uam
3323 3855 3396 3910 de
3411 3856 3572 3913 illius

1928 3927 2137 3999 puellae
2169 3930 2472 3985 connubio
2487 3933 2781 4002 spondere
2794 3950 2914 3990 non
2929 3938 3140 4005 debeo,
3157 3942 3378 3998 etiamsi
3409 3946 3575 4016 quod

1925 4015 2047 4070 dixi
2078 4016 2153 4073 de
2179 4017 2300 4072 filio
2331 4023 2428 4074 tuo
2458 4035 2577 4075 non
2613 4025 2844 4078 tantum
2877 4027 3242 4095 promissum
3283 4015 3570 4101 tenerem,

1924 4106 2027 4161 sed
2049 4105 2176 4176 jam
2203 4107 2382 4163 etiam
2424 4107 2644 4165 factum
2673 4127 2806 4168 esse
2846 4115 3174 4184 gauderem
3204 4118 3231 4174 7

2393 4233 2722 4290 EPISTULA
2757 4237 2951 4294 CCLVI
3002 4241 3108 4310 (ὁ).

2035 4355 2309 4425 Ofﬁciose
2337 4359 2702 4429 Augustinus
2727 4362 2808 4416 ad
2838 4362 3199 4420 Christinum
3225 4368 3454 4425 scribit.

1929 4471 2182 4526 Domino
2215 4471 2422 4526 merito
2452 4473 2857 4543 praedicando,
2900 4477 3323 4550 Sinceriterque
3355 4483 3578 4540 charis-

2002 4560 2155 4613 simo
2202 4559 2279 4613 ad
2309 4559 2864 4617 desiderantissimo
2891 4563 3052 4620 fratri
3103 4567 3424 4638 Camsmvo,
3459 4575 3572 4627 AU-

2002 4664 2288 4715 GUSTINUS,
2317 4648 2374 4702 in
2417 4651 2670 4706 Domino
2697 4653 2972 4708 salutem.

2003 4769 2322 4841 Epistolam
2348 4787 2548 4828 meam
2579 4773 2914 4832 desiderare
2949 4782 3022 4847 te,
3049 4779 3192 4834 mihi
3210 4785 3309 4838 tua
3330 4785 3581 4856 epistola

1932 4860 2246 4915 nuntiavit.
2276 4859 2473 4915 Frater
2495 4869 2692 4917 autem
2719 4864 2978 4920 Jacobus
2997 4869 3124 4938 ejus
3147 4870 3423 4927 desiderii
3439 4891 3580 4943 erga

1931 4963 2042 5004 nos
2074 4949 2155 5003 tui
2179 4948 2527 5019 locupletior
2567 4954 2728 5007 testis
2757 4956 3032 5023 accessit,
3061 4959 3206 5030 quia
3230 4961 3404 5031 plura
3437 4963 3583 5017 mihi

1933 5036 2006 5091 de
2037 5041 2087 5092 te
2129 5037 2338 5093 suavia
2370 5044 2546 5110 atque
2574 5041 2633 5094 in
2674 5042 2869 5112 seipso
2901 5056 3146 5117 experta
3192 5049 3426 5104 locutus
3474 5056 3582 5117 est,

1933 5141 2118 5197 quam
2151 5126 2248 5182 illa
2274 5144 2462 5198 parva
2479 5130 2746 5186 chartula
2769 5136 2974 5202 potuit.
2995 5137 3156 5191 Unde
3183 5143 3294 5192 tuae
3317 5138 3586 5208 benigni-

1936 5214 2038 5269 tati
2070 5216 2474 5285 congratulor,
2503 5223 2558 5273 et
2587 5219 2659 5274 de
2693 5225 2793 5274 tuo
2853 5228 3089 5291 pectore
3121 5225 3445 5282 christiano
3477 5229 3586 5283 Do-

1933 5305 2099 5358 mino
2130 5307 2245 5360 Deo
2274 5310 2495 5376 nostro,
2527 5307 2837 5377 cujushaac
2851 5310 3011 5366 dona
3030 5318 3184 5377 sunt,
3211 5316 3432 5382 gratias
3447 5333 3584 5386 ago,

1935 5391 2178 5448 domine
2211 5393 2419 5449 merito
2453 5396 2853 5466 praedicande,
2905 5400 3332 5473 Sinceriterque
3367 5404 3590 5460 charis-

1937 5482 2084 5536 sime
2111 5498 2180 5536 ac
2205 5483 2746 5540 desiderantissime
2781 5485 2975 5543 frater.
3011 5490 3180 5553 Quod
3197 5496 3394 5546 autem
3413 5495 3583 5564 petis,

1996 5595 2383 5674 :Epis'ttﬂgfttv
2404 5602 2450 5647 et
2478 5599 2663 5674 CCLV}
2685 5601 2749 5648 ad
2771 5602 3195 5674 Mssduoscbet
3213 5610 3587 5674 v‘.recognitag,

2000 5658 2080 5725 tu]
2096 5661 2239 5725 Alias
2262 5663 2355 5710 234
2388 5676 2543 5725 :qua:
2560 5667 2741 5712 autem
2769 5665 2860 5712 255
2890 5671 3019 5722 erat,
3058 5681 3201 5717 nunc
3235 5671 3356 5725 108,

1999 5717 2071 5788 (bj
2098 5724 2240 5774 Alias
2262 5725 2356 5775 226
2382 5717 2537 5790 :q'uas
2566 5730 2749 5777 autem
2773 5729 2862 5778 256
2887 5717 3018 5788 erat,
3047 5743 3193 5782 nunc
3216 5717 3344 5785 2167.
