  <div class='ocr_page' id='page_1' title='image "/cluster/home/n/w/nwhite01/storage/ocr_20150623/33/hvd.32044096580568/533.png"; bbox 0 0 4140 6174; ppageno 0'>
   <div class='ocr_carea' id='block_1_1' title="bbox 516 224 650 284">
    <p class='ocr_par' dir='ltr' id='par_1_1' title="bbox 516 224 650 284">
     <span class='ocr_line' id='line_1_1' title="bbox 516 224 650 284; baseline -0.022 -2"><span class='ocrx_word' id='word_1_1' title='bbox 516 224 650 284; x_wconf 85' lang='grc'>1071</span> 
     </span>
    </p>
   </div>
   <div class='ocr_carea' id='block_1_2' title="bbox 517 313 2170 412">
    <p class='ocr_par' dir='ltr' id='par_1_2' title="bbox 517 313 2170 412">
     <span class='ocr_line' id='line_1_2' title="bbox 517 313 2170 412; baseline -0.024 -4"><span class='ocrx_word' id='word_1_2' title='bbox 517 354 582 410; x_wconf 90' lang='lat' dir='ltr'>ut</span> <span class='ocrx_word' id='word_1_3' title='bbox 602 346 829 411; x_wconf 78' lang='lat' dir='ltr'>litteris,</span> <span class='ocrx_word' id='word_1_4' title='bbox 858 347 911 399; x_wconf 91' lang='lat' dir='ltr'>te</span> <span class='ocrx_word' id='word_1_5' title='bbox 948 351 1218 412; x_wconf 79' lang='lat' dir='ltr'>quaeram</span> <span class='ocrx_word' id='word_1_6' title='bbox 1249 357 1261 401; x_wconf 88' lang='lat'><strong>;</strong></span> <span class='ocrx_word' id='word_1_7' title='bbox 1290 347 1402 402; x_wconf 87' lang='lat' dir='ltr'>ego</span> <span class='ocrx_word' id='word_1_8' title='bbox 1460 334 1514 385; x_wconf 92' lang='lat' dir='ltr'>te</span> <span class='ocrx_word' id='word_1_9' title='bbox 1544 326 1760 384; x_wconf 77' lang='lat' dir='ltr'>affectu</span> <span class='ocrx_word' id='word_1_10' title='bbox 1808 334 2036 412; x_wconf 69' lang='lat' dir='ltr'>qurere,</span> <span class='ocrx_word' id='word_1_11' title='bbox 2065 313 2170 388; x_wconf 86' lang='lat' dir='ltr'>qui</span> 
     </span>
    </p>
   </div>
   <div class='ocr_carea' id='block_1_3' title="bbox 520 406 2171 499">
    <p class='ocr_par' dir='ltr' id='par_1_3' title="bbox 520 406 2171 499">
     <span class='ocr_line' id='line_1_3' title="bbox 520 406 2171 499; baseline -0.022 -5"><span class='ocrx_word' id='word_1_12' title='bbox 520 406 730 496; x_wconf 78' lang='lat' dir='ltr'>omnes</span> <span class='ocrx_word' id='word_1_13' title='bbox 751 406 987 489; x_wconf 72' lang='lat' dir='ltr'>litteras</span> <span class='ocrx_word' id='word_1_14' title='bbox 998 428 1268 499; x_wconf 90' lang='lat' dir='ltr'>superat:</span> <span class='ocrx_word' id='word_1_15' title='bbox 1290 427 1343 478; x_wconf 93' lang='lat' dir='ltr'>et</span> <span class='ocrx_word' id='word_1_16' title='bbox 1359 419 1461 475; x_wconf 90' lang='lat' dir='ltr'>ubi</span> <span class='ocrx_word' id='word_1_17' title='bbox 1484 423 1537 473; x_wconf 91' lang='lat' dir='ltr'>te</span> <span class='ocrx_word' id='word_1_18' title='bbox 1551 429 1819 489; x_wconf 71' lang='lat' dir='ltr'>quaeram</span> <span class='ocrx_word' id='word_1_19' title='bbox 1841 407 2005 483; x_wconf 90' lang='lat' dir='ltr'>quod</span> <span class='ocrx_word' id='word_1_20' title='bbox 2018 406 2171 499; x_wconf 83' lang='lat' dir='ltr'>bene</span> 
     </span>
    </p>
   </div>
   <div class='ocr_carea' id='block_1_4' title="bbox 520 494 2173 593">
    <p class='ocr_par' dir='ltr' id='par_1_4' title="bbox 520 494 2173 593">
     <span class='ocr_line' id='line_1_4' title="bbox 520 494 2173 593; baseline -0.021 -10"><span class='ocrx_word' id='word_1_21' title='bbox 520 494 832 593; x_wconf 80' lang='lat' dir='ltr'>intelligas,</span> <span class='ocrx_word' id='word_1_22' title='bbox 866 516 1019 573; x_wconf 89' lang='lat' dir='ltr'>novi.</span> <span class='ocrx_word' id='word_1_23' title='bbox 1054 494 1353 581; x_wconf 65' lang='lat' dir='ltr'>Quantum</span> <span class='ocrx_word' id='word_1_24' title='bbox 1386 513 1585 565; x_wconf 90' lang='lat' dir='ltr'>autem</span> <span class='ocrx_word' id='word_1_25' title='bbox 1612 504 1689 561; x_wconf 92' lang='lat' dir='ltr'>ad</span> <span class='ocrx_word' id='word_1_26' title='bbox 1717 517 1811 558; x_wconf 92' lang='lat' dir='ltr'>me</span> <span class='ocrx_word' id='word_1_27' title='bbox 1849 494 2173 567; x_wconf 89' lang='lat' dir='ltr'>legendum</span> 
     </span>
    </p>
   </div>
   <div class='ocr_carea' id='block_1_5' title="bbox 524 584 2173 677">
    <p class='ocr_par' dir='ltr' id='par_1_5' title="bbox 524 584 2173 677">
     <span class='ocr_line' id='line_1_5' title="bbox 524 584 2173 677; baseline -0.021 -5"><span class='ocrx_word' id='word_1_28' title='bbox 524 617 748 677; x_wconf 90' lang='lat' dir='ltr'>attinet,</span> <span class='ocrx_word' id='word_1_29' title='bbox 772 607 967 677; x_wconf 88' lang='lat' dir='ltr'>magis</span> <span class='ocrx_word' id='word_1_30' title='bbox 993 620 1198 661; x_wconf 90' lang='lat' dir='ltr'>vereor</span> <span class='ocrx_word' id='word_1_31' title='bbox 1221 602 1278 657; x_wconf 87' lang='lat' dir='ltr'>in</span> <span class='ocrx_word' id='word_1_32' title='bbox 1309 597 1591 657; x_wconf 87' lang='lat' dir='ltr'>manibus</span> <span class='ocrx_word' id='word_1_33' title='bbox 1618 592 1829 649; x_wconf 89' lang='lat' dir='ltr'>vestris</span> <span class='ocrx_word' id='word_1_34' title='bbox 1847 584 2173 660; x_wconf 87' lang='lat' dir='ltr'>loquacita-</span> 
     </span>
    </p>
   </div>
   <div class='ocr_carea' id='block_1_6' title="bbox 523 673 2173 768">
    <p class='ocr_par' dir='ltr' id='par_1_6' title="bbox 523 673 2173 768">
     <span class='ocr_line' id='line_1_6' title="bbox 523 673 2173 768; baseline -0.021 -8"><span class='ocrx_word' id='word_1_35' title='bbox 523 710 643 761; x_wconf 92' lang='lat' dir='ltr'>tem</span> <span class='ocrx_word' id='word_1_36' title='bbox 670 714 870 756; x_wconf 87' lang='lat' dir='ltr'>meam</span> <span class='ocrx_word' id='word_1_37' title='bbox 898 692 1277 768; x_wconf 84' lang='lat' dir='ltr'>reprehendi,</span> <span class='ocrx_word' id='word_1_38' title='bbox 1326 702 1512 761; x_wconf 86' lang='lat' dir='ltr'>quam</span> <span class='ocrx_word' id='word_1_39' title='bbox 1565 681 1873 754; x_wconf 87' lang='lat' dir='ltr'>eloquium</span> <span class='ocrx_word' id='word_1_40' title='bbox 1928 673 2173 746; x_wconf 82' lang='lat' dir='ltr'>requiri.</span> 
     </span>
    </p>
   </div>
   <div class='ocr_carea' id='block_1_7' title="bbox 523 763 2177 850">
    <p class='ocr_par' dir='ltr' id='par_1_7' title="bbox 523 763 2177 850">
     <span class='ocr_line' id='line_1_7' title="bbox 523 763 2177 850; baseline -0.02 -2"><span class='ocrx_word' id='word_1_41' title='bbox 523 790 674 848; x_wconf 88' lang='lat' dir='ltr'>Illud</span> <span class='ocrx_word' id='word_1_42' title='bbox 701 763 1255 845; x_wconf 47' lang='lat' dir='ltr'>breviter-dixerim,</span> <span class='ocrx_word' id='word_1_43' title='bbox 1290 776 1454 850; x_wconf 90' lang='lat' dir='ltr'>quod</span> <span class='ocrx_word' id='word_1_44' title='bbox 1485 774 1770 828; x_wconf 90' lang='lat' dir='ltr'>diuturna</span> <span class='ocrx_word' id='word_1_45' title='bbox 1815 763 2177 835; x_wconf 77' lang='lat' dir='ltr'>cogitatione</span> 
     </span>
    </p>
   </div>
   <div class='ocr_carea' id='block_1_8' title="bbox 529 852 2179 939">
    <p class='ocr_par' dir='ltr' id='par_1_8' title="bbox 529 852 2179 939">
     <span class='ocr_line' id='line_1_8' title="bbox 529 852 2179 939; baseline -0.021 -2"><span class='ocrx_word' id='word_1_46' title='bbox 529 882 577 937; x_wconf 88' lang='lat' dir='ltr'>si</span> <span class='ocrx_word' id='word_1_47' title='bbox 606 874 1028 939; x_wconf 87' lang='lat' dir='ltr'>ruminaveris,</span> <span class='ocrx_word' id='word_1_48' title='bbox 1061 871 1278 926; x_wconf 86' lang='lat' dir='ltr'>senties</span> <span class='ocrx_word' id='word_1_49' title='bbox 1299 865 1441 939; x_wconf 91' lang='lat' dir='ltr'>quid</span> <span class='ocrx_word' id='word_1_50' title='bbox 1475 861 1697 933; x_wconf 89' lang='lat' dir='ltr'>sapiat:</span> <span class='ocrx_word' id='word_1_51' title='bbox 1728 873 1864 913; x_wconf 91' lang='lat' dir='ltr'>cum</span> <span class='ocrx_word' id='word_1_52' title='bbox 1892 855 1952 909; x_wconf 93' lang='lat' dir='ltr'>in</span> <span class='ocrx_word' id='word_1_53' title='bbox 1973 852 2179 907; x_wconf 77' lang='lat' dir='ltr'>itinere</span> 
     </span>
    </p>
   </div>
   <div class='ocr_carea' id='block_1_9' title="bbox 532 940 2179 1027">
    <p class='ocr_par' dir='ltr' id='par_1_9' title="bbox 532 940 2179 1027">
     <span class='ocr_line' id='line_1_9' title="bbox 532 940 2179 1027; baseline -0.022 1"><span class='ocrx_word' id='word_1_54' title='bbox 532 969 633 1027; x_wconf 90' lang='lat' dir='ltr'>Dei</span> <span class='ocrx_word' id='word_1_55' title='bbox 654 965 917 1023; x_wconf 86' lang='lat' dir='ltr'>faciliora</span> <span class='ocrx_word' id='word_1_56' title='bbox 936 968 991 1017; x_wconf 90' lang='lat' dir='ltr'>et</span> <span class='ocrx_word' id='word_1_57' title='bbox 1022 960 1327 1016; x_wconf 78' lang='lat' dir='ltr'>fructuosa</span> <span class='ocrx_word' id='word_1_58' title='bbox 1357 956 1574 1025; x_wconf 87' lang='lat' dir='ltr'>ignava</span> <span class='ocrx_word' id='word_1_59' title='bbox 1600 946 1915 1005; x_wconf 83' lang='lat' dir='ltr'>formidine</span> <span class='ocrx_word' id='word_1_60' title='bbox 1941 940 2179 1010; x_wconf 87' lang='lat' dir='ltr'>fugiun-</span> 
     </span>
    </p>
   </div>
   <div class='ocr_carea' id='block_1_10' title="bbox 531 1035 2182 1123">
    <p class='ocr_par' dir='ltr' id='par_1_10' title="bbox 531 1035 2182 1123">
     <span class='ocr_line' id='line_1_10' title="bbox 531 1035 2182 1123; baseline -0.021 -8"><span class='ocrx_word' id='word_1_61' title='bbox 531 1064 648 1123; x_wconf 87' lang='lat' dir='ltr'>tur,</span> <span class='ocrx_word' id='word_1_62' title='bbox 662 1058 723 1113; x_wconf 89' lang='lat' dir='ltr'>in</span> <span class='ocrx_word' id='word_1_63' title='bbox 751 1054 955 1111; x_wconf 89' lang='lat' dir='ltr'>itinere</span> <span class='ocrx_word' id='word_1_64' title='bbox 973 1047 1243 1105; x_wconf 77' lang='lat' dir='ltr'>saeculari</span> <span class='ocrx_word' id='word_1_65' title='bbox 1270 1044 1515 1100; x_wconf 88' lang='lat' dir='ltr'>duriora</span> <span class='ocrx_word' id='word_1_66' title='bbox 1529 1044 1584 1095; x_wconf 89' lang='lat' dir='ltr'>et</span> <span class='ocrx_word' id='word_1_67' title='bbox 1610 1035 1828 1092; x_wconf 89' lang='lat' dir='ltr'>sterilia</span> <span class='ocrx_word' id='word_1_68' title='bbox 1840 1042 2182 1088; x_wconf 79' lang='lat' dir='ltr'>serumnoso</span> 
     </span>
    </p>
   </div>
   <div class='ocr_carea' id='block_1_11' title="bbox 535 1120 2184 1204">
    <p class='ocr_par' dir='ltr' id='par_1_11' title="bbox 535 1120 2184 1204">
     <span class='ocr_line' id='line_1_11' title="bbox 535 1120 2184 1204; baseline -0.021 0"><span class='ocrx_word' id='word_1_69' title='bbox 535 1120 720 1204; x_wconf 88' lang='lat' dir='ltr'>abore</span> <span class='ocrx_word' id='word_1_70' title='bbox 770 1142 1122 1199; x_wconf 83' lang='lat' dir='ltr'>tolerantur.</span> <span class='ocrx_word' id='word_1_71' title='bbox 1156 1131 1480 1190; x_wconf 89' lang='lat' dir='ltr'>Incolumis</span> <span class='ocrx_word' id='word_1_72' title='bbox 1520 1130 1579 1183; x_wconf 91' lang='lat' dir='ltr'>in</span> <span class='ocrx_word' id='word_1_73' title='bbox 1614 1125 1848 1183; x_wconf 82' lang='lat' dir='ltr'>Christo</span> <span class='ocrx_word' id='word_1_74' title='bbox 1879 1120 2082 1191; x_wconf 86' lang='lat' dir='ltr'>vigeas</span> <span class='ocrx_word' id='word_1_75' title='bbox 2128 1121 2184 1171; x_wconf 92' lang='lat' dir='ltr'>et</span> 
     </span>
    </p>
   </div>
   <div class='ocr_carea' id='block_1_12' title="bbox 533 1206 2187 1309">
    <p class='ocr_par' dir='ltr' id='par_1_12' title="bbox 533 1206 2187 1309">
     <span class='ocr_line' id='line_1_12' title="bbox 533 1206 2187 1309; baseline -0.02 -16"><span class='ocrx_word' id='word_1_76' title='bbox 533 1234 838 1309; x_wconf 91' lang='lat' dir='ltr'>proﬁcias,</span> <span class='ocrx_word' id='word_1_77' title='bbox 871 1228 1114 1286; x_wconf 88' lang='lat' dir='ltr'>domine</span> <span class='ocrx_word' id='word_1_78' title='bbox 1168 1222 1377 1280; x_wconf 89' lang='lat' dir='ltr'>merito</span> <span class='ocrx_word' id='word_1_79' title='bbox 1420 1212 1819 1292; x_wconf 80' lang='lat' dir='ltr'>praedicande,</span> <span class='ocrx_word' id='word_1_80' title='bbox 1862 1206 2187 1264; x_wconf 89' lang='lat' dir='ltr'>sinceriter-</span> 
     </span>
    </p>
   </div>
   <div class='ocr_carea' id='block_1_13' title="bbox 534 1302 1933 1397">
    <p class='ocr_par' dir='ltr' id='par_1_13' title="bbox 534 1302 1933 1397">
     <span class='ocr_line' id='line_1_13' title="bbox 534 1302 1933 1397; baseline -0.02 -15"><span class='ocrx_word' id='word_1_81' title='bbox 534 1302 652 1397; x_wconf 67' lang='lat' dir='ltr'>q&#39;ue</span> <span class='ocrx_word' id='word_1_82' title='bbox 672 1319 1023 1380; x_wconf 89' lang='lat' dir='ltr'>charissime</span> <span class='ocrx_word' id='word_1_83' title='bbox 1056 1332 1126 1373; x_wconf 90' lang='lat' dir='ltr'>ac</span> <span class='ocrx_word' id='word_1_84' title='bbox 1156 1306 1706 1370; x_wconf 82' lang='lat' dir='ltr'>desiderantissime</span> <span class='ocrx_word' id='word_1_85' title='bbox 1735 1302 1933 1358; x_wconf 84' lang='lat' dir='ltr'>frater.</span> 
     </span>
    </p>
   </div>
   <div class='ocr_carea' id='block_1_14' title="bbox 967 1429 1760 1501">
    <p class='ocr_par' dir='ltr' id='par_1_14' title="bbox 967 1429 1760 1501">
     <span class='ocr_line' id='line_1_14' title="bbox 967 1429 1760 1501; baseline -0.021 -2"><span class='ocrx_word' id='word_1_86' title='bbox 967 1439 1301 1498; x_wconf 78' lang='lat' dir='ltr'>EPISTULA</span> <span class='ocrx_word' id='word_1_87' title='bbox 1331 1433 1559 1493; x_wconf 88' lang='lat' dir='ltr'>CCLVIt</span> <span class='ocrx_word' id='word_1_88' title='bbox 1590 1432 1606 1448; x_wconf 87' lang='grc'><strong>·</strong></span> <span class='ocrx_word' id='word_1_89' title='bbox 1659 1429 1760 1501; x_wconf 91' lang='lat' dir='ltr'>(a).</span> 
     </span>
    </p>
   </div>
   <div class='ocr_carea' id='block_1_15' title="bbox 732 1552 1990 1644">
    <p class='ocr_par' dir='ltr' id='par_1_15' title="bbox 732 1552 1990 1644">
     <span class='ocr_line' id='line_1_15' title="bbox 732 1552 1990 1644; baseline -0.018 -14"><span class='ocrx_word' id='word_1_90' title='bbox 732 1570 1098 1644; x_wconf 82' lang='lat' dir='ltr'>Augustinus</span> <span class='ocrx_word' id='word_1_91' title='bbox 1131 1564 1393 1629; x_wconf 85' lang='lat' dir='ltr'>Orontio,</span> <span class='ocrx_word' id='word_1_92' title='bbox 1423 1560 1762 1617; x_wconf 87' lang='lat' dir='ltr'>resalutans</span> <span class='ocrx_word' id='word_1_93' title='bbox 1786 1552 1990 1609; x_wconf 89' lang='lat' dir='ltr'>illum.</span> 
     </span>
    </p>
   </div>
   <div class='ocr_carea' id='block_1_16' title="bbox 541 1669 2190 1760">
    <p class='ocr_par' dir='ltr' id='par_1_16' title="bbox 541 1669 2190 1760">
     <span class='ocr_line' id='line_1_16' title="bbox 541 1669 2190 1760; baseline -0.022 -1"><span class='ocrx_word' id='word_1_94' title='bbox 541 1699 797 1759; x_wconf 89' lang='lat' dir='ltr'>Domino</span> <span class='ocrx_word' id='word_1_95' title='bbox 828 1695 1046 1753; x_wconf 84' lang='lat' dir='ltr'>eximio</span> <span class='ocrx_word' id='word_1_96' title='bbox 1106 1690 1436 1760; x_wconf 91' lang='lat' dir='ltr'>meritoque</span> <span class='ocrx_word' id='word_1_97' title='bbox 1487 1678 1845 1741; x_wconf 86' lang='lat' dir='ltr'>honorabili,</span> <span class='ocrx_word' id='word_1_98' title='bbox 1898 1678 1954 1730; x_wconf 92' lang='lat' dir='ltr'>et</span> <span class='ocrx_word' id='word_1_99' title='bbox 2008 1669 2190 1728; x_wconf 83' lang='lat' dir='ltr'>susci-</span> 
     </span>
    </p>
   </div>
   <div class='ocr_carea' id='block_1_17' title="bbox 826 1778 1906 1858">
    <p class='ocr_par' dir='ltr' id='par_1_17' title="bbox 826 1778 1906 1858">
     <span class='ocr_line' id='line_1_17' title="bbox 826 1778 1906 1858; baseline -0.021 -17"><span class='ocrx_word' id='word_1_100' title='bbox 826 1785 1050 1858; x_wconf 90' lang='lat' dir='ltr'>piendo</span> <span class='ocrx_word' id='word_1_101' title='bbox 1071 1782 1193 1837; x_wconf 88' lang='lat' dir='ltr'>ﬁlio</span> <span class='ocrx_word' id='word_1_102' title='bbox 1224 1781 1377 1836; x_wconf 81' lang='lat' dir='ltr'>ORON</span> <span class='ocrx_word' id='word_1_103' title='bbox 1392 1791 1495 1840; x_wconf 87' lang='lat' dir='ltr'>r10,</span> <span class='ocrx_word' id='word_1_104' title='bbox 1539 1778 1906 1828; x_wconf 79' lang='lat' dir='ltr'>AUGUSTINUS.</span> 
     </span>
    </p>
   </div>
   <div class='ocr_carea' id='block_1_18' title="bbox 614 1876 2194 1977">
    <p class='ocr_par' dir='ltr' id='par_1_18' title="bbox 614 1876 2194 1977">
     <span class='ocr_line' id='line_1_18' title="bbox 614 1876 2194 1977; baseline -0.02 -16"><span class='ocrx_word' id='word_1_105' title='bbox 614 1909 740 1977; x_wconf 85' lang='lat' dir='ltr'>Ago</span> <span class='ocrx_word' id='word_1_106' title='bbox 768 1901 993 1972; x_wconf 86' lang='lat' dir='ltr'>gratias</span> <span class='ocrx_word' id='word_1_107' title='bbox 1010 1897 1173 1970; x_wconf 89' lang='lat' dir='ltr'>quod</span> <span class='ocrx_word' id='word_1_108' title='bbox 1188 1895 1511 1951; x_wconf 82' lang='lat' dir='ltr'>adventum</span> <span class='ocrx_word' id='word_1_109' title='bbox 1530 1882 1894 1944; x_wconf 85' lang='lat' dir='ltr'>Eximietatis</span> <span class='ocrx_word' id='word_1_110' title='bbox 1911 1888 2023 1936; x_wconf 73' lang='lat' dir='ltr'>tuae</span> <span class='ocrx_word' id='word_1_111' title='bbox 2047 1876 2194 1933; x_wconf 87' lang='lat' dir='ltr'>litte-</span> 
     </span>
    </p>
   </div>
   <div class='ocr_carea' id='block_1_19' title="bbox 540 1966 2195 2061">
    <p class='ocr_par' dir='ltr' id='par_1_19' title="bbox 540 1966 2195 2061">
     <span class='ocr_line' id='line_1_19' title="bbox 540 1966 2195 2061; baseline -0.019 -10"><span class='ocrx_word' id='word_1_112' title='bbox 540 1994 623 2051; x_wconf 91' lang='lat' dir='ltr'>ris</span> <span class='ocrx_word' id='word_1_113' title='bbox 649 1966 830 2050; x_wconf 41' lang='lat' dir='ltr'>e‘tiam</span> <span class='ocrx_word' id='word_1_114' title='bbox 860 1966 1188 2061; x_wconf 59' lang='lat' dir='ltr'>praevenire</span> <span class='ocrx_word' id='word_1_115' title='bbox 1211 1984 1492 2051; x_wconf 84' lang='lat' dir='ltr'>dignatus</span> <span class='ocrx_word' id='word_1_116' title='bbox 1517 1993 1601 2044; x_wconf 90' lang='lat' dir='ltr'>es,</span> <span class='ocrx_word' id='word_1_117' title='bbox 1633 1978 1835 2031; x_wconf 86' lang='lat' dir='ltr'>etaute</span> <span class='ocrx_word' id='word_1_118' title='bbox 1861 1966 2195 2026; x_wconf 85' lang='lat' dir='ltr'>contuitum</span> 
     </span>
    </p>
   </div>
   <div class='ocr_carea' id='block_1_20' title="bbox 542 2059 2195 2148">
    <p class='ocr_par' dir='ltr' id='par_1_20' title="bbox 542 2059 2195 2148">
     <span class='ocr_line' id='line_1_20' title="bbox 542 2059 2195 2148; baseline -0.02 -7"><span class='ocrx_word' id='word_1_119' title='bbox 542 2082 755 2140; x_wconf 89' lang='lat' dir='ltr'>misisti</span> <span class='ocrx_word' id='word_1_120' title='bbox 777 2059 1168 2148; x_wconf 83' lang='lat' dir='ltr'>colloquium,</span> <span class='ocrx_word' id='word_1_121' title='bbox 1186 2077 1360 2127; x_wconf 90' lang='lat' dir='ltr'>uttuo</span> <span class='ocrx_word' id='word_1_122' title='bbox 1376 2069 1539 2140; x_wconf 90' lang='lat' dir='ltr'>prius</span> <span class='ocrx_word' id='word_1_123' title='bbox 1552 2064 1937 2134; x_wconf 78' lang='lat' dir='ltr'>affatuquam</span> <span class='ocrx_word' id='word_1_124' title='bbox 1950 2059 2195 2128; x_wconf 89' lang='lat' dir='ltr'>aspectu</span> 
     </span>
    </p>
   </div>
   <div class='ocr_carea' id='block_1_21' title="bbox 541 2143 2197 2233">
    <p class='ocr_par' dir='ltr' id='par_1_21' title="bbox 541 2143 2197 2233">
     <span class='ocr_line' id='line_1_21' title="bbox 541 2143 2197 2233; baseline -0.019 -4"><span class='ocrx_word' id='word_1_125' title='bbox 541 2172 893 2233; x_wconf 87' lang='lat' dir='ltr'>frueremur,</span> <span class='ocrx_word' id='word_1_126' title='bbox 925 2143 982 2221; x_wconf 72' lang='lat' dir='ltr'>et</span> <span class='ocrx_word' id='word_1_127' title='bbox 1011 2164 1113 2221; x_wconf 91' lang='lat' dir='ltr'>diu</span> <span class='ocrx_word' id='word_1_128' title='bbox 1144 2159 1547 2217; x_wconf 85' lang='lat' dir='ltr'>desideratam</span> <span class='ocrx_word' id='word_1_129' title='bbox 1592 2152 1861 2209; x_wconf 87' lang='lat' dir='ltr'>notitiam</span> <span class='ocrx_word' id='word_1_130' title='bbox 1893 2143 2197 2218; x_wconf 88' lang='lat' dir='ltr'>epistolari</span> 
     </span>
    </p>
   </div>
   <div class='ocr_carea' id='block_1_22' title="bbox 542 2239 2198 2329">
    <p class='ocr_par' dir='ltr' id='par_1_22' title="bbox 542 2239 2198 2329">
     <span class='ocr_line' id='line_1_22' title="bbox 542 2239 2198 2329; baseline -0.018 -13"><span class='ocrx_word' id='word_1_131' title='bbox 542 2259 758 2316; x_wconf 91' lang='lat' dir='ltr'>solatio</span> <span class='ocrx_word' id='word_1_132' title='bbox 805 2250 1265 2329; x_wconf 88' lang='lat' dir='ltr'>quodammodo</span> <span class='ocrx_word' id='word_1_133' title='bbox 1319 2246 1783 2319; x_wconf 68' lang='lat' dir='ltr'>praegustantes,</span> <span class='ocrx_word' id='word_1_134' title='bbox 1830 2239 2198 2308; x_wconf 87' lang='lat' dir='ltr'>exspectare-</span> 
     </span>
    </p>
   </div>
   <div class='ocr_carea' id='block_1_23' title="bbox 543 2324 2199 2407">
    <p class='ocr_par' dir='ltr' id='par_1_23' title="bbox 543 2324 2199 2407">
     <span class='ocr_line' id='line_1_23' title="bbox 543 2324 2199 2407; baseline -0.018 -1"><span class='ocrx_word' id='word_1_135' title='bbox 543 2366 681 2407; x_wconf 91' lang='lat' dir='ltr'>mus</span> <span class='ocrx_word' id='word_1_136' title='bbox 712 2324 950 2403; x_wconf 78' lang='lat' dir='ltr'>avidius</span> <span class='ocrx_word' id='word_1_137' title='bbox 977 2339 1376 2402; x_wconf 88' lang='lat' dir='ltr'>etardentius,</span> <span class='ocrx_word' id='word_1_138' title='bbox 1410 2333 1576 2407; x_wconf 90' lang='lat' dir='ltr'>quod</span> <span class='ocrx_word' id='word_1_139' title='bbox 1600 2328 1926 2402; x_wconf 89' lang='lat' dir='ltr'>jucundius</span> <span class='ocrx_word' id='word_1_140' title='bbox 1951 2324 2199 2398; x_wconf 85' lang='lat' dir='ltr'>gratius-</span> 
     </span>
    </p>
   </div>
   <div class='ocr_carea' id='block_1_24' title="bbox 543 2416 2201 2511">
    <p class='ocr_par' dir='ltr' id='par_1_24' title="bbox 543 2416 2201 2511">
     <span class='ocr_line' id='line_1_24' title="bbox 543 2416 2201 2511; baseline -0.017 -16"><span class='ocrx_word' id='word_1_141' title='bbox 543 2454 661 2511; x_wconf 88' lang='lat' dir='ltr'>que</span> <span class='ocrx_word' id='word_1_142' title='bbox 683 2449 1055 2508; x_wconf 87' lang='lat' dir='ltr'>caperemus,</span> <span class='ocrx_word' id='word_1_143' title='bbox 1091 2429 1336 2485; x_wconf 90' lang='lat' dir='ltr'>domine</span> <span class='ocrx_word' id='word_1_144' title='bbox 1359 2423 1573 2480; x_wconf 79' lang='lat' dir='ltr'>eximie</span> <span class='ocrx_word' id='word_1_145' title='bbox 1589 2419 1919 2490; x_wconf 91' lang='lat' dir='ltr'>meritoque</span> <span class='ocrx_word' id='word_1_146' title='bbox 1947 2416 2201 2470; x_wconf 88' lang='lat' dir='ltr'>honora-</span> 
     </span>
    </p>
   </div>
   <div class='ocr_carea' id='block_1_25' title="bbox 546 2500 2201 2593">
    <p class='ocr_par' dir='ltr' id='par_1_25' title="bbox 546 2500 2201 2593">
     <span class='ocr_line' id='line_1_25' title="bbox 546 2500 2201 2593; baseline -0.018 -9"><span class='ocrx_word' id='word_1_147' title='bbox 546 2500 703 2592; x_wconf 79' lang='lat' dir='ltr'>bilis,</span> <span class='ocrx_word' id='word_1_148' title='bbox 733 2500 789 2581; x_wconf 72' lang='lat' dir='ltr'>et</span> <span class='ocrx_word' id='word_1_149' title='bbox 818 2520 1196 2593; x_wconf 89' lang='lat' dir='ltr'>suscipiende</span> <span class='ocrx_word' id='word_1_150' title='bbox 1227 2517 1328 2571; x_wconf 85' lang='lat' dir='ltr'>ﬁli.</span> <span class='ocrx_word' id='word_1_151' title='bbox 1355 2513 1556 2569; x_wconf 86' lang='lat' dir='ltr'>Reddo</span> <span class='ocrx_word' id='word_1_152' title='bbox 1596 2511 1798 2580; x_wconf 87' lang='lat' dir='ltr'>itaque</span> <span class='ocrx_word' id='word_1_153' title='bbox 1830 2503 2054 2561; x_wconf 86' lang='lat' dir='ltr'>meritis</span> <span class='ocrx_word' id='word_1_154' title='bbox 2085 2500 2201 2555; x_wconf 88' lang='lat' dir='ltr'>tuis</span> 
     </span>
    </p>
   </div>
   <div class='ocr_carea' id='block_1_26' title="bbox 548 2590 2201 2687">
    <p class='ocr_par' dir='ltr' id='par_1_26' title="bbox 548 2590 2201 2687">
     <span class='ocr_line' id='line_1_26' title="bbox 548 2590 2201 2687; baseline -0.019 -14"><span class='ocrx_word' id='word_1_155' title='bbox 548 2621 605 2673; x_wconf 90' lang='lat' dir='ltr'>et</span> <span class='ocrx_word' id='word_1_156' title='bbox 632 2590 1137 2687; x_wconf 67' lang='lat' dir='ltr'>praecurrentibus</span> <span class='ocrx_word' id='word_1_157' title='bbox 1178 2604 1388 2661; x_wconf 89' lang='lat' dir='ltr'>ofﬁciis</span> <span class='ocrx_word' id='word_1_158' title='bbox 1431 2600 1708 2657; x_wconf 88' lang='lat' dir='ltr'>debitum</span> <span class='ocrx_word' id='word_1_159' title='bbox 1763 2590 2201 2651; x_wconf 90' lang='lat' dir='ltr'>resalutationis</span> 
     </span>
    </p>
   </div>
   <div class='ocr_carea' id='block_1_27' title="bbox 554 2677 2205 2774">
    <p class='ocr_par' dir='ltr' id='par_1_27' title="bbox 554 2677 2205 2774">
     <span class='ocr_line' id='line_1_27' title="bbox 554 2677 2205 2774; baseline -0.016 -14"><span class='ocrx_word' id='word_1_160' title='bbox 554 2702 937 2774; x_wconf 90' lang='lat' dir='ltr'>obsequium,</span> <span class='ocrx_word' id='word_1_161' title='bbox 972 2694 1443 2753; x_wconf 86' lang='lat' dir='ltr'>incolumitatem</span> <span class='ocrx_word' id='word_1_162' title='bbox 1477 2695 1641 2745; x_wconf 92' lang='lat' dir='ltr'>tuam</span> <span class='ocrx_word' id='word_1_163' title='bbox 1662 2686 1936 2756; x_wconf 82' lang='lat' dir='ltr'>gaudens</span> <span class='ocrx_word' id='word_1_164' title='bbox 1963 2677 2205 2736; x_wconf 88' lang='lat' dir='ltr'>nuntia-</span> 
     </span>
    </p>
   </div>
   <div class='ocr_carea' id='block_1_28' title="bbox 557 2767 2207 2861">
    <p class='ocr_par' dir='ltr' id='par_1_28' title="bbox 557 2767 2207 2861">
     <span class='ocr_line' id='line_1_28' title="bbox 557 2767 2207 2861; baseline -0.016 -12"><span class='ocrx_word' id='word_1_165' title='bbox 557 2797 697 2857; x_wconf 88' lang='lat' dir='ltr'>tam,</span> <span class='ocrx_word' id='word_1_166' title='bbox 722 2767 1063 2861; x_wconf 80' lang='lat' dir='ltr'>optansque</span> <span class='ocrx_word' id='word_1_167' title='bbox 1084 2784 1448 2841; x_wconf 89' lang='lat' dir='ltr'>continuam.</span> <span class='ocrx_word' id='word_1_168' title='bbox 1480 2780 1544 2834; x_wconf 87' lang='lat' dir='ltr'>Et</span> <span class='ocrx_word' id='word_1_169' title='bbox 1580 2775 1744 2849; x_wconf 92' lang='lat' dir='ltr'>quod</span> <span class='ocrx_word' id='word_1_170' title='bbox 1776 2772 2059 2843; x_wconf 90' lang='lat' dir='ltr'>rescripta</span> <span class='ocrx_word' id='word_1_171' title='bbox 2084 2767 2207 2824; x_wconf 88' lang='lat' dir='ltr'>exi-</span> 
     </span>
    </p>
   </div>
   <div class='ocr_carea' id='block_1_29' title="bbox 555 2860 2208 2952">
    <p class='ocr_par' dir='ltr' id='par_1_29' title="bbox 555 2860 2208 2952">
     <span class='ocr_line' id='line_1_29' title="bbox 555 2860 2208 2952; baseline -0.015 -16"><span class='ocrx_word' id='word_1_172' title='bbox 555 2860 795 2952; x_wconf 78' lang='lat' dir='ltr'>guitatis</span> <span class='ocrx_word' id='word_1_173' title='bbox 822 2892 969 2932; x_wconf 72' lang='lat' dir='ltr'>mem</span> <span class='ocrx_word' id='word_1_174' title='bbox 996 2876 1128 2946; x_wconf 87' lang='lat' dir='ltr'>jure</span> <span class='ocrx_word' id='word_1_175' title='bbox 1152 2875 1502 2945; x_wconf 69' lang='lat' dir='ltr'>praerogataa</span> <span class='ocrx_word' id='word_1_176' title='bbox 1527 2860 1955 2922; x_wconf 72' lang='lat' dir='ltr'>benevolentiae</span> <span class='ocrx_word' id='word_1_177' title='bbox 2005 2873 2208 2930; x_wconf 85' lang='lat' dir='ltr'>repos-</span> 
     </span>
    </p>
   </div>
   <div class='ocr_carea' id='block_1_30' title="bbox 555 2949 2208 3027">
    <p class='ocr_par' dir='ltr' id='par_1_30' title="bbox 555 2949 2208 3027">
     <span class='ocr_line' id='line_1_30' title="bbox 555 2949 2208 3027; baseline -0.014 -2"><span class='ocrx_word' id='word_1_178' title='bbox 555 2949 737 3025; x_wconf 76' lang='lat' dir='ltr'>cendo</span> <span class='ocrx_word' id='word_1_179' title='bbox 752 2961 1346 3027; x_wconf 87' lang='lat' dir='ltr'>addidisti,dicens,Si</span> <span class='ocrx_word' id='word_1_180' title='bbox 1356 2967 1543 3014; x_wconf 87' lang='lat' dir='ltr'>tamen</span> <span class='ocrx_word' id='word_1_181' title='bbox 1555 2955 1619 3010; x_wconf 83' lang='lat' dir='ltr'>id</span> <span class='ocrx_word' id='word_1_182' title='bbox 1633 2955 1704 3011; x_wconf 86' lang='lat' dir='ltr'>de</span> <span class='ocrx_word' id='word_1_183' title='bbox 1717 2958 1880 3009; x_wconf 88' lang='lat' dir='ltr'>tanta</span> <span class='ocrx_word' id='word_1_184' title='bbox 1892 2949 2208 3006; x_wconf 76' lang='lat' dir='ltr'>sanctitate</span> 
     </span>
    </p>
   </div>
   <div class='ocr_carea' id='block_1_31' title="bbox 554 3040 2206 3129">
    <p class='ocr_par' dir='ltr' id='par_1_31' title="bbox 554 3040 2206 3129">
     <span class='ocr_line' id='line_1_31' title="bbox 554 3040 2206 3129; baseline -0.015 -14"><span class='ocrx_word' id='word_1_185' title='bbox 554 3072 863 3129; x_wconf 80' lang='lat' dir='ltr'>possumus</span> <span class='ocrx_word' id='word_1_186' title='bbox 883 3050 1247 3123; x_wconf 74' lang='lat' dir='ltr'>promereri;</span> <span class='ocrx_word' id='word_1_187' title='bbox 1267 3048 1430 3104; x_wconf 90' lang='lat' dir='ltr'>nullo</span> <span class='ocrx_word' id='word_1_188' title='bbox 1455 3044 1635 3102; x_wconf 92' lang='lat' dir='ltr'>modo</span> <span class='ocrx_word' id='word_1_189' title='bbox 1663 3042 1856 3098; x_wconf 87' lang='lat' dir='ltr'>audeo</span> <span class='ocrx_word' id='word_1_190' title='bbox 1869 3040 2206 3109; x_wconf 87' lang='lat' dir='ltr'>desperare,</span> 
     </span>
    </p>
   </div>
   <div class='ocr_carea' id='block_1_32' title="bbox 557 3124 2211 3213">
    <p class='ocr_par' dir='ltr' id='par_1_32' title="bbox 557 3124 2211 3213">
     <span class='ocr_line' id='line_1_32' title="bbox 557 3124 2211 3213; baseline -0.015 -10"><span class='ocrx_word' id='word_1_191' title='bbox 557 3124 886 3204; x_wconf 76' lang='lat' dir='ltr'>sanctitatis</span> <span class='ocrx_word' id='word_1_192' title='bbox 904 3140 1199 3213; x_wconf 87' lang='lat' dir='ltr'>ejusdem,</span> <span class='ocrx_word' id='word_1_193' title='bbox 1215 3138 1387 3209; x_wconf 88' lang='lat' dir='ltr'>cujus</span> <span class='ocrx_word' id='word_1_194' title='bbox 1400 3136 1615 3191; x_wconf 86' lang='lat' dir='ltr'>haustu</span> <span class='ocrx_word' id='word_1_195' title='bbox 1629 3147 1738 3205; x_wconf 91' lang='lat' dir='ltr'>pro</span> <span class='ocrx_word' id='word_1_196' title='bbox 1753 3136 1953 3184; x_wconf 86' lang='lat' dir='ltr'>nostro</span> <span class='ocrx_word' id='word_1_197' title='bbox 1969 3124 2211 3181; x_wconf 92' lang='lat' dir='ltr'>modulo</span> 
     </span>
    </p>
   </div>
   <div class='ocr_carea' id='block_1_33' title="bbox 558 3214 2212 3307">
    <p class='ocr_par' dir='ltr' id='par_1_33' title="bbox 558 3214 2212 3307">
     <span class='ocr_line' id='line_1_33' title="bbox 558 3214 2212 3307; baseline -0.015 -16"><span class='ocrx_word' id='word_1_198' title='bbox 558 3234 784 3307; x_wconf 88' lang='lat' dir='ltr'>aliquid</span> <span class='ocrx_word' id='word_1_199' title='bbox 817 3248 1045 3295; x_wconf 91' lang='lat' dir='ltr'>sumus,</span> <span class='ocrx_word' id='word_1_200' title='bbox 1078 3230 1276 3302; x_wconf 90' lang='lat' dir='ltr'>ipsum</span> <span class='ocrx_word' id='word_1_201' title='bbox 1314 3226 1540 3282; x_wconf 87' lang='lat' dir='ltr'>fontem</span> <span class='ocrx_word' id='word_1_202' title='bbox 1572 3237 1693 3278; x_wconf 88' lang='lat' dir='ltr'>non</span> <span class='ocrx_word' id='word_1_203' title='bbox 1738 3219 1932 3275; x_wconf 89' lang='lat' dir='ltr'>solum</span> <span class='ocrx_word' id='word_1_204' title='bbox 1963 3214 2212 3272; x_wconf 88' lang='lat' dir='ltr'>laudan-</span> 
     </span>
    </p>
   </div>
   <div class='ocr_carea' id='block_1_34' title="bbox 558 3309 2212 3390">
    <p class='ocr_par' dir='ltr' id='par_1_34' title="bbox 558 3309 2212 3390">
     <span class='ocr_line' id='line_1_34' title="bbox 558 3309 2212 3390; baseline -0.013 -8"><span class='ocrx_word' id='word_1_205' title='bbox 558 3326 726 3390; x_wconf 90' lang='lat' dir='ltr'>dum,</span> <span class='ocrx_word' id='word_1_206' title='bbox 747 3340 950 3380; x_wconf 89' lang='lat' dir='ltr'>verum</span> <span class='ocrx_word' id='word_1_207' title='bbox 964 3322 1145 3377; x_wconf 89' lang='lat' dir='ltr'>etiam</span> <span class='ocrx_word' id='word_1_208' title='bbox 1160 3317 1475 3374; x_wconf 89' lang='lat' dir='ltr'>nobiscum</span> <span class='ocrx_word' id='word_1_209' title='bbox 1508 3309 2009 3384; x_wconf 86' lang='lat' dir='ltr'>participandum,</span> <span class='ocrx_word' id='word_1_210' title='bbox 2027 3310 2082 3361; x_wconf 92' lang='lat' dir='ltr'>et</span> <span class='ocrx_word' id='word_1_211' title='bbox 2098 3311 2212 3361; x_wconf 69' lang='lat' dir='ltr'>tum</span> 
     </span>
    </p>
   </div>
   <div class='ocr_carea' id='block_1_35' title="bbox 559 3393 2215 3487">
    <p class='ocr_par' dir='ltr' id='par_1_35' title="bbox 559 3393 2215 3487">
     <span class='ocr_line' id='line_1_35' title="bbox 559 3393 2215 3487; baseline -0.014 -16"><span class='ocrx_word' id='word_1_212' title='bbox 559 3413 890 3487; x_wconf 72' lang='lat' dir='ltr'>prudentiae</span> <span class='ocrx_word' id='word_1_213' title='bbox 935 3409 1336 3482; x_wconf 84' lang='lat' dir='ltr'>placiturum;</span> <span class='ocrx_word' id='word_1_214' title='bbox 1378 3408 1438 3459; x_wconf 94' lang='lat' dir='ltr'>ut</span> <span class='ocrx_word' id='word_1_215' title='bbox 1471 3404 1625 3457; x_wconf 91' lang='lat' dir='ltr'>Deus</span> <span class='ocrx_word' id='word_1_216' title='bbox 1665 3393 2215 3469; x_wconf 87' lang='lat' dir='ltr'>incomparabiliter</span> 
     </span>
    </p>
   </div>
   <div class='ocr_carea' id='block_1_36' title="bbox 559 3488 2215 3575">
    <p class='ocr_par' dir='ltr' id='par_1_36' title="bbox 559 3488 2215 3575">
     <span class='ocr_line' id='line_1_36' title="bbox 559 3488 2215 3575; baseline -0.014 -15"><span class='ocrx_word' id='word_1_217' title='bbox 559 3510 740 3575; x_wconf 88' lang='lat' dir='ltr'>atque</span> <span class='ocrx_word' id='word_1_218' title='bbox 756 3495 1323 3557; x_wconf 87' lang='lat' dir='ltr'>incommutabiliter</span> <span class='ocrx_word' id='word_1_219' title='bbox 1336 3494 1555 3558; x_wconf 89' lang='lat' dir='ltr'>bonus,</span> <span class='ocrx_word' id='word_1_220' title='bbox 1579 3488 1685 3562; x_wconf 90' lang='lat' dir='ltr'>qui</span> <span class='ocrx_word' id='word_1_221' title='bbox 1702 3503 1805 3561; x_wconf 91' lang='lat' dir='ltr'>per</span> <span class='ocrx_word' id='word_1_222' title='bbox 1818 3501 1990 3541; x_wconf 90' lang='lat' dir='ltr'>suam</span> <span class='ocrx_word' id='word_1_223' title='bbox 2010 3489 2215 3556; x_wconf 86' lang='lat' dir='ltr'>poten-</span> 
     </span>
    </p>
   </div>
   <div class='ocr_carea' id='block_1_37' title="bbox 565 3572 2217 3650">
    <p class='ocr_par' dir='ltr' id='par_1_37' title="bbox 565 3572 2217 3650">
     <span class='ocr_line' id='line_1_37' title="bbox 565 3572 2217 3650; baseline -0.015 0"><span class='ocrx_word' id='word_1_224' title='bbox 565 3572 708 3650; x_wconf 72' lang='lat' dir='ltr'>tiam</span> <span class='ocrx_word' id='word_1_225' title='bbox 736 3596 856 3648; x_wconf 88' lang='lat' dir='ltr'>tam</span> <span class='ocrx_word' id='word_1_226' title='bbox 877 3590 1052 3645; x_wconf 71' lang='lat' dir='ltr'>bonae</span> <span class='ocrx_word' id='word_1_227' title='bbox 1075 3591 1189 3641; x_wconf 76' lang='lat' dir='ltr'>tuae</span> <span class='ocrx_word' id='word_1_228' title='bbox 1218 3583 1431 3639; x_wconf 88' lang='lat' dir='ltr'>mentis</span> <span class='ocrx_word' id='word_1_229' title='bbox 1454 3586 1544 3636; x_wconf 91' lang='lat' dir='ltr'>est</span> <span class='ocrx_word' id='word_1_230' title='bbox 1574 3578 1895 3641; x_wconf 88' lang='lat' dir='ltr'>institutor,</span> <span class='ocrx_word' id='word_1_231' title='bbox 1932 3574 2007 3629; x_wconf 91' lang='lat' dir='ltr'>sit</span> <span class='ocrx_word' id='word_1_232' title='bbox 2038 3572 2217 3628; x_wconf 86' lang='lat' dir='ltr'>etiam</span> 
     </span>
    </p>
   </div>
   <div class='ocr_carea' id='block_1_38' title="bbox 561 3663 2221 3754">
    <p class='ocr_par' dir='ltr' id='par_1_38' title="bbox 561 3663 2221 3754">
     <span class='ocr_line' id='line_1_38' title="bbox 561 3663 2221 3754; baseline -0.014 -16"><span class='ocrx_word' id='word_1_233' title='bbox 561 3697 668 3754; x_wconf 83' lang='lat' dir='ltr'>per</span> <span class='ocrx_word' id='word_1_234' title='bbox 680 3680 933 3750; x_wconf 83' lang='lat' dir='ltr'>gratiam</span> <span class='ocrx_word' id='word_1_235' title='bbox 957 3671 1665 3743; x_wconf 28' lang='lat' dir='ltr'>restitutor.,lncolumem</span> <span class='ocrx_word' id='word_1_236' title='bbox 1692 3672 1743 3721; x_wconf 90' lang='lat' dir='ltr'>te</span> <span class='ocrx_word' id='word_1_237' title='bbox 1777 3666 1928 3720; x_wconf 88' lang='lat' dir='ltr'>Deus</span> <span class='ocrx_word' id='word_1_238' title='bbox 1948 3663 2221 3733; x_wconf 45' lang='lat' dir='ltr'>omnipo&#39;</span> 
     </span>
    </p>
   </div>
   <div class='ocr_carea' id='block_1_39' title="bbox 564 3751 2223 3837">
    <p class='ocr_par' dir='ltr' id='par_1_39' title="bbox 564 3751 2223 3837">
     <span class='ocr_line' id='line_1_39' title="bbox 564 3751 2223 3837; baseline -0.013 -11"><span class='ocrx_word' id='word_1_239' title='bbox 564 3751 696 3828; x_wconf 80' lang='lat' dir='ltr'>tens</span> <span class='ocrx_word' id='word_1_240' title='bbox 714 3766 1156 3837; x_wconf 87' lang='lat' dir='ltr'>felicioremque</span> <span class='ocrx_word' id='word_1_241' title='bbox 1183 3766 1438 3825; x_wconf 92' lang='lat' dir='ltr'>tueatur,</span> <span class='ocrx_word' id='word_1_242' title='bbox 1470 3757 1717 3815; x_wconf 87' lang='lat' dir='ltr'>domine</span> <span class='ocrx_word' id='word_1_243' title='bbox 1740 3753 1957 3811; x_wconf 79' lang='lat' dir='ltr'>eximie</span> <span class='ocrx_word' id='word_1_244' title='bbox 1989 3751 2223 3807; x_wconf 85' lang='lat' dir='ltr'>merito-</span> 
     </span>
    </p>
   </div>
   <div class='ocr_carea' id='block_1_40' title="bbox 565 3845 1736 3932">
    <p class='ocr_par' dir='ltr' id='par_1_40' title="bbox 565 3845 1736 3932">
     <span class='ocr_line' id='line_1_40' title="bbox 565 3845 1736 3932; baseline -0.015 -15"><span class='ocrx_word' id='word_1_245' title='bbox 565 3874 684 3932; x_wconf 90' lang='lat' dir='ltr'>que</span> <span class='ocrx_word' id='word_1_246' title='bbox 712 3855 1098 3921; x_wconf 84' lang='lat' dir='ltr'>honorabilis,</span> <span class='ocrx_word' id='word_1_247' title='bbox 1134 3869 1203 3909; x_wconf 89' lang='lat' dir='ltr'>ac</span> <span class='ocrx_word' id='word_1_248' title='bbox 1232 3846 1613 3923; x_wconf 88' lang='lat' dir='ltr'>suspiciende</span> <span class='ocrx_word' id='word_1_249' title='bbox 1634 3845 1736 3901; x_wconf 88' lang='lat' dir='ltr'>ﬁli.</span> 
     </span>
    </p>
   </div>
   <div class='ocr_carea' id='block_1_41' title="bbox 998 3971 1793 4042">
    <p class='ocr_par' dir='ltr' id='par_1_41' title="bbox 998 3971 1793 4042">
     <span class='ocr_line' id='line_1_41' title="bbox 998 3971 1793 4042; baseline -0.015 -5"><span class='ocrx_word' id='word_1_250' title='bbox 998 3978 1329 4037; x_wconf 86' lang='lat' dir='ltr'>EPISTOLA</span> <span class='ocrx_word' id='word_1_251' title='bbox 1361 3973 1612 4032; x_wconf 87' lang='lat' dir='ltr'>CCLVIII</span> <span class='ocrx_word' id='word_1_252' title='bbox 1643 3973 1675 3988; x_wconf 91' lang='grc'><strong>··</strong></span> <span class='ocrx_word' id='word_1_253' title='bbox 1696 3971 1793 4042; x_wconf 82' lang='lat' dir='ltr'>(b).</span> 
     </span>
    </p>
   </div>
   <div class='ocr_carea' id='block_1_42' title="bbox 565 4087 2226 4177">
    <p class='ocr_par' dir='ltr' id='par_1_42' title="bbox 565 4087 2226 4177">
     <span class='ocr_line' id='line_1_42' title="bbox 565 4087 2226 4177; baseline -0.012 -14"><span class='ocrx_word' id='word_1_254' title='bbox 565 4104 924 4177; x_wconf 80' lang='lat' dir='ltr'>Augustinus</span> <span class='ocrx_word' id='word_1_255' title='bbox 937 4102 1244 4159; x_wconf 80' lang='lat' dir='ltr'>Martiano</span> <span class='ocrx_word' id='word_1_256' title='bbox 1275 4097 1459 4155; x_wconf 88' lang='lat' dir='ltr'>veteri</span> <span class='ocrx_word' id='word_1_257' title='bbox 1487 4087 2226 4166; x_wconf 76' lang='lat' dir='ltr'>amico,qratulaturquod</span> 
     </span>
    </p>
   </div>
   <div class='ocr_carea' id='block_1_43' title="bbox 637 4179 2224 4257">
    <p class='ocr_par' dir='ltr' id='par_1_43' title="bbox 637 4179 2224 4257">
     <span class='ocr_line' id='line_1_43' title="bbox 637 4179 2224 4257; baseline -0.012 -6"><span class='ocrx_word' id='word_1_258' title='bbox 637 4192 1092 4251; x_wconf 81' lang='lat' dir='ltr'>catechumenus</span> <span class='ocrx_word' id='word_1_259' title='bbox 1117 4183 1867 4257; x_wconf 77' lang='lat' dir='ltr'>sitfactus,hortansillum</span> <span class='ocrx_word' id='word_1_260' title='bbox 1887 4190 1946 4235; x_wconf 87' lang='lat' dir='ltr'>ut</span> <span class='ocrx_word' id='word_1_261' title='bbox 1956 4179 2224 4249; x_wconf 81' lang='lat' dir='ltr'>ﬁdelium</span> 
     </span>
    </p>
   </div>
   <div class='ocr_carea' id='block_1_44' title="bbox 637 4274 1369 4347">
    <p class='ocr_par' dir='ltr' id='par_1_44' title="bbox 637 4274 1369 4347">
     <span class='ocr_line' id='line_1_44' title="bbox 637 4274 1369 4347; baseline -0.014 -8"><span class='ocrx_word' id='word_1_262' title='bbox 637 4282 1026 4339; x_wconf 83' lang='lat' dir='ltr'>Sacramenta</span> <span class='ocrx_word' id='word_1_263' title='bbox 1055 4274 1369 4347; x_wconf 82' lang='lat' dir='ltr'>percipiat.</span> 
     </span>
    </p>
   </div>
   <div class='ocr_carea' id='block_1_45' title="bbox 584 4384 2226 4471">
    <p class='ocr_par' dir='ltr' id='par_1_45' title="bbox 584 4384 2226 4471">
     <span class='ocr_line' id='line_1_45' title="bbox 584 4384 2226 4471; baseline -0.013 -8"><span class='ocrx_word' id='word_1_264' title='bbox 584 4402 832 4464; x_wconf 90' lang='lat' dir='ltr'>Domino</span> <span class='ocrx_word' id='word_1_265' title='bbox 847 4402 1051 4459; x_wconf 92' lang='lat' dir='ltr'>merito</span> <span class='ocrx_word' id='word_1_266' title='bbox 1064 4397 1523 4471; x_wconf 90' lang='lat' dir='ltr'>suscipiendo,et</span> <span class='ocrx_word' id='word_1_267' title='bbox 1536 4392 1594 4449; x_wconf 89' lang='lat' dir='ltr'>in</span> <span class='ocrx_word' id='word_1_268' title='bbox 1613 4384 1840 4449; x_wconf 82' lang='lat' dir='ltr'>Christo</span> <span class='ocrx_word' id='word_1_269' title='bbox 1851 4388 2226 4447; x_wconf 89' lang='lat' dir='ltr'>dilectissimo</span> 
     </span>
    </p>
   </div>
   <div class='ocr_carea' id='block_1_46' title="bbox 637 4481 2224 4552">
    <p class='ocr_par' dir='ltr' id='par_1_46' title="bbox 637 4481 2224 4552">
     <span class='ocr_line' id='line_1_46' title="bbox 637 4481 2224 4552; baseline -0.013 0"><span class='ocrx_word' id='word_1_270' title='bbox 637 4511 708 4552; x_wconf 91' lang='lat' dir='ltr'>ac</span> <span class='ocrx_word' id='word_1_271' title='bbox 740 4488 1295 4550; x_wconf 89' lang='lat' dir='ltr'>desiderantissimo</span> <span class='ocrx_word' id='word_1_272' title='bbox 1320 4485 1481 4542; x_wconf 90' lang='lat' dir='ltr'>fratri</span> <span class='ocrx_word' id='word_1_273' title='bbox 1512 4486 1827 4546; x_wconf 79' lang='lat' dir='ltr'>MARTIANO,</span> <span class='ocrx_word' id='word_1_274' title='bbox 1853 4481 2224 4544; x_wconf 75' lang='lat' dir='ltr'>Accusrmus,</span> 
     </span>
    </p>
   </div>
   <div class='ocr_carea' id='block_1_47' title="bbox 636 4578 1299 4641">
    <p class='ocr_par' dir='ltr' id='par_1_47' title="bbox 636 4578 1299 4641">
     <span class='ocr_line' id='line_1_47' title="bbox 636 4578 1299 4641; baseline -0.014 0"><span class='ocrx_word' id='word_1_275' title='bbox 636 4585 698 4641; x_wconf 92' lang='lat' dir='ltr'>in</span> <span class='ocrx_word' id='word_1_276' title='bbox 731 4582 982 4639; x_wconf 87' lang='lat' dir='ltr'>Domino</span> <span class='ocrx_word' id='word_1_277' title='bbox 1023 4578 1299 4636; x_wconf 87' lang='lat' dir='ltr'>salutem.</span> 
     </span>
    </p>
   </div>
   <div class='ocr_carea' id='block_1_48' title="bbox 638 4690 2201 4777">
    <p class='ocr_par' dir='ltr' id='par_1_48' title="bbox 638 4690 2201 4777">
     <span class='ocr_line' id='line_1_48' title="bbox 638 4690 2201 4777; baseline -0.012 -14"><span class='ocrx_word' id='word_1_278' title='bbox 638 4705 967 4777; x_wconf 76' lang='lat' dir='ltr'>LAbripui,</span> <span class='ocrx_word' id='word_1_279' title='bbox 988 4700 1293 4774; x_wconf 88' lang='lat' dir='ltr'>velpotius</span> <span class='ocrx_word' id='word_1_280' title='bbox 1312 4697 1571 4770; x_wconf 90' lang='lat' dir='ltr'>obripui,</span> <span class='ocrx_word' id='word_1_281' title='bbox 1598 4691 2120 4767; x_wconf 88' lang='lat' dir='ltr'>etquodammodo</span> <span class='ocrx_word' id='word_1_282' title='bbox 2139 4690 2201 4746; x_wconf 90' lang='lat' dir='ltr'>fu</span> 
     </span>
    </p>
   </div>
   <div class='ocr_carea' id='block_1_49' title="bbox 562 4778 2221 4862">
    <p class='ocr_par' dir='ltr' id='par_1_49' title="bbox 562 4778 2221 4862">
     <span class='ocr_line' id='line_1_49' title="bbox 562 4778 2221 4862; baseline -0.012 -9"><span class='ocrx_word' id='word_1_283' title='bbox 562 4802 728 4853; x_wconf 86' lang='lat' dir='ltr'>ratus</span> <span class='ocrx_word' id='word_1_284' title='bbox 745 4812 874 4850; x_wconf 87' lang='lat' dir='ltr'>sum</span> <span class='ocrx_word' id='word_1_285' title='bbox 894 4792 1308 4862; x_wconf 88' lang='lat' dir='ltr'>memetipsum</span> <span class='ocrx_word' id='word_1_286' title='bbox 1328 4787 1527 4843; x_wconf 91' lang='lat' dir='ltr'>multis</span> <span class='ocrx_word' id='word_1_287' title='bbox 1540 4783 2027 4855; x_wconf 85' lang='lat' dir='ltr'>occupationibus</span> <span class='ocrx_word' id='word_1_288' title='bbox 2048 4778 2221 4848; x_wconf 88' lang='lat' dir='ltr'>meis,</span> 
     </span>
    </p>
   </div>
   <div class='ocr_carea' id='block_1_50' title="bbox 562 4875 2223 4951">
    <p class='ocr_par' dir='ltr' id='par_1_50' title="bbox 562 4875 2223 4951">
     <span class='ocr_line' id='line_1_50' title="bbox 562 4875 2223 4951; baseline -0.011 -8"><span class='ocrx_word' id='word_1_289' title='bbox 562 4892 626 4943; x_wconf 90' lang='lat' dir='ltr'>ut</span> <span class='ocrx_word' id='word_1_290' title='bbox 654 4882 1094 4941; x_wconf 86' lang='lat' dir='ltr'>tibiscriberem</span> <span class='ocrx_word' id='word_1_291' title='bbox 1126 4877 1550 4951; x_wconf 90' lang='lat' dir='ltr'>antiquissimo</span> <span class='ocrx_word' id='word_1_292' title='bbox 1577 4875 1993 4944; x_wconf 90' lang='lat' dir='ltr'>amico,quem</span> <span class='ocrx_word' id='word_1_293' title='bbox 2024 4875 2223 4925; x_wconf 88' lang='lat' dir='ltr'>tamen</span> 
     </span>
    </p>
   </div>
   <div class='ocr_carea' id='block_1_51' title="bbox 560 4958 2225 5041">
    <p class='ocr_par' dir='ltr' id='par_1_51' title="bbox 560 4958 2225 5041">
     <span class='ocr_line' id='line_1_51' title="bbox 560 4958 2225 5041; baseline -0.011 -8"><span class='ocrx_word' id='word_1_294' title='bbox 560 4992 675 5033; x_wconf 89' lang='lat' dir='ltr'>non</span> <span class='ocrx_word' id='word_1_295' title='bbox 692 4968 1292 5041; x_wconf 88' lang='lat' dir='ltr'>habebam,quamdiu</span> <span class='ocrx_word' id='word_1_296' title='bbox 1309 4968 1368 5021; x_wconf 91' lang='lat' dir='ltr'>in</span> <span class='ocrx_word' id='word_1_297' title='bbox 1389 4966 1611 5021; x_wconf 87' lang='lat' dir='ltr'>Christo</span> <span class='ocrx_word' id='word_1_298' title='bbox 1628 4979 1739 5019; x_wconf 88' lang='lat' dir='ltr'>non</span> <span class='ocrx_word' id='word_1_299' title='bbox 1758 4958 2225 5017; x_wconf 88' lang='lat' dir='ltr'>tenebam.Nosti</span> 
     </span>
    </p>
   </div>
   <div class='ocr_carea' id='block_1_52' title="bbox 556 5047 2218 5137">
    <p class='ocr_par' dir='ltr' id='par_1_52' title="bbox 556 5047 2218 5137">
     <span class='ocr_line' id='line_1_52' title="bbox 556 5047 2218 5137; baseline -0.011 -17"><span class='ocrx_word' id='word_1_300' title='bbox 556 5065 766 5137; x_wconf 88' lang='lat' dir='ltr'>quippe</span> <span class='ocrx_word' id='word_1_301' title='bbox 784 5058 1144 5118; x_wconf 85' lang='lat' dir='ltr'>utdeﬁnierit</span> <span class='ocrx_word' id='word_1_302' title='bbox 1162 5055 1487 5112; x_wconf 88' lang='lat' dir='ltr'>amicitiam</span> <span class='ocrx_word' id='word_1_303' title='bbox 1504 5051 1845 5121; x_wconf 87' lang='lat' dir='ltr'>Romani,ut</span> <span class='ocrx_word' id='word_1_304' title='bbox 1858 5047 2218 5121; x_wconf 90' lang='lat' dir='ltr'>aitquidam,</span> 
     </span>
    </p>
   </div>
   <div class='ocr_carea' id='block_1_53' title="bbox 556 5136 2222 5214">
    <p class='ocr_par' dir='ltr' id='par_1_53' title="bbox 556 5136 2222 5214">
     <span class='ocr_line' id='line_1_53' title="bbox 556 5136 2222 5214; baseline -0.013 -2"><span class='ocrx_word' id='word_1_305' title='bbox 556 5136 856 5211; x_wconf 57' lang='lat' dir='ltr'>maiimus</span> <span class='ocrx_word' id='word_1_306' title='bbox 870 5154 1079 5207; x_wconf 88' lang='lat' dir='ltr'>auctor</span> <span class='ocrx_word' id='word_1_307' title='bbox 1110 5144 1339 5202; x_wconf 85' lang='lat' dir='ltr'>Tullius</span> <span class='ocrx_word' id='word_1_308' title='bbox 1366 5142 1589 5214; x_wconf 81' lang='lat' dir='ltr'>eloquii</span> <span class='ocrx_word' id='word_1_309' title='bbox 1605 5143 1934 5211; x_wconf 86' lang='lat' dir='ltr'>(Lucanus,</span> <span class='ocrx_word' id='word_1_310' title='bbox 1953 5136 2222 5208; x_wconf 85' lang='lat' dir='ltr'>lib.7).Di-</span> 
     </span>
    </p>
   </div>
   <div class='ocr_carea' id='block_1_54' title="bbox 552 5226 2223 5300">
    <p class='ocr_par' dir='ltr' id='par_1_54' title="bbox 552 5226 2223 5300">
     <span class='ocr_line' id='line_1_54' title="bbox 552 5226 2223 5300; baseline -0.011 0"><span class='ocrx_word' id='word_1_311' title='bbox 552 5244 636 5300; x_wconf 88' lang='lat' dir='ltr'>xit</span> <span class='ocrx_word' id='word_1_312' title='bbox 650 5244 809 5298; x_wconf 88' lang='lat' dir='ltr'>enim</span> <span class='ocrx_word' id='word_1_313' title='bbox 823 5247 877 5296; x_wconf 90' lang='lat' dir='ltr'>et</span> <span class='ocrx_word' id='word_1_314' title='bbox 890 5238 1198 5295; x_wconf 87' lang='lat' dir='ltr'>verissime</span> <span class='ocrx_word' id='word_1_315' title='bbox 1213 5233 1379 5291; x_wconf 84' lang='lat' dir='ltr'>dixit:</span> <span class='ocrx_word' id='word_1_316' title='bbox 1401 5233 1444 5287; x_wconf 87' lang='lat' dir='ltr'><strong><em>A</em></strong></span> <span class='ocrx_word' id='word_1_317' title='bbox 1457 5232 1686 5288; x_wconf 86' lang='lat' dir='ltr'>micitia</span> <span class='ocrx_word' id='word_1_318' title='bbox 1700 5236 1779 5286; x_wconf 86' lang='lat' dir='ltr'>est</span> <span class='ocrx_word' id='word_1_319' title='bbox 1794 5244 1995 5286; x_wconf 85' lang='lat' dir='ltr'>rerum</span> <span class='ocrx_word' id='word_1_320' title='bbox 2014 5226 2223 5283; x_wconf 83' lang='lat' dir='ltr'>huma-</span> 
     </span>
    </p>
   </div>
   <div class='ocr_carea' id='block_1_55' title="bbox 616 5397 2225 5465">
    <p class='ocr_par' dir='ltr' id='par_1_55' title="bbox 616 5397 2225 5465">
     <span class='ocr_line' id='line_1_55' title="bbox 616 5397 2225 5465; baseline -0.009 -3"><span class='ocrx_word' id='word_1_321' title='bbox 616 5414 645 5446; x_wconf 70' lang='grc'>⁴⁸</span> <span class='ocrx_word' id='word_1_322' title='bbox 675 5412 955 5463; x_wconf 80' lang='lat' dir='ltr'>Recensita</span> <span class='ocrx_word' id='word_1_323' title='bbox 978 5408 1046 5457; x_wconf 86' lang='lat' dir='ltr'>ad</span> <span class='ocrx_word' id='word_1_324' title='bbox 1073 5406 1209 5456; x_wconf 86' lang='lat' dir='ltr'>a.b|.</span> <span class='ocrx_word' id='word_1_325' title='bbox 1247 5419 1291 5455; x_wconf 92' lang='lat' dir='ltr'>c.</span> <span class='ocrx_word' id='word_1_326' title='bbox 1321 5403 1403 5454; x_wconf 91' lang='lat' dir='ltr'>cb.</span> <span class='ocrx_word' id='word_1_327' title='bbox 1436 5402 1488 5451; x_wconf 71' lang='grc' dir='ltr'>α.</span> <span class='ocrx_word' id='word_1_328' title='bbox 1509 5416 1561 5465; x_wconf 87' lang='lat' dir='ltr'>g.</span> <span class='ocrx_word' id='word_1_329' title='bbox 1587 5400 1730 5465; x_wconf 83' lang='lat' dir='ltr'>gv.j.</span> <span class='ocrx_word' id='word_1_330' title='bbox 1766 5414 1819 5449; x_wconf 89' lang='lat' dir='ltr'>n.</span> <span class='ocrx_word' id='word_1_331' title='bbox 1839 5413 1881 5448; x_wconf 92' lang='lat' dir='ltr'>r.</span> <span class='ocrx_word' id='word_1_332' title='bbox 1914 5412 1962 5448; x_wconf 87' lang='lat' dir='ltr'>s.</span> <span class='ocrx_word' id='word_1_333' title='bbox 1986 5397 2064 5447; x_wconf 89' lang='lat' dir='ltr'>sb.</span> <span class='ocrx_word' id='word_1_334' title='bbox 2094 5398 2225 5461; x_wconf 83' lang='lat' dir='ltr'>qua‘</span> 
     </span>
    </p>
   </div>
   <div class='ocr_carea' id='block_1_56' title="bbox 558 5468 2219 5595">
    <p class='ocr_par' dir='ltr' id='par_1_56' title="bbox 558 5468 2219 5595">
     <span class='ocr_line' id='line_1_56' title="bbox 558 5468 1320 5537; baseline -0.012 -13"><span class='ocrx_word' id='word_1_335' title='bbox 558 5478 680 5526; x_wconf 87' lang='lat' dir='ltr'>tuor</span> <span class='ocrx_word' id='word_1_336' title='bbox 702 5491 749 5523; x_wconf 91' lang='lat' dir='ltr'>v.</span> <span class='ocrx_word' id='word_1_337' title='bbox 772 5479 823 5523; x_wconf 90' lang='lat' dir='ltr'>et</span> <span class='ocrx_word' id='word_1_338' title='bbox 840 5477 1070 5537; x_wconf 87' lang='lat' dir='ltr'>quatuor</span> <span class='ocrx_word' id='word_1_339' title='bbox 1105 5486 1154 5518; x_wconf 90' lang='lat' dir='ltr'>v.</span> <span class='ocrx_word' id='word_1_340' title='bbox 1188 5468 1320 5518; x_wconf 86' lang='lat' dir='ltr'>Edd.</span> 
     </span>
     <span class='ocr_line' id='line_1_57' title="bbox 618 5521 2219 5595; baseline -0.009 -8"><span class='ocrx_word' id='word_1_341' title='bbox 618 5538 678 5570; x_wconf 63' lang='grc' dir='ltr'>*ι*</span> <span class='ocrx_word' id='word_1_342' title='bbox 708 5538 783 5587; x_wconf 82' lang='lat' dir='ltr'>Ad</span> <span class='ocrx_word' id='word_1_343' title='bbox 818 5551 865 5584; x_wconf 87' lang='lat' dir='ltr'>a.</span> <span class='ocrx_word' id='word_1_344' title='bbox 904 5534 993 5595; x_wconf 73' lang='lat' dir='ltr'>bg.</span> <span class='ocrx_word' id='word_1_345' title='bbox 1024 5532 1092 5583; x_wconf 90' lang='lat' dir='ltr'>bl.</span> <span class='ocrx_word' id='word_1_346' title='bbox 1125 5546 1168 5582; x_wconf 82' lang='grc' dir='ltr'><strong>ο.</strong></span> <span class='ocrx_word' id='word_1_347' title='bbox 1202 5545 1279 5580; x_wconf 89' lang='lat' dir='ltr'>cc.</span> <span class='ocrx_word' id='word_1_348' title='bbox 1309 5529 1394 5580; x_wconf 90' lang='lat' dir='ltr'>cb.</span> <span class='ocrx_word' id='word_1_349' title='bbox 1433 5526 1488 5577; x_wconf 70' lang='grc' dir='ltr'>Π.</span> <span class='ocrx_word' id='word_1_350' title='bbox 1522 5541 1573 5592; x_wconf 87' lang='lat' dir='ltr'>g.</span> <span class='ocrx_word' id='word_1_351' title='bbox 1598 5537 1793 5591; x_wconf 70' lang='lat' dir='ltr'>gggv.</span> <span class='ocrx_word' id='word_1_352' title='bbox 1826 5538 1877 5576; x_wconf 88' lang='lat' dir='ltr'>n.</span> <span class='ocrx_word' id='word_1_353' title='bbox 1909 5537 1952 5573; x_wconf 90' lang='lat' dir='ltr'>r.</span> <span class='ocrx_word' id='word_1_354' title='bbox 1987 5536 2029 5573; x_wconf 88' lang='lat' dir='ltr'>s.</span> <span class='ocrx_word' id='word_1_355' title='bbox 2069 5521 2148 5572; x_wconf 90' lang='lat' dir='ltr'>sb.</span> <span class='ocrx_word' id='word_1_356' title='bbox 2184 5524 2219 5572; x_wconf 85' lang='lat' dir='ltr'>t.</span> 
     </span>
    </p>
   </div>
   <div class='ocr_carea' id='block_1_57' title="bbox 563 5596 1038 5650">
    <p class='ocr_par' dir='ltr' id='par_1_57' title="bbox 563 5596 1038 5650">
     <span class='ocr_line' id='line_1_58' title="bbox 563 5596 1038 5650; baseline -0.011 0"><span class='ocrx_word' id='word_1_357' title='bbox 563 5599 701 5650; x_wconf 90' lang='lat' dir='ltr'>duos</span> <span class='ocrx_word' id='word_1_358' title='bbox 726 5613 805 5647; x_wconf 87' lang='lat' dir='ltr'>vc.</span> <span class='ocrx_word' id='word_1_359' title='bbox 834 5602 883 5647; x_wconf 90' lang='lat' dir='ltr'>et</span> <span class='ocrx_word' id='word_1_360' title='bbox 908 5596 1038 5646; x_wconf 89' lang='lat' dir='ltr'>Edd.</span> 
     </span>
    </p>
   </div>
   <div class='ocr_carea' id='block_1_58' title="bbox 620 5648 1996 5722">
    <p class='ocr_par' dir='ltr' id='par_1_58' title="bbox 620 5648 1996 5722">
     <span class='ocr_line' id='line_1_59' title="bbox 620 5648 1996 5722; baseline -0.008 -14"><span class='ocrx_word' id='word_1_361' title='bbox 620 5662 691 5722; x_wconf 82' lang='grc' dir='ltr'>(α)</span> <span class='ocrx_word' id='word_1_362' title='bbox 722 5658 864 5722; x_wconf 76' lang='lat' dir='ltr'>Alias</span> <span class='ocrx_word' id='word_1_363' title='bbox 891 5661 979 5722; x_wconf 74' lang='lat'>123</span> <span class='ocrx_word' id='word_1_364' title='bbox 1016 5672 1027 5706; x_wconf 75' lang='grc' dir='ltr'><strong>ε</strong></span> <span class='ocrx_word' id='word_1_365' title='bbox 1057 5671 1176 5721; x_wconf 68' lang='lat' dir='ltr'>qua)</span> <span class='ocrx_word' id='word_1_366' title='bbox 1212 5662 1395 5705; x_wconf 87' lang='lat' dir='ltr'>autem</span> <span class='ocrx_word' id='word_1_367' title='bbox 1424 5652 1515 5722; x_wconf 62' lang='grc' dir='ltr'><em>ἓᾷῖ</em></span> <span class='ocrx_word' id='word_1_368' title='bbox 1546 5654 1676 5722; x_wconf 82' lang='lat' dir='ltr'>erat,</span> <span class='ocrx_word' id='word_1_369' title='bbox 1712 5663 1854 5700; x_wconf 89' lang='lat' dir='ltr'>nunc</span> 
     </span>
    </p>
   </div>
   <div class='ocr_carea' id='block_1_59' title="bbox 619 5712 1997 5797">
    <p class='ocr_par' dir='ltr' id='par_1_59' title="bbox 619 5712 1997 5797">
     <span class='ocr_line' id='line_1_60' title="bbox 619 5712 1997 5797; baseline -0.009 -24"><span class='ocrx_word' id='word_1_370' title='bbox 619 5712 690 5797; x_wconf 66' lang='lat' dir='ltr'>(bi</span> <span class='ocrx_word' id='word_1_371' title='bbox 721 5721 866 5772; x_wconf 83' lang='lat' dir='ltr'>Alias</span> <span class='ocrx_word' id='word_1_372' title='bbox 896 5720 985 5770; x_wconf 71' lang='lat'>155</span> <span class='ocrx_word' id='word_1_373' title='bbox 1022 5732 1035 5771; x_wconf 84' lang='lat'><strong>:</strong></span> <span class='ocrx_word' id='word_1_374' title='bbox 1067 5712 1184 5787; x_wconf 64' lang='lat' dir='ltr'>quas</span> <span class='ocrx_word' id='word_1_375' title='bbox 1218 5722 1401 5769; x_wconf 78' lang='lat' dir='ltr'>autem</span> <span class='ocrx_word' id='word_1_376' title='bbox 1426 5718 1518 5767; x_wconf 82' lang='lat'>258</span> <span class='ocrx_word' id='word_1_377' title='bbox 1540 5719 1671 5775; x_wconf 86' lang='lat' dir='ltr'>erat,</span> <span class='ocrx_word' id='word_1_378' title='bbox 1708 5724 1853 5765; x_wconf 86' lang='lat' dir='ltr'>nunc</span> <span class='ocrx_word' id='word_1_379' title='bbox 1886 5712 1997 5762; x_wconf 84' lang='grc'><strong>158.</strong></span> 
     </span>
    </p>
   </div>
   <div class='ocr_carea' id='block_1_60' title="bbox 1790 176 2646 254">
    <p class='ocr_par' dir='ltr' id='par_1_60' title="bbox 1790 176 2646 254">
     <span class='ocr_line' id='line_1_61' title="bbox 1790 176 2646 254; baseline -0.021 0"><span class='ocrx_word' id='word_1_380' title='bbox 1790 197 1852 254; x_wconf 92' lang='lat' dir='ltr'>S.</span> <span class='ocrx_word' id='word_1_381' title='bbox 1892 181 2281 251; x_wconf 79' lang='lat' dir='ltr'>AUGUSTINI</span> <span class='ocrx_word' id='word_1_382' title='bbox 2322 176 2646 239; x_wconf 87' lang='lat' dir='ltr'>EPlSCOPI</span> 
     </span>
    </p>
   </div>
   <div class='ocr_carea' id='block_1_61' title="bbox 3807 148 3949 219">
    <p class='ocr_par' dir='ltr' id='par_1_61' title="bbox 3807 148 3949 219">
     <span class='ocr_line' id='line_1_62' title="bbox 3807 148 3949 219; baseline -0.035 0"><span class='ocrx_word' id='word_1_383' title='bbox 3807 148 3949 219; x_wconf 70' lang='lat'>1072</span> 
     </span>
    </p>
   </div>
   <div class='ocr_carea' id='block_1_62' title="bbox 2280 288 3960 369">
    <p class='ocr_par' dir='ltr' id='par_1_62' title="bbox 2280 288 3960 369">
     <span class='ocr_line' id='line_1_63' title="bbox 2280 288 3960 369; baseline -0.014 -2"><span class='ocrx_word' id='word_1_384' title='bbox 2280 324 2498 369; x_wconf 84' lang='lat' dir='ltr'>narum</span> <span class='ocrx_word' id='word_1_385' title='bbox 2518 313 2571 364; x_wconf 88' lang='lat' dir='ltr'>et</span> <span class='ocrx_word' id='word_1_386' title='bbox 2590 304 2933 362; x_wconf 86' lang='lat' dir='ltr'>divinarum</span> <span class='ocrx_word' id='word_1_387' title='bbox 2965 315 3096 356; x_wconf 85' lang='lat' dir='ltr'>cum</span> <span class='ocrx_word' id='word_1_388' title='bbox 3139 291 3536 353; x_wconf 84' lang='lat' dir='ltr'>benevolentia</span> <span class='ocrx_word' id='word_1_389' title='bbox 3564 294 3623 349; x_wconf 87' lang='lat' dir='ltr'>et</span> <span class='ocrx_word' id='word_1_390' title='bbox 3652 288 3960 347; x_wconf 83' lang='lat' dir='ltr'>charitate</span> 
     </span>
    </p>
   </div>
   <div class='ocr_carea' id='block_1_63' title="bbox 2281 378 3957 467">
    <p class='ocr_par' dir='ltr' id='par_1_63' title="bbox 2281 378 3957 467">
     <span class='ocr_line' id='line_1_64' title="bbox 2281 378 3957 467; baseline -0.015 -11"><span class='ocrx_word' id='word_1_391' title='bbox 2281 397 2577 456; x_wconf 83' lang='lat' dir='ltr'>consensio</span> <span class='ocrx_word' id='word_1_392' title='bbox 2591 395 2839 467; x_wconf 86' lang='lat' dir='ltr'>(Cicero,</span> <span class='ocrx_word' id='word_1_393' title='bbox 2858 393 2995 446; x_wconf 68' lang='lat' dir='ltr'>Last.</span> <span class='ocrx_word' id='word_1_394' title='bbox 3011 388 3124 457; x_wconf 84' lang='lat'>20).</span> <span class='ocrx_word' id='word_1_395' title='bbox 3138 389 3221 442; x_wconf 90' lang='lat' dir='ltr'>&#39;I‘u</span> <span class='ocrx_word' id='word_1_396' title='bbox 3235 390 3456 447; x_wconf 90' lang='lat' dir='ltr'>autem,</span> <span class='ocrx_word' id='word_1_397' title='bbox 3478 380 3560 437; x_wconf 92' lang='lat' dir='ltr'>mi</span> <span class='ocrx_word' id='word_1_398' title='bbox 3577 378 3957 441; x_wconf 79' lang='lat' dir='ltr'>charissime,</span> 
     </span>
    </p>
   </div>
   <div class='ocr_carea' id='block_1_64' title="bbox 2282 469 3960 560">
    <p class='ocr_par' dir='ltr' id='par_1_64' title="bbox 2282 469 3960 560">
     <span class='ocr_line' id='line_1_65' title="bbox 2282 469 3960 560; baseline -0.014 -16"><span class='ocrx_word' id='word_1_399' title='bbox 2282 485 2609 560; x_wconf 89' lang='lat' dir='ltr'>aliquando</span> <span class='ocrx_word' id='word_1_400' title='bbox 2627 483 2767 538; x_wconf 89' lang='lat' dir='ltr'>mihi</span> <span class='ocrx_word' id='word_1_401' title='bbox 2781 476 3196 537; x_wconf 89' lang='lat' dir='ltr'>consentiebas</span> <span class='ocrx_word' id='word_1_402' title='bbox 3220 476 3276 530; x_wconf 89' lang='lat' dir='ltr'>in</span> <span class='ocrx_word' id='word_1_403' title='bbox 3293 472 3472 528; x_wconf 89' lang='lat' dir='ltr'>rebus</span> <span class='ocrx_word' id='word_1_404' title='bbox 3496 469 3960 532; x_wconf 79' lang='lat' dir='ltr'>humanis,cum</span> 
     </span>
    </p>
   </div>
   <div class='ocr_carea' id='block_1_65' title="bbox 2284 555 3963 641">
    <p class='ocr_par' dir='ltr' id='par_1_65' title="bbox 2284 555 3963 641">
     <span class='ocr_line' id='line_1_66' title="bbox 2284 555 3963 641; baseline -0.014 -7"><span class='ocrx_word' id='word_1_405' title='bbox 2284 577 2367 634; x_wconf 90' lang='lat' dir='ltr'>eis</span> <span class='ocrx_word' id='word_1_406' title='bbox 2381 555 2544 631; x_wconf 78' lang='lat' dir='ltr'>more</span> <span class='ocrx_word' id='word_1_407' title='bbox 2562 572 2720 641; x_wconf 82' lang='lat' dir='ltr'>vulgi</span> <span class='ocrx_word' id='word_1_408' title='bbox 2737 570 2848 626; x_wconf 92' lang='lat' dir='ltr'>frui</span> <span class='ocrx_word' id='word_1_409' title='bbox 2861 581 3140 639; x_wconf 91' lang='lat' dir='ltr'>cuperem</span> <span class='ocrx_word' id='word_1_410' title='bbox 3159 581 3173 631; x_wconf 88' lang='lat'><strong>;</strong></span> <span class='ocrx_word' id='word_1_411' title='bbox 3190 568 3246 619; x_wconf 87' lang='lat' dir='ltr'>et</span> <span class='ocrx_word' id='word_1_412' title='bbox 3260 561 3402 618; x_wconf 90' lang='lat' dir='ltr'>mihi</span> <span class='ocrx_word' id='word_1_413' title='bbox 3418 559 3490 617; x_wconf 93' lang='lat' dir='ltr'>ad</span> <span class='ocrx_word' id='word_1_414' title='bbox 3503 575 3575 615; x_wconf 87' lang='lat' dir='ltr'>ea</span> <span class='ocrx_word' id='word_1_415' title='bbox 3585 555 3963 630; x_wconf 79' lang='lat' dir='ltr'>capessenda</span> 
     </span>
    </p>
   </div>
   <div class='ocr_carea' id='block_1_66' title="bbox 2286 648 3965 739">
    <p class='ocr_par' dir='ltr' id='par_1_66' title="bbox 2286 648 3965 739">
     <span class='ocr_line' id='line_1_67' title="bbox 2286 648 3965 739; baseline -0.014 -17"><span class='ocrx_word' id='word_1_416' title='bbox 2286 680 2545 739; x_wconf 90' lang='lat' dir='ltr'>quorum</span> <span class='ocrx_word' id='word_1_417' title='bbox 2578 678 2672 717; x_wconf 92' lang='lat' dir='ltr'>me</span> <span class='ocrx_word' id='word_1_418' title='bbox 2696 660 2960 732; x_wconf 72' lang='lat' dir='ltr'>paenitet,</span> <span class='ocrx_word' id='word_1_419' title='bbox 2984 652 3246 711; x_wconf 90' lang='lat' dir='ltr'>favendo</span> <span class='ocrx_word' id='word_1_420' title='bbox 3271 649 3640 716; x_wconf 87' lang='lat' dir='ltr'>veliﬁcabas,</span> <span class='ocrx_word' id='word_1_421' title='bbox 3672 648 3805 702; x_wconf 91' lang='lat' dir='ltr'>imo</span> <span class='ocrx_word' id='word_1_422' title='bbox 3824 659 3965 700; x_wconf 75' lang='lat' dir='ltr'>vero</span> 
     </span>
    </p>
   </div>
   <div class='ocr_carea' id='block_1_67' title="bbox 2288 734 3967 823">
    <p class='ocr_par' dir='ltr' id='par_1_67' title="bbox 2288 734 3967 823">
     <span class='ocr_line' id='line_1_68' title="bbox 2288 734 3967 823; baseline -0.014 -13"><span class='ocrx_word' id='word_1_423' title='bbox 2288 734 2418 809; x_wconf 68' lang='lat' dir='ltr'>vela</span> <span class='ocrx_word' id='word_1_424' title='bbox 2440 752 2834 823; x_wconf 86' lang='lat' dir='ltr'>cupiditatum</span> <span class='ocrx_word' id='word_1_425' title='bbox 2850 759 3143 808; x_wconf 91' lang='lat' dir='ltr'>mearum,</span> <span class='ocrx_word' id='word_1_426' title='bbox 3159 757 3297 797; x_wconf 90' lang='lat' dir='ltr'>cum</span> <span class='ocrx_word' id='word_1_427' title='bbox 3319 737 3544 795; x_wconf 76' lang='lat' dir='ltr'>caeteris</span> <span class='ocrx_word' id='word_1_428' title='bbox 3560 743 3707 792; x_wconf 91' lang='lat' dir='ltr'>tunc</span> <span class='ocrx_word' id='word_1_429' title='bbox 3720 734 3967 789; x_wconf 82' lang='lat' dir='ltr'>dilecto-</span> 
     </span>
    </p>
   </div>
   <div class='ocr_carea' id='block_1_68' title="bbox 2288 821 3963 908">
    <p class='ocr_par' dir='ltr' id='par_1_68' title="bbox 2288 821 3963 908">
     <span class='ocr_line' id='line_1_69' title="bbox 2288 821 3963 908; baseline -0.014 -10"><span class='ocrx_word' id='word_1_430' title='bbox 2288 842 2454 899; x_wconf 90' lang='lat' dir='ltr'>ribus</span> <span class='ocrx_word' id='word_1_431' title='bbox 2486 821 2654 908; x_wconf 83' lang='lat' dir='ltr'>meis,</span> <span class='ocrx_word' id='word_1_432' title='bbox 2686 838 2834 893; x_wconf 90' lang='lat' dir='ltr'>inter</span> <span class='ocrx_word' id='word_1_433' title='bbox 2860 833 3199 907; x_wconf 58' lang='lat' dir='ltr'>pracipuos</span> <span class='ocrx_word' id='word_1_434' title='bbox 3240 844 3390 885; x_wconf 88' lang='lat' dir='ltr'>aura</span> <span class='ocrx_word' id='word_1_435' title='bbox 3435 825 3633 883; x_wconf 87' lang='lat' dir='ltr'>laudis</span> <span class='ocrx_word' id='word_1_436' title='bbox 3674 821 3963 879; x_wconf 79' lang='lat' dir='ltr'>inﬂabas.</span> 
     </span>
    </p>
   </div>
   <div class='ocr_carea' id='block_1_69' title="bbox 2290 914 3963 993">
    <p class='ocr_par' dir='ltr' id='par_1_69' title="bbox 2290 914 3963 993">
     <span class='ocr_line' id='line_1_70' title="bbox 2290 914 3963 993; baseline -0.013 -6"><span class='ocrx_word' id='word_1_437' title='bbox 2290 933 2467 987; x_wconf 89' lang='lat' dir='ltr'>Porro</span> <span class='ocrx_word' id='word_1_438' title='bbox 2489 928 2549 984; x_wconf 91' lang='lat' dir='ltr'>in</span> <span class='ocrx_word' id='word_1_439' title='bbox 2580 928 2760 983; x_wconf 88' lang='lat' dir='ltr'>rebus</span> <span class='ocrx_word' id='word_1_440' title='bbox 2776 924 3015 988; x_wconf 90' lang='lat' dir='ltr'>divinis,</span> <span class='ocrx_word' id='word_1_441' title='bbox 3048 934 3303 993; x_wconf 88' lang='lat' dir='ltr'>quarum</span> <span class='ocrx_word' id='word_1_442' title='bbox 3348 917 3495 973; x_wconf 86' lang='lat' dir='ltr'>mihi</span> <span class='ocrx_word' id='word_1_443' title='bbox 3551 914 3654 970; x_wconf 91' lang='lat' dir='ltr'>illo</span> <span class='ocrx_word' id='word_1_444' title='bbox 3690 920 3963 984; x_wconf 86' lang='lat' dir='ltr'>tempore</span> 
     </span>
    </p>
   </div>
   <div class='ocr_carea' id='block_1_70' title="bbox 2293 1000 3969 1082">
    <p class='ocr_par' dir='ltr' id='par_1_70' title="bbox 2293 1000 3969 1082">
     <span class='ocr_line' id='line_1_71' title="bbox 2293 1000 3969 1082; baseline -0.013 -6"><span class='ocrx_word' id='word_1_445' title='bbox 2293 1019 2453 1076; x_wconf 87' lang='lat' dir='ltr'>nulla</span> <span class='ocrx_word' id='word_1_446' title='bbox 2481 1017 2746 1073; x_wconf 88' lang='lat' dir='ltr'>eluxerat</span> <span class='ocrx_word' id='word_1_447' title='bbox 2766 1014 3004 1076; x_wconf 88' lang='lat' dir='ltr'>veritas,</span> <span class='ocrx_word' id='word_1_448' title='bbox 3036 1009 3240 1082; x_wconf 88' lang='lat' dir='ltr'>utique</span> <span class='ocrx_word' id='word_1_449' title='bbox 3265 1008 3324 1063; x_wconf 91' lang='lat' dir='ltr'>in</span> <span class='ocrx_word' id='word_1_450' title='bbox 3374 1005 3602 1076; x_wconf 88' lang='lat' dir='ltr'>majore</span> <span class='ocrx_word' id='word_1_451' title='bbox 3634 1002 3804 1059; x_wconf 83' lang='lat' dir='ltr'>illius</span> <span class='ocrx_word' id='word_1_452' title='bbox 3828 1000 3969 1056; x_wconf 85' lang='lat' dir='ltr'>deﬁ-</span> 
     </span>
    </p>
   </div>
   <div class='ocr_carea' id='block_1_71' title="bbox 2293 1090 3969 1178">
    <p class='ocr_par' dir='ltr' id='par_1_71' title="bbox 2293 1090 3969 1178">
     <span class='ocr_line' id='line_1_72' title="bbox 2293 1090 3969 1178; baseline -0.013 -13"><span class='ocrx_word' id='word_1_453' title='bbox 2293 1106 2538 1165; x_wconf 88' lang='lat' dir='ltr'>nitionis</span> <span class='ocrx_word' id='word_1_454' title='bbox 2559 1109 2725 1178; x_wconf 86' lang='lat' dir='ltr'>parte</span> <span class='ocrx_word' id='word_1_455' title='bbox 2745 1107 2946 1159; x_wconf 82' lang='lat' dir='ltr'>nastra</span> <span class='ocrx_word' id='word_1_456' title='bbox 2967 1098 3227 1157; x_wconf 88' lang='lat' dir='ltr'>amicitia</span> <span class='ocrx_word' id='word_1_457' title='bbox 3238 1093 3640 1152; x_wconf 87' lang='lat' dir='ltr'>claudicabat:</span> <span class='ocrx_word' id='word_1_458' title='bbox 3660 1090 3969 1148; x_wconf 89' lang='lat' dir='ltr'>eratenim</span> 
     </span>
    </p>
   </div>
   <div class='ocr_carea' id='block_1_72' title="bbox 2293 1180 3967 1254">
    <p class='ocr_par' dir='ltr' id='par_1_72' title="bbox 2293 1180 3967 1254">
     <span class='ocr_line' id='line_1_73' title="bbox 2293 1180 3967 1254; baseline -0.013 0"><span class='ocrx_word' id='word_1_459' title='bbox 2293 1213 2489 1254; x_wconf 88' lang='lat' dir='ltr'>rerum</span> <span class='ocrx_word' id='word_1_460' title='bbox 2514 1191 2934 1251; x_wconf 86' lang='lat' dir='ltr'>tantummodo</span> <span class='ocrx_word' id='word_1_461' title='bbox 2949 1186 3514 1252; x_wconf 41' lang='lat' dir='ltr'>humanarum,ﬁnon</span> <span class='ocrx_word' id='word_1_462' title='bbox 3534 1182 3717 1237; x_wconf 87' lang='lat' dir='ltr'>etiam</span> <span class='ocrx_word' id='word_1_463' title='bbox 3733 1180 3967 1235; x_wconf 56' lang='lat' dir='ltr'>divina.</span> 
     </span>
    </p>
   </div>
   <div class='ocr_carea' id='block_1_73' title="bbox 2295 1270 3972 1357">
    <p class='ocr_par' dir='ltr' id='par_1_73' title="bbox 2295 1270 3972 1357">
     <span class='ocr_line' id='line_1_74' title="bbox 2295 1270 3972 1357; baseline -0.011 -15"><span class='ocrx_word' id='word_1_464' title='bbox 2295 1302 2450 1352; x_wconf 91' lang='lat' dir='ltr'>rum,</span> <span class='ocrx_word' id='word_1_465' title='bbox 2478 1281 2750 1357; x_wconf 87' lang='lat' dir='ltr'>quamvis</span> <span class='ocrx_word' id='word_1_466' title='bbox 2776 1295 2916 1336; x_wconf 93' lang='lat' dir='ltr'>cum</span> <span class='ocrx_word' id='word_1_467' title='bbox 2960 1273 3377 1334; x_wconf 86' lang='lat' dir='ltr'>benevolentia</span> <span class='ocrx_word' id='word_1_468' title='bbox 3402 1277 3461 1328; x_wconf 92' lang='lat' dir='ltr'>et</span> <span class='ocrx_word' id='word_1_469' title='bbox 3498 1270 3801 1328; x_wconf 86' lang='lat' dir='ltr'>charitate</span> <span class='ocrx_word' id='word_1_470' title='bbox 3834 1284 3972 1325; x_wconf 86' lang='lat' dir='ltr'>con-</span> 
     </span>
    </p>
   </div>
   <div class='ocr_carea' id='block_1_74' title="bbox 2297 1373 2515 1432">
    <p class='ocr_par' dir='ltr' id='par_1_74' title="bbox 2297 1373 2515 1432">
     <span class='ocr_line' id='line_1_75' title="bbox 2297 1373 2515 1432; baseline -0.018 0"><span class='ocrx_word' id='word_1_471' title='bbox 2297 1373 2515 1432; x_wconf 86' lang='lat' dir='ltr'>sensio.</span> 
     </span>
    </p>
   </div>
   <div class='ocr_carea' id='block_1_75' title="bbox 2367 1465 3969 1552">
    <p class='ocr_par' dir='ltr' id='par_1_75' title="bbox 2367 1465 3969 1552">
     <span class='ocr_line' id='line_1_76' title="bbox 2367 1465 3969 1552; baseline -0.01 -15"><span class='ocrx_word' id='word_1_472' title='bbox 2367 1485 2420 1537; x_wconf 85' lang='lat'>2.</span> <span class='ocrx_word' id='word_1_473' title='bbox 2449 1482 2514 1535; x_wconf 88' lang='lat' dir='ltr'>Et</span> <span class='ocrx_word' id='word_1_474' title='bbox 2540 1482 2941 1552; x_wconf 87' lang='lat' dir='ltr'>posteaquam</span> <span class='ocrx_word' id='word_1_475' title='bbox 2972 1472 3072 1529; x_wconf 91' lang='lat' dir='ltr'>illa</span> <span class='ocrx_word' id='word_1_476' title='bbox 3111 1486 3328 1544; x_wconf 92' lang='lat' dir='ltr'>cupere</span> <span class='ocrx_word' id='word_1_477' title='bbox 3360 1468 3578 1532; x_wconf 88' lang='lat' dir='ltr'>destiti,</span> <span class='ocrx_word' id='word_1_478' title='bbox 3610 1472 3679 1523; x_wconf 89' lang='lat' dir='ltr'>tu</span> <span class='ocrx_word' id='word_1_479' title='bbox 3711 1465 3969 1538; x_wconf 88' lang='lat' dir='ltr'>quidem</span> 
     </span>
    </p>
   </div>
   <div class='ocr_carea' id='block_1_76' title="bbox 2298 1556 3974 1645">
    <p class='ocr_par' dir='ltr' id='par_1_76' title="bbox 2298 1556 3974 1645">
     <span class='ocr_line' id='line_1_77' title="bbox 2298 1556 3974 1645; baseline -0.01 -16"><span class='ocrx_word' id='word_1_480' title='bbox 2298 1571 2712 1645; x_wconf 85' lang='lat' dir='ltr'>perseverante</span> <span class='ocrx_word' id='word_1_481' title='bbox 2724 1565 2870 1621; x_wconf 88' lang='lat' dir='ltr'>bene</span> <span class='ocrx_word' id='word_1_482' title='bbox 2880 1560 3397 1629; x_wconf 89' lang='lat' dir='ltr'>volentia,salvum</span> <span class='ocrx_word' id='word_1_483' title='bbox 3417 1574 3510 1614; x_wconf 92' lang='lat' dir='ltr'>me</span> <span class='ocrx_word' id='word_1_484' title='bbox 3526 1573 3664 1613; x_wconf 88' lang='lat' dir='ltr'>esse</span> <span class='ocrx_word' id='word_1_485' title='bbox 3677 1556 3974 1628; x_wconf 81' lang='lat' dir='ltr'>cupiebas</span> 
     </span>
    </p>
   </div>
   <div class='ocr_carea' id='block_1_77' title="bbox 2299 1646 3972 1722">
    <p class='ocr_par' dir='ltr' id='par_1_77' title="bbox 2299 1646 3972 1722">
     <span class='ocr_line' id='line_1_78' title="bbox 2299 1646 3972 1722; baseline -0.011 -5"><span class='ocrx_word' id='word_1_486' title='bbox 2299 1660 2487 1717; x_wconf 89' lang='lat' dir='ltr'>salute</span> <span class='ocrx_word' id='word_1_487' title='bbox 2500 1655 2816 1718; x_wconf 90' lang='lat' dir='ltr'>mortali,et</span> <span class='ocrx_word' id='word_1_488' title='bbox 2830 1670 2899 1710; x_wconf 91' lang='lat' dir='ltr'>ea</span> <span class='ocrx_word' id='word_1_489' title='bbox 2916 1668 3112 1708; x_wconf 92' lang='lat' dir='ltr'>rerum</span> <span class='ocrx_word' id='word_1_490' title='bbox 3130 1649 3505 1722; x_wconf 89' lang='lat' dir='ltr'>prosperitate</span> <span class='ocrx_word' id='word_1_491' title='bbox 3519 1646 3972 1717; x_wconf 86' lang='lat' dir='ltr'>felicem,quam</span> 
     </span>
    </p>
   </div>
   <div class='ocr_carea' id='block_1_78' title="bbox 2300 1735 3976 1819">
    <p class='ocr_par' dir='ltr' id='par_1_78' title="bbox 2300 1735 3976 1819">
     <span class='ocr_line' id='line_1_79' title="bbox 2300 1735 3976 1819; baseline -0.011 -13"><span class='ocrx_word' id='word_1_492' title='bbox 2300 1749 2562 1806; x_wconf 90' lang='lat' dir='ltr'>mundus</span> <span class='ocrx_word' id='word_1_493' title='bbox 2575 1752 2777 1819; x_wconf 89' lang='lat' dir='ltr'>optare</span> <span class='ocrx_word' id='word_1_494' title='bbox 2793 1740 3123 1800; x_wconf 69' lang='lat' dir='ltr'>consuevit.</span> <span class='ocrx_word' id='word_1_495' title='bbox 3143 1742 3205 1795; x_wconf 86' lang='lat' dir='ltr'>Et</span> <span class='ocrx_word' id='word_1_496' title='bbox 3219 1741 3343 1810; x_wconf 90' lang='lat' dir='ltr'>jam</span> <span class='ocrx_word' id='word_1_497' title='bbox 3360 1738 3657 1809; x_wconf 89' lang='lat' dir='ltr'>sicitaque</span> <span class='ocrx_word' id='word_1_498' title='bbox 3691 1735 3976 1807; x_wconf 85' lang='lat' dir='ltr'>aliquan-</span> 
     </span>
    </p>
   </div>
   <div class='ocr_carea' id='block_1_79' title="bbox 2300 1824 3975 1896">
    <p class='ocr_par' dir='ltr' id='par_1_79' title="bbox 2300 1824 3975 1896">
     <span class='ocr_line' id='line_1_80' title="bbox 2300 1824 3975 1896; baseline -0.009 -1"><span class='ocrx_word' id='word_1_499' title='bbox 2300 1844 2427 1896; x_wconf 90' lang='lat' dir='ltr'>tum</span> <span class='ocrx_word' id='word_1_500' title='bbox 2448 1838 2549 1894; x_wconf 90' lang='lat' dir='ltr'>tibi</span> <span class='ocrx_word' id='word_1_501' title='bbox 2562 1843 2686 1892; x_wconf 90' lang='lat' dir='ltr'>erat</span> <span class='ocrx_word' id='word_1_502' title='bbox 2702 1849 2940 1891; x_wconf 91' lang='lat' dir='ltr'>mecum</span> <span class='ocrx_word' id='word_1_503' title='bbox 2955 1847 3152 1888; x_wconf 89' lang='lat' dir='ltr'>rerum</span> <span class='ocrx_word' id='word_1_504' title='bbox 3176 1830 3579 1885; x_wconf 82' lang='lat' dir='ltr'>humanarum</span> <span class='ocrx_word' id='word_1_505' title='bbox 3592 1824 3907 1881; x_wconf 84' lang='lat' dir='ltr'>benevola</span> <span class='ocrx_word' id='word_1_506' title='bbox 3917 1831 3975 1880; x_wconf 90' lang='lat' dir='ltr'>et</span> 
     </span>
    </p>
   </div>
   <div class='ocr_carea' id='block_1_80' title="bbox 2300 1913 3971 1990">
    <p class='ocr_par' dir='ltr' id='par_1_80' title="bbox 2300 1913 3971 1990">
     <span class='ocr_line' id='line_1_81' title="bbox 2300 1913 3971 1990; baseline -0.011 -4"><span class='ocrx_word' id='word_1_507' title='bbox 2300 1930 2484 1986; x_wconf 88' lang='lat' dir='ltr'>chara</span> <span class='ocrx_word' id='word_1_508' title='bbox 2513 1925 2845 1983; x_wconf 90' lang='lat' dir='ltr'>consensio.</span> <span class='ocrx_word' id='word_1_509' title='bbox 2884 1925 3049 1978; x_wconf 90' lang='lat' dir='ltr'>Nunc</span> <span class='ocrx_word' id='word_1_510' title='bbox 3065 1924 3509 1990; x_wconf 90' lang='lat' dir='ltr'>veroquantum</span> <span class='ocrx_word' id='word_1_511' title='bbox 3527 1915 3603 1971; x_wconf 89' lang='lat' dir='ltr'>de</span> <span class='ocrx_word' id='word_1_512' title='bbox 3620 1920 3673 1970; x_wconf 91' lang='lat' dir='ltr'>te</span> <span class='ocrx_word' id='word_1_513' title='bbox 3701 1913 3971 1985; x_wconf 87' lang='lat' dir='ltr'>gaudeo,</span> 
     </span>
    </p>
   </div>
   <div class='ocr_carea' id='block_1_81' title="bbox 2298 2006 3973 2089">
    <p class='ocr_par' dir='ltr' id='par_1_81' title="bbox 2298 2006 3973 2089">
     <span class='ocr_line' id='line_1_82' title="bbox 2298 2006 3973 2089; baseline -0.009 -17"><span class='ocrx_word' id='word_1_514' title='bbox 2298 2017 2519 2089; x_wconf 92' lang='lat' dir='ltr'>quibus</span> <span class='ocrx_word' id='word_1_515' title='bbox 2534 2014 2823 2086; x_wconf 82' lang='lat' dir='ltr'>explicem</span> <span class='ocrx_word' id='word_1_516' title='bbox 2841 2010 3055 2075; x_wconf 83' lang='lat' dir='ltr'>verbis,</span> <span class='ocrx_word' id='word_1_517' title='bbox 3071 2006 3317 2081; x_wconf 88' lang='lat' dir='ltr'>quando</span> <span class='ocrx_word' id='word_1_518' title='bbox 3334 2021 3472 2061; x_wconf 88' lang='lat' dir='ltr'>eum</span> <span class='ocrx_word' id='word_1_519' title='bbox 3499 2020 3685 2077; x_wconf 86' lang='lat' dir='ltr'>quem</span> <span class='ocrx_word' id='word_1_520' title='bbox 3714 2018 3973 2075; x_wconf 88' lang='lat' dir='ltr'>quoquo</span> 
     </span>
    </p>
   </div>
   <div class='ocr_carea' id='block_1_82' title="bbox 2302 2091 3969 2167">
    <p class='ocr_par' dir='ltr' id='par_1_82' title="bbox 2302 2091 3969 2167">
     <span class='ocr_line' id='line_1_83' title="bbox 2302 2091 3969 2167; baseline -0.01 -5"><span class='ocrx_word' id='word_1_521' title='bbox 2302 2105 2475 2162; x_wconf 93' lang='lat' dir='ltr'>modo</span> <span class='ocrx_word' id='word_1_522' title='bbox 2489 2102 2671 2160; x_wconf 88' lang='lat' dir='ltr'>habui</span> <span class='ocrx_word' id='word_1_523' title='bbox 2689 2103 2789 2157; x_wconf 90' lang='lat' dir='ltr'>diu</span> <span class='ocrx_word' id='word_1_524' title='bbox 2806 2096 3424 2167; x_wconf 87' lang='lat' dir='ltr'>amicum,habeojam</span> <span class='ocrx_word' id='word_1_525' title='bbox 3439 2109 3641 2149; x_wconf 90' lang='lat' dir='ltr'>verum</span> <span class='ocrx_word' id='word_1_526' title='bbox 3658 2091 3969 2148; x_wconf 74' lang='lat' dir='ltr'>amicum?</span> 
     </span>
    </p>
   </div>
   <div class='ocr_carea' id='block_1_83' title="bbox 2301 2181 3973 2251">
    <p class='ocr_par' dir='ltr' id='par_1_83' title="bbox 2301 2181 3973 2251">
     <span class='ocr_line' id='line_1_84' title="bbox 2301 2181 3973 2251; baseline -0.009 0"><span class='ocrx_word' id='word_1_527' title='bbox 2301 2196 2563 2251; x_wconf 81' lang='lat' dir='ltr'>Accessit</span> <span class='ocrx_word' id='word_1_528' title='bbox 2592 2192 2751 2247; x_wconf 90' lang='lat' dir='ltr'>enim</span> <span class='ocrx_word' id='word_1_529' title='bbox 2781 2190 2960 2246; x_wconf 90' lang='lat' dir='ltr'>etiam</span> <span class='ocrx_word' id='word_1_530' title='bbox 2992 2203 3190 2243; x_wconf 89' lang='lat' dir='ltr'>rerum</span> <span class='ocrx_word' id='word_1_531' title='bbox 3235 2182 3552 2240; x_wconf 89' lang='lat' dir='ltr'>consensio</span> <span class='ocrx_word' id='word_1_532' title='bbox 3590 2181 3973 2248; x_wconf 86' lang='lat' dir='ltr'>divinarum,</span> 
     </span>
    </p>
   </div>
   <div class='ocr_carea' id='block_1_84' title="bbox 2304 2270 3973 2356">
    <p class='ocr_par' dir='ltr' id='par_1_84' title="bbox 2304 2270 3973 2356">
     <span class='ocr_line' id='line_1_85' title="bbox 2304 2270 3973 2356; baseline -0.009 -17"><span class='ocrx_word' id='word_1_533' title='bbox 2304 2282 2593 2356; x_wconf 90' lang='lat' dir='ltr'>quoniam</span> <span class='ocrx_word' id='word_1_534' title='bbox 2617 2280 2723 2353; x_wconf 88' lang='lat' dir='ltr'>qui</span> <span class='ocrx_word' id='word_1_535' title='bbox 2752 2293 2987 2334; x_wconf 90' lang='lat' dir='ltr'>mecum</span> <span class='ocrx_word' id='word_1_536' title='bbox 3023 2274 3412 2346; x_wconf 91' lang='lat' dir='ltr'>temporalem</span> <span class='ocrx_word' id='word_1_537' title='bbox 3442 2272 3627 2327; x_wconf 86' lang='lat' dir='ltr'>vitam</span> <span class='ocrx_word' id='word_1_538' title='bbox 3647 2270 3973 2343; x_wconf 87' lang='lat' dir='ltr'>quondam</span> 
     </span>
    </p>
   </div>
   <div class='ocr_carea' id='block_1_85' title="bbox 2302 2361 3974 2445">
    <p class='ocr_par' dir='ltr' id='par_1_85' title="bbox 2302 2361 3974 2445">
     <span class='ocr_line' id='line_1_86' title="bbox 2302 2361 3974 2445; baseline -0.007 -20"><span class='ocrx_word' id='word_1_539' title='bbox 2302 2371 2744 2445; x_wconf 87' lang='lat' dir='ltr'>jucundissima</span> <span class='ocrx_word' id='word_1_540' title='bbox 2792 2366 3157 2439; x_wconf 86' lang='lat' dir='ltr'>benignitate</span> <span class='ocrx_word' id='word_1_541' title='bbox 3200 2361 3447 2428; x_wconf 88' lang='lat' dir='ltr'>duxisti,</span> <span class='ocrx_word' id='word_1_542' title='bbox 3486 2376 3646 2416; x_wconf 89' lang='lat' dir='ltr'>nunc</span> <span class='ocrx_word' id='word_1_543' title='bbox 3690 2376 3800 2433; x_wconf 89' lang='lat' dir='ltr'>spe</span> <span class='ocrx_word' id='word_1_544' title='bbox 3846 2361 3974 2415; x_wconf 67' lang='lat' dir='ltr'>vita</span> 
     </span>
    </p>
   </div>
   <div class='ocr_carea' id='block_1_86' title="bbox 2307 2448 3975 2527">
    <p class='ocr_par' dir='ltr' id='par_1_86' title="bbox 2307 2448 3975 2527">
     <span class='ocr_line' id='line_1_87' title="bbox 2307 2448 3975 2527; baseline -0.009 -9"><span class='ocrx_word' id='word_1_545' title='bbox 2307 2466 2542 2518; x_wconf 64' lang='lat' dir='ltr'>(elerum</span> <span class='ocrx_word' id='word_1_546' title='bbox 2559 2475 2776 2515; x_wconf 87' lang='lat' dir='ltr'>mecum</span> <span class='ocrx_word' id='word_1_547' title='bbox 2790 2472 2919 2512; x_wconf 88' lang='lat' dir='ltr'>esse</span> <span class='ocrx_word' id='word_1_548' title='bbox 2933 2451 3352 2527; x_wconf 59' lang='lat' dir='ltr'>cmpistilllodo</span> <span class='ocrx_word' id='word_1_549' title='bbox 3369 2467 3495 2506; x_wconf 90' lang='lat' dir='ltr'>vero</span> <span class='ocrx_word' id='word_1_550' title='bbox 3508 2451 3690 2505; x_wconf 91' lang='lat' dir='ltr'>etiam</span> <span class='ocrx_word' id='word_1_551' title='bbox 3706 2449 3783 2505; x_wconf 90' lang='lat' dir='ltr'>de</span> <span class='ocrx_word' id='word_1_552' title='bbox 3799 2448 3975 2505; x_wconf 85' lang='lat' dir='ltr'>rebus</span> 
     </span>
    </p>
   </div>
   <div class='ocr_carea' id='block_1_87' title="bbox 2306 2539 3974 2610">
    <p class='ocr_par' dir='ltr' id='par_1_87' title="bbox 2306 2539 3974 2610">
     <span class='ocr_line' id='line_1_88' title="bbox 2306 2539 3974 2610; baseline -0.008 -4"><span class='ocrx_word' id='word_1_553' title='bbox 2306 2550 2590 2607; x_wconf 86' lang='lat' dir='ltr'>humanis</span> <span class='ocrx_word' id='word_1_554' title='bbox 2604 2548 2755 2603; x_wconf 88' lang='lat' dir='ltr'>inter</span> <span class='ocrx_word' id='word_1_555' title='bbox 2774 2562 2883 2602; x_wconf 93' lang='lat' dir='ltr'>nos</span> <span class='ocrx_word' id='word_1_556' title='bbox 2899 2544 3064 2600; x_wconf 89' lang='lat' dir='ltr'>nulla</span> <span class='ocrx_word' id='word_1_557' title='bbox 3077 2539 3378 2597; x_wconf 89' lang='lat' dir='ltr'>dissensio</span> <span class='ocrx_word' id='word_1_558' title='bbox 3395 2546 3502 2603; x_wconf 87' lang='lat' dir='ltr'>est,</span> <span class='ocrx_word' id='word_1_559' title='bbox 3525 2539 3752 2610; x_wconf 89' lang='lat' dir='ltr'>quieas</span> <span class='ocrx_word' id='word_1_560' title='bbox 3773 2554 3974 2594; x_wconf 86' lang='lat' dir='ltr'>rerum</span> 
     </span>
    </p>
   </div>
   <div class='ocr_carea' id='block_1_88' title="bbox 2308 2628 3976 2708">
    <p class='ocr_par' dir='ltr' id='par_1_88' title="bbox 2308 2628 3976 2708">
     <span class='ocr_line' id='line_1_89' title="bbox 2308 2628 3976 2708; baseline -0.008 -13"><span class='ocrx_word' id='word_1_561' title='bbox 2308 2638 2651 2695; x_wconf 90' lang='lat' dir='ltr'>divinarum</span> <span class='ocrx_word' id='word_1_562' title='bbox 2680 2634 2975 2708; x_wconf 85' lang='lat' dir='ltr'>cogitione</span> <span class='ocrx_word' id='word_1_563' title='bbox 2996 2646 3351 2705; x_wconf 89' lang='lat' dir='ltr'>pensamus,</span> <span class='ocrx_word' id='word_1_564' title='bbox 3380 2644 3454 2685; x_wconf 90' lang='lat' dir='ltr'>ne</span> <span class='ocrx_word' id='word_1_565' title='bbox 3482 2630 3616 2700; x_wconf 87' lang='lat' dir='ltr'>plus</span> <span class='ocrx_word' id='word_1_566' title='bbox 3637 2629 3729 2683; x_wconf 88' lang='lat' dir='ltr'>eis</span> <span class='ocrx_word' id='word_1_567' title='bbox 3759 2628 3976 2683; x_wconf 84' lang='lat' dir='ltr'>tribua-</span> 
     </span>
    </p>
   </div>
   <div class='ocr_carea' id='block_1_89' title="bbox 2310 2717 3973 2799">
    <p class='ocr_par' dir='ltr' id='par_1_89' title="bbox 2310 2717 3973 2799">
     <span class='ocr_line' id='line_1_90' title="bbox 2310 2717 3973 2799; baseline -0.008 -14"><span class='ocrx_word' id='word_1_568' title='bbox 2310 2742 2643 2799; x_wconf 89' lang='lat' dir='ltr'>mus,quam</span> <span class='ocrx_word' id='word_1_569' title='bbox 2660 2725 2871 2781; x_wconf 87' lang='lat' dir='ltr'>modus</span> <span class='ocrx_word' id='word_1_570' title='bbox 2885 2739 3091 2779; x_wconf 90' lang='lat' dir='ltr'>earum</span> <span class='ocrx_word' id='word_1_571' title='bbox 3102 2718 3433 2792; x_wconf 89' lang='lat' dir='ltr'>justissime</span> <span class='ocrx_word' id='word_1_572' title='bbox 3447 2717 3736 2789; x_wconf 86' lang='lat' dir='ltr'>postulat;</span> <span class='ocrx_word' id='word_1_573' title='bbox 3756 2733 3872 2772; x_wconf 86' lang='lat' dir='ltr'>nec</span> <span class='ocrx_word' id='word_1_574' title='bbox 3882 2733 3973 2772; x_wconf 76' lang='lat' dir='ltr'>eas</span> 
     </span>
    </p>
   </div>
   <div class='ocr_carea' id='block_1_90' title="bbox 2313 2805 3975 2889">
    <p class='ocr_par' dir='ltr' id='par_1_90' title="bbox 2313 2805 3975 2889">
     <span class='ocr_line' id='line_1_91' title="bbox 2313 2805 3975 2889; baseline -0.008 -15"><span class='ocrx_word' id='word_1_575' title='bbox 2313 2818 2372 2874; x_wconf 90' lang='lat' dir='ltr'>in</span> <span class='ocrx_word' id='word_1_576' title='bbox 2396 2816 2592 2889; x_wconf 90' lang='lat' dir='ltr'>aliquo</span> <span class='ocrx_word' id='word_1_577' title='bbox 2610 2819 2957 2884; x_wconf 88' lang='lat' dir='ltr'>contemptu</span> <span class='ocrx_word' id='word_1_578' title='bbox 2978 2808 3334 2882; x_wconf 88' lang='lat' dir='ltr'>abjiciendo.</span> <span class='ocrx_word' id='word_1_579' title='bbox 3353 2806 3603 2863; x_wconf 88' lang='lat' dir='ltr'>creatori</span> <span class='ocrx_word' id='word_1_580' title='bbox 3627 2822 3851 2862; x_wconf 85' lang='lat' dir='ltr'>earum</span> <span class='ocrx_word' id='word_1_581' title='bbox 3872 2805 3975 2861; x_wconf 86' lang='lat' dir='ltr'>Do-</span> 
     </span>
    </p>
   </div>
   <div class='ocr_carea' id='block_1_91' title="bbox 2316 2896 3976 2971">
    <p class='ocr_par' dir='ltr' id='par_1_91' title="bbox 2316 2896 3976 2971">
     <span class='ocr_line' id='line_1_92' title="bbox 2316 2896 3976 2971; baseline -0.008 -8"><span class='ocrx_word' id='word_1_582' title='bbox 2316 2906 2478 2963; x_wconf 90' lang='lat' dir='ltr'>mino</span> <span class='ocrx_word' id='word_1_583' title='bbox 2500 2920 2697 2961; x_wconf 90' lang='lat' dir='ltr'>rerum</span> <span class='ocrx_word' id='word_1_584' title='bbox 2722 2901 3050 2960; x_wconf 74' lang='lat' dir='ltr'>caelestium</span> <span class='ocrx_word' id='word_1_585' title='bbox 3075 2905 3252 2971; x_wconf 91' lang='lat' dir='ltr'>atque</span> <span class='ocrx_word' id='word_1_586' title='bbox 3275 2896 3643 2953; x_wconf 90' lang='lat' dir='ltr'>terrestrium</span> <span class='ocrx_word' id='word_1_587' title='bbox 3676 2896 3976 2952; x_wconf 83' lang='lat' dir='ltr'>faciamus</span> 
     </span>
    </p>
   </div>
   <div class='ocr_carea' id='block_1_92' title="bbox 2312 2986 3977 3068">
    <p class='ocr_par' dir='ltr' id='par_1_92' title="bbox 2312 2986 3977 3068">
     <span class='ocr_line' id='line_1_93' title="bbox 2312 2986 3977 3068; baseline -0.007 -15"><span class='ocrx_word' id='word_1_588' title='bbox 2312 2996 2619 3068; x_wconf 80' lang='lat' dir='ltr'>iniuriam.</span> <span class='ocrx_word' id='word_1_589' title='bbox 2647 2999 2730 3050; x_wconf 92' lang='lat' dir='ltr'>lta</span> <span class='ocrx_word' id='word_1_590' title='bbox 2761 2993 2825 3048; x_wconf 91' lang='lat' dir='ltr'>ﬁt</span> <span class='ocrx_word' id='word_1_591' title='bbox 2857 2997 2919 3047; x_wconf 89' lang='lat' dir='ltr'>ut</span> <span class='ocrx_word' id='word_1_592' title='bbox 2938 2991 3253 3062; x_wconf 87' lang='lat' dir='ltr'>interquos</span> <span class='ocrx_word' id='word_1_593' title='bbox 3270 2986 3499 3044; x_wconf 90' lang='lat' dir='ltr'>amicos</span> <span class='ocrx_word' id='word_1_594' title='bbox 3522 3002 3647 3042; x_wconf 88' lang='lat' dir='ltr'>non</span> <span class='ocrx_word' id='word_1_595' title='bbox 3670 2992 3768 3042; x_wconf 88' lang='lat' dir='ltr'>est</span> <span class='ocrx_word' id='word_1_596' title='bbox 3782 3003 3977 3043; x_wconf 84' lang='lat' dir='ltr'>rerum</span> 
     </span>
    </p>
   </div>
   <div class='ocr_carea' id='block_1_93' title="bbox 2315 3075 3981 3148">
    <p class='ocr_par' dir='ltr' id='par_1_93' title="bbox 2315 3075 3981 3148">
     <span class='ocr_line' id='line_1_94' title="bbox 2315 3075 3981 3148; baseline -0.007 -6"><span class='ocrx_word' id='word_1_597' title='bbox 2315 3084 2634 3142; x_wconf 84' lang='lat' dir='ltr'>consensio</span> <span class='ocrx_word' id='word_1_598' title='bbox 2656 3083 3017 3145; x_wconf 90' lang='lat' dir='ltr'>divinarum,</span> <span class='ocrx_word' id='word_1_599' title='bbox 3055 3094 3163 3133; x_wconf 92' lang='lat' dir='ltr'>nec</span> <span class='ocrx_word' id='word_1_600' title='bbox 3200 3076 3609 3132; x_wconf 86' lang='lat' dir='ltr'>humanarum</span> <span class='ocrx_word' id='word_1_601' title='bbox 3636 3075 3831 3148; x_wconf 85' lang='lat' dir='ltr'>plena</span> <span class='ocrx_word' id='word_1_602' title='bbox 3861 3091 3981 3131; x_wconf 82' lang='lat' dir='ltr'>esse</span> 
     </span>
    </p>
   </div>
   <div class='ocr_carea' id='block_1_94' title="bbox 2316 3164 3983 3247">
    <p class='ocr_par' dir='ltr' id='par_1_94' title="bbox 2316 3164 3983 3247">
     <span class='ocr_line' id='line_1_95' title="bbox 2316 3164 3983 3247; baseline -0.006 -17"><span class='ocrx_word' id='word_1_603' title='bbox 2316 3175 2588 3247; x_wconf 89' lang='lat' dir='ltr'>possitac</span> <span class='ocrx_word' id='word_1_604' title='bbox 2608 3188 2767 3228; x_wconf 88' lang='lat' dir='ltr'>vera.</span> <span class='ocrx_word' id='word_1_605' title='bbox 2789 3170 3041 3226; x_wconf 81' lang='lat' dir='ltr'>Necesse</span> <span class='ocrx_word' id='word_1_606' title='bbox 3055 3165 3316 3224; x_wconf 89' lang='lat' dir='ltr'>estenim</span> <span class='ocrx_word' id='word_1_607' title='bbox 3335 3164 3580 3221; x_wconf 87' lang='lat' dir='ltr'>utaliter</span> <span class='ocrx_word' id='word_1_608' title='bbox 3595 3181 3790 3237; x_wconf 86' lang='lat' dir='ltr'>quam</span> <span class='ocrx_word' id='word_1_609' title='bbox 3811 3181 3983 3237; x_wconf 91' lang='lat' dir='ltr'>opor-</span> 
     </span>
    </p>
   </div>
   <div class='ocr_carea' id='block_1_95' title="bbox 2318 3254 3985 3329">
    <p class='ocr_par' dir='ltr' id='par_1_95' title="bbox 2318 3254 3985 3329">
     <span class='ocr_line' id='line_1_96' title="bbox 2318 3254 3985 3329; baseline -0.008 -8"><span class='ocrx_word' id='word_1_610' title='bbox 2318 3264 2679 3322; x_wconf 86' lang='lat' dir='ltr'>tetbumana</span> <span class='ocrx_word' id='word_1_611' title='bbox 2692 3257 3056 3329; x_wconf 68' lang='lat' dir='ltr'>aestimetqui</span> <span class='ocrx_word' id='word_1_612' title='bbox 3070 3255 3275 3311; x_wconf 88' lang='lat' dir='ltr'>divina</span> <span class='ocrx_word' id='word_1_613' title='bbox 3294 3254 3648 3319; x_wconf 89' lang='lat' dir='ltr'>contemnit,</span> <span class='ocrx_word' id='word_1_614' title='bbox 3665 3269 3785 3309; x_wconf 91' lang='lat' dir='ltr'>nec</span> <span class='ocrx_word' id='word_1_615' title='bbox 3797 3255 3985 3310; x_wconf 86' lang='lat' dir='ltr'>bomi-</span> 
     </span>
    </p>
   </div>
   <div class='ocr_carea' id='block_1_96' title="bbox 2319 3342 3989 3418">
    <p class='ocr_par' dir='ltr' id='par_1_96' title="bbox 2319 3342 3989 3418">
     <span class='ocr_line' id='line_1_97' title="bbox 2319 3342 3989 3418; baseline -0.007 -9"><span class='ocrx_word' id='word_1_616' title='bbox 2319 3368 2457 3409; x_wconf 91' lang='lat' dir='ltr'>nem</span> <span class='ocrx_word' id='word_1_617' title='bbox 2479 3356 2635 3407; x_wconf 91' lang='lat' dir='ltr'>recte</span> <span class='ocrx_word' id='word_1_618' title='bbox 2658 3348 2901 3418; x_wconf 90' lang='lat' dir='ltr'>diligere</span> <span class='ocrx_word' id='word_1_619' title='bbox 2922 3344 3150 3402; x_wconf 89' lang='lat' dir='ltr'>noverit</span> <span class='ocrx_word' id='word_1_620' title='bbox 3173 3343 3448 3415; x_wconf 86' lang='lat' dir='ltr'>quisquis</span> <span class='ocrx_word' id='word_1_621' title='bbox 3477 3358 3619 3397; x_wconf 90' lang='lat' dir='ltr'>eum</span> <span class='ocrx_word' id='word_1_622' title='bbox 3644 3358 3777 3398; x_wconf 88' lang='lat' dir='ltr'>non</span> <span class='ocrx_word' id='word_1_623' title='bbox 3798 3342 3989 3413; x_wconf 83' lang='lat' dir='ltr'>diligit</span> 
     </span>
    </p>
   </div>
   <div class='ocr_carea' id='block_1_97' title="bbox 2319 3432 3986 3515">
    <p class='ocr_par' dir='ltr' id='par_1_97' title="bbox 2319 3432 3986 3515">
     <span class='ocr_line' id='line_1_98' title="bbox 2319 3432 3986 3515; baseline -0.007 -18"><span class='ocrx_word' id='word_1_624' title='bbox 2319 3442 2422 3515; x_wconf 90' lang='lat' dir='ltr'>qui</span> <span class='ocrx_word' id='word_1_625' title='bbox 2442 3439 2751 3496; x_wconf 89' lang='lat' dir='ltr'>hominem</span> <span class='ocrx_word' id='word_1_626' title='bbox 2767 3436 2921 3493; x_wconf 84' lang='lat' dir='ltr'>fecit.</span> <span class='ocrx_word' id='word_1_627' title='bbox 2944 3433 3329 3504; x_wconf 60' lang='lat' dir='ltr'>Proindejnon</span> <span class='ocrx_word' id='word_1_628' title='bbox 3345 3432 3502 3499; x_wconf 89' lang='lat' dir='ltr'>dico,</span> <span class='ocrx_word' id='word_1_629' title='bbox 3524 3446 3688 3487; x_wconf 89' lang='lat' dir='ltr'>nunc</span> <span class='ocrx_word' id='word_1_630' title='bbox 3704 3432 3858 3487; x_wconf 86' lang='lat' dir='ltr'>mihi</span> <span class='ocrx_word' id='word_1_631' title='bbox 3876 3433 3986 3504; x_wconf 83' lang='lat' dir='ltr'>ple-</span> 
     </span>
    </p>
   </div>
   <div class='ocr_carea' id='block_1_98' title="bbox 2327 3519 3985 3598">
    <p class='ocr_par' dir='ltr' id='par_1_98' title="bbox 2327 3519 3985 3598">
     <span class='ocr_line' id='line_1_99' title="bbox 2327 3519 3985 3598; baseline -0.006 -12"><span class='ocrx_word' id='word_1_632' title='bbox 2327 3530 2464 3586; x_wconf 90' lang='lat' dir='ltr'>nius</span> <span class='ocrx_word' id='word_1_633' title='bbox 2489 3529 2720 3584; x_wconf 91' lang='lat' dir='ltr'>amicus</span> <span class='ocrx_word' id='word_1_634' title='bbox 2752 3543 2834 3593; x_wconf 90' lang='lat' dir='ltr'>es,</span> <span class='ocrx_word' id='word_1_635' title='bbox 2863 3524 2967 3598; x_wconf 92' lang='lat' dir='ltr'>qui</span> <span class='ocrx_word' id='word_1_636' title='bbox 2995 3539 3126 3580; x_wconf 89' lang='lat' dir='ltr'>eras</span> <span class='ocrx_word' id='word_1_637' title='bbox 3158 3538 3229 3579; x_wconf 91' lang='lat' dir='ltr'>ex</span> <span class='ocrx_word' id='word_1_638' title='bbox 3271 3525 3440 3593; x_wconf 88' lang='lat' dir='ltr'>parte</span> <span class='ocrx_word' id='word_1_639' title='bbox 3477 3536 3491 3587; x_wconf 90' lang='lat'><strong>;</strong></span> <span class='ocrx_word' id='word_1_640' title='bbox 3534 3519 3645 3576; x_wconf 88' lang='lat' dir='ltr'>sed</span> <span class='ocrx_word' id='word_1_641' title='bbox 3684 3527 3985 3593; x_wconf 88' lang='lat' dir='ltr'>quantum</span> 
     </span>
    </p>
   </div>
   <div class='ocr_carea' id='block_1_99' title="bbox 2328 3610 3985 3686">
    <p class='ocr_par' dir='ltr' id='par_1_99' title="bbox 2328 3610 3985 3686">
     <span class='ocr_line' id='line_1_100' title="bbox 2328 3610 3985 3686; baseline -0.007 -11"><span class='ocrx_word' id='word_1_642' title='bbox 2328 3617 2730 3683; x_wconf 88' lang='lat' dir='ltr'>ratioindicat,</span> <span class='ocrx_word' id='word_1_643' title='bbox 2750 3632 2859 3671; x_wconf 90' lang='lat' dir='ltr'>nec</span> <span class='ocrx_word' id='word_1_644' title='bbox 2879 3630 2951 3671; x_wconf 86' lang='lat' dir='ltr'>ex</span> <span class='ocrx_word' id='word_1_645' title='bbox 2971 3618 3136 3686; x_wconf 89' lang='lat' dir='ltr'>parte</span> <span class='ocrx_word' id='word_1_646' title='bbox 3156 3627 3309 3676; x_wconf 91' lang='lat' dir='ltr'>eras,</span> <span class='ocrx_word' id='word_1_647' title='bbox 3333 3610 3579 3683; x_wconf 87' lang='lat' dir='ltr'>quando</span> <span class='ocrx_word' id='word_1_648' title='bbox 3600 3626 3715 3665; x_wconf 89' lang='lat' dir='ltr'>nec</span> <span class='ocrx_word' id='word_1_649' title='bbox 3730 3614 3795 3666; x_wconf 87' lang='lat' dir='ltr'>in</span> <span class='ocrx_word' id='word_1_650' title='bbox 3814 3611 3985 3666; x_wconf 83' lang='lat' dir='ltr'>rebus</span> 
     </span>
    </p>
   </div>
   <div class='ocr_carea' id='block_1_100' title="bbox 2328 3699 3985 3765">
    <p class='ocr_par' dir='ltr' id='par_1_100' title="bbox 2328 3699 3985 3765">
     <span class='ocr_line' id='line_1_101' title="bbox 2328 3699 3985 3765; baseline -0.005 -1"><span class='ocrx_word' id='word_1_651' title='bbox 2328 3707 2611 3765; x_wconf 90' lang='lat' dir='ltr'>humanis</span> <span class='ocrx_word' id='word_1_652' title='bbox 2634 3721 2869 3761; x_wconf 92' lang='lat' dir='ltr'>mecum</span> <span class='ocrx_word' id='word_1_653' title='bbox 2895 3702 3219 3759; x_wconf 88' lang='lat' dir='ltr'>amicitiam</span> <span class='ocrx_word' id='word_1_654' title='bbox 3246 3716 3447 3756; x_wconf 90' lang='lat' dir='ltr'>veram</span> <span class='ocrx_word' id='word_1_655' title='bbox 3470 3699 3744 3755; x_wconf 83' lang='lat' dir='ltr'>tenebas.</span> <span class='ocrx_word' id='word_1_656' title='bbox 3778 3702 3985 3756; x_wconf 83' lang='lat' dir='ltr'>Rerum</span> 
     </span>
    </p>
   </div>
   <div class='ocr_carea' id='block_1_101' title="bbox 2329 3788 3986 3870">
    <p class='ocr_par' dir='ltr' id='par_1_101' title="bbox 2329 3788 3986 3870">
     <span class='ocr_line' id='line_1_102' title="bbox 2329 3788 3986 3870; baseline -0.004 -17"><span class='ocrx_word' id='word_1_657' title='bbox 2329 3798 2552 3870; x_wconf 87' lang='lat' dir='ltr'>quippe</span> <span class='ocrx_word' id='word_1_658' title='bbox 2573 3795 2930 3862; x_wconf 87' lang='lat' dir='ltr'>divinarum,</span> <span class='ocrx_word' id='word_1_659' title='bbox 2954 3789 3258 3864; x_wconf 80' lang='lat' dir='ltr'>exquibus</span> <span class='ocrx_word' id='word_1_660' title='bbox 3272 3794 3425 3845; x_wconf 90' lang='lat' dir='ltr'>recte</span> <span class='ocrx_word' id='word_1_661' title='bbox 3436 3788 3718 3845; x_wconf 85' lang='lat' dir='ltr'>humana</span> <span class='ocrx_word' id='word_1_662' title='bbox 3732 3804 3986 3861; x_wconf 81' lang='lat' dir='ltr'>pensan—</span> 
     </span>
    </p>
   </div>
   <div class='ocr_carea' id='block_1_102' title="bbox 2330 3878 3985 3955">
    <p class='ocr_par' dir='ltr' id='par_1_102' title="bbox 2330 3878 3985 3955">
     <span class='ocr_line' id='line_1_103' title="bbox 2330 3878 3985 3955; baseline -0.005 -11"><span class='ocrx_word' id='word_1_663' title='bbox 2330 3892 2444 3955; x_wconf 88' lang='lat' dir='ltr'>tur,</span> <span class='ocrx_word' id='word_1_664' title='bbox 2463 3886 2659 3942; x_wconf 91' lang='lat' dir='ltr'>socius</span> <span class='ocrx_word' id='word_1_665' title='bbox 2674 3882 2819 3939; x_wconf 91' lang='lat' dir='ltr'>mihi</span> <span class='ocrx_word' id='word_1_666' title='bbox 2842 3881 3114 3938; x_wconf 91' lang='lat' dir='ltr'>nondum</span> <span class='ocrx_word' id='word_1_667' title='bbox 3133 3896 3266 3937; x_wconf 89' lang='lat' dir='ltr'>eras</span> <span class='ocrx_word' id='word_1_668' title='bbox 3291 3896 3304 3945; x_wconf 90' lang='lat'><strong>;</strong></span> <span class='ocrx_word' id='word_1_669' title='bbox 3326 3878 3444 3934; x_wconf 88' lang='lat' dir='ltr'>sive</span> <span class='ocrx_word' id='word_1_670' title='bbox 3465 3879 3719 3950; x_wconf 89' lang='lat' dir='ltr'>quando</span> <span class='ocrx_word' id='word_1_671' title='bbox 3741 3896 3858 3935; x_wconf 89' lang='lat' dir='ltr'>nec</span> <span class='ocrx_word' id='word_1_672' title='bbox 3872 3880 3985 3952; x_wconf 80' lang='lat' dir='ltr'>ipse</span> 
     </span>
    </p>
   </div>
   <div class='ocr_carea' id='block_1_103' title="bbox 2329 3972 3989 4044">
    <p class='ocr_par' dir='ltr' id='par_1_103' title="bbox 2329 3972 3989 4044">
     <span class='ocr_line' id='line_1_104' title="bbox 2329 3972 3989 4044; baseline -0.005 -11"><span class='ocrx_word' id='word_1_673' title='bbox 2329 3976 2390 4033; x_wconf 90' lang='lat' dir='ltr'>in</span> <span class='ocrx_word' id='word_1_674' title='bbox 2421 3975 2506 4031; x_wconf 91' lang='lat' dir='ltr'>eis</span> <span class='ocrx_word' id='word_1_675' title='bbox 2538 3990 2725 4040; x_wconf 90' lang='lat' dir='ltr'>eram,</span> <span class='ocrx_word' id='word_1_676' title='bbox 2759 3972 2880 4028; x_wconf 90' lang='lat' dir='ltr'>sive</span> <span class='ocrx_word' id='word_1_677' title='bbox 2920 3974 3322 4044; x_wconf 88' lang='lat' dir='ltr'>posteaquam</span> <span class='ocrx_word' id='word_1_678' title='bbox 3359 3981 3469 4038; x_wconf 92' lang='lat' dir='ltr'>ego</span> <span class='ocrx_word' id='word_1_679' title='bbox 3505 3982 3608 4023; x_wconf 86' lang='lat' dir='ltr'>eas</span> <span class='ocrx_word' id='word_1_680' title='bbox 3660 3973 3989 4043; x_wconf 76' lang='lat' dir='ltr'>utcumque</span> 
     </span>
    </p>
   </div>
   <div class='ocr_carea' id='block_1_104' title="bbox 2332 4056 3820 4138">
    <p class='ocr_par' dir='ltr' id='par_1_104' title="bbox 2332 4056 3820 4138">
     <span class='ocr_line' id='line_1_105' title="bbox 2332 4056 3820 4138; baseline -0.005 -17"><span class='ocrx_word' id='word_1_681' title='bbox 2332 4080 2543 4138; x_wconf 89' lang='lat' dir='ltr'>sapere</span> <span class='ocrx_word' id='word_1_682' title='bbox 2573 4063 2747 4136; x_wconf 69' lang='lat' dir='ltr'>ccepi,</span> <span class='ocrx_word' id='word_1_683' title='bbox 2778 4077 2814 4118; x_wconf 89' lang='lat' dir='ltr'>a</span> <span class='ocrx_word' id='word_1_684' title='bbox 2851 4060 3073 4134; x_wconf 90' lang='lat' dir='ltr'>quibus</span> <span class='ocrx_word' id='word_1_685' title='bbox 3105 4063 3170 4114; x_wconf 90' lang='lat' dir='ltr'>tu</span> <span class='ocrx_word' id='word_1_686' title='bbox 3198 4060 3376 4129; x_wconf 87' lang='lat' dir='ltr'>longe</span> <span class='ocrx_word' id='word_1_687' title='bbox 3407 4056 3820 4113; x_wconf 88' lang='lat' dir='ltr'>abhorrebas.</span> 
     </span>
    </p>
   </div>
   <div class='ocr_carea' id='block_1_105' title="bbox 2404 4164 3994 4231">
    <p class='ocr_par' dir='ltr' id='par_1_105' title="bbox 2404 4164 3994 4231">
     <span class='ocr_line' id='line_1_106' title="bbox 2404 4164 3994 4231; baseline -0.007 0"><span class='ocrx_word' id='word_1_688' title='bbox 2404 4179 2454 4231; x_wconf 87' lang='lat'>3.</span> <span class='ocrx_word' id='word_1_689' title='bbox 2472 4172 2614 4230; x_wconf 86' lang='lat' dir='ltr'>Nolo</span> <span class='ocrx_word' id='word_1_690' title='bbox 2632 4176 2831 4227; x_wconf 89' lang='lat' dir='ltr'>autem</span> <span class='ocrx_word' id='word_1_691' title='bbox 2849 4183 3228 4230; x_wconf 91' lang='lat' dir='ltr'>succenseas,</span> <span class='ocrx_word' id='word_1_692' title='bbox 3246 4181 3354 4221; x_wconf 90' lang='lat' dir='ltr'>nec</span> <span class='ocrx_word' id='word_1_693' title='bbox 3372 4165 3475 4221; x_wconf 90' lang='lat' dir='ltr'>tibi</span> <span class='ocrx_word' id='word_1_694' title='bbox 3488 4164 3778 4222; x_wconf 87' lang='lat' dir='ltr'>videatur</span> <span class='ocrx_word' id='word_1_695' title='bbox 3791 4166 3994 4223; x_wconf 84' lang='lat' dir='ltr'>absur-</span> 
     </span>
    </p>
   </div>
   <div class='ocr_carea' id='block_1_106' title="bbox 2332 4253 3992 4332">
    <p class='ocr_par' dir='ltr' id='par_1_106' title="bbox 2332 4253 3992 4332">
     <span class='ocr_line' id='line_1_107' title="bbox 2332 4253 3992 4332; baseline -0.005 -13"><span class='ocrx_word' id='word_1_696' title='bbox 2332 4263 2479 4319; x_wconf 93' lang='lat' dir='ltr'>dum</span> <span class='ocrx_word' id='word_1_697' title='bbox 2500 4260 2665 4332; x_wconf 92' lang='lat' dir='ltr'>quod</span> <span class='ocrx_word' id='word_1_698' title='bbox 2695 4258 2793 4315; x_wconf 93' lang='lat' dir='ltr'>illo</span> <span class='ocrx_word' id='word_1_699' title='bbox 2824 4263 3089 4328; x_wconf 87' lang='lat' dir='ltr'>tempore</span> <span class='ocrx_word' id='word_1_700' title='bbox 3114 4270 3254 4310; x_wconf 91' lang='lat' dir='ltr'>cum</span> <span class='ocrx_word' id='word_1_701' title='bbox 3285 4253 3346 4309; x_wconf 90' lang='lat' dir='ltr'>in</span> <span class='ocrx_word' id='word_1_702' title='bbox 3376 4268 3535 4309; x_wconf 88' lang='lat' dir='ltr'>vana</span> <span class='ocrx_word' id='word_1_703' title='bbox 3561 4253 3756 4324; x_wconf 85' lang='lat' dir='ltr'>hujus</span> <span class='ocrx_word' id='word_1_704' title='bbox 3788 4255 3992 4310; x_wconf 88' lang='lat' dir='ltr'>mundi</span> 
     </span>
    </p>
   </div>
   <div class='ocr_carea' id='block_1_107' title="bbox 2332 4343 3993 4420">
    <p class='ocr_par' dir='ltr' id='par_1_107' title="bbox 2332 4343 3993 4420">
     <span class='ocr_line' id='line_1_108' title="bbox 2332 4343 3993 4420; baseline -0.005 -14"><span class='ocrx_word' id='word_1_705' title='bbox 2332 4356 2672 4418; x_wconf 68' lang='lat' dir='ltr'>aestuarem,</span> <span class='ocrx_word' id='word_1_706' title='bbox 2706 4346 2985 4420; x_wconf 88' lang='lat' dir='ltr'>quamvis</span> <span class='ocrx_word' id='word_1_707' title='bbox 3016 4360 3110 4400; x_wconf 91' lang='lat' dir='ltr'>me</span> <span class='ocrx_word' id='word_1_708' title='bbox 3133 4343 3388 4399; x_wconf 91' lang='lat' dir='ltr'>multum</span> <span class='ocrx_word' id='word_1_709' title='bbox 3436 4356 3645 4397; x_wconf 89' lang='lat' dir='ltr'>amare</span> <span class='ocrx_word' id='word_1_710' title='bbox 3680 4343 3993 4406; x_wconf 80' lang='lat' dir='ltr'>videreris,</span> 
     </span>
    </p>
   </div>
   <div class='ocr_carea' id='block_1_108' title="bbox 2332 4428 3997 4504">
    <p class='ocr_par' dir='ltr' id='par_1_108' title="bbox 2332 4428 3997 4504">
     <span class='ocr_line' id='line_1_109' title="bbox 2332 4428 3997 4504; baseline -0.005 -9"><span class='ocrx_word' id='word_1_711' title='bbox 2332 4439 2605 4497; x_wconf 88' lang='lat' dir='ltr'>nondum</span> <span class='ocrx_word' id='word_1_712' title='bbox 2636 4453 2767 4493; x_wconf 89' lang='lat' dir='ltr'>eras</span> <span class='ocrx_word' id='word_1_713' title='bbox 2788 4434 3020 4491; x_wconf 91' lang='lat' dir='ltr'>amicus</span> <span class='ocrx_word' id='word_1_714' title='bbox 3044 4447 3247 4498; x_wconf 91' lang='lat' dir='ltr'>meus;</span> <span class='ocrx_word' id='word_1_715' title='bbox 3274 4430 3521 4504; x_wconf 90' lang='lat' dir='ltr'>quando</span> <span class='ocrx_word' id='word_1_716' title='bbox 3544 4446 3657 4485; x_wconf 91' lang='lat' dir='ltr'>nec</span> <span class='ocrx_word' id='word_1_717' title='bbox 3688 4428 3833 4502; x_wconf 88' lang='lat' dir='ltr'>ipse</span> <span class='ocrx_word' id='word_1_718' title='bbox 3860 4432 3997 4488; x_wconf 84' lang='lat' dir='ltr'>mihi</span> 
     </span>
    </p>
   </div>
   <div class='ocr_carea' id='block_1_109' title="bbox 2332 4511 3998 4595">
    <p class='ocr_par' dir='ltr' id='par_1_109' title="bbox 2332 4511 3998 4595">
     <span class='ocr_line' id='line_1_110' title="bbox 2332 4511 3998 4595; baseline -0.005 -10"><span class='ocrx_word' id='word_1_719' title='bbox 2332 4525 2872 4591; x_wconf 89' lang='lat' dir='ltr'>amicuseram,sed</span> <span class='ocrx_word' id='word_1_720' title='bbox 2893 4523 3089 4595; x_wconf 87' lang='lat' dir='ltr'>potius</span> <span class='ocrx_word' id='word_1_721' title='bbox 3102 4511 3377 4577; x_wconf 82' lang='lat' dir='ltr'>inimicus</span> <span class='ocrx_word' id='word_1_722' title='bbox 3393 4536 3405 4575; x_wconf 89' lang='lat'><strong>:</strong></span> <span class='ocrx_word' id='word_1_723' title='bbox 3422 4518 3761 4588; x_wconf 88' lang='lat' dir='ltr'>diligebam</span> <span class='ocrx_word' id='word_1_724' title='bbox 3775 4523 3998 4595; x_wconf 85' lang='lat' dir='ltr'>quippe</span> 
     </span>
    </p>
   </div>
   <div class='ocr_carea' id='block_1_110' title="bbox 2333 4608 4001 4690">
    <p class='ocr_par' dir='ltr' id='par_1_110' title="bbox 2333 4608 4001 4690">
     <span class='ocr_line' id='line_1_111' title="bbox 2333 4608 4001 4690; baseline -0.007 -16"><span class='ocrx_word' id='word_1_725' title='bbox 2333 4618 2708 4690; x_wconf 89' lang='lat' dir='ltr'>iniquitatem</span> <span class='ocrx_word' id='word_1_726' title='bbox 2746 4630 2758 4682; x_wconf 90' lang='lat'><strong>;</strong></span> <span class='ocrx_word' id='word_1_727' title='bbox 2787 4619 2843 4670; x_wconf 90' lang='lat' dir='ltr'>et</span> <span class='ocrx_word' id='word_1_728' title='bbox 2869 4628 3009 4669; x_wconf 89' lang='lat' dir='ltr'>vera</span> <span class='ocrx_word' id='word_1_729' title='bbox 3037 4611 3283 4684; x_wconf 92' lang='lat' dir='ltr'>quidem</span> <span class='ocrx_word' id='word_1_730' title='bbox 3323 4608 3530 4665; x_wconf 89' lang='lat' dir='ltr'>divina</span> <span class='ocrx_word' id='word_1_731' title='bbox 3561 4613 3880 4666; x_wconf 87' lang='lat' dir='ltr'>sententia</span> <span class='ocrx_word' id='word_1_732' title='bbox 3918 4612 4001 4666; x_wconf 85' lang='lat' dir='ltr'>est</span> 
     </span>
    </p>
   </div>
   <div class='ocr_carea' id='block_1_111' title="bbox 2333 4696 3997 4779">
    <p class='ocr_par' dir='ltr' id='par_1_111' title="bbox 2333 4696 3997 4779">
     <span class='ocr_line' id='line_1_112' title="bbox 2333 4696 3997 4779; baseline -0.003 -18"><span class='ocrx_word' id='word_1_733' title='bbox 2333 4722 2456 4779; x_wconf 93' lang='lat' dir='ltr'>qua</span> <span class='ocrx_word' id='word_1_734' title='bbox 2478 4705 2762 4776; x_wconf 90' lang='lat' dir='ltr'>scriptum</span> <span class='ocrx_word' id='word_1_735' title='bbox 2787 4709 2874 4759; x_wconf 91' lang='lat' dir='ltr'>est</span> <span class='ocrx_word' id='word_1_736' title='bbox 2904 4702 2965 4758; x_wconf 91' lang='lat' dir='ltr'>in</span> <span class='ocrx_word' id='word_1_737' title='bbox 2993 4700 3218 4756; x_wconf 88' lang='lat' dir='ltr'>sanctis</span> <span class='ocrx_word' id='word_1_738' title='bbox 3250 4698 3460 4762; x_wconf 88' lang='lat' dir='ltr'>Libris,</span> <span class='ocrx_word' id='word_1_739' title='bbox 3489 4696 3601 4765; x_wconf 82' lang='lat' dir='ltr'>Qui</span> <span class='ocrx_word' id='word_1_740' title='bbox 3627 4706 3845 4756; x_wconf 83' lang='lat' dir='ltr'>autem</span> <span class='ocrx_word' id='word_1_741' title='bbox 3869 4701 3997 4756; x_wconf 74' lang='lat' dir='ltr'>dili-</span> 
     </span>
    </p>
   </div>
   <div class='ocr_carea' id='block_1_112' title="bbox 2331 4786 3996 4867">
    <p class='ocr_par' dir='ltr' id='par_1_112' title="bbox 2331 4786 3996 4867">
     <span class='ocr_line' id='line_1_113' title="bbox 2331 4786 3996 4867; baseline -0.004 -17"><span class='ocrx_word' id='word_1_742' title='bbox 2331 4796 2416 4867; x_wconf 88' lang='lat' dir='ltr'>git</span> <span class='ocrx_word' id='word_1_743' title='bbox 2433 4794 2830 4867; x_wconf 87' lang='lat' dir='ltr'>iniquitatem,</span> <span class='ocrx_word' id='word_1_744' title='bbox 2849 4789 2972 4848; x_wconf 88' lang='lat' dir='ltr'>odit</span> <span class='ocrx_word' id='word_1_745' title='bbox 2994 4789 3261 4847; x_wconf 86' lang='lat' dir='ltr'>animam</span> <span class='ocrx_word' id='word_1_746' title='bbox 3272 4803 3442 4844; x_wconf 90' lang='lat' dir='ltr'>suam</span> <span class='ocrx_word' id='word_1_747' title='bbox 3462 4786 3647 4859; x_wconf 89' lang='lat' dir='ltr'>(Psal.</span> <span class='ocrx_word' id='word_1_748' title='bbox 3670 4804 3730 4858; x_wconf 88' lang='lat' dir='ltr'>x,</span> <span class='ocrx_word' id='word_1_749' title='bbox 3751 4789 3841 4859; x_wconf 88' lang='lat'>6).</span> <span class='ocrx_word' id='word_1_750' title='bbox 3863 4791 3996 4846; x_wconf 88' lang='lat' dir='ltr'>Cum</span> 
     </span>
    </p>
   </div>
   <div class='ocr_carea' id='block_1_113' title="bbox 2332 4877 3998 4958">
    <p class='ocr_par' dir='ltr' id='par_1_113' title="bbox 2332 4877 3998 4958">
     <span class='ocr_line' id='line_1_114' title="bbox 2332 4877 3998 4958; baseline -0.004 -17"><span class='ocrx_word' id='word_1_751' title='bbox 2332 4902 2472 4958; x_wconf 76' lang='lat' dir='ltr'>ergo</span> <span class='ocrx_word' id='word_1_752' title='bbox 2499 4884 2759 4939; x_wconf 86' lang='lat' dir='ltr'>odissem</span> <span class='ocrx_word' id='word_1_753' title='bbox 2789 4880 3035 4937; x_wconf 88' lang='lat' dir='ltr'>animan</span> <span class='ocrx_word' id='word_1_754' title='bbox 3067 4894 3287 4943; x_wconf 90' lang='lat' dir='ltr'>meam,</span> <span class='ocrx_word' id='word_1_755' title='bbox 3317 4892 3525 4932; x_wconf 90' lang='lat' dir='ltr'>verum</span> <span class='ocrx_word' id='word_1_756' title='bbox 3556 4877 3842 4935; x_wconf 87' lang='lat' dir='ltr'>amicum</span> <span class='ocrx_word' id='word_1_757' title='bbox 3868 4895 3998 4952; x_wconf 88' lang='lat' dir='ltr'>quo-</span> 
     </span>
    </p>
   </div>
   <div class='ocr_carea' id='block_1_114' title="bbox 2333 4966 3998 5043">
    <p class='ocr_par' dir='ltr' id='par_1_114' title="bbox 2333 4966 3998 5043">
     <span class='ocr_line' id='line_1_115' title="bbox 2333 4966 3998 5043; baseline -0.007 -12"><span class='ocrx_word' id='word_1_758' title='bbox 2333 4974 2517 5031; x_wconf 93' lang='lat' dir='ltr'>modo</span> <span class='ocrx_word' id='word_1_759' title='bbox 2539 4972 2759 5029; x_wconf 90' lang='lat' dir='ltr'>habere</span> <span class='ocrx_word' id='word_1_760' title='bbox 2782 4974 3070 5043; x_wconf 86' lang='lat' dir='ltr'>poteram,</span> <span class='ocrx_word' id='word_1_761' title='bbox 3090 4984 3163 5023; x_wconf 90' lang='lat' dir='ltr'>ea</span> <span class='ocrx_word' id='word_1_762' title='bbox 3191 4966 3334 5022; x_wconf 89' lang='lat' dir='ltr'>mihi</span> <span class='ocrx_word' id='word_1_763' title='bbox 3358 4972 3671 5038; x_wconf 85' lang='lat' dir='ltr'>optantem</span> <span class='ocrx_word' id='word_1_764' title='bbox 3688 4966 3754 5023; x_wconf 86' lang='lat' dir='ltr'>in</span> <span class='ocrx_word' id='word_1_765' title='bbox 3778 4968 3998 5041; x_wconf 81' lang='lat' dir='ltr'>quibus</span> 
     </span>
    </p>
   </div>
   <div class='ocr_carea' id='block_1_115' title="bbox 2330 5052 4000 5136">
    <p class='ocr_par' dir='ltr' id='par_1_115' title="bbox 2330 5052 4000 5136">
     <span class='ocr_line' id='line_1_116' title="bbox 2330 5052 4000 5136; baseline -0.005 -16"><span class='ocrx_word' id='word_1_766' title='bbox 2330 5064 2455 5136; x_wconf 90' lang='lat' dir='ltr'>ipse</span> <span class='ocrx_word' id='word_1_767' title='bbox 2486 5060 2783 5133; x_wconf 91' lang='lat' dir='ltr'>meipsum</span> <span class='ocrx_word' id='word_1_768' title='bbox 2810 5058 3080 5131; x_wconf 89' lang='lat' dir='ltr'>patiebar</span> <span class='ocrx_word' id='word_1_769' title='bbox 3102 5057 3409 5112; x_wconf 87' lang='lat' dir='ltr'>inimicum</span> <span class='ocrx_word' id='word_1_770' title='bbox 3429 5052 3459 5107; x_wconf 77' lang='lat' dir='ltr'><strong><em>‘I</em></strong></span> <span class='ocrx_word' id='word_1_771' title='bbox 3480 5056 3623 5110; x_wconf 89' lang='lat' dir='ltr'>Cum</span> <span class='ocrx_word' id='word_1_772' title='bbox 3660 5071 3817 5112; x_wconf 82' lang='lat' dir='ltr'>vero</span> <span class='ocrx_word' id='word_1_773' title='bbox 3846 5057 4000 5114; x_wconf 82' lang='lat' dir='ltr'>beni-</span> 
     </span>
    </p>
   </div>
   <div class='ocr_carea' id='block_1_116' title="bbox 2332 5141 3999 5224">
    <p class='ocr_par' dir='ltr' id='par_1_116' title="bbox 2332 5141 3999 5224">
     <span class='ocr_line' id='line_1_117' title="bbox 2332 5141 3999 5224; baseline -0.004 -17"><span class='ocrx_word' id='word_1_774' title='bbox 2332 5155 2531 5224; x_wconf 82' lang='lat' dir='ltr'>gnitas</span> <span class='ocrx_word' id='word_1_775' title='bbox 2562 5156 2618 5206; x_wconf 92' lang='lat' dir='ltr'>et</span> <span class='ocrx_word' id='word_1_776' title='bbox 2648 5150 2841 5220; x_wconf 89' lang='lat' dir='ltr'>gratia</span> <span class='ocrx_word' id='word_1_777' title='bbox 2872 5146 3192 5205; x_wconf 87' lang='lat' dir='ltr'>Salvatoris</span> <span class='ocrx_word' id='word_1_778' title='bbox 3226 5144 3411 5201; x_wconf 91' lang='lat' dir='ltr'>nostri</span> <span class='ocrx_word' id='word_1_779' title='bbox 3441 5141 3633 5199; x_wconf 80' lang='lat' dir='ltr'>illuxit</span> <span class='ocrx_word' id='word_1_780' title='bbox 3670 5144 3859 5211; x_wconf 83' lang='lat' dir='ltr'>mihi,</span> <span class='ocrx_word' id='word_1_781' title='bbox 3890 5162 3999 5201; x_wconf 83' lang='lat' dir='ltr'>non</span> 
     </span>
    </p>
   </div>
   <div class='ocr_carea' id='block_1_117' title="bbox 2331 5233 3997 5305">
    <p class='ocr_par' dir='ltr' id='par_1_117' title="bbox 2331 5233 3997 5305">
     <span class='ocr_line' id='line_1_118' title="bbox 2331 5233 3997 5305; baseline -0.004 -8"><span class='ocrx_word' id='word_1_782' title='bbox 2331 5241 2665 5298; x_wconf 90' lang='lat' dir='ltr'>secundum</span> <span class='ocrx_word' id='word_1_783' title='bbox 2695 5239 2905 5293; x_wconf 91' lang='lat' dir='ltr'>merita</span> <span class='ocrx_word' id='word_1_784' title='bbox 2933 5251 3087 5305; x_wconf 91' lang='lat' dir='ltr'>mea,</span> <span class='ocrx_word' id='word_1_785' title='bbox 3117 5233 3223 5290; x_wconf 85' lang='lat' dir='ltr'>sed</span> <span class='ocrx_word' id='word_1_786' title='bbox 3247 5233 3576 5289; x_wconf 90' lang='lat' dir='ltr'>secundum</span> <span class='ocrx_word' id='word_1_787' title='bbox 3604 5234 3807 5304; x_wconf 87' lang='lat' dir='ltr'>ipsius</span> <span class='ocrx_word' id='word_1_788' title='bbox 3829 5237 3997 5291; x_wconf 86' lang='lat' dir='ltr'>mise-</span> 
     </span>
    </p>
   </div>
   <div class='ocr_carea' id='block_1_118' title="bbox 2331 5322 3999 5400">
    <p class='ocr_par' dir='ltr' id='par_1_118' title="bbox 2331 5322 3999 5400">
     <span class='ocr_line' id='line_1_119' title="bbox 2331 5322 3999 5400; baseline -0.004 -13"><span class='ocrx_word' id='word_1_789' title='bbox 2331 5330 2678 5400; x_wconf 88' lang='lat' dir='ltr'>ricordiam;</span> <span class='ocrx_word' id='word_1_790' title='bbox 2713 5333 2774 5383; x_wconf 92' lang='lat' dir='ltr'>tu</span> <span class='ocrx_word' id='word_1_791' title='bbox 2805 5327 2882 5383; x_wconf 89' lang='lat' dir='ltr'>ab</span> <span class='ocrx_word' id='word_1_792' title='bbox 2911 5327 3022 5383; x_wconf 88' lang='lat' dir='ltr'>hac</span> <span class='ocrx_word' id='word_1_793' title='bbox 3053 5323 3305 5391; x_wconf 87' lang='lat' dir='ltr'>alienus,</span> <span class='ocrx_word' id='word_1_794' title='bbox 3336 5322 3644 5396; x_wconf 91' lang='lat' dir='ltr'>quomodo</span> <span class='ocrx_word' id='word_1_795' title='bbox 3667 5340 3810 5380; x_wconf 83' lang='lat' dir='ltr'>esse</span> <span class='ocrx_word' id='word_1_796' title='bbox 3848 5332 3999 5398; x_wconf 86' lang='lat' dir='ltr'>pote-</span> 
     </span>
    </p>
   </div>
   <div class='ocr_carea' id='block_1_119' title="bbox 2328 5413 3995 5489">
    <p class='ocr_par' dir='ltr' id='par_1_119' title="bbox 2328 5413 3995 5489">
     <span class='ocr_line' id='line_1_120' title="bbox 2328 5413 3995 5489; baseline -0.004 -12"><span class='ocrx_word' id='word_1_797' title='bbox 2328 5437 2429 5478; x_wconf 87' lang='lat' dir='ltr'>ras</span> <span class='ocrx_word' id='word_1_798' title='bbox 2457 5421 2689 5476; x_wconf 90' lang='lat' dir='ltr'>amicus</span> <span class='ocrx_word' id='word_1_799' title='bbox 2727 5434 2920 5481; x_wconf 90' lang='lat' dir='ltr'>meus,</span> <span class='ocrx_word' id='word_1_800' title='bbox 2960 5416 3065 5489; x_wconf 90' lang='lat' dir='ltr'>qui</span> <span class='ocrx_word' id='word_1_801' title='bbox 3099 5414 3256 5470; x_wconf 88' lang='lat' dir='ltr'>unde</span> <span class='ocrx_word' id='word_1_802' title='bbox 3294 5413 3510 5470; x_wconf 86' lang='lat' dir='ltr'>beatus</span> <span class='ocrx_word' id='word_1_803' title='bbox 3562 5428 3697 5469; x_wconf 89' lang='lat' dir='ltr'>esse</span> <span class='ocrx_word' id='word_1_804' title='bbox 3753 5430 3995 5487; x_wconf 84' lang='lat' dir='ltr'>possem</span> 
     </span>
    </p>
   </div>
   <div class='ocr_carea' id='block_1_120' title="bbox 2330 5502 3995 5584">
    <p class='ocr_par' dir='ltr' id='par_1_120' title="bbox 2330 5502 3995 5584">
     <span class='ocr_line' id='line_1_121' title="bbox 2330 5502 3995 5584; baseline -0.003 -18"><span class='ocrx_word' id='word_1_805' title='bbox 2330 5506 2921 5584; x_wconf 88' lang='lat' dir='ltr'>penitusignorabas,</span> <span class='ocrx_word' id='word_1_806' title='bbox 2943 5511 2999 5562; x_wconf 91' lang='lat' dir='ltr'>et</span> <span class='ocrx_word' id='word_1_807' title='bbox 3012 5520 3132 5561; x_wconf 88' lang='lat' dir='ltr'>non</span> <span class='ocrx_word' id='word_1_808' title='bbox 3155 5504 3213 5560; x_wconf 87' lang='lat' dir='ltr'>in</span> <span class='ocrx_word' id='word_1_809' title='bbox 3226 5503 3342 5560; x_wconf 92' lang='lat' dir='ltr'>hoc</span> <span class='ocrx_word' id='word_1_810' title='bbox 3358 5518 3453 5558; x_wconf 84' lang='lat' dir='ltr'>me</span> <span class='ocrx_word' id='word_1_811' title='bbox 3473 5502 3759 5569; x_wconf 83' lang='lat' dir='ltr'>amabas,</span> <span class='ocrx_word' id='word_1_812' title='bbox 3798 5505 3866 5561; x_wconf 88' lang='lat' dir='ltr'>in</span> <span class='ocrx_word' id='word_1_813' title='bbox 3883 5520 3995 5579; x_wconf 81' lang='lat' dir='ltr'>quo</span> 
     </span>
    </p>
   </div>
   <div class='ocr_carea' id='block_1_121' title="bbox 2329 5590 3902 5670">
    <p class='ocr_par' dir='ltr' id='par_1_121' title="bbox 2329 5590 3902 5670">
     <span class='ocr_line' id='line_1_122' title="bbox 2329 5590 3902 5670; baseline -0.004 -13"><span class='ocrx_word' id='word_1_814' title='bbox 2329 5599 2474 5657; x_wconf 89' lang='lat' dir='ltr'>mihi</span> <span class='ocrx_word' id='word_1_815' title='bbox 2488 5599 2615 5670; x_wconf 88' lang='lat' dir='ltr'>ipse</span> <span class='ocrx_word' id='word_1_816' title='bbox 2622 5596 2751 5669; x_wconf 87' lang='lat' dir='ltr'>jam</span> <span class='ocrx_word' id='word_1_817' title='bbox 2765 5596 2995 5652; x_wconf 88' lang='lat' dir='ltr'>fueram</span> <span class='ocrx_word' id='word_1_818' title='bbox 3013 5599 3336 5666; x_wconf 89' lang='lat' dir='ltr'>utcumque</span> <span class='ocrx_word' id='word_1_819' title='bbox 3348 5590 3582 5649; x_wconf 85' lang='lat' dir='ltr'>amicus</span> <span class='ocrx_word' id='word_1_820' title='bbox 3594 5590 3854 5650; x_wconf 68' lang='lat' dir='ltr'>effectus</span> <span class='ocrx_word' id='word_1_821' title='bbox 3872 5595 3902 5649; x_wconf 82' lang='lat'><strong>?</strong></span> 
     </span>
    </p>
   </div>
   <div class='ocr_carea' id='block_1_122' title="bbox 2397 5688 3986 5770">
    <p class='ocr_par' dir='ltr' id='par_1_122' title="bbox 2397 5688 3986 5770">
     <span class='ocr_line' id='line_1_123' title="bbox 2397 5688 3986 5770; baseline -0.001 -15"><span class='ocrx_word' id='word_1_822' title='bbox 2397 5701 2452 5755; x_wconf 79' lang='grc'>4.</span> <span class='ocrx_word' id='word_1_823' title='bbox 2493 5696 2721 5758; x_wconf 85' lang='lat' dir='ltr'>Gratias</span> <span class='ocrx_word' id='word_1_824' title='bbox 2740 5694 2941 5770; x_wconf 86' lang='lat' dir='ltr'>itaque</span> <span class='ocrx_word' id='word_1_825' title='bbox 2963 5696 3105 5767; x_wconf 85' lang='lat' dir='ltr'>Deo,</span> <span class='ocrx_word' id='word_1_826' title='bbox 3134 5690 3304 5769; x_wconf 88' lang='lat' dir='ltr'>quod</span> <span class='ocrx_word' id='word_1_827' title='bbox 3333 5696 3386 5749; x_wconf 85' lang='lat' dir='ltr'>te</span> <span class='ocrx_word' id='word_1_828' title='bbox 3426 5688 3572 5748; x_wconf 87' lang='lat' dir='ltr'>mihi</span> <span class='ocrx_word' id='word_1_829' title='bbox 3591 5692 3875 5753; x_wconf 86' lang='lat' dir='ltr'>amicum</span> <span class='ocrx_word' id='word_1_830' title='bbox 3907 5693 3986 5757; x_wconf 72' lang='lat' dir='ltr'>Ia-</span> 
     </span>
    </p>
   </div>
  </div>
