4138 6172
181 187 328 246 1073

173 329 312 372 cere
340 313 587 371 tandem
610 312 938 386 aliquando
959 312 1262 384 dignatur.
1287 315 1454 368 Nunc
1469 309 1625 366 enim
1653 305 1830 363 nobis

168 408 262 459 est
292 420 486 459 rerum
515 403 921 459 humanarum
950 408 1006 459 et
1041 403 1378 459 divinarum
1409 416 1546 456 cum
1574 399 1826 453 benevo-

166 492 354 549 lentia
379 497 435 548 et
477 492 762 548 charitate
795 492 1110 548 consensio
1139 492 1199 546 in
1231 490 1458 548 Christo
1483 492 1679 544 Jesum
1717 489 1826 540 Do-

164 583 339 638 mino
379 587 602 641 nostro.
637 582 942 637 verissima
980 597 1128 654 pace
1161 587 1379 637 nostra.
1433 579 1542 645 Qui
1586 576 1824 632 duobus

162 672 485 743 praeceptis
499 676 716 726 cuncta
731 671 1030 742 praeconia
1043 671 1242 725 divina
1256 669 1567 732 conclusit,
1585 666 1820 722 dicens:

162 761 397 831 Diliges
432 763 745 817 Dominum
776 761 962 816 Deum
986 767 1147 815 tuum
1178 775 1252 816 ex
1282 767 1400 815 toto
1431 758 1604 814 corde
1632 762 1753 819 tuo,
1773 758 1824 808 et

162 865 243 907 ea:
269 856 392 906 tota
423 850 626 907 anima
645 856 766 916 tua,
799 856 851 906 et
880 856 1094 906 extota
1117 856 1308 905 mente
1338 855 1481 913 tua;
1502 851 1577 911 et,
1610 845 1823 914 Diliges

157 941 505 1008 proximum
537 945 704 996 tuum
739 945 1026 1011 tanquam
1066 938 1338 1007 teipsum.
1383 939 1451 993 In
1491 937 1562 992 iis
1592 933 1821 990 duobus

158 1028 478 1097 praceptis
501 1034 626 1084 tota
647 1029 768 1084 Lex
786 1028 1000 1097 pendet
1012 1035 1065 1084 et
1092 1027 1404 1096 Prophetas
1431 1025 1667 1092 (Matth.
1700 1037 1820 1078 xxu

160 1119 376 1189 37-40).
411 1121 471 1172 In
503 1117 604 1172 illo
649 1118 843 1189 primo
875 1133 1074 1173 rerum
1105 1117 1462 1182 divinarum,
1493 1115 1551 1170 in
1590 1115 1704 1170 hoc
1733 1129 1820 1168 se-

159 1205 362 1262 cundo
392 1222 591 1261 rerum
637 1206 1043 1262 humanarum
1094 1211 1182 1261 est
1227 1222 1364 1261 cum
1405 1202 1820 1260 benevolentia

157 1300 215 1351 et
243 1294 532 1350 charitate
563 1295 898 1351 consensio.
925 1299 1056 1350 Haec
1095 1294 1217 1350 duo
1244 1294 1289 1348 si
1327 1310 1561 1349 mecum
1597 1292 1819 1347 ﬁrmis-

158 1384 312 1439 sime
360 1389 582 1453 teneas,
619 1385 882 1441 amicitia
906 1390 1113 1442 nostra
1152 1400 1292 1440 vera
1344 1399 1412 1439 ae
1453 1382 1817 1454 sempiterna

156 1473 270 1528 erit
305 1491 318 1541 ;
349 1480 404 1530 et
429 1489 552 1529 non
577 1474 770 1529 solum
797 1489 906 1530 nos
929 1474 1207 1540 invicem,
1232 1473 1335 1528 sed
1358 1473 1470 1545 ipsi
1497 1472 1673 1528 etiam
1704 1473 1818 1526 Do-

157 1562 325 1618 mino
352 1562 621 1618 sociabit.

231 1656 283 1706 5.
320 1651 488 1717 Quod
519 1657 581 1706 ut
618 1652 738 1717 fiat,
772 1653 1051 1708 exhortor
1084 1654 1432 1724 gravitatem
1467 1655 1524 1707 et
1552 1650 1815 1722 pruden-

155 1739 306 1795 tiam
341 1746 504 1796 tuam
539 1746 598 1796 ut
623 1741 750 1811 jam
779 1742 957 1797 etiam
990 1741 1255 1798 fidelium
1273 1744 1658 1799 Sacramenta
1683 1753 1811 1810 per-

153 1829 346 1899 cipias
379 1845 391 1883 :
421 1828 592 1884 decet
613 1829 773 1885 enim
802 1835 1062 1895 aetatem,
1087 1835 1144 1886 et
1177 1829 1470 1900 congruit,
1517 1832 1812 1899 quantum

153 1917 360 1982 credo,
393 1918 664 1973 moribus
697 1920 828 1974 tuis.
879 1922 1168 1976 Memento
1212 1919 1356 1992 quid
1401 1917 1546 1973 mihi
1592 1915 1812 1972 dixeris

156 2006 520 2078 profecturo,
549 2009 847 2063 comicum
874 2009 1121 2081 quidem
1148 2009 1221 2064 de
1251 2008 1537 2068 Terentio,
1572 2007 1617 2060 si
1644 2021 1814 2061 reco-

157 2097 252 2161 lis,
279 2112 540 2163 versum,
573 2097 678 2153 sed
702 2103 898 2154 tamen
922 2098 1297 2171 aptissimum
1320 2101 1371 2153 et
1396 2096 1770 2152 utilissimum
1795 2107 1810 2150 :

225 2217 380 2268 Nunc
405 2218 488 2268 hic
511 2217 623 2268 dies
642 2220 805 2269 vitam
833 2219 993 2268 aliam
1011 2219 1180 2272 affert,
1200 2218 1333 2267 alios
1355 2231 1529 2267 mores
1556 2215 1812 2279 postulat.

969 2281 1111 2343 (Ter.
1144 2282 1309 2330 Andr.
1342 2282 1454 2329 Act.
1487 2282 1528 2336 1,
1564 2283 1646 2327 Sc.
1678 2281 1747 2338 2.)

161 2386 338 2452 Quod
372 2387 419 2442 si
450 2389 736 2443 veraciter
765 2387 981 2453 dixisti,
1011 2388 1162 2443 sicut
1192 2388 1266 2442 de
1299 2393 1350 2442 te
1390 2387 1665 2442 dubitare
1691 2401 1812 2442 non

159 2476 351 2532 debeo
383 2477 544 2548 ;jam
577 2477 837 2549 profecto
861 2477 942 2532 sic
973 2477 1119 2532 vivis
1151 2484 1210 2531 ut
1234 2476 1314 2530 sis
1340 2475 1556 2544 dignus
1583 2475 1812 2546 Baptis-

161 2581 266 2620 mo
314 2565 559 2621 salutari
607 2566 1015 2622 remissionem
1065 2567 1499 2638 praeteritorum
1531 2579 1813 2635 accepere

159 2659 571 2725 peccatorum.
597 2657 741 2710 Nam
765 2656 1012 2710 omnino
1026 2671 1145 2709 non
1174 2661 1264 2710 est
1289 2655 1384 2708 cui
1407 2653 1574 2708 alteri
1602 2658 1815 2724 praeter

158 2742 486 2798 Dominum
515 2743 807 2799 Christum
834 2743 992 2799 dicat
1030 2759 1220 2813 genus
1251 2744 1588 2798 humanum
1619 2759 1632 2797 ε

289 2870 359 2933 ΤΘ
387 2870 524 2920 duce
548 2871 590 2919 si
608 2883 716 2933 qua
747 2874 965 2919 manent
989 2871 1203 2920 sceleris
1239 2871 1464 2933 vestigia
1489 2869 1677 2923 nostri,

289 2932 441 2982 Irrita
471 2932 731 2996 perpetua
761 2933 969 2983 solvent
992 2933 1277 2983 formidine
1302 2932 1486 2996 terras.

1136 2996 1308 3058 (Virg.
1343 2995 1524 3057 Eclug.
1547 2995 1624 3055 4.)

159 3101 338 3167 Quod
367 3118 435 3158 ex
466 3102 732 3170 Cumaeo,
764 3103 825 3158 id
856 3107 965 3166 est,
1004 3118 1076 3158 ex
1119 3102 1406 3174 Sibyllino
1457 3101 1722 3157 carmine
1754 3116 1816 3156 se

157 3189 356 3245 fassus
378 3196 467 3246 est
488 3191 862 3247 transtulisse
884 3192 1161 3260 Virgilius
1188 3214 1198 3256 ;
1219 3192 1509 3264 quoniam
1537 3190 1813 3245 fortassis

157 3279 455 3335 etiamilta
467 3285 632 3336 vates
655 3281 882 3352 aliquid
902 3281 975 3336 de
1000 3281 1175 3336 unico
1197 3280 1502 3336 Salvatore
1518 3280 1577 3335 in
1606 3279 1814 3350 spiritu

158 3368 454 3434 audierat,
484 3369 645 3442 quod
670 3385 912 3424 necesse
941 3369 1152 3424 habuit
1181 3369 1464 3424 confiteri.
1512 3370 1643 3422 Haec
1688 3366 1810 3433 tibi,

155 3455 405 3512 domine
437 3457 644 3513 merito
677 3458 1073 3528 suscipiende,
1097 3463 1152 3512 et
1175 3459 1234 3512 in
1258 3457 1484 3512 Christo
1506 3455 1811 3511 dilectissi-

158 3560 256 3600 me
288 3561 358 3600 ac
385 3546 932 3602 desiderantissime
958 3546 1156 3611 frater,
1182 3547 1300 3600 sive
1321 3562 1532 3617 pauca,
1556 3545 1674 3599 sive
1689 3543 1812 3598 for-

155 3633 314 3688 sitan
331 3634 519 3690 multa
533 3635 663 3705 sint,
683 3641 1006 3708 utcumque
1030 3635 1536 3707 occupatissimus
1559 3633 1768 3703 scripsi
1796 3649 1807 3688 :

157 3729 261 3779 tua
292 3740 527 3780 sumere
559 3727 842 3796 rescripta
871 3725 1169 3790 desidero,
1200 3730 1254 3780 et
1285 3730 1337 3780 te
1372 3738 1591 3779 nomen
1619 3722 1813 3776 dedis-

155 3809 221 3868 Se
253 3814 843 3884 intercompetentes,
863 3815 1249 3870 vetdaturum
1276 3812 1811 3883 esse,jamjamque

155 3917 542 3971 cognoscere.
578 3903 867 3958 Dominus
907 3904 1061 3959 Deus
1092 3908 1308 3967 noster,
1364 3903 1422 3958 in
1467 3915 1650 3973 quem
1694 3915 1813 3954 cre-

155 3990 383 4055 didisti,
413 3997 467 4046 et
492 3992 586 4047 hic
626 3998 680 4047 et
706 3992 766 4048 in
794 3993 993 4048 futuro
1026 3991 1243 4047 saeculo
1269 3998 1319 4046 te
1353 3994 1678 4052 conservet,
1708 3987 1812 4042 do-

157 4080 320 4135 mine
354 4082 562 4136 merito
584 4083 979 4151 suscipiende,
1010 4083 1141 4138 etin
1172 4081 1405 4136 Christo
1431 4077 1811 4134 dilectissime

154 4184 228 4225 ac
257 4168 810 4226 desiderantissime
828 4172 1025 4228 frater.

603 4299 932 4354 EPISTOLA
973 4296 1170 4354 CCLIX
1197 4297 1211 4311 '
1250 4297 1362 4366 (α).

155 4416 534 4487 Augustinus
560 4419 826 4476 Cornelio
839 4421 1045 4476 scortis
1072 4419 1285 4482 dedito,
1302 4418 1619 4474 admonens
1637 4415 1808 4472 illum

231 4513 290 4559 ut
306 4507 620 4574 Cypriane:
654 4511 860 4565 uxoris
875 4511 1162 4580 (ie/unctae
1174 4509 1510 4577 pudicitiam
1526 4508 1808 4570 imitetur,

233 4595 286 4650 si
316 4598 452 4652 velit
483 4598 652 4652 illius
678 4599 998 4668 impetrare
1013 4600 1233 4656 laudes.

161 4723 412 4779 Domine
435 4723 839 4791 dilectissimo,
870 4731 926 4781 et
954 4726 1290 4782 honorabili
1326 4725 1483 4780 fratri
1515 4726 1809 4784 CORNELIO,

803 4821 1167 4872 AUGUSTINUS.

240 4932 286 4981 t.
321 4928 772 5001 Scripsistimihi
803 4930 953 4987 utad
976 4931 1303 5002 tealiquam
1333 4930 1625 5002 prolixam
1649 4927 1811 5000 epis-

160 5016 349 5072 tolam
382 5021 836 5076 consolatoriam
853 5022 1080 5084 darem,
1099 5020 1262 5092 quod
1288 5020 1543 5089 graviter
1572 5019 1814 5090 optimae

162 5107 363 5161 uxoris
409 5114 597 5163 morte
631 5112 969 5176 movereris,
1007 5111 1158 5164 sicut
1190 5115 1464 5165 sanctum
1496 5109 1815 5164 Paulinum

162 5193 241 5249 ad
275 5197 591 5252 Macarium
617 5198 823 5254 fecisse
846 5199 1182 5254 meministi.
1216 5200 1279 5253 Et
1305 5199 1404 5254 illa
1422 5199 1664 5271 quidem
1697 5197 1820 5253 ani-

165 5284 342 5338 main
360 5288 696 5342 societatem
729 5294 966 5359 recepta
994 5288 1257 5343 fidelium
1294 5295 1471 5360 atque
1494 5294 1814 5350 castarum,

166 5373 377 5428 laudes
417 5390 526 5430 nec
557 5382 742 5442 curat,
775 5393 884 5432 nec
916 5379 1125 5449 quaerit
1156 5378 1455 5433 humanas
1501 5395 1513 5443 ;
1546 5377 1649 5432 sed
1678 5376 1822 5448 quia

235 5553 262 5582 θ’
295 5551 543 5601 Correcta
559 5554 625 5603 ad
650 5570 703 5609 a,
744 5555 925 5619 bg.ibl.
950 5569 998 5610 c.
1034 5569 1108 5605 cc.
1133 5554 1186 5603 tt.
1212 5568 1258 5618 g.
1286 5554 1436 5619 gv.j,
1463 5567 1513 5602 n.
1537 5568 1579 5602 r.
1601 5567 1648 5608 s.
1676 5553 1754 5604 sb.
1783 5556 1820 5603 t.

170 5627 258 5667 vc.
297 5619 530 5677 quatuor
565 5631 617 5666 v.
656 5622 708 5668 et
743 5618 872 5667 Edd.

235 5681 305 5740 (α)
335 5678 476 5728 Alias
509 5680 598 5729 125
633 5694 646 5731 :
679 5696 798 5746 quae
829 5684 1008 5732 autem
1035 5684 1124 5732 259
1160 5684 1288 5740 erat,
1324 5692 1469 5732 nunc
1497 5680 1603 5730 151.

1428 174 1939 239 EPISTOLARUM
1979 175 2264 236 CLASSIS
2301 181 2392 240 IV.

3441 192 3579 249 1074

1942 311 2182 378 propter
2211 323 2312 364 eos
2341 307 2491 365 ﬁunt
2520 307 2655 374 ista,
2696 309 2800 383 qui
2845 310 3073 380 vivunt,
3103 312 3267 386 prius
3298 319 3385 373 est
3417 322 3478 374 ut
3508 323 3590 388 tu,

1939 394 2043 466 qui
2072 398 2369 454 consolari
2411 404 2536 470 ejus
2584 399 2762 456 laude
2813 402 3134 469 desideras,
3170 405 3250 462 ita
3283 406 3468 476 vivas,
3532 414 3593 466 ut

1936 482 2053 539 illic
2086 485 2185 541 ubi
2220 487 2348 557 ipsa
2380 494 2485 554 est,
2521 506 2650 544 esse
2672 493 2974 547 merearis.
3005 496 3202 565 Neque
3235 495 3393 550 enim
3421 495 3592 552 dubi-

1937 575 1996 626 to
2028 574 2190 644 quod
2210 591 2343 631 eam
2363 593 2482 632 non
2505 579 2718 634 credas
2741 579 2820 635 ibi
2848 595 2998 650 esse,
3024 581 3125 636 ubi
3157 582 3270 637 illae
3299 589 3435 638 sunt
3455 601 3590 656 quas

1934 662 2021 716 vel
2053 663 2357 719 adulteriis
2390 666 2669 723 lectulum
2705 670 3082 739 conjugalem
3111 672 3470 742 polluerunt,
3502 675 3589 729 vel

1935 750 2100 806 nullo
2151 754 2430 824 conjugio
2481 756 2754 825 deligata:
2817 758 3208 815 fornicatione
3267 761 3585 818 ﬂuxerunt.

1933 839 2146 909 Quare,
2174 841 2245 896 de
2273 842 2426 897 illius
2453 843 2629 899 laude
2658 846 2785 899 viro
2813 845 2987 914 longe
3013 848 3282 903 dissimili
3303 850 3473 920 quasi
3499 850 3589 905 fu-

1931 941 2071 996 gare
2095 929 2239 984 velle
2276 932 2926 999 moestitiam,adulatio
2955 940 3059 999 est,
3098 953 3216 991 non
3236 938 3583 994 consolatio.

1929 1017 2080 1072 Nam
2109 1019 2154 1073 si
2185 1035 2318 1075 eam
2341 1021 2616 1090 diligeres
2642 1023 2790 1078 sicut
2809 1023 2939 1095 ipsa
2958 1029 3009 1079 te
3037 1025 3262 1096 dilexit,
3294 1042 3587 1082 servasses

1930 1105 1981 1160 ei
2006 1109 2170 1178 quod
2196 1108 2294 1163 tibi
2318 1110 2449 1180 ipsa
2464 1111 2738 1166 servavit.
2761 1115 2822 1167 Et
2845 1129 2982 1168 cum
3004 1113 3125 1177 illa,
3144 1114 3193 1168 si
3217 1116 3379 1185 prior
3399 1115 3587 1171 obiis-

1928 1210 2007 1260 se,
2045 1195 2206 1251 nullo
2239 1204 2420 1253 modo
2452 1199 2751 1255 credenda
2785 1200 2859 1256 sit
2890 1201 3175 1274 cuiquam
3211 1203 3389 1259 fuisse
3430 1220 3587 1276 nup-

1926 1287 2058 1340 tura
2118 1301 2364 1350 ;nonne
2415 1286 2460 1342 si
2519 1303 2652 1342 vere
2688 1288 2915 1344 obitum
2969 1292 3098 1361 ejus
3142 1292 3423 1347 laudibus
3455 1295 3583 1363 ejus

1926 1373 2326 1429 consolandus
2357 1375 2608 1442 doleres,
2639 1392 2710 1431 ne
2761 1394 2945 1434 unam
2978 1380 3221 1450 quidem
3265 1397 3334 1436 ac
3361 1381 3579 1438 licitam

1923 1467 2057 1534 post
2088 1462 2251 1518 illam
2281 1465 2601 1536 conjugem
2632 1483 2930 1538 quaereres
2962 1469 2988 1523 ?

1996 1551 2049 1609 2.
2078 1552 2178 1607 Hie
2201 1557 2263 1608 tu
2295 1554 2562 1610 dicturus
2589 1571 2650 1610 es
2677 1580 2686 1610 :
2716 1557 2866 1621 Quid
2895 1573 3127 1613 mecum
3163 1576 3373 1632 aspere
3405 1562 3534 1630 agis
3558 1560 3584 1614 ?

1921 1641 2066 1711 quid
2093 1641 2239 1696 dure
2265 1642 2552 1712 objurgas
2583 1644 2610 1698 εἴ
2641 1648 2845 1699 Nonne
2877 1646 3028 1701 inter
3051 1649 3181 1702 haec
3232 1650 3415 1704 verba
3446 1665 3582 1704 ecce

1923 1729 2259 1796 senuimus,
2291 1732 2437 1786 dum
2496 1733 2612 1788 vita
2651 1733 2880 1788 ducitur
2910 1735 3072 1805 prius
3099 1736 3368 1792 ﬁnienda
3397 1753 3583 1808 quam

1920 1819 2272 1888 corrigenda
2296 1820 2322 1874 ?
2357 1821 2448 1876 Vis
2483 1826 2544 1875 ut
2587 1823 2901 1892 ignoscam
2955 1825 3235 1880 exitiabili
3284 1826 3582 1882 securitati

1922 1910 2069 1962 tum:
2102 1914 2328 1981 quanto
2343 1911 2893 1980 satiustuignoseis,
2913 1912 2956 1965 si
2986 1929 3104 1968 non
3127 1915 3396 1980 amabili,
3423 1921 3581 1970 certe

1921 1997 2244 2052 miserabili
2275 1997 2658 2054 sollicitudini
2688 2000 2878 2055 meae?
2903 2001 3154 2056 Inimico
3184 2003 3431 2073 quidem
3457 2003 3581 2059 ani-

1920 2100 2021 2140 mo
2058 2085 2276 2140 Tullius
2309 2086 2722 2157 invehebatur,
2765 2096 2820 2143 et
2859 2089 3034 2160 longe
3083 2090 3198 2145 alia
3250 2096 3373 2146 erat
3410 2097 3580 2147 terre.

1921 2188 2063 2229 nam
2089 2174 2522 2244 rempublicam
2553 2177 2943 2245 gubernantis
2983 2179 3250 2245 intentio,
3284 2188 3340 2234 et
3377 2185 3579 2236 tamen

1920 2262 2000 2317 ait
2030 2279 2041 2316 :
2079 2262 2278 2334 Cupio,
2309 2266 2514 2320 Patres
2546 2267 2885 2334 conscripti,
2919 2284 3003 2322 me
3043 2283 3160 2324 esse
3191 2271 3529 2324 clementem
3558 2284 3581 2333 ,'

1921 2353 2094 2420 cupio
2114 2352 2177 2408 in
2210 2354 2389 2408 tantis
2421 2355 2756 2424 reipublicae
2781 2357 3053 2424 periculis
3085 2373 3201 2412 non
3233 2359 3579 2413 dissolutum

1922 2440 2110 2496 videri
2137 2441 2283 2512 (Cic.
2310 2459 2417 2510 pro
2445 2443 2502 2500 S.
2534 2444 2746 2513 Rosc.).
2778 2447 3012 2509 Quanto
3039 2446 3260 2515 justius
3283 2461 3393 2514 ego
3423 2447 3578 2514 dico,

1921 2544 2059 2584 cum
2073 2529 2201 2601 ipse
2215 2531 2451 2586 noveris
2465 2548 2647 2602 quam
2669 2532 2770 2586 tibi
2786 2534 3049 2588 amicum
3065 2535 3334 2590 animum
3350 2550 3576 2605 geram,

1922 2617 1983 2672 in
2028 2624 2262 2674 aeternae
2312 2620 2564 2675 civitatis
2617 2621 2856 2677 servitio
2887 2624 3246 2679 constitutus
3309 2625 3577 2677 minister

1923 2707 2082 2763 verbi
2113 2711 2592 2781 sacramentique
2622 2709 2807 2764 divini
2841 2734 2852 2766 :
2886 2713 3087 2783 cupio,
3121 2713 3299 2768 frater
3326 2712 3577 2777 Corneli,

1922 2811 2017 2850 me
2057 2811 2183 2851 esse
2215 2796 2567 2852 clementem
2604 2813 2616 2862 ;
2650 2800 2826 2869 cupio
2858 2801 2917 2854 in
2948 2801 3126 2855 tantis
3155 2801 3271 2857 tuis
3306 2800 3579 2872 meisque

1920 2884 2193 2956 periculis
2221 2900 2339 2940 non
2367 2886 2720 2940 dissolutum
2753 2888 2936 2942 videri
2963 2887 2990 2941 ‘t

1991 2973 2043 3027 3.
2070 2972 2240 3028 Plebs
2275 2974 2590 3030 mulierum
2617 2977 2872 3030 excubat
2893 2976 3175 3031 lateribus
3199 2977 3338 3042 tuis,
3367 2978 3582 3032 crescit

1922 3061 1980 3116 in
2012 3062 2137 3116 dies
2168 3062 2444 3132 pellicum
2472 3079 2757 3118 numerus
2791 3081 2803 3130 ;
2834 3065 3103 3134 ejusdem
3119 3070 3319 3120 autem
3341 3065 3575 3118 numeri

1921 3150 2392 3213 dominum,imo
2422 3167 2560 3206 vero
2581 3168 2819 3207 servum
2839 3153 3162 3207 insatiabili
3195 3168 3298 3222 per
3323 3157 3579 3207 totscor-

1923 3242 1980 3294 ta
2006 3238 2250 3293 libidine
2281 3238 2674 3305 difﬂuentem,
2729 3245 2785 3295 et
2821 3241 3030 3296 laudes
3070 3241 3364 3295 defunctae
3398 3245 3576 3297 castra

1922 3328 2191 3397 conjugis
2218 3343 2254 3382 a
2286 3328 2482 3393 nobis,
2510 3329 2670 3385 velut
2700 3331 2775 3385 ad
2806 3330 3200 3399 mitigandam
3233 3331 3573 3385 maestitiam

1921 3433 2113 3482 suam,
2142 3417 2275 3487 jure
2305 3417 2577 3473 amicitiae
2608 3418 2974 3487 ﬂagitantem
2999 3419 3263 3491 episcopi
3288 3421 3576 3490 patienter

1921 3505 2204 3561 audimus
2234 3508 2256 3561 ἲ
2302 3507 2410 3571 Qui
2452 3523 2588 3562 cum
2617 3524 2798 3572 esses,
2826 3523 2947 3562 non
2980 3508 3178 3563 dicam
3205 3508 3575 3563 catechume-

1922 3610 2054 3659 nus,
2081 3594 2185 3649 sed
2213 3596 2269 3649 in
2294 3611 2489 3651 errore
2515 3596 2830 3650 nobiscum
2865 3597 3376 3668 perniciosissimo
3404 3611 3574 3652 cons-

1921 3683 2126 3738 titutus
2167 3683 2427 3753 juvenis,
2457 3683 2795 3754 junioribus
2826 3687 3024 3753 nobis,
3067 3686 3143 3741 ab
3174 3686 3288 3740 hoc
3336 3690 3389 3740 te
3434 3685 3574 3741 vitio

1920 3772 2463 3841 temperantissima
2519 3772 2821 3828 voluntate
2866 3790 3227 3836 correxeras,
3280 3788 3403 3845 quo
3452 3789 3573 3829 non

1919 3865 2055 3930 post
2079 3859 2327 3930 longum
2373 3865 2607 3931 tempus
2646 3861 2964 3925 sordidius,
2998 3863 3327 3926 revolutus,
3357 3861 3574 3916 deinde

1917 3949 1978 4004 in
2000 3954 2264 4004 extremo
2294 3950 2424 4004 vitae
2451 3949 2714 4021 periculo
2741 3950 3098 4018 baptizatus,
3123 3966 3242 4005 non
3274 3950 3494 4011 dicam,
3520 3955 3573 4004 te

1921 4052 2080 4102 sene,
2115 4037 2220 4092 sed
2258 4038 2436 4093 etiam
2477 4038 2653 4094 nobis
2698 4045 2851 4094 certe
2896 4040 3020 4110 jam
3051 4039 3294 4095 senibus
3325 4042 3382 4094 et
3410 4038 3574 4092 insu-

1920 4141 2025 4198 per
2060 4127 2374 4198 episcopis,
2423 4127 2697 4182 nondum
2729 4128 3086 4184 emendaris.
3137 4129 3236 4182 Vis
3293 4127 3367 4183 de
3397 4127 3572 4182 bona;

1919 4215 2121 4270 uxoris
2155 4221 2341 4270 morte
2373 4231 2476 4286 per
2520 4231 2630 4272 nos
2665 4217 2962 4273 consolari
2995 4235 3008 4272 :
3059 4233 3171 4274 nos
3223 4218 3296 4272 de
3326 4217 3440 4272 hac
3468 4221 3572 4270 tua

1918 4305 2143 4360 veriore
2171 4309 2356 4360 morte
2386 4305 2520 4376 quis
2551 4307 2895 4362 consolatur
2927 4307 2955 4362 ‘i
2993 4309 3080 4362 An
3108 4308 3252 4378 quia
3284 4321 3403 4360 non
3434 4321 3570 4374 pos-

1919 4410 2132 4449 sumus
2177 4393 2438 4448 oblivisei
2489 4398 2654 4450 tanta
2683 4411 2823 4464 erga
2867 4411 2977 4449 nos
3028 4396 3239 4449 merita
3281 4400 3401 4457 tua,
3435 4391 3569 4447 ideo

1919 4481 2224 4537 crueiandi
2256 4481 2453 4536 adhuc
2486 4499 2696 4536 sumus
2725 4483 2994 4537 moribus
3043 4484 3175 4547 tuis,
3211 4481 3342 4536 ideo
3374 4484 3571 4534 conte-

1919 4570 2185 4635 mnendi,
2205 4577 2257 4624 et
2279 4585 2384 4638 pro
2407 4569 2590 4625 nihilo
2607 4570 2892 4635 habendi,
2926 4571 3173 4642 quando
3193 4569 3472 4639 geminus
3491 4568 3570 4623 ad

1920 4663 1973 4713 te
2000 4659 2072 4711 de
2105 4663 2157 4712 te
2196 4659 2223 4713 ?
2269 4658 2382 4714 Sed
2419 4658 2673 4713 fatemur
2704 4675 2812 4714 nos
2846 4675 2964 4714 non
2997 4675 3124 4714 esse
3153 4657 3380 4729 aliquid
3410 4657 3489 4712 ad
3517 4661 3571 4711 te

1920 4746 2270 4816 corrigendu
2283 4763 2337 4800 m
2353 4763 2421 4801 ac
2436 4748 2806 4814 sanandum;
2835 4748 2986 4802 Deus
3001 4747 3356 4811 attendatur,
3382 4745 3571 4802 Chris-

1921 4840 2015 4892 tus
2047 4837 2359 4905 cogitetur,
2389 4836 2703 4907 Apostolus
2741 4837 3010 4892 audiatur
3038 4838 3240 4892 dicens
3275 4857 3286 4889 :
3336 4837 3569 4890 Totiens

1922 4941 2060 4996 ergo
2098 4924 2359 4980 membra
2406 4926 2650 4990 Christi,
2697 4927 2924 4995 faciam
2951 4928 3213 4982 membra
3246 4922 3569 4979 meretricis

1922 5013 1968 5083 (Ι
1999 5014 2128 5069 Cor.
2157 5028 2230 5077 v1,
2262 5014 2349 5084 t5)
2373 5012 2399 5066 ?
2424 5015 2477 5069 Si
2508 5014 2964 5087 qualiscumque
2991 5014 3254 5086 episcopi
3285 5011 3460 5067 amici
3484 5011 3571 5065 tui

1924 5102 2102 5156 verba
2135 5102 2366 5174 spernis
2397 5103 2456 5156 in
2483 5103 2661 5158 corde
2693 5108 2811 5168 tuo,
2842 5120 3058 5176 corpus
3102 5101 3330 5157 Domini
3363 5099 3444 5155 tui
3475 5114 3572 5154 co-

1925 5192 2042 5259 gita
2074 5190 2134 5244 in
2179 5206 2427 5261 corpore
2454 5196 2550 5246 tuo
2585 5209 2597 5246 :
2633 5199 2955 5262 postremo,
2989 5190 3297 5263 quomodo
3331 5189 3446 5243 ‘de
3478 5187 3573 5242 die

1924 5281 1983 5333 in
2012 5279 2168 5334 diem
2201 5279 2530 5336 differendo
2576 5297 2808 5352 peccas,
2852 5297 2986 5335 eum
3038 5285 3370 5335 extremum
3415 5277 3573 5332 diem

1926 5371 2096 5422 tuum
2119 5368 2353 5423 nescias
2374 5368 2401 5422 ?

1997 5457 2050 5511 4.
2086 5457 2254 5511 Nune
2307 5457 2578 5528 propabo
2619 5473 2770 5530 quas
2802 5462 2862 5514 tu
2903 5457 2978 5513 ab
3008 5473 3108 5513 ore
3139 5459 3341 5512 nostro
3367 5454 3578 5512 laudes

1992 5617 2008 5648 ί
2043 5615 2169 5690 _Mss.
2224 5619 2461 5690 quinque
2506 5619 2685 5670 Gallic.
2737 5623 2790 5670 et
2832 5620 2938 5670 duo
2979 5619 3168 5676 Vaticu
3206 5618 3448 5683 Quoniam
3482 5615 3580 5690 Alii

1929 5683 2181 5744 quatuor,
2218 5683 2354 5745 quia.
3513 5688 3521 5696 ‘
