4140 6174
533 176 672 233 10⁵15

533 301 844 374 Cyprianus
875 297 1195 354 desideres.
1231 296 1391 351 Certe
1419 295 1464 350 si
1491 295 1690 352 adhuc
1729 296 1790 351 in
1821 294 2027 350 schola
2051 295 2179 351 rhe-

529 395 730 448 torum
743 389 926 445 verba
939 385 1246 456 discipulis
1272 385 1615 449 venderem,
1634 386 1795 455 prius
1815 385 1893 440 ab
1920 384 2004 439 eis
2023 399 2180 439 mer-

530 481 736 536 cedem
753 491 1073 534 sumerem.
1098 474 1364 530 Vendere
1387 473 1488 530 tibi
1509 474 1642 529 volo
1664 474 1904 530 laudem
1919 473 2178 546 pudicis-

531 570 698 624 simee
751 565 1026 636 conjugis
1070 568 1187 619 tua:
1239 580 1252 629 ;
1306 564 1473 635 prius
1513 563 1662 619 mihi
1693 564 2030 619 mercedem
2074 563 2174 628 da,

526 654 876 729 pudicitiam
891 658 1056 709 tuam
1075 668 1086 707 :
1108 653 1205 718 da,
1235 653 1506 724 inquam,
1522 653 1812 724 etaccipe.
1833 653 2174 707 Humanum

523 745 658 800 dico
687 749 924 815 propter
951 742 1356 797 inﬁrmitatem
1417 747 1581 797 tuam
1627 758 1640 807 ;
1685 747 1832 811 puto
1861 740 2024 812 quod
2053 754 2176 795 non

525 834 600 889 sit
621 833 785 904 apud
809 837 862 888 te
889 831 1073 902 digna
1095 830 1412 902 Cypriana,
1431 834 1602 901 cujus
1620 830 1901 886 laudibus
1931 832 2176 899 antepo-

521 924 614 978 nis
645 938 913 978 amorem
945 921 1412 976 concubinarum
1443 925 1679 974 tuarum
1715 936 1725 973 ε
1763 918 1926 989 quod
1969 919 2175 989 utique

525 1011 729 1077 facies,
763 1011 811 1066 si
850 1025 1201 1081 permanere
1231 1009 1291 1064 in
1321 1009 1420 1064 illo
1444 1024 1669 1071 amore,
1711 1024 1896 1080 quam
1922 1007 1998 1061 ad
2034 1007 2174 1063 istas

522 1101 733 1158 laudes
749 1100 1055 1172 pervenire
1071 1098 1373 1155 malueris.
1391 1099 1432 1163 Q
1445 1097 1541 1152 uid
1559 1097 1704 1152 mihi
1719 1098 1801 1152 vis
1823 1102 2174 1167 extorquere

522 1189 848 1263 poscendo,
882 1204 1019 1244 cum
1058 1204 1167 1259 pro
1216 1191 1268 1243 te
1302 1187 1504 1243 videas
1554 1202 1682 1242 esse
1722 1185 1886 1257 quod
1920 1200 2102 1257 posco
2146 1183 2173 1238 ?

521 1280 668 1353 quid
697 1279 958 1351 precaris
981 1277 1306 1348 subjectus,
1328 1276 1486 1349 quod
1519 1281 1686 1347 potes
1713 1275 1922 1345 jubere
1949 1289 2176 1330 correc-

520 1375 616 1424 tus
635 1369 663 1423 ‘i
694 1367 991 1425 Mittamus
1015 1381 1267 1422 munera
1300 1365 1626 1437 spiritualia
1652 1365 1895 1434 conjugi
1924 1368 2036 1418 tuae
2072 1379 2085 1429 ;
2112 1368 2172 1419 tu

517 1458 933 1521 imitationem,
968 1472 1079 1527 ego
1111 1455 1372 1510 laudem.
1407 1456 1777 1525 Quanquam,
1812 1454 1966 1508 sicut
1992 1468 2174 1524 supra

519 1548 660 1612 dixi,
693 1546 934 1602 laudem
966 1545 1042 1600 ab
1073 1544 1420 1600 hominibus
1452 1545 1573 1614 jam
1611 1543 1710 1599 illa
1740 1559 1862 1598 non
1892 1549 2123 1615 quaerat
2151 1560 2168 1613 ;

521 1636 912 1691 imitationem
968 1649 1108 1689 vero
1155 1638 1319 1688 tuam
1352 1637 1587 1688 tantum
1625 1632 1837 1703 quaerit
1867 1632 2046 1687 etiam
2073 1632 2174 1687 de-

518 1724 742 1789 functa,
767 1729 1061 1796 quantum
1111 1728 1164 1776 te
1204 1722 1408 1776 dilexit
1437 1722 1613 1776 etiam
1637 1719 1986 1775 dissimilem
2015 1721 2168 1775 viva.

521 1813 752 1870 Faciam
797 1814 871 1869 de
911 1813 1009 1868 illa
1038 1812 1203 1883 quod
1234 1812 1342 1875 vis,
1389 1827 1526 1867 cum
1576 1816 1640 1866 tu
1687 1811 1893 1866 feceris
1923 1811 2087 1882 quod
2119 1815 2174 1867 et

518 1918 630 1971 ego
663 1902 799 1958 volo
823 1906 877 1956 et
904 1901 1021 1956 illa.

587 1993 640 2046 5.
677 1991 905 2046 Sienim
928 1990 1090 2045 dives
1108 1988 1203 2044 ille
1231 1989 1526 2060 superbus
1550 1992 1728 2060 atque
1756 1989 1997 2059 impius,
2020 1987 2174 2044 sicut

516 2082 576 2136 in
591 2080 907 2149 Evangelio
924 2079 1213 2134 Dominus
1231 2078 1513 2150 loquitur,
1538 2080 1637 2149 qui
1654 2077 2020 2133 induebatur
2036 2093 2172 2149 pur-

516 2184 665 2241 pura
695 2173 749 2223 et
793 2167 1000 2238 bysso,
1052 2170 1108 2222 et
1137 2165 1498 2237 epulabatur
1527 2165 1794 2238 quotidie
1837 2165 2170 2237 splendide,

517 2273 653 2314 cum
679 2257 974 2313 malorum
1003 2256 1348 2310 meritorum
1381 2270 1593 2326 poenas
1617 2255 1779 2326 apud
1807 2254 2028 2309 inferos
2053 2254 2172 2310 lue-

516 2353 624 2412 ret,
652 2362 847 2418 neque
877 2346 951 2401 de
978 2345 1166 2413 digito
1198 2345 1521 2416 contempti
1556 2350 1691 2400 ante
1713 2345 1968 2415 januam
2000 2361 2172 2400 suam

513 2436 796 2510 pauperis
828 2451 1000 2506 aquae
1027 2434 1243 2489 stillam
1276 2435 1590 2505 impetrare
1617 2434 1902 2489 valuisset
1936 2451 1949 2500 ;
1983 2449 2175 2489 recor-

517 2527 695 2583 datus
744 2529 830 2580 est
885 2524 1154 2594 quinque
1194 2522 1405 2577 fratres
1436 2539 1597 2589 suos,
1631 2527 1686 2577 et
1717 2522 1950 2591 rogavit
1979 2523 2054 2577 ad
2074 2538 2175 2578 eos

519 2614 799 2672 eumdem
828 2627 1159 2684 pauperem
1201 2611 1369 2676 mitti,
1417 2611 1590 2681 cujus
1620 2612 1888 2682 requiem
1927 2611 1985 2666 in
2039 2611 2174 2668 sinu

518 2703 775 2760 Abrahae
805 2701 982 2770 longe
1023 2699 1444 2772 prospiciebat,
1480 2715 1555 2755 ne
1585 2704 1642 2755 et
1670 2701 1784 2772 ipsi
1815 2701 2085 2756 venirent
2113 2702 2174 2756 in

519 2791 905 2848 illumlocum
935 2791 1556 2859 tormentorum(Luc.
1586 2806 1702 2855 XVI,
1729 2791 1912 2862 49-28)
1937 2806 1950 2844 :
1983 2806 2176 2862 quan-

519 2886 579 2938 to
615 2880 802 2952 magis
833 2885 935 2935 tua
965 2878 1096 2949 conj
1110 2893 1186 2933 ux
1216 2883 1268 2933 te
1295 2877 1645 2934 recordatur
1669 2878 1697 2933 ‘t
1721 2884 1952 2950 quanto
1982 2879 2175 2948 magis

520 2976 576 3028 te
606 2976 774 3026 casta
810 2983 932 3024 non
966 2967 1091 3022 vult
1120 2967 1195 3023 ad
1227 2983 1439 3038 poenas
1470 2969 1666 3023 venire
1702 2969 2098 3034 moechorum,
2129 2967 2177 3022 si

523 3059 732 3116 fratres
759 3073 900 3112 suos
927 3072 1036 3112 nec
1085 3057 1380 3128 superbus
1408 3057 1485 3112 ad
1517 3072 1727 3128 poenas
1766 3057 1968 3112 venire
1993 3056 2179 3111 voluit

524 3146 968 3220 superborum?
993 3151 1049 3201 et
1079 3163 1215 3201 cum
1245 3145 1424 3201 frater
1451 3146 1631 3202 nollet
1654 3146 1935 3202 fratribus
1965 3147 2025 3201 in
2051 3161 2178 3202 ma-

525 3238 596 3294 lis
619 3252 680 3292 se
702 3251 830 3290 esse
852 3234 1262 3304 conjunctum,
1285 3238 1511 3305 quanto
1539 3234 1737 3289 minus
1764 3234 1888 3290 vult
1916 3235 1978 3289 in
2001 3235 2176 3290 bonis

528 3325 858 3382 constituta
887 3323 1105 3394 conjux
1154 3323 1342 3376 virum
1381 3322 1442 3376 in
1470 3322 1641 3378 malis
1680 3323 1902 3378 habere
1941 3338 2181 3395 separa-

527 3421 651 3472 tum
686 3413 881 3484 iLege
904 3413 1101 3484 ipsum
1133 3411 1333 3466 locum
1355 3411 1415 3466 in
1448 3411 1768 3480 Evangelio
1810 3428 1821 3466 :
1857 3412 2064 3468 Christi
2095 3416 2182 3468 est

528 3519 641 3559 vox
655 3503 756 3574 pia
778 3519 795 3567 ;
822 3499 1002 3556 credo
1032 3502 1168 3555 Deo.
1201 3499 1370 3555 Doles
1388 3499 1656 3555 videlicet
1674 3501 1805 3570 conj
1819 3515 1994 3570 ugem
2020 3517 2180 3556 mor-

530 3597 717 3655 tuam,
742 3595 798 3646 et
818 3595 1015 3661 putas,
1044 3589 1088 3644 si
1121 3604 1256 3646 eam
1289 3588 1636 3654 laudavero,
1666 3590 1830 3661 quod
1869 3591 2018 3645 meis
2042 3590 2186 3646 aﬂ'a-

531 3681 690 3737 tibus
719 3677 1121 3735 consolaberis
1155 3695 1168 3743 ;
1196 3678 1357 3733 disce
1387 3678 1554 3750 quod
1580 3679 1812 3745 doleas,
1848 3680 1897 3733 si
1923 3696 2060 3735 cum
2088 3680 2188 3736 illa

533 3783 656 3824 non
687 3766 823 3822 eris.
870 3771 958 3822 An
997 3766 1188 3836 magis
1217 3766 1320 3822 tibi
1345 3767 1676 3822 dolendum
1708 3773 1794 3824 est
1831 3768 1997 3840 quod
2035 3784 2071 3824 a
2095 3784 2190 3824 me

532 3856 807 3913 nondum
832 3855 1135 3923 laudatur,
1167 3871 1353 3927 quam
1383 3855 1528 3911 mihi
1552 3857 1844 3928 quodate
1876 3873 1995 3912 non
2027 3873 2191 3914 ama-

535 3951 630 4004 tur
659 3947 687 4003 ?
733 3949 882 4002 Nam
915 3946 1112 4018 utique
1157 3945 1203 4000 si
1254 3961 1512 4011 amares,
1558 3962 1698 4002 cum
1746 3946 1846 4002 illa
1874 3962 2005 4002 esse
2057 3951 2193 4019 post

535 4040 790 4091 mortem
817 4035 1211 4099 desiderares,
1235 4050 1357 4105 quo
1391 4034 1654 4104 profecto
1680 4051 1800 4090 non
1831 4036 1964 4100 eris,
1989 4036 2194 4107 siqua-

537 4122 734 4194 qualis
767 4121 973 4177 estalis
1002 4123 1134 4176 eris.
1169 4123 1312 4176 Ama
1338 4138 1480 4187 ergo
1513 4125 1688 4192 cujus
1721 4124 1900 4194 exigis
1931 4125 2190 4190 laudem,

539 4224 617 4264 ne
665 4209 828 4280 quod
872 4209 1244 4264 mendaciter
1301 4209 1508 4278 exigis,
1560 4211 1718 4280 juste
1749 4212 2062 4280 denegem.
2095 4212 2195 4284 (Et

541 4297 667 4354 alia
699 4313 881 4354 manu
913 4314 931 4352 :
961 4300 982 4369 )
1007 4297 1299 4354 Dominus
1321 4297 1496 4354 nobis
1521 4299 1852 4370 praestetde
1876 4305 1974 4356 tua
2006 4300 2195 4357 salute

543 4386 826 4459 gaudere,
855 4387 1096 4445 domine
1110 4386 1510 4456 dilectissime,
1534 4392 1590 4444 et
1610 4387 1982 4446 honorabilis
1996 4390 2193 4446 frater.

1005 4517 1343 4574 EPISTOLA
1382 4516 1556 4574 CCLX
1585 4518 1603 4538 "
1632 4517 1734 4590 (α).

543 4640 764 4698 Audax
802 4639 1141 4712 Augustino,
1166 4639 1453 4710 ﬂagitans
1482 4640 1639 4696 mitti
1667 4639 1777 4695 sibi
1812 4640 2197 4711 prolixiorem

1208 4730 1541 4798 epistolam.

545 4844 798 4902 Domino
819 4860 956 4900 vere
997 4843 1358 4915 praedicabili
1387 4861 1456 4900 ac
1487 4845 1743 4901 nimium
1793 4846 2196 4918 suspiciendo,

615 4935 898 5005 omnique
930 4932 1177 4988 laudum
1211 4948 1426 5003 genere
1464 4935 1885 5007 prosequendo
1912 4937 2058 5007 patri
2089 4941 2201 4992 AU-

617 5027 1107 5088 GU8T1NO,AUDAI,
1149 5023 1209 5076 in
1241 5021 1496 5079 Domino
1528 5024 1803 5080 salutem.

613 5140 819 5198 Habeo
839 5139 1090 5212 gratiam
1108 5138 1484 5195 Bealitudini
1498 5143 1630 5205 tuae,
1656 5141 1805 5212 quod
1819 5141 2200 5199 libentermei

542 5231 865 5300 sumpseris
895 5234 1254 5286 tentamenta
1297 5229 1582 5284 sermonis
1614 5245 1632 5282 :
1683 5235 1819 5286 tunc
1847 5231 1998 5287 enim
2034 5231 2199 5288 bona:

538 5321 680 5388 ﬁdei
707 5321 847 5392 ﬁliis
878 5320 1062 5375 datur
1103 5318 1382 5384 auducia,
1419 5334 1549 5374 cum
1578 5319 1813 5388 paterni
1853 5321 2043 5389 fontis
2092 5322 2197 5376 im-

542 5411 742 5467 bribus
763 5409 948 5480 fuerit
979 5409 1264 5466 irrorala.
1299 5409 1622 5466 Provocavi
1659 5412 1853 5481 itaque
1882 5417 1955 5478 te,
2000 5411 2194 5467 dulcis

602 5578 630 5610 'l'
669 5579 850 5642 Epistt.
884 5579 1047 5629 CCLX
1074 5582 1126 5628 et
1155 5578 1343 5628 CCLXI
1374 5578 1582 5628 collatae
1617 5593 1738 5628 cum
1775 5595 1823 5628 a.
1859 5580 1925 5628 bl.
1953 5594 1998 5630 c.
2030 5595 2108 5636 cc.
2136 5580 2190 5630 II.

542 5655 595 5705 ε.
621 5655 711 5703 gv.
835 5658 883 5689 n.
922 5658 962 5689 r.
991 5657 1030 5689 s.
1062 5642 1140 5689 sb.
1170 5646 1210 5690 t.
1255 5656 1339 5694 vc.
1379 5647 1609 5703 quatuor
1635 5659 1683 5689 v.
1713 5646 1765 5690 et.
1803 5643 1934 5697 Edd.

603 5705 675 5751 (al
701 5705 742 5751 Α
766 5704 842 5751 ias
872 5705 959 5751 139
993 5717 1003 5751 :
1037 5718 1153 5751 aute
1183 5709 1362 5751 autem
1388 5707 1478 5751 260
1512 5710 1640 5751 erat.
1673 5707 1934 5751 nunc180.

603 5705 675 5770 (a)
701 5705 842 5752 Alias
872 5705 959 5752 139
993 5717 1003 5752 :
1037 5718 1153 5773 quae
1183 5709 1362 5755 autem
1388 5707 1478 5756 260
1512 5710 1640 5764 erat,
1673 5720 1815 5756 nunc
1834 5707 1939 5762 180.

1800 170 1868 226 s.
1912 168 2301 226 AUGUSTINI
2339 169 2660 254 EPISC-OPI

3813 169 3949 225 1076

2289 295 2545 363 antistes,
2571 312 2688 352 non
2715 302 2780 352 ut
2795 296 3089 367 praelargi
3106 296 3358 366 pectoris
3368 298 3659 367 pusillum
3687 295 3952 352 libamen

2287 386 2635 454 acciperem,
2681 386 2783 442 sed
2827 394 2888 441 ut
2935 386 3144 456 ingens
3191 388 3393 443 divitis
3426 388 3682 443 ubertim
3722 386 3952 454 ﬂumen

2287 474 2618 530 haurirem.
2686 476 3054 532 Thesaurum
3083 477 3395 545 sapientiae
3444 475 3808 540 desideravi,
3857 475 3954 529 sed

2285 563 2478 618 minus
2521 567 2724 633 accepi
2755 580 2930 635 quam
2966 566 3151 630 volui,
3195 566 3332 622 licet
3377 568 3575 622 minus
3601 581 3728 620 non
3786 564 3952 619 debet

2285 652 2421 723 dici,
2449 654 2551 710 sed
2597 669 2833 719 munus,
2880 655 3040 726 quod
3069 657 3386 712 oraculum
3429 657 3574 724 legis
3626 653 3954 709 contulerit

2283 742 2678 812 Augustinus,
2703 744 3257 814 sacratorjustitiee,
3273 744 3643 800 instaurator
3666 743 3952 811 spiritua-

2286 831 2353 887 lis
2378 833 2606 902 gloriae,
2655 832 3032 899 dispensator
3068 834 3285 890 salutis
3339 840 3595 890 aeternae.
3661 834 3813 889 Tam
3855 833 3956 887 tibi

2282 922 2626 978 mundanus
2655 921 2814 977 orbis
2841 928 3014 978 notus
3046 931 3148 988 est,
3181 939 3362 994 quam
3392 929 3628 979 notatus
3668 938 3694 988 ,°
3721 928 3853 977 tam
3897 930 3953 977 tu

2283 1010 2334 1067 ei
2357 1010 2647 1080 cognitus,
2676 1026 2855 1082 quam
2881 1011 3190 1080 probatus.
3228 1013 3380 1082 Opto
3411 1015 3612 1084 itaque
3638 1011 3951 1081 sapientiae

2275 1100 2521 1169 ﬂoribus
2562 1104 2749 1168 pasci,
2785 1108 2835 1157 et
2881 1103 3000 1157 vivi
3049 1101 3237 1169 fontis
3280 1103 3592 1158 haustibus
3632 1101 3948 1172 irrigari:

2279 1194 2500 1257 praesta
2532 1190 2963 1260 cupientiquod
2994 1190 3197 1262 utique
3223 1192 3429 1260 prosit.
3459 1193 3658 1247 Potest
3689 1192 3857 1246 enim
3873 1205 3951 1245 se-

2280 1278 2513 1333 minudi
2550 1277 2776 1334 roboris
2826 1279 3089 1336 velamen
3128 1281 3389 1350 genitale
3429 1280 3710 1344 viridari,
3756 1282 3814 1335 si
3845 1295 3954 1336 me-

2279 1368 2465 1423 ruerit
2507 1367 2623 1422 tuis
2652 1369 2862 1423 sensim
2913 1370 3154 1438 ﬂuentis
3194 1372 3424 1440 augeri.
3457 1370 3672 1440 Itaque
3706 1370 3957 1426 humili-

2282 1458 2421 1513 tatis
2453 1471 2591 1513 mete
2620 1459 2988 1526 praesentiam
3003 1459 3260 1528 spondeo
3291 1475 3408 1515 non
3441 1466 3558 1515 tam
3590 1460 3733 1514 stilo
3768 1474 3953 1529 quam

2282 1551 2433 1609 voto,
2467 1548 2516 1600 si
2556 1547 3028 1603 Venerabililatis
3062 1555 3178 1603 tua:
3208 1549 3435 1617 scripta
3467 1564 3578 1616 pro
3612 1548 3750 1603 visu
3781 1550 3826 1612 ¹,
3861 1563 3953 1603 re-

2283 1636 2495 1705 legero.
2527 1637 2744 1692 Divina
2783 1642 2837 1693 te
2866 1638 3175 1694 clementia
3201 1644 3442 1694 tueatur
3465 1638 3640 1694 annis
3670 1639 3944 1693 innume-

2279 1725 2385 1792 ris,
2415 1725 2650 1780 domine
2675 1727 3052 1782 venerabilis.

2405 1812 2508 1878 Cur
2537 1813 2664 1878 mihi
2695 1813 2815 1863 fons
2845 1815 2987 1864 orbis
3015 1828 3181 1878 parvo
3211 1829 3457 1866 sermone
3491 1816 3699 1865 meavit
3721 1815 3745 1862 ἢ

2404 1877 2482 1940 An
2517 1877 2696 1924 minus
2725 1881 2849 1938 apta
2872 1878 2982 1926 suis
3017 1877 3253 1940 speravit
3287 1879 3451 1927 corda
3481 1879 3704 1927 ﬂuentis
3734 1879 3761 1925 ?

2404 1938 2536 2005 Cum
2565 1943 2743 2005 pateat
2770 1953 2921 1988 mens
2939 1938 3115 1989 omnis
3137 1942 3310 2005 aquis,
3329 1941 3955 2005 spectetqueloquacem

2408 2001 2719 2063 Relligionis
2750 2015 2908 2064 opem
2937 2007 3119 2064 gratos
3140 2001 3210 2052 da
3237 2007 3255 2035 ²
3292 2001 3800 2056 εθῂεἰὺιιεῖωὺιιὸε.

2301 2103 2308 2111 .
2406 2064 2691 2128 Exspectat
2706 2078 2841 2127 quos
2860 2066 3019 2128 plena
3036 2066 3169 2115 tides
3188 2065 3378 2115 Christi
3395 2067 3459 2116 de
3477 2067 3662 2130 stipite
3681 2066 3952 2130 pendens.

2734 2146 3068 2202 EPIS’I‘OLA
3111 2148 3302 2203 CCLXI
3339 2149 3354 2163 ·
3383 2148 3484 2218 (a).

2281 2233 2654 2303 Augustinus
2681 2235 2920 2291 Audaci
2949 2237 3621 2306 excusatoccupationes
3656 2252 3829 2298 suas,
3855 2237 3956 2292 ad-

2352 2338 2592 2379 monens
2621 2330 2684 2378 ut
2733 2326 2823 2380 vel
2855 2325 3126 2380 intendat
3156 2326 3492 2382 evolvendis
3523 2325 3716 2395 ipsius
3749 2326 3946 2388 libris,

2353 2412 2444 2467 vel
2467 2427 2730 2480 prtesens
2763 2413 2974 2469 audiat
3002 2415 3195 2483 ipsum
3230 2416 3581 2486 loquentem.

2285 2501 2531 2556 Domino
2565 2501 2942 2558 dilectissimo
2975 2508 3029 2558 et
3068 2503 3127 2558 in
3159 2503 3383 2560 Christo
3417 2503 3842 2576 praedicando,
3873 2504 3953 2558 ni-

2354 2590 2663 2661 miumque
2695 2591 3071 2647 desiderabili
3107 2592 3266 2648 fratri
3295 2595 3526 2658 AUDACI,
3563 2597 3946 2660 AUGUSTISL‘S,

2353 2679 2414 2734 in
2449 2679 2703 2735 Domino
2737 2680 3012 2736 salutem.

2355 2769 2404 2822 1.
2425 2771 2666 2824 Brevem
2682 2769 2998 2840 epistolam
3014 2775 3201 2842 tuam,
3218 2771 3318 2827 sed
3336 2771 3511 2843 plane
3526 2772 3949 2828 vehementem

2284 2856 2695 2928 ﬂagitatricem
2728 2858 2973 2930 prolixa
3021 2861 3287 2932 epistolas
3317 2877 3490 2927 meae,
3525 2877 3648 2917 non
3700 2862 3947 2925 invitus,

2284 2945 2408 3003 imo
2449 2948 2625 3003 etiam
2669 2947 2833 3004 ltetus
2873 2949 3098 3021 accepi.
3132 2953 3259 3006 Non
3289 2951 3455 3024 quod
3501 2951 3680 3006 facile
3716 2950 3954 3006 sufﬁce-

2285 3051 2411 3091 rem
2441 3037 2730 3106 aviditati,
2765 3039 2867 3093 sed
2899 3038 3064 3110 quod
3091 3040 3419 3110 gratularer
3460 3040 3744 3096 Charitati
3791 3045 3910 3096 tua
3941 3059 3953 3106 ;

2286 3126 2428 3199 quia
2458 3127 2562 3182 etsi
2590 3142 2710 3182 non
2743 3126 2816 3182 de
2841 3126 3060 3183 idoneo
3091 3130 3336 3200 expetis,
3367 3129 3599 3185 bonum
3626 3136 3727 3185 est
3751 3134 3954 3185 tamen

2287 3215 2450 3287 quod
2478 3217 2720 3286 expetis.
2748 3215 2903 3272 Etad
2922 3215 3166 3287 longam
3185 3217 3430 3290 quidem
3454 3218 3782 3289 epistolam
3818 3234 3954 3274 con-

2287 3305 2670 3360 scribendam
2701 3305 2896 3375 magis
2925 3306 3065 3360 mihi
3099 3307 3286 3362 otium
3318 3323 3502 3378 quam
3526 3307 3788 3364 facultas
3816 3308 3958 3363 deﬁt

2287 3394 2749 3465 occupatissimo
2778 3393 3428 3452 scilicetecclesiasticis
3458 3399 3636 3463 curis,
3669 3413 3710 3454 a
3733 3397 3957 3470 quibus

2291 3482 2564 3554 pauculae
2600 3489 2936 3554 temporum
2971 3482 3137 3540 stillae
3184 3485 3278 3541 vix
3320 3491 3613 3554 recreant,
3660 3487 3754 3542 vel
3806 3488 3960 3556 cogi-

2295 3576 2515 3627 tantem
2567 3571 2814 3644 aliquid,
2845 3573 2935 3628 vel
2969 3590 3039 3629 ea
3069 3590 3206 3645 quas
3234 3576 3426 3645 magis
3468 3582 3692 3645 urgent
3724 3581 3782 3632 et
3817 3577 3958 3632 mihi

2295 3659 2570 3715 videntur
2585 3660 2849 3726 pluribus
2874 3662 3184 3734 profutura
3201 3663 3543 3731 dictantem,
3575 3664 3668 3720 vel
3697 3666 3958 3721 reﬁcien-

2295 3753 2414 3805 tem
2452 3750 2719 3821 corporis
2768 3752 2918 3805 vires
2966 3758 3180 3808 nostrte
3235 3753 3607 3808 necessarias
3649 3754 3949 3810 servituti.

2297 3842 2445 3895 Nam
2475 3839 2655 3894 verba
2687 3855 2805 3895 non
2833 3840 3071 3909 desunt,
3100 3841 3320 3913 quibus
3351 3843 3538 3913 possit
3563 3844 3763 3899 multa
3792 3845 3956 3900 char-

2298 3932 2355 3985 ta
2395 3928 2680 4000 compleri
2713 3946 2725 3995 ;
2775 3929 2880 3985 sed
2912 3929 3078 4001 quod
3110 3947 3143 3987 a
3174 3932 3348 3987 nobis
3379 3932 3438 3987 in
3471 3932 3693 3989 eadem
3740 3950 3953 3990 sermo-

2298 4017 2392 4072 nis
2420 4017 2750 4088 prolixitate
2781 4019 3112 4084 desideras,
3141 4020 3219 4076 ad
3247 4020 3361 4077 hoc
3387 4037 3482 4076 me
3511 4021 3811 4078 idoneum
3846 4039 3956 4079 non

2300 4122 2431 4162 esse
2462 4109 2813 4177 respondeo.
2846 4109 3212 4165 Thesaurum
3253 4110 3410 4166 enim
3438 4111 3754 4182 sapientiae
3789 4118 3843 4168 te
3861 4114 3954 4168 de-

2300 4196 2592 4252 siderasse
2609 4197 2835 4261 dixisti,
2866 4198 2967 4253 sed
2989 4198 3191 4254 minus
3220 4200 3519 4270 accepisse
3535 4216 3735 4272 quam
3771 4201 3956 4258 volui-

2302 4287 2392 4350 sti,
2421 4301 2557 4340 cum
2583 4301 2694 4355 ego
2725 4302 2792 4342 ex
2818 4287 2916 4342 illo
2948 4287 3228 4344 thesauro
3256 4289 3761 4347 mendicabunda
3793 4308 3958 4362 prece

2302 4374 2716 4447 quotidianam
2751 4377 2962 4447 stipem
2995 4392 3224 4447 rogem,
3259 4379 3470 4451 vixque
3496 4379 3858 4451 impetrem.

2373 4467 2425 4518 2.
2453 4462 2777 4520 Oraculum
2801 4469 3002 4520 autem
3023 4466 3166 4537 legis
3179 4465 3486 4537 quomodo
3505 4483 3667 4531 sum,
3693 4469 3777 4524 de
3800 4469 3896 4541 cuj
3909 4484 3964 4521 us

2300 4550 2436 4607 latis
2465 4557 2642 4623 atque
2662 4552 2874 4608 abditis
2895 4554 3301 4620 penetralibus
3344 4555 3540 4610 nescio
3573 4556 3766 4627 longe
3801 4559 3965 4630 plura

2302 4656 2489 4713 quam
2522 4641 2663 4706 scio,
2713 4643 2963 4715 ejusque
3002 4643 3355 4716 multiplices
3400 4645 3565 4700 sinus
3608 4661 3964 4718 Opacosque

2304 4746 2582 4786 secessus
2613 4730 2777 4786 adire
2809 4748 2877 4787 ac
2907 4737 3216 4804 penetrare
3245 4749 3365 4789 non
3407 4734 3578 4789 valeo
3611 4736 3776 4791 sicut
3816 4736 3962 4798 volo,

2304 4822 2361 4874 et
2387 4834 2482 4873 me
2512 4834 2633 4874 non
2657 4819 2816 4874 aliud
2844 4836 3028 4891 quam
3054 4822 3251 4876 minus
3273 4821 3524 4892 dignum
3551 4839 3688 4878 esse
3715 4841 3965 4895 cognos-

2305 4924 2374 4964 co
2408 4907 2436 4962 (ι’
2471 4909 2651 4965 Porro
2680 4917 2951 4965 sacrator
2969 4911 3220 4979 justitiae
3264 4912 3400 4982 quis
3431 4927 3563 4981 ego.
3597 4915 3698 4968 cui
3735 4931 3839 4971 me
3882 4931 3965 4969 ss-

2304 5002 2534 5054 cratum
2561 5014 2693 5052 esse
2733 5015 3131 5070 permagnum
3177 4999 3314 5056 est?
3344 5003 3624 5057 Jamvero
3650 5005 3836 5074 quod
3863 5007 3946 5059 in:

2303 5093 2667 5144 tauratorem
2697 5089 3033 5156 spiritualis
3061 5089 3268 5159 glorias
3297 5107 3389 5145 me
3420 5090 3696 5163 appellas
3727 5109 3741 5157 ;
3776 5093 3861 5150 da
3883 5111 3963 5148 ve-

2303 5177 2488 5242 niam,
2535 5177 2790 5232 multum
2821 5181 2911 5232 cui
2945 5178 3208 5250 loquaris
3238 5179 3482 5249 ignoras
3513 5196 3526 5235 :
3571 5180 3711 5250 ipse
3742 5186 3961 5257 quippe

2304 5265 2704 5322 adhucinhac
2733 5266 2918 5334 gloria
2937 5267 3018 5322 sic
3042 5267 3360 5332 instauror.
3395 5274 3457 5324 ut
3477 5270 3552 5324 de
3575 5271 3674 5326 die
3708 5273 3777 5328 in
3812 5274 3960 5330 diem

2302 5370 2422 5410 non
2455 5355 2648 5410 solum
2675 5363 2967 5426 quantum
3001 5357 3309 5426 accedam,
3341 5358 3443 5413 sed
3474 5363 3675 5414 utrum
3713 5366 3959 5419 omnino

2300 5443 2521 5515 aliquid
2551 5445 2858 5510 accedam,
2877 5444 3057 5500 latere
3078 5446 3390 5503 mefatear.
3419 5447 3961 5525 Dispensatorpla-

2359 5584 2373 5614 ¹
2404 5583 2550 5632 Tres.
2585 5582 2730 5637 Mss.,
2761 5582 2930 5644 jussu.

2358 5647 2376 5678 ι
2406 5645 2529 5692 Bad.
2563 5647 2676 5693 Am.
2717 5651 2765 5694 et
2800 5645 3046 5694 undecim
3072 5645 3215 5699 Mss,
3255 5644 3361 5694 dat.

2359 5707 2430 5772 (b)
2457 5709 2599 5760 Alias
2631 5710 2722 5757 140
2759 5723 2770 5758 :
2805 5723 2922 5776 qua:
2959 5713 3140 5761 autem
3165 5708 3251 5757 261
3277 5713 3406 5767 erat,
3439 5722 3584 5761 nunc
3624 5711 3744 5762 209.
