4138 6172
224 174 372 235 1077

221 316 303 359 ne
342 299 555 358 salutis
585 306 840 367 aeternae,
892 315 1030 358 cum
1077 302 1302 359 caeteris
1340 301 1883 360 innumerabilibus

192 390 528 448 'conservis
562 390 709 446 meis
736 407 891 446 sum.
925 391 1093 457 Quod
1125 392 1173 447 si
1210 391 1413 448 volens
1444 392 1614 458 facio,
1664 406 1881 447 merce-

220 479 361 535 dem
398 479 595 536 habeo
630 498 642 535 :
669 478 721 534 si
751 484 951 535 autem
980 480 1213 544 invitus,
1249 484 1478 536 tantum
1509 482 1880 554 dispensatio

219 569 369 625 mihi
393 568 619 625 credita
649 574 735 624 est
768 587 781 635 ;
812 584 1005 640 neque
1037 570 1195 625 enim
1218 586 1346 625 esse
1368 570 1573 625 salutis
1594 571 1748 626 illius
1765 569 1881 625 dis-

219 664 604 731 pensatorem
622 673 726 730 per
744 656 994 712 verbum
1015 674 1082 713 ac
1108 659 1581 725 Sacramentum,
1605 660 1732 730 jam
1763 658 1878 715 hoc

221 752 313 803 est
343 746 526 803 etiam
558 762 689 801 esse
730 746 1100 818 participem.
1136 750 1284 803 Nam
1316 748 1363 803 si
1395 764 1501 820 per
1530 747 1724 803 bonos
1756 763 1877 804 non

220 835 696 906 dispensaretur,
741 850 861 891 non
906 841 1059 891 recte
1103 836 1422 907 Apostolus
1470 836 1708 892 diceret.
1740 836 1877 892 Imi-

220 928 441 981 tatores
466 924 583 981 mei
603 930 781 981 estote
806 926 957 981 sicut
983 931 1037 981 et
1066 940 1170 995 ego
1202 925 1421 982 Christi
1449 928 1491 995 (ι
1530 926 1666 982 Cor.
1710 942 1784 996 iv,
1821 928 1873 994 1,

221 1014 336 1085 16).
390 1015 618 1069 Rursus
644 1013 692 1069 si
722 1028 827 1084 per
854 1013 1046 1070 malos
1087 1028 1206 1069 non
1248 1014 1719 1086 dispensaretur,
1750 1031 1875 1071 non

220 1102 299 1158 de
325 1101 693 1174 quibusdam
722 1101 1012 1157 Dominus
1042 1102 1263 1158 diceret
1291 1119 1303 1157 :
1359 1104 1495 1170 Qum
1527 1104 1754 1169 dicunt,
1778 1106 1877 1173 fa-

221 1191 371 1257 cite;
385 1206 517 1263 quae
537 1198 732 1247 autem
742 1192 1003 1259 faciunt,
1019 1192 1452 1261 facerenolite:
1466 1193 1674 1248 dicunt
1696 1192 1872 1262 enim,

220 1287 277 1337 et
302 1296 423 1336 non
440 1280 682 1347 faciunt
698 1280 934 1351 (Matth.
968 1296 1124 1346 xxiii,
1154 1282 1230 1350 3).
1266 1280 1423 1336 Multi
1455 1295 1597 1351 ergo
1637 1280 1876 1352 dispen-

222 1374 455 1425 satores
486 1373 645 1437 sunt,
682 1383 787 1439 per
817 1384 1079 1441 quorum
1119 1369 1507 1425 ministerium
1536 1371 1876 1441 pervenitur

219 1458 299 1514 ad
323 1462 612 1513 aeternam
633 1455 885 1512 salutem
918 1473 930 1512 :
952 1456 1055 1512 sed
1073 1457 1359 1529 quaeritur
1390 1457 1541 1512 inter
1569 1458 1877 1530 dispensa-

221 1550 377 1603 tores
396 1551 459 1602 ut
477 1545 672 1601 ﬁdelis
697 1545 1182 1619 quisinveniatur
1203 1547 1246 1617 (l
1264 1547 1397 1602 Cor.
1426 1563 1505 1613 iv,
1529 1546 1585 1618 2)
1610 1564 1623 1613 ;
1648 1552 1703 1603 et
1727 1548 1879 1602 inter

218 1635 382 1706 ipsos
398 1634 626 1697 ﬁdeles,
654 1635 712 1689 in
735 1650 995 1706 quorum
1015 1651 1111 1691 me
1130 1650 1381 1691 numero
1398 1635 1493 1690 ille
1509 1636 1612 1708 qui
1637 1652 1756 1692 non
1773 1635 1877 1692 fal-

216 1724 357 1781 litur
378 1729 702 1796 computet,
726 1723 879 1780 alius
892 1725 1093 1791 estsic,
1123 1724 1274 1781 alius
1304 1730 1505 1781 autem
1533 1725 1614 1781 sic
1638 1725 1753 1796 (Id.
1775 1741 1877 1791 vn,

216 1812 298 1883 7),
344 1813 496 1869 sicut
536 1812 857 1885 unicuique
905 1817 1057 1870 Deus
1106 1814 1354 1885 partitus
1404 1817 1495 1870 ast
1534 1829 1879 1870 mensuram

215 1900 364 1957 ﬁdei
396 1901 581 1973 (Rom.
610 1916 714 1969 xu,
746 1902 822 1973 3).

294 1992 350 2047 3.
382 1991 609 2062 Itaque,
627 1990 803 2047 frater
822 1991 1171 2047 charissima
1189 1996 1367 2063 atque
1385 1991 1757 2058 dulcissime,
1778 2008 1883 2064 pa-

224 2085 354 2137 scat
384 2085 438 2136 te
468 2080 757 2136 Dominus
781 2080 981 2153 potius
1020 2080 1327 2152 sapientiae
1365 2080 1633 2145 ﬂoribus,
1665 2086 1720 2137 et
1762 2081 1881 2137 vivi

225 2169 407 2226 fontis
418 2169 964 2238 haustibusirriget.
987 2169 1042 2225 Si
1057 2170 1200 2242 quid
1221 2173 1417 2226 autem
1440 2185 1546 2241 per
1564 2171 1879 2242 oparulam

223 2274 425 2315 meam
456 2258 909 2329 religiosissimo
934 2259 1131 2314 studio
1167 2264 1270 2315 tuo
1301 2259 1553 2315 conferri
1579 2274 1755 2331 posse
1783 2274 1880 2315 ar-

220 2347 487 2411 bitraris,
502 2347 644 2419 quia
657 2352 714 2403 et
730 2362 1016 2419 capacem
1040 2354 1095 2402 te
1109 2363 1240 2403 esse
1258 2347 1546 2417 intelligo,
1567 2354 1624 2403 et
1639 2347 1879 2403 avidum

222 2436 660 2506 sentio;magis
693 2435 884 2492 inalia
914 2441 1121 2493 nostra
1146 2437 1458 2509 opuscula,
1492 2453 1628 2509 quas
1672 2436 1877 2493 multis

220 2525 622 2581 volaminibus
644 2524 1247 2596 comprehenduntur,
1278 2526 1378 2582 tibi
1424 2526 1661 2582 animus
1685 2526 1877 2583 inten-

218 2612 458 2670 dendus
479 2619 587 2683 est,
619 2629 805 2686 quam
833 2629 939 2685 per
964 2614 1247 2685 epistolas
1268 2613 1494 2687 aliquid
1507 2615 1877 2687 sperandum

217 2704 382 2776 quod
409 2708 581 2759 tuum
610 2702 975 2759 desiderium
999 2704 1186 2775 possit
1212 2704 1469 2776 explere.
1498 2706 1778 2760 Autcerte
1816 2704 1876 2761 in

223 2792 545 2865 praesentia
575 2808 747 2848 sume
776 2794 940 2865 quod
966 2798 1198 2863 potero,
1231 2809 1414 2864 quam
1446 2797 1497 2849 te
1526 2798 1670 2864 puto
1710 2798 1875 2849 tuam

226 2880 404 2937 nobis
427 2881 562 2937 ideo
579 2896 699 2937 non
717 2881 1017 2947 exhibere,
1044 2882 1188 2954 quia
1217 2897 1337 2937 non
1369 2882 1456 2936 vis
1494 2898 1505 2936 :
1539 2882 1684 2952 quid
1715 2882 1876 2938 enim

224 2986 521 3043 magnum
553 2976 663 3039 est,
695 2970 1015 3042 adjuvante
1045 2970 1319 3036 Domino,
1346 2976 1407 3025 ut
1434 2970 1621 3027 homo
1663 2970 1812 3027 liber
1840 2986 1877 3028 a

219 3059 589 3132 cujusquam
618 3059 727 3116 loci
750 3074 995 3116 munere
1027 3059 1232 3116 venias
1249 3059 1327 3115 ad
1358 3075 1488 3126 nos,
1517 3061 1639 3115 sive
1671 3059 1878 3115 nobis-

218 3164 363 3205 cum
398 3148 500 3204 diu
553 3148 811 3214 futurus,
863 3148 988 3205 sive
1047 3157 1287 3221 peracto
1338 3148 1553 3205 saltem
1610 3148 1875 3220 pauxillo

222 3238 509 3309 temporis
530 3237 828 3294 rediturus
860 3238 888 3295 7

292 3329 349 3383 In.
366 3326 510 3383 Ecce
522 3342 674 3399 pene
697 3326 922 3383 factum
945 3330 1055 3392 est,
1083 3326 1249 3399 quod
1271 3326 1327 3381 in
1350 3325 1620 3400 quinque
1667 3341 1875 3383 versu-

218 3430 323 3471 um
343 3422 582 3472 tuorum
596 3416 765 3472 tertio
780 3415 1046 3487 posuisti,
1066 3420 1127 3471 ut
1139 3416 1335 3485 magis
1358 3415 1673 3487 loquacem
1687 3431 1874 3488 quam

218 3504 601 3576 eloquentem
614 3504 869 3561 haberes
892 3504 1205 3577 epistolam
1220 3520 1441 3560 meam.
1478 3506 1650 3569 Quod
1672 3509 1872 3561 autem

218 3594 280 3649 in
294 3593 505 3665 quinto
516 3599 697 3665 atque
712 3592 920 3649 ultimo
934 3609 1110 3649 versu
1123 3598 1349 3664 septem
1365 3592 1549 3664 pedes
1564 3598 1721 3659 sunt,
1738 3609 1871 3649 nes-

218 3682 312 3738 cio
346 3687 543 3738 utrum
576 3698 865 3738 numerus
896 3686 1065 3738 tuum
1094 3681 1295 3737 fefellit
1319 3683 1613 3748 auditum,
1654 3698 1733 3739 an
1773 3698 1874 3739 ex-

215 3771 398 3844 periri
441 3771 680 3827 voluisti
729 3777 930 3828 utrum
972 3787 1085 3843 ego
1134 3771 1335 3827 adhuc
1390 3771 1502 3827 ista
1541 3772 1874 3841 dijudicare

214 3859 619 3926 meminerim,
649 3876 787 3932 quas
825 3859 974 3916 forte
991 3860 1118 3930 jam
1143 3859 1306 3915 obliti
1335 3865 1475 3915 sunt
1526 3860 1632 3932 qui
1664 3860 1872 3917 talium

213 3948 546 4021 aliquando
586 3949 859 4017 studiosi,
891 3954 1101 4021 postea
1126 3948 1453 4021 plurimum
1485 3948 1543 4005 in
1571 3948 1875 4005 ecclesias-

220 4037 357 4093 ticis
378 4038 586 4095 litteris
600 4038 1002 4110 profecerunt.

285 4128 340 4181 5.
370 4126 716 4183 Psalterium
748 4131 1013 4184 a'sancto
1032 4127 1395 4200 Hieronymo
1424 4127 1781 4184 translatum
1802 4143 1875 4184 ex

216 4214 463 4272 hebran
503 4231 622 4272 non
646 4216 861 4273 habeo.
887 4216 1004 4272 Nos
1026 4221 1227 4272 autem
1243 4232 1357 4271 non
1387 4217 1747 4288 interpretati
1782 4233 1877 4272 su-

214 4320 379 4371 mus,
413 4304 519 4360 sed
533 4304 1149 4362 codicumlatinorum
1166 4304 1485 4360 nonnullas
1517 4305 1877 4363 mendosita—

217 4398 309 4451 tes
340 4409 414 4450 ex
458 4395 670 4465 graecis
712 4394 1157 4466 exemplaribus
1201 4394 1675 4451 emendavimus.
1710 4396 1875 4453 Unde

216 4482 487 4540 fortassis
506 4483 824 4539 fecerimus
846 4483 1075 4556 aliquid
1088 4483 1471 4539 commodius
1510 4500 1696 4555 quam
1724 4491 1873 4556 erat,

218 4587 344 4629 non
372 4578 571 4627 tamen
622 4572 736 4628 tale
764 4572 945 4644 quale
995 4589 1127 4629 esse
1176 4572 1446 4629 debebat.
1501 4576 1657 4629 Nam
1692 4573 1874 4629 etiam

215 4676 404 4726 nunc,
433 4676 571 4732 quas
589 4660 737 4717 forte
756 4676 863 4717 nos
894 4666 1035 4718 tunc
1061 4662 1488 4733 praeterierunt,
1523 4661 1575 4716 si
1613 4662 1877 4731 legentes

216 4750 539 4815 moverint,
566 4748 796 4806 collatis
826 4750 1133 4806 codicibus
1159 4749 1575 4805 emendamus.
1616 4751 1699 4806 Ita
1729 4750 1875 4806 illud

215 4839 385 4912 quod
409 4839 734 4911 perfectum
763 4844 872 4906 est,
891 4845 1083 4893 tecum
1109 4855 1220 4894 nos
1234 4854 1477 4912 quoque
1490 4839 1872 4911 requirimus.

662 4929 995 4984 EPISTOLA
1022 4928 1239 4984 CCLXII
1272 4930 1286 4944 '
1320 4928 1424 4999 (ιι).

215 5017 585 5087 Augustinus
616 5017 892 5082 Ecdiciz,
925 5032 1057 5087 quae
1108 5016 1394 5073 nesciente
1430 5017 1555 5073 viro
1580 5032 1685 5073 suo
1727 5017 1877 5073 bona

288 5104 395 5145 sua
408 5089 464 5143 in
478 5090 906 5159 eleemosynam
922 5088 1377 5151 distribuerat,et
1396 5088 1692 5145 viduatam
1710 5089 1878 5145 habi-

290 5167 416 5215 tum
440 5160 741 5225 induerat,
784 5161 1203 5217 correctionem
1220 5159 1461 5216 adhibet
1488 5176 1669 5231 quam
1710 5176 1876 5217 acer-

289 5234 524 5298 rimam,
542 5232 923 5304 injungensut
948 5247 1126 5301 super
1148 5232 1237 5288 his
1250 5232 1434 5302 faciat
1447 5234 1591 5288 satis
1609 5232 1736 5288 viro
1748 5248 1874 5289 suo.

223 5319 495 5377 Domine
532 5320 941 5392 religiosismie
983 5320 1118 5376 ﬁlias
1148 5322 1380 5392 Eculeus
1420 5322 1463 5386 ί,
1509 5326 1877 5386 AUGUSTINUS,

724 5393 782 5447 in
805 5392 1057 5448 Domino
1088 5391 1359 5447 salutem.

281 5501 297 5532 ί
320 5500 527 5550 Vetusti
558 5499 687 5550 Cdd.
712 5499 887 5549 Germ.
921 5502 974 5548 at
1000 5498 1186 5554 Corb..
1220 5498 1472 5561 Egdigiaa.

282 5561 302 5579 ⁸
330 5562 621 5627 Recognita
652 5562 721 5627 ad
751 5576 800 5612 a.
826 5578 885 5627 να.
926 5562 1189 5627 δεηωεο.
1223 5560 1299 5611 cc.
1330 5560 1412 5610 cb.
1443 5560 1500 5610 tl'.
1535 5575 1584 5625 g.
1606 5574 1694 5627 gg.
1714 5574 1803 5626 gv.
1830 5561 1872 5616 l.

224 5638 282 5674 ιι.
306 5638 348 5673 r.
381 5639 424 5673 s.
461 5624 538 5673 sb.
572 5638 658 5679 vc.
691 5626 783 5674 2t.
811 5626 838 5673 4
871 5638 919 5672 v.
950 5628 1001 5673 et
1030 5624 1159 5672 Edd.

284 5689 359 5751 (α)
385 5687 528 5738 Alias
554 5688 643 5738 199
670 5702 681 5737 :
719 5702 840 5752 quae
868 5688 1050 5739 autem
1082 5687 1174 5735 262
1203 5689 1332 5747 erat,
1370 5696 1514 5738 nunc
1535 5686 1649 5737 229.

1462 173 1967 235 EPISTOLARUM
2009 173 2296 233 CLASSIS
2336 174 2431 234 1V.

3505 172 3633 229 1078

2062 303 2112 357 1.
2130 302 2315 359 Lectis
2353 299 2559 359 litteris
2584 301 2947 359 Reverentia
2975 302 3110 366 tuae,
3134 302 3189 357 et
3212 314 3418 357 earum
3444 298 3633 372 perla-

1987 391 2481 461 toreinterrogato
2504 408 2637 464 quia
2666 390 3091 460 interroganda
3118 388 3443 453 restabant,
3464 387 3637 443 vehe-

1986 486 2218 536 menter
2241 479 2405 536 dolui
2433 480 2514 535 sic
2547 479 2868 535 tevoluisse
2898 495 3075 549 agere
3108 494 3245 533 cum
3280 477 3509 541 marito,
3576 480 3637 533 ut

1986 569 2300 624 aediﬁcium
2335 570 2735 632 continentiae,
2768 568 2932 641 quod
2982 569 3041 624 in
3079 583 3149 623 eo
3185 568 3314 638 jam
3374 566 3636 621 construi

1985 661 2267 730 coeperat,
2308 657 2538 713 amissa
2559 658 3000 729 perseverantia
3020 656 3075 712 in
3106 655 3635 711 adulteriiruinam

1986 746 2399 801 miserabiliter
2422 746 2735 802 laberetur.
2770 747 2915 801 Cum
2947 746 3105 801 enim
3130 744 3426 815 lugendus
3454 748 3630 809 esset,

1984 834 2033 890 si
2064 839 2196 907 post
2226 834 2646 891 continentiam
2681 840 2878 890 votam
2912 834 3309 903 Deo,jamque
3344 837 3478 888 actu
3504 833 3635 904 ipso

1986 924 2373 996 moribusque
2398 928 2761 995 susceptam,
2802 928 3191 979 reverteretur
3221 922 3299 978 ad
3362 922 3636 992 conjugis

1983 1027 2264 1079 carnem;
2293 1018 2519 1085 quanto
2552 1013 2744 1083 magis
2776 1028 2935 1068 nunc
2966 1012 3277 1068 demersus
3330 1011 3388 1064 in
3440 1010 3637 1065 interi-

1986 1107 2110 1158 tum
2142 1102 2593 1173 profundiorem
2615 1102 2913 1173 lugendus
2942 1106 3050 1167 est,
3083 1101 3185 1173 qui
3217 1104 3342 1156 tam
3380 1099 3638 1171 abrupta

1981 1190 2377 1247 dissolutione
2428 1191 2780 1256 moechatur,
2838 1190 3024 1247 iratus
3081 1190 3204 1255 tibi,
3263 1188 3635 1261 perniciosus

1983 1280 2116 1346 sibi,
2148 1286 2432 1352 tanquam
2451 1280 2510 1336 in
2534 1285 2586 1337 te
2600 1280 2875 1337 acerbius
2908 1280 3135 1344 saeviat,
3156 1281 3205 1334 si
3232 1280 3359 1350 ipse
3386 1285 3587 1349 pereat
3607 1277 3635 1331 ?

1984 1371 2102 1426 Hoc
2133 1375 2333 1426 autem
2362 1375 2593 1426 tantum
2625 1370 2764 1426 mali
2805 1369 3040 1436 accidit,
3075 1369 3219 1425 dum
3250 1372 3312 1423 tu
3349 1369 3481 1439 ejus
3510 1371 3636 1424 ani-

1984 1475 2151 1515 mum
2184 1474 2303 1514 non
2327 1459 2713 1531 quadebuisti
2738 1457 3421 1515 moderationetractasti
3456 1456 3638 1528 :quia

1984 1548 2089 1603 etsi
2120 1548 2347 1603 carnali
2370 1549 2669 1603 consortio
2694 1549 2826 1620 jam
2857 1563 2927 1603 ex
2960 1562 3263 1603 consensu
3312 1546 3480 1601 vobis
3510 1560 3635 1601 non

1984 1636 2425 1700 miscebamini,
2456 1637 2516 1691 in
2542 1638 2980 1693 cmteristamen
2998 1635 3177 1691 rebus
3198 1634 3499 1706 conjugali
3527 1634 3638 1690 ob-

1986 1725 2194 1798 sequio
2226 1725 2351 1781 viro
2374 1730 2475 1781 tuo
2503 1726 2945 1782 mulierservire
2966 1725 3223 1781 debuisti
3256 1742 3270 1789 ;
3305 1724 3637 1795 praesertim

1987 1831 2124 1871 cum
2151 1814 2332 1871 ambo
2358 1814 2564 1871 essetis
2597 1815 2869 1871 membra
2895 1814 3161 1886 corporis
3192 1812 3426 1870 Christi.
3450 1812 3638 1868 Etuti-

1987 1920 2106 1977 que
2138 1904 2187 1960 si
2218 1905 2501 1961 maritum
2531 1904 2836 1960 inﬁdelem
2862 1903 3054 1959 ﬁdelis
3084 1902 3426 1967 habuisses,
3461 1918 3638 1971 agere

1988 1997 2042 2049 te
2073 1994 2523 2050 conversatione
2550 1992 2791 2048 subdita
2823 1992 3101 2064 oportuit,
3135 1995 3197 2047 ut
3221 2006 3361 2047 eum
3386 1990 3638 2046 Domino

1986 2081 2324 2148 lucrareris,
2351 2083 2502 2138 sicut
2526 2082 2793 2155 Apostoli
2820 2084 3206 2138 monuerunt.

2057 2192 2109 2244 2.
2173 2189 2391 2246 Omitto
2445 2191 2605 2244 enim
2680 2189 2844 2262 quod
2915 2189 3108 2261 ipsam
3182 2186 3636 2252 continentiam,

1984 2276 2085 2332 illo
2112 2278 2384 2334 nondum
2438 2278 2691 2345 volente,
2722 2295 2843 2334 non
2874 2279 3207 2334 secundum
3240 2293 3453 2333 sanam
3497 2276 3638 2331 doc-

1986 2366 2205 2422 trinam
2240 2371 2292 2423 te
2315 2369 2647 2438 suscepisse
2678 2368 2955 2437 cognovi.
2986 2372 3188 2439 Neque
3218 2367 3375 2422 enim
3425 2381 3641 2437 corpo-

1984 2456 2069 2511 ris
2120 2457 2201 2511 tui
2260 2456 2461 2512 debito
2511 2457 2885 2513 fraudandus
2942 2456 3068 2523 fuit,
3144 2457 3497 2528 priusquam
3562 2455 3642 2511 ad

1986 2545 2133 2601 illud
2163 2545 2415 2611 bonum,
2476 2548 2635 2619 quod
2674 2552 2915 2619 superat
2962 2545 3312 2617 pudicitiam
3358 2545 3645 2616 conjuga-

1986 2634 2125 2699 lem,
2161 2639 2273 2690 tuae
2307 2635 2598 2692 voluntati
2629 2635 2904 2691 voluntas
2924 2650 3166 2707 quoque
3180 2634 3305 2705 ejus
3333 2633 3642 2699 accedret;

1936 2778 1941 2785 ,
1987 2722 2097 2778 nisi
2124 2722 2269 2778 forte
2294 2740 2414 2779 non
2439 2724 2670 2792 legeras
2704 2739 2814 2779 nec
2837 2723 3116 2779 audieras
3158 2723 3498 2779 attenderes
3552 2721 3646 2777 vel

1986 2827 2108 2868 non
2166 2813 2507 2868 attenderes
2554 2812 2910 2883 Apostolum
2932 2812 3225 2867 dicentem
3260 2828 3273 2866 :
3304 2811 3527 2867 Bonum
3563 2817 3646 2867 est

1987 2901 2214 2957 homini
2264 2902 2570 2956 mulierem
2621 2916 2739 2955 non
2798 2907 3043 2970 tangere
3103 2917 3119 2953 :
3159 2908 3400 2970 propter
3451 2900 3648 2969 forni-

1985 2992 2243 3047 cationes
2274 2998 2472 3046 autem
2504 2989 2910 3060 unusquisque
2939 3004 3187 3065 uxorem
3220 3003 3388 3044 suam
3437 2989 3648 3045 habeat

1984 3086 2037 3136 et
2066 3095 2430 3151 unaquaeque
2452 3096 2618 3135 suum
2650 3079 2843 3135 virum
2874 3078 3113 3135 habeat.
3155 3078 3343 3134 Uxori
3368 3078 3460 3133 vir
3489 3078 3645 3133 debi-

1982 3176 2105 3225 tum
2144 3169 2375 3234 reddat,
2417 3168 2691 3224 similiter
2738 3174 2931 3223 autem
2978 3172 3031 3223 et
3090 3181 3246 3223 uxor
3286 3166 3433 3221 viro.
3476 3166 3645 3222 Uxor

1982 3246 2101 3313 non
2133 3258 2307 3315 habet
2328 3262 2676 3326 potestatem
2702 3256 2965 3325 corporis
2995 3257 3110 3322 sui,
3126 3256 3227 3311 sed
3252 3255 3350 3312 vi:
3369 3256 3645 3311 similiter

1980 3354 2179 3404 autem
2206 3352 2258 3403 et
2288 3348 2511 3402 virnon
2544 3346 2723 3403 habet
2740 3348 3084 3415 potestatem
3116 3344 3382 3413 corporis
3406 3346 3519 3408 sui,
3537 3344 3641 3401 sed

1982 3436 2218 3492 mulier.
2253 3436 2443 3492 Nolite
2468 3435 2769 3505 fraudare
2796 3434 3066 3498 invicem,
3092 3433 3209 3489 nisi
3248 3448 3323 3491 ex
3352 3448 3639 3489 consensu

1983 3525 2064 3582 ad
2094 3531 2340 3593 tempus,
2384 3531 2447 3579 ut
2477 3526 2698 3580 vacetis
2729 3523 2986 3579 orationi
3012 3544 3033 3591 ;
3056 3530 3107 3579 et
3130 3524 3345 3579 iterum
3380 3521 3460 3578 ad
3481 3521 3641 3590 idip-

1983 3630 2112 3669 sum
2144 3619 2337 3678 estote,
2370 3628 2443 3669 ne
2472 3628 2571 3668 vos
2604 3618 2781 3669 tentet
2798 3612 3061 3669 Satanas
3096 3618 3342 3681 propter
3370 3610 3644 3679 intempe-

1984 3704 2240 3758 rantiam
2273 3708 2525 3759 vestram
2553 3701 2600 3770 (Ι
2632 3701 2770 3758 Cor.
2804 3717 2899 3765 vn,
2939 3700 3115 3771 1-17).
3137 3699 3477 3756 Secundum
3510 3699 3641 3755 haec

1984 3791 2168 3846 verba
2189 3790 2534 3862 apostolica,
2576 3790 2809 3845 etiamsi
2841 3804 2905 3844 se
2936 3790 3065 3860 ipse
3086 3789 3388 3844 continere
3417 3788 3643 3843 voluis-

1987 3886 2091 3951 set,
2121 3886 2250 3936 ettu
2280 3878 2881 3947 noluisses,debitum
2901 3878 3269 3934 tibireddere
3295 3883 3637 3947 cogeretur;

1983 3970 2134 4027 etilli
2166 3970 2653 4042 Deusimputaret
2679 3967 3130 4032 continentiam,
3160 3967 3345 4023 sinon
3376 3965 3641 4031 sum,sed

1981 4062 2101 4115 tuae
2123 4058 2343 4114 cedens
2374 4057 2722 4123 infirmitati,
2756 4072 2829 4112 ne
2873 4057 2929 4112 in
2970 4055 3245 4112 adulterii
3273 4054 3640 4125 'jdamnabile

1983 4148 2275 4220 ﬂagitium
2308 4147 2576 4212 caderes,
2601 4146 2939 4203 maritalem
2966 4145 3070 4203 tibi
3096 4145 3482 4202 concubitum
3516 4158 3639 4201 non

1985 4242 2229 4307 negarat
2263 4253 2275 4291 :
2308 4236 2744 4309 quantamagis
2779 4241 3053 4308 te,quam
3085 4235 3279 4305 magis
3303 4234 3639 4305 subjectam

1985 4342 2114 4382 esse
2141 4326 2443 4394 decuerat,
2486 4342 2559 4382 ne
2586 4326 2715 4397 ipse
2746 4342 2990 4398 quoque
3039 4326 3096 4381 in
3125 4323 3481 4379 adulterium
3513 4323 3641 4378 dia-

1984 4415 2181 4472 bolica
2209 4415 2892 4478 tentationetraheretur,
2922 4414 2981 4468 in
2994 4412 3301 4467 reddendo
3327 4411 3641 4480 hujusmo-

1984 4506 2044 4561 di
2075 4504 2281 4559 debito
2309 4502 2603 4559 voluntati
2635 4502 2760 4573 ejus
2793 4501 3212 4571 obtemperare
3252 4502 3633 4564 convenerat,

1984 4608 2123 4649 cum
2161 4592 2265 4647 tibi
2318 4591 2681 4646 voluntatem
2715 4589 3056 4645 continendi
3090 4591 3428 4659 acceptaret
3460 4586 3633 4656 Deus,

1984 4681 2129 4754 quia
2157 4684 2472 4753 propterea
2500 4694 2622 4735 non
2653 4678 2896 4747 faceres,
2930 4694 3003 4734 ne
3028 4678 3243 4750 periret
3267 4676 3519 4733 maritus
3544 4674 3572 4729 τ

2056 4793 2113 4845 3.
2156 4786 2497 4851 Sedhoc,ut
2526 4784 2667 4851 dixi,
2694 4785 2924 4847 omitto,
2968 4784 3259 4857 quoniam
3295 4787 3504 4855 postea
3529 4782 3633 4838 tibi

1984 4877 2205 4933 nolenti
2224 4875 2425 4931 sibiad
2453 4872 2761 4930 reddenda
2787 4872 3128 4944 conjugalia
3150 4872 3352 4927 debita
3378 4886 3636 4927 consen-

1986 4966 2111 5031 tire,
2146 4964 2223 5020 ad
2255 4963 2465 5018 eadem
2480 4961 2853 5019 continentiae
2884 4966 3059 5033 pacta
3088 4960 3217 5032 ipse
3240 4957 3564 5023 consensit,
3579 4965 3637 5013 et

1988 5058 2182 5109 tecum
2206 5051 2715 5107 continentissime
2746 5049 2848 5106 diu
2880 5049 3042 5113 vixit,
3077 5064 3308 5120 suoque
3334 5059 3636 5103 consensu

1986 5158 2021 5198 a
2052 5146 2298 5214 peccato
2323 5140 2423 5196 illo
2448 5156 2570 5213 quo
2601 5140 2653 5195 ei
2679 5139 2949 5195 debitum
2972 5138 3169 5193 carnis
3200 5136 3636 5208 negabas,ipse

1986 5237 2041 5288 te
2072 5230 2352 5288 absolvit.
2386 5232 2512 5285 Non
2543 5243 2685 5298 ergo
2698 5228 2899 5299 jamin
2931 5231 3032 5282 tua
3052 5241 3236 5281 causa
3265 5225 3377 5281 ista
3392 5223 3636 5279 vertitur

1986 5320 2260 5393 quaestio,
2294 5323 2491 5375 utrum
2517 5318 2708 5373 redire
2738 5316 2959 5372 debeas
2972 5315 3049 5371 ad
3071 5313 3459 5370 concubitum
3490 5313 3629 5373 viri.

1989 5409 2159 5476 Quod
2183 5408 2341 5465 enim
2375 5410 2491 5463 Deo
2510 5406 2634 5479 pari
2650 5420 2947 5462 consensu
2970 5403 3151 5461 ambo
3169 5404 3479 5467 voveratis,
3508 5416 3639 5472 per-

1988 5502 2329 5556 sevcranter
2347 5511 2531 5568 usque
2547 5495 2607 5551 in
2631 5494 2815 5550 ﬁnem
2828 5492 3075 5550 reddere
3098 5492 3280 5549 ambo
3298 5490 3594 5547 debuistis
3619 5506 3633 5544 :

1988 5602 2027 5646 a
2053 5602 2176 5660 quo
2196 5586 2500 5659 pr0posito
2532 5584 2580 5639 si
2610 5584 2817 5655 lapsus
2845 5588 2931 5638 est
2954 5581 3072 5648 ille,
3096 5586 3159 5638 tu
3195 5582 3409 5639 saltem
3466 5594 3638 5636 cons-

1985 5675 2319 5734 tantissime
2348 5686 2683 5750 persevera.
2715 5672 2887 5741 Quod
2906 5676 2961 5732 te
2992 5685 3113 5731 non
3133 5672 3499 5743 exhortarer,
3524 5668 3639 5728 nisi
