4138 6172
618 133 756 191 1079

617 260 764 334 quia
788 259 894 315 tibi
918 258 992 316 ad
1008 256 1259 328 hocipse
1285 255 1689 309 consenserat.
1706 253 1851 308 Nam
1869 252 1920 306 si
1952 266 2266 323 nunquam

618 349 911 407 tenuisses
941 348 1067 417 ejus
1091 358 1427 406 assensum,
1452 357 1738 396 numerus
1758 345 1809 396 te
1842 341 2040 396 nullus
2068 340 2266 395 defen-

621 439 804 496 disset
831 450 1147 496 annorum,
1167 432 1270 486 sed
1307 429 1892 502 postquantumlibet
1923 435 2158 502 tempus
2173 445 2267 485 me

622 526 1024 584 consuluisses
1083 522 1226 577 nihil
1280 521 1377 575 tibi
1439 519 1606 574 aliud
1644 519 2096 590 responderem,
2152 518 2265 574 nisi

621 617 782 688 quod
810 616 891 670 ait
919 611 1259 684 Apostolus,
1277 611 1441 667 Uxor
1465 626 1571 664 non
1597 608 2126 678 habetpotestateâ€”m
2143 624 2266 677 cor-

617 701 1005 774 porissui,sed
1020 702 1142 757 vir:
1156 700 1228 754 de
1246 716 1366 770 qua
1383 704 1670 769 potestate
1693 698 1772 752 sic
1791 699 1891 752 tibi
1905 698 2030 767 jam
2053 697 2268 768 permi-

617 799 774 849 serat
799 791 1246 854 continentiam,
1274 794 1335 843 ut
1351 805 1480 842 eam
1497 791 1690 842 tecum
1711 787 1905 857 etipse
1921 787 2262 858 susciperet.

687 905 739 955 4.
771 899 888 954 Sed
920 897 1065 953 illud
1094 901 1182 952 est
1211 895 1376 967 quod
1411 895 1610 948 minus
1650 899 1700 948 te
1733 894 2093 948 observasse
2126 908 2264 948 con-

615 990 834 1054 tristor,
864 987 1008 1060 quia
1036 990 1199 1041 tanto
1218 983 1502 1038 humilius
1535 987 1591 1037 et
1610 982 1988 1036 obedientius
2015 983 2064 1037 ei
2093 981 2264 1036 obse-

613 1079 718 1151 qui
749 1079 807 1133 in
863 1075 1196 1132 domestica
1227 1072 1680 1127 conversatione
1711 1071 1990 1139 debuisti,
2036 1074 2264 1141 quanto

612 1169 705 1224 ille
736 1163 1184 1237 religiosiustibi
1204 1178 1328 1217 rem
1345 1168 1460 1216 tam
1481 1176 1763 1229 magnam
1783 1160 1950 1214 etiam
1972 1158 2262 1214 imitando

610 1260 1005 1314 concesserat.
1041 1258 1188 1309 Nom
1220 1252 1378 1306 enim
1408 1251 1550 1322 quia
1585 1250 1805 1321 pariter
1839 1249 2275 1320 temperabatis.

611 1363 647 1403 a
673 1344 1096 1402 commixtione
1131 1340 1522 1402 carnali,ideo
1551 1344 1686 1395 tuus
1721 1341 1967 1393 maritus
1991 1336 2262 1392 essedes-

605 1438 798 1494 titerat
827 1453 838 1501 ;
870 1437 990 1490 imo
1020 1435 1330 1488 verotanto
1360 1430 1629 1484 sanctius
1651 1429 1801 1483 inter
1834 1444 1940 1482 vos
1973 1427 2260 1497 conjuges

603 1525 960 1588 manebatis,
990 1527 1216 1594 quanto
1249 1519 1548 1575 sanctiora
1613 1517 1988 1573 concorditer
2040 1516 2260 1588 placita

605 1614 958 1670 servabatis.
1003 1610 1152 1666 Nihil
1192 1624 1333 1678 ergo
1392 1609 1464 1662 de
1499 1613 1598 1663 tua
1642 1611 1823 1672 veste,
1872 1605 2018 1660 nihil
2048 1606 2122 1659 de
2155 1610 2258 1661 tuo

605 1719 752 1759 auro
785 1702 879 1756 vel
905 1705 1150 1772 argento
1184 1698 1275 1753 vel
1308 1711 1692 1769 quacumque
1724 1696 2002 1767 pecunia,
2029 1699 2133 1750 aut
2172 1711 2259 1749 re-

599 1792 707 1847 bus
747 1791 879 1846 ullis
920 1788 1164 1844 terrenis
1196 1787 1308 1841 tuis
1333 1787 1457 1840 sine
1483 1784 1726 1840 arbitrio
1760 1784 1888 1854 ejus
1932 1783 2128 1840 facere
2157 1784 2258 1838 de-

595 1881 799 1951 buisti,
833 1896 904 1934 ne
934 1877 1370 1934 scandalizares
1403 1875 1706 1930 hominem
1752 1874 1854 1945 qui
1890 1875 2006 1928 Deo
2061 1877 2254 1929 tecum

594 1971 825 2043 majora
854 1972 1112 2030 voverat,
1148 1972 1203 2021 et
1230 1966 1306 2020 ab
1345 1980 1416 2020 eo
1451 1965 1616 2035 quod
1657 1963 1730 2018 de
1756 1969 1856 2018 tua
1887 1978 2064 2018 carne
2094 1962 2254 2018 licita

593 2064 886 2133 potestate
913 2061 1115 2129 posset
1155 2055 1408 2124 exigere,
1443 2053 1817 2108 continenter
1856 2051 2247 2108 abstinuerat.

667 2173 717 2223 '5.
743 2166 1008 2237 Denique
1035 2164 1258 2219 factum
1283 2167 1372 2216 est
1404 2165 1467 2216 ut
1491 2159 1799 2215 vinculum
1847 2159 2246 2227 continentiae,

599 2271 720 2328 quo
752 2269 812 2309 se
833 2251 1193 2308 dilectusillc
1225 2251 1989 2318 innexuerat,contemptus
2003 2247 2251 2301 abrum-

602 2349 786 2418 peret,
814 2348 868 2398 et
894 2345 1076 2398 iratus
1100 2340 1202 2395 tibi
1245 2355 1364 2394 non
1400 2341 1668 2409 parceret
1708 2337 1838 2392 sibi.
1875 2337 2036 2393 Sicut
2088 2337 2247 2392 enim

591 2434 736 2491 mihi
768 2432 962 2488 retulit
987 2431 1248 2502 perlator
1278 2426 1544 2498 epistolae
1581 2431 1717 2491 tuae,
1748 2442 1883 2480 cum
1929 2425 2250 2494 cognovis-

589 2529 675 2580 set
704 2520 1087 2595 quodomnia
1101 2518 1191 2572 vel
1219 2532 1369 2588 pene
1402 2514 1760 2584 omniaquae
1791 2514 2079 2584 habebas,
2113 2530 2249 2569 nes-

591 2612 682 2668 cio
696 2610 916 2681 quibus
931 2607 1172 2662 duobus
1188 2603 1634 2660 transeuntibus
1649 2603 1950 2658 monachis
1965 2608 2245 2674 tanquam

588 2698 957 2773 pauperibus
977 2694 1285 2764 eroganda
1298 2691 1619 2746 donaveris
1653 2707 1666 2756 ;
1685 2695 1824 2746 tunc
1837 2691 1929 2745 ille
1943 2691 2246 2746 detestans

590 2805 693 2846 eos
727 2793 943 2852 tecum,
972 2789 1028 2840 et
1058 2798 1178 2839 non
1210 2782 1305 2837 Dei
1337 2795 1560 2845 servos,
1610 2780 1714 2836 sed
1768 2780 1985 2835 domus
2038 2782 2247 2837 alienas

589 2881 1017 2950 penetratores,
1050 2877 1106 2929 et
1143 2878 1273 2927 tuos
1305 2870 1702 2942 captivatores
1731 2875 1783 2925 et
1804 2869 2248 2941 deprmdatores

590 2970 970 3040 putans,tam
998 2970 1272 3020 sanctam
1307 2961 1605 3018 sarcinam
1631 2976 1815 3031 quam
1836 2966 2027 3016 tecum
2053 2961 2249 3016 subie-

591 3062 702 3123 rat,
733 3056 1080 3128 indignatus
1103 3051 1338 3123 abjecit.
1372 3051 1638 3106 lutirmus
1671 3050 1830 3104 enim
1859 3055 2002 3114 erat,
2036 3056 2092 3104 et
2115 3051 2249 3106 ideo

593 3147 722 3210 tibi,
755 3162 887 3217 quae
919 3144 978 3199 in
1009 3141 1318 3198 communi
1352 3140 1663 3212 proposito
1691 3139 1896 3194 fortior
1927 3139 2248 3208 videbaris,

593 3252 717 3293 non
745 3239 870 3290 erat
899 3231 1369 3305 praesumptione
1393 3229 1753 3294 turbandus,
1795 3229 1899 3284 sed
1935 3228 2251 3284 dilectione

596 3323 930 3399 portandus
956 3339 968 3377 :
1003 3321 1149 3393 quia
1175 3318 1405 3375 etiamsi
1431 3320 1504 3373 ad
1531 3319 1695 3388 ipsas
1710 3317 2125 3390 eleemosynas
2143 3318 2254 3373 lar-

595 3415 728 3485 gius
750 3410 1057 3468 faciendas
1092 3409 1240 3464 forte
1287 3407 1514 3479 pigrius
1548 3407 1919 3472 movebatur,
1959 3412 2166 3478 posset
2198 3412 2254 3462 et

595 3505 709 3560 ista
741 3501 1102 3562 condiscere,
1139 3497 1186 3552 si
1211 3497 1323 3552 tuis
1354 3495 1676 3567 inopinatis
1707 3511 1829 3550 non
1860 3495 2128 3550 feriretur
2155 3513 2252 3551 ex-

598 3591 820 3664 pensis,
876 3587 978 3642 sed
1043 3585 1396 3656 exspectatis
1431 3583 1780 3640 invitaretur
1811 3584 2129 3655 obsequiis,
2195 3591 2256 3640 ut

602 3679 780 3736 etiam
808 3678 921 3732 hoc
943 3674 1107 3747 quod
1143 3679 1361 3729 temere
1399 3672 1525 3728 sola
1566 3672 1773 3737 fecisti,
1805 3671 1994 3728 multo
2017 3673 2256 3728 consul-

602 3769 721 3826 tius
746 3765 1060 3822 dilectione
1100 3762 1404 3828 concordi,
1480 3761 1789 3833 multoque
1840 3761 2172 3817 ordinatius
2204 3767 2258 3818 et

602 3857 911 3916 honestius
943 3853 1122 3910 ambo
1170 3852 1439 3908 faceretis
1485 3867 1642 3917 ;nec
1693 3851 2260 3920 blasphemarentur

609 3948 759 4004 servi
793 3946 912 4010 Dei,
938 3944 984 3998 si
1003 3949 1205 4000 tamen
1229 3942 1342 3997 hoc
1369 3941 1627 4007 fuerunt,
1654 3941 1755 4012 qui
1777 3941 1990 3996 marito
2013 3941 2260 3996 absente

607 4042 788 4108 atque
818 4033 1135 4093 nesciente,
1165 4031 1243 4086 ab
1295 4031 1501 4100 ignota
1553 4029 1798 4085 muliere
1845 4035 1900 4084 et
1950 4030 2026 4085 ab
2062 4031 2263 4087 aliena

609 4139 796 4180 uxore
854 4125 1016 4178 tanta
1054 4124 1436 4189 sumpserunt
1471 4138 1482 4185 ;
1513 4123 1568 4173 et
1625 4118 1974 4174 laudaretur
2006 4120 2157 4173 Deus
2203 4119 2260 4174 in

612 4210 895 4284 operibus
921 4206 1151 4270 vestris,
1181 4221 1439 4277 quorum
1468 4209 1624 4260 esset
1667 4210 1791 4260 tam
1833 4206 1952 4260 fida
1986 4207 2261 4272 societas,

616 4305 678 4357 ut
709 4297 934 4356 avobis
959 4295 1358 4352 communiter
1392 4298 1708 4362 teneretur,
1742 4309 1861 4348 non
1879 4293 2070 4348 solum
2108 4310 2268 4350 sum-

616 4407 718 4448 ma
767 4387 1025 4452 castitas,
1072 4399 1280 4440 verum
1322 4384 1499 4440 etiam
1531 4383 1790 4454 gloriosa
1830 4388 2176 4455 paupertas.

690 4502 740 4558 6.
766 4491 1607 4564 Nuncautemjinconsiderata
1631 4491 2006 4546 festinatione
2033 4492 2270 4547 attende

617 4587 763 4660 quid
793 4583 1020 4641 feceris.
1054 4585 1122 4638 Ut
1142 4581 1302 4636 enim
1328 4581 1402 4636 de
1430 4580 1540 4636 illis
1556 4581 1881 4645 monachis,
1919 4597 1953 4635 a
1983 4580 2270 4652 quibuste

617 4678 744 4748 ipse
757 4690 878 4730 non
892 4669 1382 4735 aedificatam,sed
1397 4669 1711 4740 spoliatam
1726 4686 1853 4725 esse
1867 4670 2268 4740 conqueritur,

622 4764 898 4835 egobene
912 4758 1779 4831 sentiam,nechominipraaira
1802 4758 2106 4814 turbatum
2135 4774 2276 4815 ocu-

621 4855 747 4910 lum
769 4851 1036 4913 habenti,
1055 4853 1260 4904 contra
1278 4847 1374 4903 Dei
1403 4847 1655 4904 fortasse
1673 4847 1929 4903 famulos
1945 4847 2114 4903 facile
2129 4864 2270 4904 con-

623 4944 876 5001 sentiam
897 4958 910 5007 ;
927 4937 1220 5009 numquid
1239 4942 1470 4993 tantum
1487 4937 1713 4994 bonum
1741 4942 1850 5006 est,
1871 4937 2026 5008 quod
2043 4953 2271 5008 paupe-

622 5050 756 5092 rum
807 5044 1049 5088 carnem
1108 5025 1468 5097 largioribus
1523 5025 1918 5098 eleemosynis
1994 5027 2269 5093 refecisti,

622 5125 914 5196 quantum
944 5117 1172 5174 malum
1204 5120 1312 5183 est,
1347 5114 1510 5185 quod
1543 5115 1648 5170 viri
1682 5115 1764 5170 tui
1797 5120 2054 5172 mentem
2088 5133 2124 5172 a
2151 5121 2270 5171 tam

620 5212 784 5268 bono
815 5207 1120 5281 proposito
1148 5204 1429 5260 subruisti
1456 5204 1580 5260 ?An
1614 5204 1976 5276 cujusquam
2003 5205 2102 5260 tibi
2131 5211 2272 5260 tem-

618 5300 844 5375 poralis
878 5298 1044 5353 salus
1084 5295 1319 5351 charior
1364 5308 1495 5349 esse
1541 5293 1849 5358 debuerat,
1879 5310 2063 5364 quam
2097 5294 2271 5364 hujus

622 5395 844 5447 aeterna
870 5389 897 5445 ?
925 5389 1132 5442 Nonne
1172 5383 1219 5438 si
1248 5382 1600 5453 ampliorem
1628 5382 2095 5437 misericordiam
2117 5383 2272 5452 cogi-

625 5478 927 5544 tans,ideo
959 5474 1323 5548 pauperibus
1357 5487 1448 5528 res
1477 5478 1608 5527 tuas
1636 5487 1881 5539 erogare
1913 5471 2168 5536 differes,
2200 5487 2271 5528 ne

625 5566 1060 5622 scandalizatus
1093 5563 1343 5620 maritus
1370 5565 1504 5618 tuus
1545 5563 1660 5617 Deo
1693 5561 1924 5633 periret,
1970 5561 2273 5618 uberiores

625 5654 732 5714 tibi
761 5654 915 5709 Deus
941 5654 1353 5725 eleemosynas
1375 5651 1691 5724 imputaret
1718 5652 1746 5705 ?
1765 5651 2015 5709 Proinde
2045 5651 2092 5708 si
2113 5667 2273 5710 reco-

1894 123 1957 183 S.
2000 123 2378 182 AUGUSTINI
2419 120 2748 179 EPISCOPI

3837 133 3939 191 1080

2372 250 2442 306 lis
2472 249 2619 322 quid
2650 248 3568 322 acquisiveras,quandolucrata
3592 253 3770 311 fueras
3791 257 3940 316 virum

2376 343 2568 405 tuum,
2595 345 2656 394 ut
2681 345 2876 394 tecum
2909 338 3138 396 Christo
3190 341 3479 396 sanctiore
3528 344 3776 400 castitate
3810 350 3945 403 servi-

2373 434 2460 484 ret
2491 428 2786 497 ;intellige
2819 444 2924 500 per
2965 428 3095 486 illas
3139 429 3543 503 eleemosynas
3597 437 3738 496 tuas,
3772 436 3944 505 quibus

2374 533 2474 573 cor
2505 518 2633 588 ejus
2657 533 2930 573 eversum
2944 523 3052 584 est,
3086 525 3315 591 quanto
3338 521 3595 588 graviore
3629 521 3827 577 damno
3849 540 3944 594 per-

2373 621 2549 662 cussa
2576 606 2972 678 fueris,quam
3013 614 3151 663 sunt
3213 607 3315 664 illa
3357 607 3538 672 lucra,
3589 626 3712 681 quas
3741 612 3946 670 caelestia

2374 696 2701 766 cogitabas.
2740 697 2794 752 Si
2823 697 2983 752 enim
3015 697 3288 754 habetibi
3314 713 3594 767 magnum
3619 697 3794 754 locum
3816 703 3946 771 panis

2371 785 2592 840 fractus
2615 785 2914 850 esurienti,
2949 793 3246 858 quantum
3279 787 3572 842 locumibi
3603 788 3864 844 credenda
3888 799 3949 847 est

2369 873 2590 930 habere
2610 875 3163 947 misericordia,qua
3175 876 3358 932 homo
3371 876 3450 932 eri
3462 877 3610 947 pitur
3623 875 3948 943 diabolo,tan-

2370 979 2554 1036 quam
2579 965 2734 1020 leoni
2774 965 3047 1034 rugienti,
3071 971 3125 1020 et
3152 981 3333 1038 quem
3366 966 3604 1022 devoret
3647 967 3947 1038 inquirenti?

2441 1077 2492 1125 7.
2523 1075 2720 1142 Neque
2739 1071 2853 1126 hoc
2867 1072 2945 1126 ita
2961 1071 3232 1136 dicimus,
3263 1077 3326 1127 ut
3347 1073 3397 1126 si
3421 1073 3736 1143 quisquam
3755 1074 3946 1130 scanda-

2367 1159 2572 1216 lizatus
2605 1160 2775 1214 fuerit
2805 1160 2879 1214 de
2912 1160 3088 1216 bonis
3112 1160 3398 1232 operibus
3431 1163 3661 1225 nostris,
3692 1161 3760 1216 ab
3788 1163 3856 1216 eis
3881 1163 3948 1217 de-

2370 1249 2702 1305 sistendum
2731 1254 3037 1320 putemus;
3058 1249 3161 1305 sed
3195 1250 3312 1305 alia
3337 1265 3522 1305 causa
3546 1255 3631 1304 est
3660 1250 3946 1315 alienarum,

2368 1337 2488 1394 alia
2506 1337 2911 1392 necessarium
2945 1339 3004 1392 in
3032 1338 3310 1394 societate
3332 1338 3536 1409 aliqua
3578 1353 3943 1408 personarum;

2365 1425 2485 1482 alia
2513 1425 2726 1489 ï¬delis,
2745 1425 2858 1480 alia
2890 1425 3315 1491 infidelis;alia
3329 1433 3644 1498 parentum
3659 1442 3784 1496 erga
3813 1427 3948 1488 ï¬lios,

2365 1515 2482 1570 alia
2513 1515 2769 1571 filiorum
2789 1530 2931 1584 erga
2962 1521 3241 1586 parentes
3280 1515 3427 1571 :alia
3456 1520 3947 1587 postremoea,qua

2363 1605 2424 1659 in
2450 1604 2542 1660 his
2571 1604 2750 1659 rebus
2788 1603 2871 1658 vel
2906 1605 3166 1660 maxime
3199 1604 3490 1660 intuenda
3512 1610 3615 1669 est,
3645 1604 3741 1658 viri
3773 1609 3818 1658 et
3841 1619 3945 1658 uxo-

2363 1694 2462 1761 ris,
2493 1694 2594 1748 ubi
2619 1693 2926 1749 mulierem
2950 1694 3337 1764 conjugatam
3373 1710 3494 1750 non
3522 1693 3848 1761 licetdicere,
3875 1694 3946 1748 Fa-

2362 1782 2452 1838 cio
2479 1782 2645 1854 quod
2672 1781 2807 1838 volo
2837 1782 2911 1837 de
2945 1799 3078 1838 meo
3104 1800 3124 1847 ;
3157 1799 3294 1838 cum
3325 1791 3379 1838 et
3440 1783 3573 1855 ipsa
3602 1798 3713 1837 non
3751 1781 3812 1836 sit
3853 1796 3947 1840 sua,

2362 1872 2465 1926 sed
2497 1871 2710 1942 capitis
2736 1872 2844 1935 sui,
2883 1872 2994 1927 hoc
3023 1876 3111 1927 est
3167 1872 3276 1927 viri
3306 1873 3398 1928 sui
3423 1872 3605 1944 (Eph.
3630 1888 3680 1938 v,
3706 1871 3808 1940 23).
3834 1870 3946 1925 Nam

2359 1961 2442 2016 sic
2472 1961 2760 2031 quaedam,
2779 1965 3288 2016 utcommemorat
3316 1961 3624 2033 apostolus
3647 1963 3838 2022 Petrus,
3855 1975 3943 2012 mu-

2361 2051 2530 2107 lieres
2559 2057 2773 2106 sancta:
2800 2066 2926 2122 quae
2953 2050 3016 2104 in
3046 2052 3228 2106 Deum
3255 2050 3866 2119 sperabanl,ornabant
3886 2062 3942 2110 se,

2357 2139 2632 2208 subjeclw
2653 2141 2772 2195 suis
2790 2139 2929 2194 viris
2943 2158 2964 2193 :
2976 2139 3122 2194 sicut
3135 2140 3284 2196 Sara
3296 2139 3704 2211 obsequebatur
3716 2140 3754 2193 A
3767 2137 3933 2198 brahaâ€™,

2357 2229 2662 2284 dominum
2681 2244 2810 2284 eum
2828 2244 3065 2296 vocans,
3088 2229 3680 2301 cujus,inquit,factze
3696 2229 3812 2283 estis
3835 2227 3935 2294 ï¬lia?

2359 2318 2404 2389 (Î™
2451 2319 2608 2374 Petr.
2641 2335 2718 2380 Ill,
2747 2319 2861 2388 5,6)
2904 2336 2920 2388 Í¾
2951 2333 3086 2372 cum
3119 2318 3197 2373 ad
3229 2318 3617 2382 Christianas,
3652 2333 3761 2373 non
3788 2317 3937 2372 adlu-

2357 2407 2522 2462 dteas
2543 2406 2793 2462 feminas
2824 2406 3191 2478 loqueretur.

2425 2515 2478 2571 8.
2500 2515 2652 2580 Quid
2681 2521 2881 2570 autem
2916 2516 3132 2570 mirum
3163 2515 3209 2570 si
3231 2520 3782 2587 patercommunem
3801 2513 3936 2567 ï¬lium

2355 2604 2598 2660 nolebat
2627 2605 2806 2675 hujus
2840 2607 2969 2660 vita:
3000 2605 3419 2660 sustentaculis
3463 2621 3500 2660 a
3551 2609 3730 2660 matre
3758 2602 3936 2664 nudari,

2353 2695 2638 2764 ignorans
2652 2693 2798 2766 quid
2827 2698 3159 2749 sectaturus
3184 2699 3358 2759 esset,
3379 2711 3523 2749 cum
3546 2695 3603 2749 in
3643 2697 3794 2748 astate
3815 2707 3939 2760 gran-

2355 2783 2627 2839 diuscula
2676 2799 2803 2837 esse
2849 2783 3126 2854 coepisset
3152 2802 3168 2854 ;
3198 2788 3396 2839 utrum
3449 2782 3724 2838 monachi
3773 2779 3938 2852 profes-

2357 2873 2608 2938 sionem,
2642 2888 2716 2928 an
2761 2872 3230 2928 ecclesiasticum
3284 2872 3697 2935 ministerium,
3755 2886 3818 2926 an
3844 2883 3943 2924 con-

2354 2961 2574 3031 jugalis
2627 2962 3085 3017 necessitudinis
3123 2962 3423 3017 vinculum
3459 2962 3488 3017 â€˜i
3521 2961 3788 3027 Quamvis
3827 2960 3941 3015 enim

2360 3051 2435 3106 ad
2469 3050 2718 3106 meliora
2757 3051 3056 3107 excitandi
3102 3056 3157 3106 et
3195 3051 3517 3107 erudiendi
3546 3051 3662 3107 sint
3693 3049 3782 3105 ï¬lii
3819 3063 3943 3104 sanc-

2360 3146 2578 3204 torum,
2603 3141 3023 3212 unusquisque
3041 3147 3243 3196 tamen
3260 3141 3577 3212 proprium
3591 3141 3798 3196 donum
3817 3137 3944 3193 habet

2361 3246 2397 3286 a
2439 3232 2585 3296 Deo;
2611 3229 2758 3285 alius
2781 3231 2884 3295 sic,
2919 3229 3068 3285 alius
3089 3235 3286 3286 autem
3319 3231 3403 3285 sic
3437 3231 3480 3300 (l
3515 3231 3647 3285 Cor.
3682 3245 3763 3293 vu,
3789 3225 3945 3298 7).?tâ€˜isi

2361 3319 2508 3374 forte
2547 3319 2688 3374 talia
2719 3320 3091 3391 prospiciens
3119 3326 3173 3374 et
3204 3335 3554 3391 praecavens
3585 3317 3949 3391 reprehenden-

2362 3408 2476 3462 dus
2507 3415 2591 3462 est
2613 3415 2798 3477 pater,
2832 3425 2968 3462 cum
3005 3408 3214 3462 beatus
3252 3409 3576 3478 Apostolus
3606 3408 3752 3462 dicat
3780 3423 3791 3460 :
3828 3405 3948 3472 Quis-

2361 3497 2493 3569 quis
2521 3503 2715 3552 aulem
2735 3499 2856 3551 suis
2873 3504 2921 3552 et
2945 3497 3551 3553 maximedomesticis
3577 3513 3685 3553 non
3717 3494 3946 3564 providet,

2364 3587 2538 3657 ï¬dem
2571 3587 2842 3654 denegat,
2867 3594 2917 3641 et
2941 3586 3267 3655 estinï¬deli
3296 3587 3560 3642 deterior
3585 3588 3626 3657 (l
3666 3587 3800 3640 Tim.
3829 3600 3870 3648 Î³,
3896 3583 3946 3651 8).

2367 3677 2510 3730 Cum
2545 3691 2684 3731 vero
2717 3675 2790 3730 de
2824 3676 3107 3730 faciendis
3139 3675 3287 3746 ipsis
3318 3675 3711 3747 eleemosynis
3740 3676 3943 3746 loquere-

2367 3769 2479 3830 tur,
2523 3765 2604 3820 ait
2633 3777 2644 3815 :
2672 3765 2802 3819 Non
2829 3773 2889 3819 ut
2921 3765 3056 3820 aliis
3073 3765 3309 3836 refectio
3323 3765 3414 3830 sit,
3450 3767 3606 3822 vobis
3620 3772 3798 3821 autem
3817 3776 3948 3830 angu-

2367 3855 2479 3910 stia
2515 3855 2580 3924 (ll
2619 3853 2755 3909 Cor.
2799 3856 3053 3924 Vlll,13).
3124 3856 3340 3910 Pariter
3379 3871 3524 3924 ergo
3583 3853 3863 3910 consilium
3902 3848 3950 3901 de

2370 3942 2651 3998 omnibus
2669 3943 2986 4008 haberetis,
3003 3945 3222 4013 pariter
3237 3943 3696 3999 moderaremini
3726 3940 3846 4012 quid
3872 3939 3951 3992 the-

2373 4031 2801 4088 saurizandum
2835 4040 2986 4086 esset
3015 4033 3075 4088 in
3105 4032 3278 4097 coelo,
3317 4033 3463 4103 quid
3536 4032 3611 4088 ad
3664 4031 3785 4086 vitae
3824 4027 3951 4095 hujus

2374 4119 2769 4176 sufficentiam
2793 4120 2961 4175 vobis
2994 4125 3050 4175 et
3073 4121 3282 4176 vestris
3313 4126 3633 4193 vestroque
3670 4120 3779 4174 tilio
3821 4117 3948 4172 relin-

2377 4207 2707 4280 quendum,
2740 4224 2813 4263 ne
2849 4208 2978 4263 aliis
3015 4213 3167 4263 esset
3201 4209 3462 4276 refectio,
3494 4209 3661 4264 vobis
3689 4212 3862 4264 autem
3887 4217 3952 4257 an-

2377 4297 2587 4365 gustia.
2625 4299 2690 4352 Et
2716 4297 2770 4351 in
2827 4297 2917 4351 liis
2949 4296 3342 4367 disponendis
3395 4301 3576 4368 atque
3631 4293 3896 4352 faciendis,
3924 4288 3952 4340 si

2377 4386 2523 4458 quid
2547 4385 2646 4440 tibi
2678 4385 2825 4441 forte
2857 4386 3069 4441 melius
3098 4385 3399 4442 videretur
3414 4400 3758 4456 suggereres
3786 4383 3954 4436 virore-

2378 4479 2668 4539 verenter,
2701 4474 3092 4546 ejusdemque
3138 4475 3555 4530 auctoritatem
3609 4479 3866 4544 tanquam
3901 4466 3953 4521 tui

2378 4563 2585 4635 capitis
2617 4563 3332 4634 sequererisobedienter;
3353 4570 3412 4618 ut
3441 4579 3654 4619 omnes
3681 4562 3772 4634 qui
3795 4569 3953 4614 sanum

2381 4652 2619 4724 sapiunt
2662 4652 2904 4723 adquos
2935 4659 3134 4722 posset
3165 4652 3278 4707 hoc
3315 4651 3545 4708 bonum
3582 4657 3822 4707 vestrum
3845 4647 3956 4702 fama

2381 4742 2658 4814 perferre,
2687 4741 2760 4796 de
2796 4741 3014 4796 domus
3041 4748 3243 4797 vestrae
3267 4741 3458 4798 fructu
3502 4759 3572 4798 ac
3639 4757 3774 4813 pace
3803 4735 3957 4808 gaude-

2381 4835 2531 4897 rent,
2561 4839 2613 4886 et
2645 4831 3734 4889 adversariusrevereturnihilhabens
3755 4830 3818 4884 de
3840 4823 3956 4879 vobis

2381 4920 2576 4974 dicere
2609 4919 2790 4990 pravi.

2452 5027 2504 5079 9.
2540 5029 2716 5080 Porro
2749 5026 2890 5080 side
2924 5027 3208 5082 faciendis
3224 5027 3622 5099 eleeuiosynis
3644 5027 3767 5082 etin
3797 5033 3956 5095 paupe-

2382 5131 2475 5170 res
2508 5115 2927 5187 impendendis
2954 5116 3131 5172 rebus
3165 5117 3299 5180 tuis,
3324 5116 3397 5170 de
3427 5133 3548 5188 quo
3590 5116 3744 5171 bono
3765 5125 3902 5183 opere
3925 5110 3956 5158 el

2385 5219 2607 5274 magno
2634 5210 2751 5259 tam
2795 5205 3086 5261 evidentia
3114 5211 3407 5276 praecepta
3437 5212 3574 5260 sunt
3611 5203 3839 5265 Domini,
3864 5210 3956 5252 cum

2385 5294 2510 5348 viro
2545 5300 2643 5348 tuo
2677 5294 2831 5348 tideli
2858 5300 2911 5349 et
2945 5302 3136 5350 tecum
3181 5302 3387 5349 sancta
3432 5293 3794 5349 continentiae
3835 5291 3956 5359 pacta

2385 5387 2657 5438 servante
2682 5383 3000 5437 consilium
3057 5385 3504 5438 communicare
3556 5383 3810 5447 deberes,
3850 5375 3956 5444 ejus-

2385 5473 2643 5543 demque
2678 5487 2794 5526 non
2826 5488 3101 5542 spernere
3135 5472 3499 5527 voluntatem
3536 5474 3789 5543 ;quanto
3821 5461 3957 5530 magiS

2385 5561 2458 5616 de
2487 5561 2691 5617 habitu
2718 5567 2894 5634 atque
2928 5561 3136 5616 vestitu
3170 5561 3311 5617 nihil
3347 5561 3449 5617 tibi
3482 5566 3690 5631 praeter
3717 5558 3833 5628 ejus
3853 5550 3957 5609 arbi~

2389 5652 2545 5709 rium
2566 5651 2928 5710 mutandum
2968 5650 3054 5708 vel
3084 5651 3499 5725 usurpandum
3531 5650 3661 5719 fuit,
3693 5635 3957 5704 undenihil
