4138 6172
250 180 387 240 1081

247 305 534 366 divinitus
557 304 814 376 legimus
829 307 1228 379 imperatum?
1247 309 1530 381 Scriptum
1542 308 1898 382 estquidem,

246 396 526 453 mulieres
553 411 685 452 esse
730 396 950 452 debere
1002 398 1062 452 in
1091 397 1303 454 habitu
1351 403 1564 455 ornato
1609 398 1901 469 ;aurique

247 485 724 558 circumpositio,
761 491 815 541 et
845 487 1081 542 intortio
1130 488 1404 554 crinium,
1446 494 1502 544 et
1548 492 1759 544 caetera
1797 487 1903 541 hu-

237 574 508 645 jusmodi
534 590 672 646 qua
687 573 776 629 vcl
807 574 885 630 ad
910 576 1153 632 inanem
1185 593 1475 649 pompam
1500 577 1583 633 vel
1605 577 1680 632 ad
1713 575 1904 630 illece-

236 663 415 719 bram
443 663 650 718 forma
677 663 948 719 adhiberi
981 665 1172 720 solent
1201 668 1242 732 ¹,
1287 668 1493 722 merito
1541 666 1903 737 reprehensa

239 756 383 808 sunt
418 752 470 823 (Ι
509 752 654 808 Tim.
688 768 748 817 ιι,
789 754 867 822 9).
919 753 1025 809 Sed
1079 759 1165 809 est
1214 755 1461 826 quidam
1509 770 1618 826 pro
1655 753 1901 809 modulo

235 856 518 913 persona
555 841 798 896 habitus
831 843 1182 898 matronalis
1223 859 1258 899 a
1296 844 1521 899 viduali
1576 849 1736 898 veste
1775 842 1900 897 dis-

235 930 479 995 tinctus,
509 931 611 1002 qui
642 935 836 1002 potest
859 930 1136 987 ﬁdelibus
1167 934 1502 1004 conjugatis
1548 933 1715 988 salva
1766 931 1900 987 reli-

234 1020 430 1091 gionis
461 1019 845 1076 observantia
881 1021 1216 1077 convenire.
1261 1025 1426 1078 Hunc
1467 1027 1519 1078 te
1562 1023 1813 1078 maritus
1853 1021 1899 1075 si

231 1109 540 1181 deponere
574 1109 784 1173 noluit,
821 1124 895 1165 ne
929 1115 980 1165 te
1024 1109 1185 1166 velut
1233 1111 1480 1168 viduam
1519 1111 1618 1167 illo
1664 1112 1900 1166 vivente

228 1183 514 1265 iactares,
549 1204 694 1272 puto
725 1200 870 1272 quia
895 1215 1017 1256 non
1045 1200 1235 1257 fuerat
1263 1203 1322 1256 in
1354 1201 1466 1257 hac
1495 1218 1555 1257 re
1590 1216 1779 1273 usque
1821 1199 1898 1256 ad

229 1287 630 1344 dissensionis
663 1289 1019 1345 scandalum
1063 1289 1508 1360 perducendus,
1552 1289 1745 1362 magis
1774 1289 1898 1344 ino-

229 1377 550 1434 bedientia
584 1377 763 1443 malo,
813 1393 1001 1449 quam
1044 1378 1221 1433 ullius
1279 1379 1655 1435 abstinentia
1711 1379 1893 1433 bono.

230 1467 388 1532 Quid
408 1467 570 1522 enim
591 1465 1038 1530 estabsurdius,
1059 1483 1244 1538 quam
1267 1467 1577 1522 mulierem
1597 1466 1671 1522 de
1684 1466 1895 1521 humili

228 1560 399 1612 veste
429 1557 560 1612 viro
593 1555 920 1627 superbire,
941 1557 1038 1611 cui
1063 1562 1114 1612 te
1134 1557 1331 1627 potius
1355 1556 1654 1628 expediret
1675 1556 1898 1612 obtem-

229 1659 444 1716 perare
484 1645 759 1700 candidis
788 1644 1077 1709 moribus,
1111 1660 1300 1717 quam
1355 1645 1583 1714 nigellis
1634 1644 1895 1699 vestibus

223 1749 566 1806 repugnare
590 1735 617 1790 7
641 1734 792 1798 Quia
813 1735 918 1788 etsi
939 1739 993 1789 te
1016 1734 1436 1790 indumentum
1460 1733 1773 1790 monacha
1796 1733 1896 1788 de-

225 1823 506 1887 lectabat,
532 1824 708 1879 etiam
738 1823 852 1879 hoc
870 1823 1093 1892 gratius
1122 1828 1319 1894 posset
1339 1823 1554 1878 marito
1575 1823 1894 1878 observato

225 1919 597 1984 exoratoque
621 1911 800 1973 sumi,
827 1928 1012 1984 quam
1045 1911 1146 1967 illo
1206 1911 1544 1968 inconsulto
1579 1916 1894 1980 contemp-

229 2008 412 2072 toque
439 2001 740 2073 prasumi.
775 2001 946 2066 Quod
973 2001 1020 2055 si
1054 2001 1301 2057 omnino
1332 2016 1452 2056 non
1475 2001 1712 2065 sineret,
1745 1999 1893 2072 quid

230 2094 337 2147 tuo
370 2090 676 2162 proposito
717 2089 1013 2161 deperiret
1042 2091 1069 2147 i’
1102 2090 1265 2145 Absit
1294 2095 1356 2145 ut
1386 2090 1523 2144 hinc
1555 2089 1893 2160 displiceres

224 2180 368 2245 Deo,
401 2179 562 2251 quod
597 2179 854 2249 conjuge
884 2181 986 2234 tuo
1017 2180 1290 2234 nondum
1331 2179 1634 2244 defuncto,
1666 2194 1787 2234 non
1808 2180 1894 2234 in-

223 2267 494 2323 duereris
526 2267 890 2337 sicutAnna,
927 2267 1030 2322 sed
1063 2268 1213 2323 sicut
1238 2271 1534 2323 Susanna.

296 2357 381 2411 to.
412 2359 609 2428 Neque
633 2356 791 2411 enim
818 2361 873 2412 et
906 2356 1021 2420 ille,
1047 2357 1148 2428 qui
1193 2362 1387 2412 tecum
1433 2357 1561 2426 jam
1620 2359 1883 2428 caperet

220 2445 524 2501 custodire
541 2450 662 2501 tam
681 2461 968 2516 magnum
988 2446 1367 2501 continentia
1395 2445 1892 2510 bonum,etiamsi

221 2535 537 2605 conjugale
571 2549 689 2589 non
718 2534 954 2589 viduale
989 2534 1273 2591 voluisset
1309 2540 1368 2589 ut
1399 2533 1892 2605 acciperesindu-

220 2629 514 2688 mentum,
542 2624 617 2678 ad
640 2623 1013 2678 indecentem
1038 2639 1282 2695 quoque
1310 2629 1362 2678 te
1391 2623 1776 2695 compulisset
1799 2639 1890 2678 or-

223 2718 468 2768 natum:
492 2728 614 2784 quo
645 2713 751 2767 etsi
775 2711 979 2783 aliqua
1009 2712 1163 2768 dura
1204 2713 1546 2768 conditione
1575 2713 1887 2782 cogereris,

221 2818 438 2874 posses
462 2802 682 2857 habere
714 2803 772 2857 in
802 2803 1064 2873 superbo
1099 2802 1374 2858 cultucor
1389 2802 1630 2857 humile.
1667 2805 1889 2872 Nempe

223 2890 390 2962 apud
406 2895 623 2962 patres,
659 2889 973 2946 Estherilla
995 2891 1203 2958 regina
1227 2891 1415 2944 Deum
1440 2890 1673 2954 timens,
1703 2893 1886 2945 Deum

223 2979 446 3045 colens,
481 2981 600 3035 Deo
631 2979 892 3042 subdita,
953 2979 1165 3035 marito
1217 2980 1341 3048 regl
1389 2979 1736 3051 alienigena
1767 2994 1889 3034 non

225 3067 509 3126 eumdem
537 3084 741 3125 secum
772 3069 986 3124 colenti
1021 3072 1223 3133 Deum,
1253 3074 1450 3124 tamen
1485 3069 1757 3139 subjecta
1772 3083 1890 3122 ser-

221 3158 424 3214 viebat
449 3173 614 3230 ;qua
641 3173 780 3212 cum
802 3159 862 3211 in
892 3164 1157 3213 extremo
1182 3157 1464 3228 periculo,
1494 3172 1614 3212 non
1633 3161 1887 3212 suotan-

222 3250 373 3311 tum,
403 3247 508 3301 sed
539 3247 718 3302 etiam
751 3249 941 3316 gentis
964 3263 1106 3311 sua,
1135 3247 1238 3318 qui
1273 3253 1412 3302 tunc
1465 3251 1590 3302 erat
1621 3246 1886 3317 populus

225 3336 345 3399 Dei,
368 3335 618 3392 Domino
641 3335 1439 3406 prosterneretnrorando,in
1457 3335 1586 3406 ipsa
1609 3335 1881 3389 oratione

226 3440 340 3480 sua
365 3424 524 3490 dixit,
559 3425 639 3479 ita
666 3424 777 3479 sibi
809 3441 940 3478 esse
971 3430 1248 3480 ornatum
1279 3425 1532 3496 regium,
1563 3425 1713 3478 sicut
1741 3439 1886 3494 pan-

220 3527 373 3568 num
403 3513 827 3568 menstrualem
848 3513 1091 3583 (Esther
1111 3529 1224 3578 xiv,
1263 3514 1344 3582 16)
1377 3531 1390 3579 ;
1419 3520 1473 3567 et
1501 3512 1579 3568 ita
1611 3518 1884 3567 orantem

223 3601 538 3656 confestim
554 3601 985 3672 exaudivit,qui
1004 3602 1201 3657 cordis
1217 3603 1516 3674 inspector
1530 3617 1663 3656 eam
1683 3617 1889 3656 verum

226 3689 424 3745 dicere
456 3690 642 3744 scivit.
677 3693 739 3745 Et
770 3689 970 3762 utique
988 3689 1264 3745 maritum
1284 3690 1889 3746 liabebatmultarum

228 3779 551 3835 mulierum
568 3779 777 3845 virum,
797 3779 1115 3834 etdeorum
1131 3779 1462 3834 alienorum
1487 3779 1892 3849 falsorumque

229 3867 541 3924 cultorem.
567 3867 651 3922 Tu
682 3873 880 3922 autem
909 3868 955 3921 si
988 3872 1045 3921 et
1071 3867 1162 3922 ille
1194 3868 1252 3922 in
1279 3869 1580 3939 proposito
1613 3867 1773 3939 quod
1810 3872 1894 3922 te-

228 3973 370 4011 cum
397 3961 757 4027 susceperat,
795 3957 1159 4028 perduraret,
1203 3971 1312 4011 nec
1344 3972 1378 4012 a
1428 3961 1480 4012 te
1530 3957 1796 4011 oﬂensus
1831 3956 1890 4010 in

227 4044 525 4112 ﬂagitium
556 4043 894 4106 corruisset,
930 4044 1210 4099 maritum
1245 4044 1514 4099 habebas
1543 4061 1662 4099 non
1697 4044 1894 4100 solum

230 4133 494 4198 ﬁdelem,
519 4137 574 4189 et
607 4149 814 4188 verum
845 4137 1239 4188 Deumtecum
1255 4133 1568 4198 colentem,
1597 4134 1700 4189 sed
1715 4135 1894 4190 etiam

231 4223 636 4278 continentem
663 4239 676 4287 ;
710 4223 813 4293 qui
836 4222 1242 4294 proculdubio
1268 4223 1554 4294 propositi
1577 4223 1752 4278 vestri
1776 4239 1896 4278 non

231 4311 573 4380 immemor,
607 4311 716 4366 etsi
739 4310 815 4366 ad
829 4310 1240 4381 conjugaliate
1254 4317 1486 4382 cogeret
1518 4311 1893 4375 indumenta,

233 4400 314 4456 ad
341 4399 602 4471 superba
633 4405 832 4456 tamen
867 4405 1232 4455 ornamenta
1263 4415 1383 4455 non
1415 4407 1670 4470 cogeret.

319 4493 396 4543 tl.
436 4487 568 4544 Hac
603 4488 706 4543 tibi
734 4489 961 4558 scripsi,
996 4489 1286 4559 quoniam
1336 4505 1431 4544 me
1457 4491 1898 4545 consulendum

236 4577 482 4648 putasti,
517 4592 639 4633 non
673 4582 736 4631 ut
765 4582 936 4632 tuum
968 4583 1195 4633 rectum
1249 4577 1585 4633 institutum
1623 4593 1900 4633 sermone

236 4683 372 4722 meo
402 4665 758 4735 frangerem,
793 4667 897 4721 sed
924 4665 1086 4738 quod
1121 4671 1171 4721 te
1203 4667 1518 4721 inorditate
1563 4673 1618 4721 et
1665 4668 1901 4722 incaute

237 4761 472 4826 agente,
497 4754 607 4810 viri
630 4756 708 4810 tui
729 4754 945 4810 factum
963 4756 1046 4824 (a)
1071 4755 1356 4810 dolerem.
1391 4757 1466 4809 De
1481 4755 1651 4825 cujus
1667 4771 1902 4826 repara.

236 4845 394 4902 tione
415 4843 591 4899 debes
608 4843 1130 4898 vehementissime
1145 4843 1481 4914 cogitare,si
1501 4859 1632 4899 vere
1652 4844 1727 4900 ad
1745 4843 1903 4899 Chri-

221 4920 397 4990 stum
432 4933 517 4987 vis
547 4933 855 5003 pertinere.
887 4932 1291 5004 lndueitaque
1319 4932 1720 4988 humilitatem
1739 4949 1906 4989 men-

243 5023 342 5086 tis,
380 5027 436 5077 et
483 5026 545 5076 ut
577 5027 630 5077 te
677 5024 824 5076 Deus
891 5027 1200 5076 conservet
1245 5028 1748 5092 perseverantem,
1783 5022 1910 5093 noli

246 5111 520 5167 maritem
537 5115 915 5166 contemnere
931 5115 1296 5182 pereuntem.
1323 5111 1520 5166 Funde
1537 5128 1642 5182 pro
1657 5112 1753 5168 illo
1777 5113 1906 5184 pias

247 5207 305 5258 et
335 5201 616 5256 assiduas
646 5201 966 5270 orationes,
996 5200 1584 5272 sacriﬁcalacrymas
1615 5208 1906 5274 tanquam

312 5320 323 5349 ¹
355 5317 436 5365 Sic
469 5317 592 5365 Bad.
617 5318 743 5382 Am.
767 5317 927 5382 et_E_r.
942 5317 1143 5382 quibus
1167 5317 1533 5382 suffragantur
1555 5319 1676 5366 Mss.
1708 5332 1904 5382 magno

249 5393 534 5436 consensu,
574 5381 672 5427 nisi
706 5380 846 5442 quod
863 5379 1258 5428 Gallic.habent
1287 5381 1546 5435 ordinato,
1579 5396 1675 5442 pro
1694 5379 1904 5430 ornato:

252 5445 318 5489 At
342 5442 484 5504 apud
512 5443 634 5490 Lov.
658 5443 731 5490 sic
756 5443 902 5491 locus
923 5444 1018 5490 iste
1048 5443 1273 5490 refertur
1296 5458 1306 5490 :
1332 5442 1587 5504 Scriptum
1607 5450 1673 5492 est
1706 5446 1902 5505 quidem

251 5505 490 5553 mulieres
521 5519 621 5552 esse
656 5519 759 5552 non
791 5505 966 5569 debere
994 5506 1047 5569 in
1098 5505 1524 5569 habituornato,
1564 5507 1780 5569 aurique
1811 5509 1904 5554 cir-

249 5569 729 5631 cumeompositione
772 5573 816 5616 et
847 5568 1129 5616 intortione
1170 5567 1410 5622 crinium,
1467 5572 1512 5616 et
1547 5567 1726 5616 caetera
1776 5585 1902 5631 qua,

253 5634 384 5687 etc.,
419 5635 462 5678 et
490 5633 670 5680 merito
687 5631 992 5692 reprehensa
1020 5635 1161 5684 sunt,

316 5696 387 5756 (a)
417 5693 590 5758 Forte,
610 5695 850 5757 fractum,
881 5693 1084 5744 scilicet
1110 5697 1316 5744 rectum
1349 5693 1656 5744 institutum
1688 5693 1806 5743 viri.

1513 180 2023 241 EPISTOLABUM
2064 182 2351 241 CLASSIS
2387 185 2488 246 IV.

3522 178 3661 236 1082

2008 308 2298 368 vulnerati
2331 311 2691 383 sanguinem
2723 311 2935 368 cordis.
2967 314 3030 367 Et
3068 309 3258 366 scribe
3289 306 3366 364 ad
3397 323 3536 364 eum
3565 323 3666 364 sa-

2007 396 2425 466 tisfactionem,
2456 407 2665 472 petens
2693 399 3180 472 veniam,quiain
3209 413 3345 453 eum
3372 398 3649 469 peccasti,

2007 486 2170 557 quod
2202 489 2555 560 praterejus
2581 491 2898 546 consilium
2928 489 3351 545 etvolentatem
3387 487 3460 542 de
3479 486 3657 541 rebus

2008 576 2125 631 tuis
2154 576 2362 642 fecisti,
2387 579 2552 650 quod
2568 579 2910 634 faciendum
2924 578 3164 651 putasti,
3187 593 3306 631 non
3329 581 3387 630 ut
3404 583 3454 629 te
3467 574 3656 646 pani-

2009 667 2128 719 teat
2159 665 2430 720 tribuisse
2461 669 2847 739 pauperibus,
2875 668 2978 722 sed
3019 683 3156 722 eum
3187 665 3262 720 tui
3289 663 3422 720 boni
3457 663 3655 734 operis

2009 753 2346 825 participem
2359 761 2413 810 et
2427 756 2849 812 moderatorem
2867 757 3088 812 habere
3104 752 3656 810 noluisse.Promitte

2007 841 2081 897 de
2112 850 2323 898 catero
2343 845 2403 900 in
2430 846 2724 915 adjutorio
2755 846 3004 910 Domini,
3040 845 3088 899 si
3120 849 3173 899 et
3205 843 3371 898 illum
3395 846 3654 896 suatur-

2006 932 2292 1003 pitudinis
2307 935 2662 1004 panituerit,
2687 935 3184 990 etcontinentiam
3199 948 3385 1003 quam
3399 929 3657 985 deseruit

2005 1023 2360 1094 repetiverit,
2392 1028 2443 1078 te
2475 1024 2573 1090 illi,
2607 1025 2757 1080 sicut
2783 1025 2969 1092 decet,
3010 1023 3069 1078 in
3097 1021 3376 1078 omnibus
3409 1020 3654 1075 servitu-

2005 1128 2135 1166 ram
2167 1129 2179 1177 ;
2212 1128 2286 1167 ne
2313 1113 2479 1180 forte,
2520 1119 2581 1168 ut
2614 1114 2695 1169 ait
2724 1113 3064 1185 Apostolus,
3097 1112 3198 1167 det
3228 1110 3307 1165 illi
3351 1113 3499 1164 Deus
3526 1124 3656 1179 poe-

2003 1201 2334 1266 nitentiam,
2366 1206 2421 1257 et
2448 1203 2754 1274 resipiscat
2800 1203 2874 1258 de
2913 1201 3137 1258 diaboli
3174 1199 3426 1272 laqueis,
3473 1214 3508 1253 a
3532 1213 3655 1269 quo

2005 1290 2276 1362 captivus
2318 1296 2546 1346 tenetur
2576 1292 2910 1346 secundum
2962 1292 3151 1363 ipsius
3185 1289 3551 1344 voluntatem
3585 1287 3653 1354 (ll

2005 1379 2152 1434 Tim.
2187 1396 2244 1445 ιι,
2277 1381 2366 1445 25,
2398 1381 2509 1451 26).
2544 1381 2752 1436 Filium
2782 1385 2979 1437 autem
3037 1384 3316 1442 vestrum,
3364 1377 3654 1448 quoniam

2005 1469 2078 1524 de
2135 1469 2411 1538 legitimis
2439 1486 2578 1525 cum
2621 1477 2676 1526 et
2715 1470 2981 1525 honestis
3010 1469 3232 1540 nuptiis
3279 1465 3653 1537 suscepistis,

2007 1558 2196 1628 magis
2238 1560 2296 1613 in
2325 1560 2508 1629 patris
2540 1575 2722 1630 quam
2776 1559 2835 1614 in
2866 1563 2968 1614 tua
3020 1573 3147 1612 esse
3174 1559 3468 1627 potestate
3519 1553 3656 1625 quis

2006 1647 2226 1702 nesciat
2256 1648 2283 1703 ?
2318 1650 2378 1702 Et
2410 1648 2545 1702 ideo
2575 1648 2625 1702 ei
2658 1649 2862 1716 negari
2888 1663 3009 1702 non
3039 1649 3253 1717 potest,
3288 1644 3654 1713 ubicumque

2003 1735 2169 1790 illum
2196 1751 2325 1791 esse
2353 1737 2717 1805 cognoverit,
2747 1741 2802 1791 et
2849 1737 2986 1806 jure
3019 1733 3356 1806 poposcerit
3384 1749 3397 1787 :
3433 1747 3503 1786 ac
3550 1745 3656 1801 per

2000 1823 2115 1879 hoc
2144 1830 2202 1880 ut
2229 1825 2562 1880 secundum
2616 1830 2779 1880 tuam
2811 1825 3178 1880 voluntatem
3211 1824 3271 1877 in
3320 1822 3419 1876 Dei
3472 1818 3658 1890 possit

2002 1914 2210 1969 nutriri
2233 1919 2286 1969 et
2310 1915 2529 1969 erudiri
2555 1914 2866 1986 sapientia,
2891 1912 3232 1968 necessaria
3247 1915 3338 1966 est
3370 1909 3447 1964 illi
3475 1909 3652 1965 etiam

2002 2007 2197 2059 vestra
2226 2002 2568 2058 concordia.

2432 2092 2766 2148 EPISTOLA
2802 2091 3050 2147 CCLXIII
3076 2092 3094 2112 ο
3127 2090 3227 2161 (a).

2000 2181 2370 2251 Augustinus
2401 2181 2642 2249 Sapida
2669 2181 2901 2250 virgini,
2945 2179 3244 2236 renuntiat
3277 2191 3336 2233 se
3369 2174 3654 2247 accepisse

2072 2270 2331 2326 tunicam
2367 2270 2550 2338 ipsius
2577 2270 2848 2326 manibus
2890 2273 3226 2325 contextam
3247 2265 3455 2336 fratri,
3485 2280 3654 2336 quem

2073 2359 2200 2428 ipsa
2221 2365 2520 2414 mortuum
2558 2359 2795 2428 lugebat
2810 2361 3239 2429 ;jamqueeam,
3263 2355 3421 2427 quod
3432 2354 3656 2423 Sapida

2067 2447 2323 2517 praeberi
2344 2448 2456 2503 sibi
2469 2447 2748 2503 solatium
2790 2447 3139 2516 expetierat,
3168 2445 3456 2500 induisse:
3499 2447 3658 2499 cate-

2069 2553 2201 2591 rum
2217 2537 2550 2592 adhortans
2563 2537 2642 2592 ad
2656 2536 2982 2592 uberiorem
2999 2535 3391 2605 verioremque
3403 2548 3573 2589 conso
3581 2534 3660 2588 ta-

2071 2632 2289 2682 tionem
2306 2627 2719 2695 usurpandam
2733 2641 2808 2682 ex
2846 2626 3300 2695 Scripturarum
3316 2623 3660 2679 divinarum

2065 2715 2210 2783 ﬁde.

1999 2802 2267 2858 Domina
2293 2803 2760 2872 religiosissima
2791 2808 2849 2858 et
2881 2807 3100 2860 sancta
3124 2802 3259 2857 filia
3280 2803 3513 2870 ΞΑιηοΑι,
3547 2803 3653 2855 Αυ-

2395 2908 2656 2947 cusrmus
2687 2892 2746 2947 in
2760 2893 3009 2947 Domino
3029 2892 3304 2946 salutem.

2068 2981 2119 3037 1.
2142 2980 2353 3051 Accepi
2368 2980 2530 3052 quod
2548 2981 2807 3051 dejustis
2827 2985 2884 3034 et
2899 2981 3008 3052 piis
3025 2979 3348 3034 laboribus
3368 2992 3660 3032 manuum

1997 3074 2238 3126 tuarum
2263 3087 2356 3125 me
2373 3069 2642 3141 accipere
2658 3069 2915 3134 voluisti,
2937 3085 3008 3124 ne
3023 3073 3076 3123 te
3091 3066 3336 3137 gravius
3351 3065 3660 3121 contrista-

1995 3174 2143 3222 rem,
2169 3174 2352 3230 quam
2377 3157 2575 3229 potius
2607 3157 3039 3212 consolandam
3069 3155 3334 3209 viderem
3359 3172 3372 3206 :
3408 3168 3657 3225 praser—

1994 3249 2100 3304 tim
2131 3248 2274 3320 quia
2300 3248 2414 3303 hoc
2444 3247 2640 3319 ipsum
2671 3253 2838 3301 tuum
2872 3261 2991 3301 non
3045 3260 3304 3316 parvum
3357 3242 3660 3315 deputasti

1998 3354 2128 3393 esse
2160 3337 2463 3401 solatium,
2498 3336 2543 3390 si
2573 3351 2729 3400 eam,
2760 3352 2943 3407 quam
2977 3349 3266 3406 germano
3313 3337 3413 3388 tuo
3453 3337 3660 3388 sancto

1997 3427 2094 3481 Dei
2126 3427 2393 3482 ministro
2440 3425 2660 3480 feceras
2715 3425 2998 3486 tunicam,
3033 3439 3142 3495 ego
3191 3422 3506 3485 induerer;
3548 3436 3662 3476 cua

1993 3516 2120 3586 jam
2152 3531 2188 3571 a
2221 3521 2371 3571 terra
2404 3515 2784 3570 morientium
2811 3515 3095 3568 recedens
3121 3511 3297 3567 nullis
3325 3511 3505 3566 rebus
3535 3525 3664 3564 cor-

1995 3603 2379 3676 ruptibilibus
2412 3605 2717 3674 indigeret.
2756 3603 2882 3658 Feci
2913 3618 3056 3672 ergo
3089 3601 3252 3674 quod
3285 3598 3658 3665 desiderasti,

1997 3699 2052 3749 et
2082 3693 2518 3766 qualecumque
2547 3694 2659 3749 hoc
2691 3692 3144 3758 existimaveris,
3169 3691 3258 3746 vel
3279 3687 3661 3762 quantulum-

1998 3798 2258 3854 cumque
2287 3783 2589 3847 solatium,
2612 3788 2711 3837 tuo
2735 3797 2876 3852 erga
2899 3781 3140 3836 fratrem
3168 3780 3389 3850 pectori
3415 3794 3533 3834 non
3558 3795 3661 3834 ne—

1999 3871 2154 3942 gavi.
2183 3871 2429 3925 Missam
2450 3870 2557 3925 abs
2577 3875 2628 3925 te
2657 3871 2919 3924 tunicam
2944 3868 3168 3940 accepi,
3195 3868 3512 3940 etquando
3534 3867 3662 3921 hac

2000 3960 2077 4016 ad
2095 3966 2144 4015 te
2159 3960 2387 4030 scripsi,
2403 3975 2473 4014 ea
2490 3975 2581 4014 me
2597 3959 2938 4029 vestirejam
2953 3959 3444 4028 caperem.Bono
3458 3955 3662 4010 animo

2001 4041 2168 4112 esto;
2204 4048 2307 4103 sed
2339 4048 2528 4103 multo
2558 4048 2921 4112 melioribus,
2977 4046 3286 4118 multoque
3331 4044 3663 4114 majoribus

2001 4137 2511 4194 consolationibus
2527 4141 2706 4202 utere,
2724 4142 2783 4192 ut
2797 4137 3069 4192 nubilum
3085 4136 3168 4191 tui
3182 4136 3379 4191 cordis
3393 4135 3666 4190 humana

2001 4227 2342 4283 inﬁrmitate
2357 4230 2749 4292 contractum,
2767 4231 3068 4281 serenetur
3081 4226 3428 4281 auctoritate
3441 4224 3662 4279 divina:

2003 4321 2059 4371 et
2091 4321 2535 4388 perseveranter
2557 4315 2637 4370 ita
2659 4315 2810 4376 vive,
2840 4320 2902 4369 ut
2924 4331 3060 4368 cum
3089 4314 3264 4368 fratre
3298 4314 3493 4379 vivas;
3517 4327 3668 4383 quo-

2005 4406 2170 4461 niam
2201 4406 2284 4460 sic
2311 4410 2582 4459 mortuus
2617 4407 2705 4458 est
2737 4407 2874 4456 tuus
2903 4403 3097 4465 frater,
3129 4405 3192 4455 ut
3228 4400 3409 4454 vivat.

2076 4498 2128 4548 2.
2146 4496 2242 4547 Est
2259 4493 2502 4564 quidem
2521 4491 2793 4547 materies
2808 4491 3233 4561 lacrymarum,
3249 4487 3412 4560 quod
3432 4502 3666 4559 germa-

2007 4596 2152 4636 num
2172 4580 2515 4635 dilectorem
2537 4586 2724 4644 tuum,
2750 4584 2921 4650 teque
2940 4577 3265 4650 plurimum
3291 4592 3397 4647 pro
3422 4583 3523 4632 tua
3543 4576 3664 4631 vita

2007 4674 2063 4725 et
2089 4685 2272 4724 sacra
2301 4668 2655 4738 virginitatis
2678 4667 3039 4739 professione
3057 4671 3446 4729 reverentem,
3462 4665 3664 4720 diaco-

2008 4775 2150 4815 num
2183 4757 2661 4827 Carthaginensis
2696 4756 2965 4812 Ecclesia
2997 4771 3118 4810 non
3151 4754 3335 4818 vides,
3371 4754 3521 4808 sicut
3570 4767 3663 4807 so-

2010 4848 2197 4911 lebas,
2230 4847 2543 4901 intrantem
2575 4850 2630 4900 et
2655 4851 2988 4909 exeuntem,
3009 4849 3064 4899 et
3089 4844 3146 4898 in
3169 4843 3257 4898 sui
3281 4840 3660 4897 ecclesiastici

2010 4936 2186 4994 ofﬁcii
2219 4934 2560 4991 strenuitate
2587 4939 2959 4999 versantem;
2993 4938 3052 4989 et
3087 4931 3412 4989 honoriﬁca
3456 4930 3556 4985 illa
3586 4928 3663 4984 ab

2011 5042 2081 5081 eo
2113 5025 2290 5081 verba
2321 5040 2441 5080 non
2477 5024 2670 5089 audis,
2703 5039 2838 5095 qua
2888 5029 2998 5078 tua
3048 5020 3452 5094 germanitatis
3495 5032 3664 5072 sanc-

2011 5115 2180 5180 titati,
2203 5115 2517 5184 morigero,
2543 5114 2641 5186 pio
2658 5112 2996 5169 etofﬁcioso
3021 5109 3407 5182 impendebat
3429 5107 3660 5163 affectu.

2013 5204 2146 5259 Hac
2195 5219 2331 5258 cum
2377 5205 2729 5271 cogitantur,
2781 5207 2835 5256 et
2881 5197 3335 5256 consuetudinis
3384 5195 3664 5252 violentia

2010 5293 2324 5365 requiritur
2364 5292 2592 5364 (b),cor
2636 5290 2939 5362 pungitur,
2983 5294 3039 5344 et
3081 5293 3371 5360 tanquam
3419 5285 3663 5355 sanguis

2011 5381 2205 5438 cordis
2231 5381 2400 5437 tletus
2427 5381 2704 5437 exoritur.
2733 5380 2844 5435 Sed
2877 5394 3117 5434 sursum
3149 5377 3223 5433 sit
3254 5392 3374 5444 cor,
3421 5381 3478 5432 et
3522 5375 3663 5432 sicci

2071 5570 2088 5587 '
2124 5568 2237 5616 Non
2269 5570 2475 5630 reperta
2509 5567 2559 5614 in
2596 5565 2739 5620 Mss,
2768 5567 2989 5630 excepto
3016 5577 3124 5614 uno
3149 5564 3315 5630 Vatic.

2072 5633 2143 5694 (a)
2170 5631 2312 5694 Alias
2331 5627 2427 5678 ’248
2453 5644 2462 5675 :
2501 5643 2619 5694 qua
2649 5631 2830 5677 autem
2860 5627 2950 5677 263
2973 5631 3103 5686 erat,
3129 5641 3271 5677 nunc
3300 5627 3408 5676 230.

2073 5691 2141 5757 (ὁ)
2179 5693 2353 5749 Forte,
2386 5691 2624 5742 recurrit.
