4140 6174
461 178 605 240 1083

452 310 627 366 erunt
651 305 828 364 oculi.
862 305 1059 378 Neque
1084 304 1244 360 enim
1268 303 1412 376 quia
1441 303 1575 366 ista.
1608 319 1744 377 quae
1774 303 1876 360 tibi
1899 319 2115 360 maeres

458 412 592 454 esse
620 397 943 458 subtracta,
978 409 1086 448 suo
1119 393 1427 463 temporali
1452 408 1631 448 cursu
1685 393 2116 465 praaterierunt,

456 486 590 544 ideo
621 482 903 556 periitilla
929 481 1185 537 charitas
1217 497 1338 552 qua
1357 481 1695 538 Timotheus
1721 482 1798 554 (a)
1832 482 2115 552 Sapidam

457 576 682 636 dilexit,
714 578 770 628 et
799 571 1026 642 diligit:
1061 577 1263 627 manet
1310 571 1408 626 illa
1456 577 1690 627 servata
1735 572 1793 628 in
1839 572 2118 627 thesauro

459 680 587 727 suo,
621 667 678 717 et
699 661 1050 716 abscondita
1075 665 1163 716 est
1190 675 1328 715 cum
1363 660 1591 716 Christo
1618 662 1675 716 in
1706 661 1977 717 Domino.
2008 660 2118 727 Qui

455 752 710 820 diligunt
737 765 976 812 aurum,
1013 749 1310 821 numquid
1350 748 1604 819 perdunt
1632 750 1880 821 quando
1909 765 2117 804 recon-

459 841 652 897 dunt?
682 853 882 908 nonne
939 843 1075 894 tunc
1108 838 1183 894 de
1244 838 1366 903 illo,
1413 843 1705 910 quantum
1747 839 1871 894 fieri
1907 843 2118 910 potest.

465 929 792 986 securiores
825 927 992 993 ﬁunt,
1035 944 1174 984 cum
1204 934 1500 984 remotum
1533 944 1569 985 a
1599 929 1724 984 suis
1767 929 1955 984 oculis
1977 928 2120 983 locis

460 1018 772 1076 tutioribus
804 1016 1086 1074 servant?
1127 1019 1289 1073 Itane
1337 1033 1478 1074 vero
1533 1022 1767 1074 terrena
1824 1018 2120 1090 cupiditas

460 1108 748 1165 munitius
780 1123 841 1162 se
867 1106 1088 1162 habere
1120 1111 1311 1177 putat,
1345 1106 1394 1161 si
1440 1121 1560 1161 non
1603 1106 1799 1164 videat
1846 1106 1904 1162 id
1953 1105 2118 1178 quod

459 1201 627 1254 amat
649 1215 666 1267 ;
697 1200 754 1252 et
781 1196 1034 1252 ccelestis
1057 1196 1319 1252 charitas
1343 1196 1521 1261 dolet,
1543 1202 1832 1266 tanquam
1857 1196 2120 1252 amiserit

460 1285 626 1359 quod
652 1287 713 1340 in
739 1286 950 1341 horrea
975 1300 1238 1356 superna
1277 1284 1649 1356 praemiserit.
1681 1285 1920 1357 Sapida,
1954 1285 2120 1356 quod

459 1375 693 1431 vocaris
707 1374 966 1440 attende,
983 1379 1186 1447 etquae
1203 1390 1444 1429 sursum
1463 1378 1602 1429 sunt
1617 1390 1779 1446 sape,
1799 1375 1899 1431 ubi
1919 1373 2118 1430 Chris-

461 1471 559 1521 tus
586 1467 678 1520 est
707 1465 780 1520 ad
815 1463 1124 1520 dexteram
1157 1464 1257 1518 Dei
1286 1463 1500 1519 sedens
1539 1463 1787 1531 (Coloss.
1834 1479 1916 1528 in,
1966 1467 2076 1532 l-3)
2103 1480 2116 1528 ;

461 1553 566 1626 qui
588 1569 697 1625 pro
729 1552 899 1608 nobis
917 1553 1202 1623 dignatus
1229 1552 1499 1618 estmori,
1519 1553 2118 1608 utviveremusetiam

463 1642 682 1698 mortui
707 1659 720 1707 ;
747 1647 802 1697 et
825 1657 898 1696 ne
921 1658 1081 1696 mors
1113 1643 1244 1712 ipsa
1265 1643 1343 1697 ab
1369 1643 1636 1706 homine,
1672 1647 1962 1714 tanquam
1983 1657 2120 1696 con-

463 1735 778 1801 sumptura
805 1730 1132 1796 hominem,
1177 1731 1516 1799 timeretur;
1579 1747 1688 1786 nec
1746 1736 2120 1786 mortuorum

463 1820 811 1892 quisquam.
848 1835 953 1890 pro
983 1820 1205 1890 quibus
1237 1821 1351 1876 vita
1383 1825 1618 1876 mortua
1661 1825 1769 1886 est,
1830 1825 2118 1892 tanquam

462 1910 646 1965 vitam
677 1907 1016 1978 perdiderit,
1045 1909 1361 1966 doleretur.
1397 1913 1528 1964 Haac
1557 1914 1734 1981 atque
1768 1908 2120 1979 hujusmodi

464 2001 568 2053 tua
581 1997 912 2053 sintdivina
936 1996 1146 2053 solatia
1169 1998 1390 2070 quibus
1416 1997 1726 2054 erubescat
1747 2002 1803 2054 et
1823 2000 1995 2054 cedat
2015 1998 2122 2054 hu-

466 2101 650 2142 mana
677 2086 925 2140 tristitia.

537 2179 589 2230 3.
605 2178 730 2231 Non
743 2175 980 2246 quidem
999 2174 1469 2230 succensendum
1486 2177 1656 2232 estde
1668 2176 1863 2231 charis
1879 2175 2122 2232 mortuis

467 2263 655 2320 dolori
689 2263 1068 2328 mortalium;
1111 2263 1216 2320 sed
1248 2264 1566 2320 diuturnus
1592 2265 1764 2321 dolor
1794 2280 1915 2321 non
1946 2265 2123 2322 debet

465 2368 594 2409 esse
609 2352 896 2408 ﬁdelium.
915 2354 970 2410 Si
987 2369 1129 2422 ergo
1144 2369 1254 2409 con
1266 2354 1493 2410 tristata
1505 2370 1586 2419 es,
1598 2355 1724 2426 jam
1740 2355 1814 2410 sit
1827 2355 1990 2422 satis;
2014 2369 2124 2410 nec

468 2442 550 2497 sic
583 2441 950 2497 contristeris
971 2443 1490 2514 quemadmodum
1524 2445 1755 2508 Gentes,
1790 2460 1925 2516 quae
1954 2459 2122 2515 spem

469 2546 590 2587 non
618 2531 842 2586 habent
871 2534 887 2567 ¹
914 2532 1133 2601 (Thess.
1169 2548 1244 2599 ιν,
1279 2535 1382 2604 t2).
1430 2533 1554 2588 Non
1587 2535 1747 2589 enim
1787 2533 2124 2588 contristari

467 2620 775 2691 prohibuit
807 2620 1020 2676 Paulus
1053 2621 1386 2691 apostolus,
1417 2637 1555 2676 cum
1584 2622 1699 2677 hoc
1735 2623 1977 2688 diceret,
2020 2622 2124 2677 sed

467 2709 549 2762 sic
581 2709 912 2763 contristari
945 2709 1467 2780 quemadmodum
1506 2713 1732 2779 Gentes,
1774 2727 1909 2782 qua;
1952 2726 2123 2782 spem

469 2812 591 2852 non
628 2797 870 2852 habent.
909 2801 1055 2853 Nam
1084 2803 1136 2853 et
1171 2798 1396 2854 Martha
1425 2804 1483 2855 et
1514 2801 1712 2864 Maria,
1750 2802 1860 2871 piae
1893 2816 2126 2856 sorores

466 2891 518 2940 et
550 2885 777 2951 ﬁdeles,
814 2892 1288 2942 resurrecturum
1333 2905 1506 2943 suum
1559 2889 1798 2945 fratrem
1840 2892 2125 2945 Lazarum

471 2974 714 3040 ﬂebant,
745 2977 1023 3047 quamvis
1053 2992 1190 3032 eum
1221 2983 1359 3032 tunc
1399 2978 1475 3033 ad
1508 2978 1663 3034 hanc
1690 2980 1870 3034 vitam
1915 2979 2123 3035 reditu.

468 3079 603 3119 rum
617 3079 744 3119 esse
759 3065 1052 3120 nescirent
1072 3082 1084 3120 :
1105 3071 1160 3121 et
1174 3067 1298 3138 ipse
1316 3067 1601 3122 Dominus
1619 3068 1899 3123 eumdem
1912 3108 1926 3132 ,
1944 3084 2125 3141 quem

469 3151 661 3209 fuerat
690 3154 1171 3219 resuscitaturus,
1205 3156 1492 3212 Lazarum
1516 3156 1672 3212 ﬂevit
1698 3158 1892 3228 (Joan.
1915 3174 1993 3222 xx,
2033 3158 2124 3211 t9-

469 3242 599 3312 35);
633 3242 916 3299 nimirum
951 3249 1014 3298 ut
1041 3244 1292 3300 ﬂeamus
1319 3246 1497 3300 etiam
1544 3261 1652 3300 nos
1699 3263 1804 3301 eos
1853 3252 2122 3302 mortuos

469 3346 622 3402 quos
645 3331 722 3386 ad
753 3347 951 3388 veram
985 3334 1166 3388 vitam
1195 3339 1632 3389 resurrecturos
1664 3335 1984 3404 credimus,
2017 3336 2124 3391 etsi

467 3434 588 3475 non
607 3419 783 3491 jussit
803 3425 1123 3492 praecepto,
1149 3423 1749 3494 concessitexemplo.
1773 3426 1884 3480 Nec
1903 3424 2125 3481 frustra

471 3508 932 3580 Scripturadicit
955 3511 1012 3564 in
1029 3510 1180 3566 libro
1209 3512 1637 3579 Ecclesiastico,
1663 3513 1727 3568 In
1751 3520 1981 3568 mortuo
1993 3529 2126 3584 pro-

470 3599 586 3654 duc
615 3600 937 3668 lacrymas,
953 3609 1005 3656 et
1031 3603 1200 3670 quasi
1218 3602 1355 3657 dira
1369 3616 1676 3671 perpessus
1693 3604 1885 3670 incipe
1907 3604 2126 3658 lamen-

471 3687 743 3742 tationem
769 3704 785 3741 :
813 3689 915 3742 sed
944 3688 1124 3759 paulo
1156 3695 1288 3760 post
1317 3691 1419 3756 ait,
1456 3699 1507 3747 et
1538 3693 1844 3747 consolare
1881 3699 2127 3760 propter

472 3775 811 3846 tristitiam;
855 3794 888 3831 a
927 3778 1173 3835 tristitia
1204 3779 1359 3835 enim
1383 3781 1649 3848 procedit
1676 3797 1856 3845 mors,
1898 3787 1953 3837 et
1993 3781 2124 3836 tris-

470 3865 601 3920 titia
629 3866 819 3934 ﬂectet
849 3867 1263 3936 fortitudinem
1299 3869 1508 3939 (Eccli.
1537 3886 1773 3933 xxxviii,
1809 3871 2016 3942 16-19).

542 3957 594 4009 4.
625 3956 821 4010 Frater
850 3960 1006 4022 tuus,
1041 3957 1184 4023 ﬁlia,
1225 3963 1421 4014 mente
1460 3959 1615 4024 vivit,
1653 3975 1831 4015 carne
1865 3959 2123 4026 dormit;

469 4044 768 4113 numquid
782 4045 882 4115 qui
913 4046 1154 4111 dormit,
1173 4062 1290 4101 non
1314 4047 1908 4118 adj’icietutresurgat
1935 4049 2124 4120 (Psal.

472 4147 567 4194 XL,
601 4133 702 4201 9)?
734 4133 885 4187 Deus
906 4136 1009 4204 qui
1043 4136 1313 4206 spiritum
1346 4137 1476 4207 ejus
1501 4139 1628 4207 jam
1664 4139 1940 4210 suscepit,
1968 4138 2130 4193 resti-

469 4223 594 4274 tuet
612 4219 665 4273 ei
682 4235 898 4290 corpus
922 4238 1120 4289 suum,
1137 4224 1301 4295 quod
1325 4239 1445 4279 non
1465 4225 1840 4295 perdendum
1863 4226 2127 4293 abstulit,

473 4309 580 4363 sed
606 4307 984 4366 reddendum
1015 4311 1444 4370 distulit.Nulla
1468 4319 1559 4370 est
1590 4315 1766 4384 igitur
1796 4331 1980 4370 causa
2003 4315 2131 4370 tris-

471 4397 612 4453 titia;
641 4397 961 4466 diuturnae,
989 4401 1132 4473 quia
1163 4403 1356 4474 potior
1380 4407 1467 4459 est
1497 4419 1685 4459 causa
1719 4403 1932 4460 laetitias
1978 4419 2130 4460 sem-

470 4487 738 4560 piternae.
771 4489 1271 4562 Quandoquidem
1299 4493 1569 4565 germani
1595 4493 1678 4549 tui
1699 4509 1808 4548 nec
1829 4508 1970 4564 pars
1998 4493 2131 4566 ipsa

471 4577 758 4642 mortalis,
791 4594 926 4650 quas
965 4580 1025 4634 in
1050 4585 1201 4636 terra
1231 4582 1463 4653 sepulta
1492 4586 1600 4647 est,
1625 4582 1728 4638 tibi
1763 4583 1974 4654 peribit
2005 4601 2018 4650 ;
2069 4582 2131 4638 in

473 4681 596 4738 qua
618 4666 718 4720 tibi
745 4669 1242 4736 praesentabatur,
1267 4686 1373 4741 per
1391 4686 1578 4742 quam
1607 4676 1658 4725 te
1689 4670 2127 4741 alloquebatur,

472 4758 791 4824 tecumque
817 4756 1267 4828 colloquebatur
1291 4775 1305 4824 ;
1334 4775 1403 4814 ex
1433 4775 1556 4830 qua
1580 4759 1890 4830 promebat
1923 4775 2130 4815 vocem

475 4844 559 4899 sic
579 4843 694 4898 tuis
720 4845 966 4900 auribus
984 4851 1209 4915 notam,
1239 4848 1759 4919 quemadmodum
1779 4847 1992 4904 faciem
2015 4848 2131 4903 tuis

475 4931 663 4988 oculis
685 4932 988 4999 offerebat,
1019 4935 1097 4990 ita
1120 4941 1183 4991 ut
1209 4936 1576 5009 ubicumque
1605 4937 1922 5002 sonuisset,
1949 4937 2130 4992 etiam

476 5035 596 5077 non
624 5022 783 5078 visus
816 5023 1030 5079 soleret
1055 5025 1320 5094 agnosci.
1349 5028 1480 5080 Haec
1511 5027 1668 5081 enim
1699 5027 1972 5081 vivorum
2003 5041 2130 5080 sen-

477 5111 644 5167 sibus
691 5112 1144 5179 subtrahuntur,
1204 5118 1266 5168 ut
1318 5113 1589 5169 dolorem
1639 5115 1814 5170 faciat
1859 5114 2133 5170 absentia

475 5207 870 5259 mortuorum.
907 5203 1019 5260 Sed
1037 5203 1284 5276 quando
1302 5219 1412 5259 nec
1441 5204 1573 5276 ipsa
1594 5204 1654 5259 in
1689 5209 1980 5260 aeternum
2007 5221 2132 5260 cor-

474 5306 624 5363 pora
654 5292 950 5363 peribunt,
987 5294 1068 5348 uti
1096 5309 1204 5349 nec
1231 5293 1482 5365 capillus
1497 5294 1706 5364 capitis
1727 5294 1940 5364 peribit
1960 5295 2127 5364 (Luc.

475 5384 597 5447 xxi,
635 5382 742 5452 t8),
770 5385 824 5437 et
852 5381 930 5437 ad
961 5386 1199 5453 tempus
1231 5383 1508 5455 deposita
1539 5381 1624 5438 sic
1649 5382 2028 5454 recipientur,
2073 5387 2133 5438 ut

541 5521 558 5587 ἦ
581 5520 638 5568 in
673 5521 796 5572 Lov.
816 5522 1046 5587 editione
1070 5521 1232 5587 verba
1260 5522 1503 5587 quaedam
1531 5522 1615 5573 hic
1636 5523 1961 5582 exciderant,
1985 5523 2131 5573 resti-

483 5584 612 5650 tuta;
629 5596 722 5650 per
756 5597 852 5650 nos
887 5600 948 5635 ex
985 5586 1152 5650 Vatic.
1183 5584 1489 5650 exemplari.

547 5644 618 5714 (α)
635 5644 907 5714 Laudatur
917 5649 1229 5714 Timotheus
1241 5644 1500 5714 diaconus
1514 5649 1739 5714 suprain
1773 5649 1927 5713 epist.
1950 5649 2056 5705 uo,
2076 5662 2129 5698 n.

483 5708 507 5758 1
543 5705 562 5766 ;⁷
587 5705 800 5759 fortean
832 5708 916 5760 hic
945 5712 1060 5774 ipse
1085 5711 1246 5761 frater
1279 5710 1483 5777 Sapida:
1507 5705 1745 5778 virginis.

1735 177 1774 234 S
1820 175 2204 236 AUGUSTINI
2245 175 2570 235 EPISCOPI

3751 173 3892 234 1081

2226 318 2538 375 nunquam
2569 302 2815 360 ulterius
2853 303 3260 376 deponantur,
3292 302 3395 360 sed
3417 303 3476 360 in
3518 303 3742 361 melius
3789 299 3893 358 de—

2228 397 2456 448 mutata
2481 392 2792 449 ﬁrmentur
2819 409 2832 459 ;
2867 393 3133 465 profecto
3163 394 3362 465 major
3391 399 3480 450 est
3521 409 3712 450 causa
3759 409 3898 463 gra-

2227 481 2530 538 tulationis
2561 482 2620 537 in
2653 499 2760 553 spe
2798 482 3236 539 inmstimabilis
3287 483 3647 548 aeternitatis,
3703 498 3900 555 quam

2227 586 2410 626 causa
2435 572 2704 627 maeroris
2717 571 2774 626 in
2790 587 2848 627 re
2862 571 3201 628 brevissimi
3219 573 3521 644 temporis.
3541 575 3703 628 Hanc
3720 587 3899 643 spem

2226 675 2347 715 non
2379 659 2603 716 habent
2649 662 2882 730 Gentes,
2920 661 3253 717 nescientes
3301 662 3640 733 Scripturas
3693 677 3900 732 neque

2227 747 2507 804 virtutem
2536 749 2635 804 Dei
2663 749 2901 820 (Matth.
2934 767 3076 817 xxu,
3117 751 3251 821 ‘29);
3293 751 3397 825 qui
3429 757 3623 822 potest
3663 751 3903 823 perdita

2229 853 2528 909 reparare,
2556 843 2613 894 et
2640 838 2938 895 viviﬁcare
2962 846 3224 905 mortua,
3257 845 3314 895 et
3335 840 3749 911 redintegrare
3771 854 3903 894 cor-

2227 931 2425 998 rupta,
2450 931 2506 983 et
2528 933 2807 1000 separata
2826 928 3040 984 iterum
3050 929 3322 1000 jungere,
3342 933 3400 985 et
3413 935 3700 1001 corrupta
3719 934 3902 999 atque

2227 1016 2396 1072 ﬁnita
2443 1017 2726 1089 deinceps
2777 1018 2902 1073 sine
2927 1017 3044 1074 ﬁne
3095 1033 3349 1074 servare.
3412 1021 3545 1073 Hinc
3589 1017 3903 1073 facturum

2229 1121 2291 1160 se
2322 1121 2453 1160 esse
2483 1107 2772 1178 promisit,
2805 1108 2906 1179 qui
2935 1123 3007 1162 ex
3037 1107 3129 1162 his
3161 1107 3344 1162 ﬁdem
3377 1107 3535 1173 fecit,
3585 1122 3731 1178 quas
3773 1107 3904 1177 jam

2229 1195 2528 1266 promissa
2554 1196 2811 1266 perfecit.
2848 1196 2982 1252 Haec
3013 1201 3209 1252 tecum
3254 1197 3695 1252 sermocinetur
3751 1196 3906 1251 ﬁdes

2230 1288 2350 1348 tua,
2383 1283 2673 1356 quoniam
2705 1301 2826 1341 non
2857 1285 3233 1341 fraudabitur
3262 1301 3406 1358 spes
3438 1291 3561 1352 tua,
3597 1286 3717 1341 etsi
3740 1300 3907 1340 nunc

2227 1372 2536 1428 differatur
2556 1374 2815 1430 charitas
2845 1379 2944 1431 tua
2965 1391 2979 1430 :
3033 1374 3162 1430 haec
3183 1375 3474 1431 meditare
3497 1391 3513 1441 ;
3532 1375 3629 1431 his
3649 1374 3908 1429 uberius

2227 1467 2283 1517 et
2311 1463 2506 1517 verius
2537 1463 2944 1521 consolare.Si
2965 1464 3146 1528 enim,
3176 1465 3318 1536 quia
3335 1464 3556 1520 vestior
3576 1463 3908 1536 (quoniam

2229 1549 2321 1606 ille
2353 1567 2472 1606 non
2501 1552 2714 1622 potuit)
2745 1569 2815 1607 ea
2845 1557 3003 1608 veste
3049 1569 3232 1625 quam
3279 1553 3438 1607 fratri
3491 1558 3800 1617 texueras,
3849 1557 3908 1607 te

2228 1639 2456 1711 aliquid
2482 1641 2862 1712 consolatur;
2894 1649 3124 1713 quanto
3149 1642 3334 1698 debes
3375 1642 3640 1712 amplius
3670 1647 3729 1696 et
3767 1657 3904 1696 cer-

2231 1729 2343 1784 tius
2372 1729 2690 1794 consolari,
2718 1731 2863 1802 quia
2884 1732 2979 1786 cui
3000 1730 3192 1788 fuerat
3219 1736 3576 1803 prmparata,
3627 1735 3779 1786 tunc
3823 1731 3910 1784 in-

2228 1817 2593 1889 corruptibili
2622 1819 2974 1875 indumento
3003 1819 3165 1875 nullo
3195 1835 3400 1889 egens,
3442 1819 3911 1890 incorruptione

2231 1911 2410 1977 atque
2437 1906 2885 1963 immortalitate
2917 1909 3198 1964 vestietur
3223 1908 3236 1963 !

2678 2015 3010 2072 EPISTOLA
3042 2015 3321 2072 CCLXIV”
3356 2016 3457 2087 (a).

2231 2121 2585 2178 Consolatur
2613 2123 2936 2180 Maximam
2993 2125 3149 2193 piam
3201 2124 3512 2194 feminam,
3550 2139 3688 2195 qua:
3753 2139 3915 2194 agre

2300 2212 2616 2268 admodum
2661 2219 2714 2268 et
2750 2213 3100 2276 perturbato
3139 2214 3518 2284 aliquantum
3555 2213 3772 2268 animo
3825 2214 3912 2269 vi-

2301 2302 2475 2357 debat
2525 2302 2720 2358 noxiis
2758 2301 3060 2358 erroribus
3108 2301 3450 2372 periclitari
3515 2303 3907 2372 provinciam

2299 2407 2468 2448 suam
2498 2393 2678 2463 (forte
2693 2392 3066 2461 Hispaniam,
3085 2391 3186 2448 ubi
3201 2413 3224 2443 α
3243 2393 3592 2462 perniciosa
3605 2392 3911 2448 doctrina

2307 2501 2329 2530 α
2360 2481 2612 2544 animas,
2647 2482 2829 2536 multo
2862 2481 3158 2550 infelicius
3190 2497 3366 2554 quam
3395 2497 3655 2549 corpora
3683 2481 3910 2536 barba-

2307 2590 2329 2620 α
2372 2571 2533 2625 ricus
2562 2569 2811 2640 gladius,
2835 2571 3244 2634 trucidabant,
3282 2591 3308 2621 »
3327 2570 3569 2641 quando
3591 2570 3743 2625 inde
3767 2571 3911 2625 Oro-

2301 2661 2423 2714 sius
2449 2660 2508 2715 in
2543 2659 2815 2730 Africam
2842 2659 3019 2724 venit,
3045 2659 3133 2715 uti
3163 2659 3388 2714 dicitur
3408 2675 3596 2728 supra
3622 2660 3688 2713 in
3709 2659 3905 2727 Epist.

2310 2749 2426 2813 166,
2460 2765 2519 2805 n.
2551 2753 2600 2814 2,
2631 2755 2683 2804 et
2717 2749 2776 2803 in
2809 2747 3000 2804 Orosii
3028 2749 3505 2812 Commonitorio,
3554 2754 3702 2804 tam.
3762 2753 3842 2816 6).

2235 2854 2571 2911 Honorabili
2596 2854 2890 2910 eteximiae
2904 2855 3155 2926 atquein
3170 2854 3452 2910 membris
3465 2854 3682 2909 Christi
3698 2855 3914 2910 lauda-

2305 2944 2406 2998 bili
2430 2943 2668 2999 famulzn
2695 2943 2792 2998 Dei
2821 2947 3078 3008 Munna,
3123 2945 3489 3008 Areusrmus,
3546 2943 3607 2998 in
3645 2945 3911 3001 Domino

2307 3033 2587 3089 salutem.

2308 3134 2357 3185 l.
2384 3132 2686 3196 Quantum
2707 3146 2816 3186 nos
2833 3137 3001 3185 tuum
3023 3129 3289 3186 studium
3307 3135 3583 3186 sanctum
3609 3130 3905 3196 lmtiﬁcat,

2232 3223 2464 3276 tantum
2484 3235 2693 3274 rursus
2717 3219 3023 3276 contristat
3044 3219 3207 3291 quod
3226 3235 3328 3290 per
3344 3233 3577 3274 errores
3601 3221 3830 3276 noxios
3851 3229 3909 3276 et

2232 3307 2772 3380 perniciosissimos
2789 3309 3158 3378 provinciam
3178 3312 3432 3363 vestram
3460 3307 3724 3364 nimium
3749 3311 3903 3381 peri-

2233 3396 2749 3466 clitarisignificas.
2777 3396 2888 3453 Sed
2911 3398 3053 3469 quia
3070 3397 3182 3451 ista
3201 3396 3398 3451 futura
3420 3396 3718 3467 praedicta
3741 3405 3904 3464 sunt,

2234 3486 2577 3542 mirandum
2593 3502 2713 3540 non
2727 3485 2991 3558 estquod
3005 3491 3351 3555 exsurgant,
3367 3486 3471 3541 sed
3509 3485 3904 3555 vigilandum

2231 3590 2304 3630 ne
2321 3581 2592 3630 noceant.
2616 3577 2744 3630 Haec
2765 3581 2966 3630 autem
2989 3576 3139 3629 Deus
3161 3573 3445 3630 liberator
3465 3579 3677 3630 noster
3696 3592 3910 3631 exsur-

2231 3679 2367 3734 gere
2381 3679 2500 3719 non
2527 3665 2908 3735 permitteret,
2931 3664 3039 3718 nisi
3057 3664 3281 3719 sanctis
3298 3664 3427 3733 ejus
3450 3664 3638 3719 etiam
3671 3681 3781 3735 per
3797 3665 3908 3721 hu-

2227 3753 2495 3824 jusmodi
2527 3753 2882 3808 tentationes
2907 3752 3123 3808 erudiri
3155 3752 3477 3825 expediret.
3530 3755 3913 3826 Comparant

2234 3842 2344 3897 sibi
2373 3842 2619 3914 quidem
2638 3841 2715 3896 illi
2741 3857 2849 3896 sua
2867 3841 3176 3897 voluntate
3190 3855 3487 3912 perversa,
3507 3845 3565 3895 et
3585 3845 3911 3912 praesentis

2234 3931 2514 3986 meritum
2545 3930 2826 3986 caecitatis
2857 3937 2913 3986 et
2941 3930 3116 3986 futuri
3147 3930 3350 3986 aeterni
3384 3929 3693 4002 supplicii,
3727 3933 3776 3985 si
3808 3947 3911 4002 per

2232 4020 2680 4076 contumaciam
2710 4018 2993 4093 indociles
3019 4018 3258 4084 fuerint,
3293 4033 3498 4091 seque,
3522 4035 3667 4075 cum
3699 4021 3762 4075 in
3799 4023 3912 4076 hac

2233 4109 2353 4165 vita
2378 4114 2536 4174 sunt,
2569 4109 2864 4178 corrigere
2915 4115 3094 4180 atque
3141 4107 3464 4164 emendare
3507 4107 3910 4178 neglexerint.

2234 4201 2682 4263 Verumtamen,
2727 4198 2879 4254 sicut
2912 4197 3022 4270 ipsi
3064 4197 3221 4254 male
3267 4203 3514 4253 utuntur
3562 4197 3748 4253 bonis
3812 4199 3912 4256 Dei

2234 4289 2336 4360 qui
2378 4288 2518 4344 facit
2547 4287 2738 4344 solem
2773 4303 2951 4343 suum
2987 4286 3128 4342 oriri
3159 4302 3338 4359 super
3367 4286 3563 4342 bonos
3605 4292 3665 4342 et
3717 4289 3912 4344 malos

2235 4383 2290 4433 et
2323 4377 2472 4449 pluit
2502 4378 2892 4450 superjustos
2917 4381 2974 4432 et
3005 4376 3257 4446 injustos
3283 4375 3522 4446 (Matth.
3549 4391 3608 4440 v,
3640 4378 3742 4446 45)
3763 4400 3780 4445 ,-
3800 4377 3912 4449 qui

2236 4483 2338 4523 eos
2367 4482 2472 4539 per
2503 4466 2846 4537 patientiam
2888 4481 3065 4521 suam
3108 4465 3187 4520 ad
3233 4463 3647 4536 paenitentiam
3707 4470 3910 4534 vocat,

2236 4573 2374 4612 cum
2392 4555 2796 4611 thesaurizant
2816 4554 2926 4609 sibi
2946 4555 3095 4608 iram
3112 4553 3171 4608 in
3190 4552 3286 4609 die
3305 4553 3422 4622 irae,
3446 4559 3502 4608 et
3517 4552 3910 4609 revelationis

2231 4645 2600 4716 justijudicii
2630 4645 2727 4698 Dei
2757 4643 2946 4715 (Rom.
2975 4659 3036 4711 ιι,
3056 4643 3172 4713 4,5)
3200 4658 3212 4697 :
3250 4643 3401 4697 sicut
3420 4657 3563 4711 ergo
3592 4641 3711 4712 ipsi
3742 4642 3912 4698 beni-

2237 4734 2457 4804 gnitate
2483 4738 2540 4788 et
2569 4732 2870 4803 patientia,
2898 4732 2956 4787 id
2980 4737 3072 4787 est
3099 4730 3276 4787 bonis
3309 4731 3405 4786 Dei
3440 4729 3597 4786 male
3631 4736 3910 4790 utuntur.

2236 4823 2382 4877 dum
2403 4838 2519 4877 non
2552 4821 3065 4890 corriguntur;sic
3087 4825 3318 4886 contra,
3344 4822 3492 4874 Deus
3518 4821 3702 4874 etiam
3732 4821 3910 4876 malis

2237 4926 2444 4966 eorum
2475 4911 2627 4965 bene
2659 4910 2858 4974 utitur,
2893 4924 3014 4964 non
3045 4908 3240 4964 solum
3271 4907 3350 4964 ad
3377 4907 3668 4978 justitiam
3705 4925 3912 4974 suam,

2235 5016 2359 5072 qua
2385 4999 2470 5055 eis
2493 4999 2677 5067 digna
2708 4998 2767 5054 in
2795 4998 2910 5052 ﬁne
2943 4997 3244 5062 retribuet,
3279 4996 3384 5052 sed
3415 4997 3590 5051 etiam
3625 4996 3708 5052 ad
3752 5015 3916 5053 exer-

2237 5089 2579 5145 citationem
2605 5094 2660 5143 et
2690 5092 3042 5159 provectum
3074 5093 3418 5142 sanctorum
3448 5101 3728 5156 suorum,
3759 5093 3826 5142 ut
3843 5104 3912 5143 ex

2236 5178 2369 5250 ipsa
2399 5179 2574 5233 etiam
2611 5177 2905 5232 malorum
2943 5176 3323 5247 perversitate
3371 5173 3513 5229 boni
3563 5176 3915 5244 proﬁciant.

2237 5273 2292 5322 et
2322 5267 2654 5338 probentur,
2680 5272 2735 5320 et
2769 5264 3256 5329 manifestentur;
3282 5263 3432 5318 sicut
3454 5264 3783 5334 Apostolus
3812 5267 3912 5327 ait,

2242 5356 2473 5424 Oportet
2502 5355 2748 5412 haereses
2775 5369 2913 5420 esse,
2943 5361 3008 5408 ut
3037 5351 3277 5422 probati
3307 5353 3610 5422 manifesti
3630 5354 3794 5420 [iant
3819 5355 3912 5409 in-

2237 5452 2328 5501 ter
2360 5459 2457 5500 vos
2479 5444 2790 5516 (l.Cor.xi,
2829 5444 2936 5514 l9).

2300 5585 2329 5617 θ’
2354 5585 2603 5633 Correcta
2632 5583 2698 5632 ad
2730 5598 2785 5647 a,
2808 5582 2906 5647 _bg.
2937 5581 3007 5632 bl.
3034 5595 3084 5636 c.
3118 5595 3193 5632 cc.
3223 5581 3282 5636 ff.
3322 5595 3371 5646 g.
3397 5594 3484 5645 gv.
3517 5581 3556 5644 j.
3578 5595 3636 5630 n.
3670 5596 3713 5632 r.
3742 5599 3789 5633 s.
3829 5584 3905 5634 sb.

2242 5650 2281 5697 t.
2315 5649 2343 5695 2
2378 5661 2456 5696 vc.
2488 5649 2514 5694 4
2549 5662 2597 5694 v.
2627 5650 2680 5696 et
2713 5645 2843 5695 Edd.

2316 5711 2404 5773 (a)
2436 5708 2578 5760 Alias
2610 5710 2694 5759 141
2721 5723 2732 5758 :
2758 5721 2877 5774 quae
2903 5711 3085 5761 autem
3108 5707 3201 5758 264
3218 5709 3348 5766 erat,
3372 5719 3518 5759 nunc
3538 5707 3652 5758 23!.
