4138 6172
241 179 375 239 1085

1440 169 1944 232 EPISTOLARUM
1989 165 2280 226 CLASSIS
2318 167 2413 225 IV.

3492 148 3632 208 1086

276 307 333 360 2.
357 308 504 363 Nam
527 302 575 360 si
593 302 791 360 nullus
807 302 990 359 etiam
1012 301 1307 359 malorum
1326 301 1526 359 bonus
1540 316 1686 356 usus
1701 301 1858 355 esset
1964 294 2135 353 bant.
2171 294 2367 352 Voluit
2386 293 2547 352 enim
2573 295 2724 351 Deus
2753 295 2819 349 ut
2843 291 2959 348 hoc
2986 286 3261 346 facillime
3283 279 3503 356 possis,
3525 274 3630 351 qui

210 400 330 455 Deo
353 397 431 455 ad
459 396 769 452 utilitatem
793 397 1115 451 electorum
1148 409 1415 458 suorum,
1444 392 1548 465 qui
1578 390 1757 448 etiam
1782 389 1857 444 de

206 488 370 544 malo
389 484 556 542 Iudas
570 487 804 541 tantum
822 482 1052 539 bonum
1065 481 1241 539 nobis
1258 481 1543 554 praestitit,
1569 483 1632 536 ut
1648 476 1860 535 Christi

205 574 501 646 sanguine
521 574 986 637 redimeremur;
1013 575 1244 643 poterat
1271 586 1374 626 eos
1404 576 1507 627 aut
1535 566 1703 626 nasci
1738 580 1859 624 non

202 664 568 739 permittere,
585 677 740 735 quos
758 660 949 717 malos
969 660 1202 717 futuros
1220 675 1349 715 esse
1370 657 1736 732 praesciebat,
1760 658 1863 712 aut

204 755 265 811 in
297 755 433 827 ipso
460 768 666 809 eorum
695 750 864 807 initio
890 749 1281 819 malignitatis
1308 749 1685 819 exstinguere
1715 766 1726 805 :
1755 743 1863 800 sed

203 848 443 902 tantum
462 852 568 898 ens
594 840 881 914 permittit
900 855 1055 909 esse,
1081 843 1374 911 quantum
1403 838 1560 893 novit
1584 834 1863 907 expedire

206 939 388 1006 atque
413 931 686 987 suﬁlcere
707 928 1110 986 admonendre
1138 930 1317 1000 atque
1343 925 1690 983 exercendas
1731 938 1865 979 san-

207 1026 319 1080 cta
366 1021 577 1078 domui
612 1036 755 1076 suas.
800 1018 940 1075 Ideo
974 1022 1246 1074 nostram
1296 1016 1370 1072 de
1405 1015 1520 1071 illis
1570 1013 1864 1071 tristitiam

203 1111 584 1171 consolatur:
608 1109 753 1182 quia
772 1116 829 1165 et
853 1109 991 1180 ipsa
1016 1107 1248 1164 tristitia
1272 1121 1461 1179 quam
1484 1120 1594 1178 pro
1624 1102 1738 1158 illis
1760 1102 1866 1158 ha-

205 1201 446 1266 bemus,
470 1214 581 1255 nos
597 1198 855 1264 relevat;
881 1196 1010 1253 illos
1037 1200 1241 1252 autem
1266 1195 1325 1251 in
1347 1211 1458 1251 sua
1482 1191 1867 1265 perversitate

203 1292 661 1363 perseverantes
683 1291 914 1358 gravat.
948 1286 1243 1343 Gaudium
1265 1300 1404 1340 vero
1426 1282 1590 1355 quod
1614 1279 1870 1353 percipi-

207 1392 350 1439 mus
385 1377 635 1450 quando
664 1374 849 1449 aliqui
879 1391 952 1432 ex
982 1375 1065 1431 eis
1096 1375 1342 1430 correcti
1372 1374 1434 1429 in
1465 1371 1678 1428 melius
1708 1385 1868 1426 com-

208 1472 542 1533 mutantur,
567 1470 623 1523 et
644 1470 991 1521 sanctorum
1021 1463 1287 1519 societati
1312 1461 1689 1535 copulantur,
1722 1457 1869 1514 nulli

208 1556 438 1627 gaudio
460 1556 519 1611 in
536 1556 649 1612 hac
672 1556 787 1611 vita
808 1552 1145 1626 comparari
1168 1556 1382 1625 potest.
1400 1552 1717 1621 Propterea
1734 1545 1872 1603 scri-

204 1652 383 1720 ptum
402 1651 494 1702 est
526 1663 539 1701 :
564 1645 706 1711 Fili,
738 1644 788 1701 si
811 1644 1047 1713 sapiens
1074 1644 1280 1713 fueris,
1302 1641 1409 1697 tibi
1423 1640 1653 1709 sapiens
1680 1638 1791 1695 eris
1818 1643 1870 1692 et

208 1736 508 1806 proximis
542 1735 657 1792 tuis
683 1734 772 1805 ,-si
790 1740 986 1789 autem
1006 1733 1203 1789 malus
1229 1729 1506 1794 evaseris,
1528 1729 1689 1784 solus
1721 1726 1869 1782 hau-

204 1826 326 1882 ries
354 1826 521 1881 mala
553 1824 748 1895 (Prov.
782 1838 860 1887 ix,
907 1821 1017 1893 t2).
1058 1820 1205 1886 Quia
1243 1834 1383 1875 cum
1419 1816 1758 1887 gaudemus
1797 1812 1872 1869 de

203 1914 489 1970 ﬁdelibus
509 1913 590 1984 etj
603 1912 768 1978 ustis,
789 1910 971 1968 etillis
988 1914 1043 1965 et
1065 1909 1240 1965 nobis
1261 1905 1756 1981 prodestbonum
1778 1918 1874 1959 eo-

207 2020 379 2074 rum;
395 2018 534 2058 cum
564 2007 764 2058 autem
790 1999 1216 2057 contristamur
1233 1998 1307 2053 de
1330 1994 1667 2052 inﬁdelibus
1684 1999 1739 2048 et
1762 1992 1874 2047 ini-

210 2092 375 2165 quis,
398 2090 510 2146 illis
531 2089 672 2147 solis
693 2094 862 2145 nocet
885 2092 943 2144 et
963 2103 1171 2143 eorum
1200 2085 1427 2141 malitia
1444 2089 1501 2140 et
1520 2087 1727 2139 nostra
1742 2083 1875 2136 tris-

208 2182 370 2237 titia:
391 2195 501 2237 nos
524 2184 724 2236 autem
748 2178 927 2234 etiam
950 2177 1064 2232 hoc
1085 2175 1414 2248 plurimum
1441 2173 1691 2244 adjuvat
1710 2173 1875 2242 apud

210 2272 426 2334 Deum,
441 2269 607 2342 quod
626 2283 737 2340 pro
758 2268 845 2323 eis
864 2265 1325 2322 misericorditer
1345 2264 1791 2327 contristamur,
1814 2262 1876 2317 et

213 2376 329 2434 pro
354 2360 490 2432 ipsa
530 2357 762 2414 tristitia
791 2354 1296 2425 congemiscimus
1324 2358 1379 2409 et
1409 2366 1674 2407 oramus.
1711 2348 1877 2405 Unde

215 2447 595 2506 honorabilis
625 2452 681 2503 et
708 2446 769 2501 in
796 2444 1036 2502 Christo
1066 2442 1385 2499 laudabilis
1416 2440 1644 2498 famula
1670 2439 1793 2504 Dei,
1821 2443 1877 2493 et

218 2537 567 2594 mmsiitiam
605 2540 771 2591 tuam
808 2535 882 2589 de
922 2533 1160 2598 talibus,
1193 2536 1248 2587 et
1289 2529 1659 2600 vigilantiam
1697 2532 1876 2599 atque

217 2626 519 2685 cautelam
540 2628 749 2681 contra
761 2623 925 2690 tales,
943 2637 1130 2694 quam
1151 2620 1262 2677 tuis
1282 2619 1486 2674 litteris
1506 2614 1876 2690 expressisti,

218 2716 483 2773 multum
504 2713 778 2787 approbo
800 2717 857 2768 et
880 2711 1061 2769 laudo
1086 2727 1097 2765 :
1124 2716 1302 2782 atque
1329 2712 1389 2764 ut
1409 2709 1468 2763 in
1502 2709 1615 2762 hac
1637 2705 1729 2761 via
1754 2720 1881 2776 per-

220 2808 565 2863 severanter
591 2801 886 2867 ambules,
906 2816 1014 2873 pro
1035 2799 1182 2855 meis
1201 2797 1448 2863 viribus,
1477 2795 1620 2867 quia
1634 2795 1749 2850 hoc
1771 2793 1883 2849 exi-

223 2896 337 2966 gis,
368 2894 667 2958 ethortor,
700 2896 757 2948 et
790 2906 1005 2946 moneo
1036 2894 1099 2944 ut
1129 2885 1465 2944 miserearis
1495 2900 1704 2940 eorum
1745 2887 1875 2940 tan-

230 3000 422 3058 quam
452 2983 703 3054 simplex
722 2984 815 3037 est
833 2978 1128 3043 colomba,
1150 2992 1364 3033 caveas
1387 2971 1730 3030 autemillos
1757 2974 1885 3028 tan-

222 3089 413 3147 quam
442 3076 638 3129 astuta
664 3070 815 3126 sicut
839 3083 1088 3141 serpens
1125 3066 1363 3138 (Matth.
1401 3080 1459 3131 x,
1499 3063 1588 3131 l6)
1614 3078 1628 3127 ;
1657 3061 1885 3132 desque

225 3178 498 3236 operam,
528 3165 824 3234 quantum
854 3162 1048 3230 potes,
1083 3161 1141 3212 ut
1176 3154 1282 3228 qui
1312 3153 1416 3211 tibi
1446 3151 1774 3216 adhaerent,
1808 3154 1887 3205 te-

228 3269 369 3310 cum
387 3252 448 3308 in
474 3257 633 3307 recta
652 3248 770 3305 ﬁde
789 3250 1201 3321 permaneant,
1221 3249 1324 3301 aut
1340 3242 1420 3299 ad
1440 3241 1624 3297 ﬁdem
1640 3245 1887 3304 rectam,

230 3342 281 3399 si
305 3341 455 3399 forte
481 3340 543 3396 in
561 3339 764 3411 aliquo
786 3335 970 3409 aliqui
992 3333 1295 3406 depravati
1314 3336 1467 3391 sunt.
1496 3328 1889 3399 corrigantur.

303 3454 357 3505 3.
389 3450 466 3504 De
491 3445 736 3503 homine
766 3447 966 3500 autem
988 3456 1170 3514 quem
1198 3438 1461 3510 suscepit
1486 3435 1746 3492 Verbum
1770 3434 1891 3502 Dei,

231 3553 373 3594 cum
401 3552 538 3593 caro
570 3536 790 3591 factum
822 3536 912 3589 est
932 3536 989 3587 et
1015 3528 1306 3585 habitavit
1331 3529 1394 3609 in
1423 3525 1598 3582 nobis
1623 3526 1820 3594 (Joan.
1850 3539 1891 3590 1,

240 3628 350 3699 14),
378 3624 762 3681 emendarem
794 3620 1044 3693 aliquid,
1078 3620 1128 3673 si
1160 3617 1223 3673 in
1253 3632 1326 3673 eo
1352 3614 1518 3689 quod
1549 3613 1761 3676 credis,
1791 3612 1896 3668 fal-

238 3714 375 3771 sum
389 3718 494 3771 aut
504 3726 852 3786 perversum
876 3708 1229 3766 invenirem.
1256 3707 1377 3760 Hoc
1390 3719 1532 3774 ergo
1546 3704 1717 3759 crede
1732 3700 1898 3773 quod

238 3803 458 3869 credis,
488 3801 625 3875 quia
651 3802 710 3856 in
733 3800 829 3855 illo
855 3797 1300 3855 hominetotam
1328 3800 1607 3851 naturam
1630 3795 1898 3847 nostram

238 3891 506 3964 suscepit
526 3890 705 3947 Filius
737 3888 856 3953 Dei,
881 3886 941 3943 id
973 3888 1079 3949 est,
1109 3889 1162 3940 et
1184 3884 1451 3939 animam
1475 3879 1826 3936 rationalem
1844 3880 1901 3933 et

238 3997 485 4040 carnem
510 3978 826 4036 mortalem
856 3978 985 4031 sine
1021 3978 1285 4046 peccato.
1325 3968 1692 4026 lnﬁrmitatis
1736 3965 1899 4021 enim

240 4076 462 4129 nostris
492 4068 788 4142 particeps
817 4066 1009 4122 factus
1034 4069 1141 4129 est,
1170 4077 1291 4118 non
1313 4058 1663 4132 iniquitatis,
1698 4063 1760 4111 ut
1796 4069 1902 4127 per

243 4159 650 4218 inﬁrmitatem
663 4169 1073 4220 communem,
1089 4152 1342 4208 solveret
1358 4149 1730 4221 iniquitatem
1760 4160 1901 4200 nos-

241 4254 424 4315 tram,
456 4252 512 4304 et
535 4246 862 4307 adduceret
890 4259 1002 4299 nos
1032 4241 1110 4298 ad
1141 4239 1434 4311 justitiam
1464 4252 1661 4299 suam,
1690 4235 1903 4290 bibens

245 4342 500 4396 mortem
524 4336 600 4392 de
629 4338 851 4400 nostro,
890 4336 945 4388 et
965 4329 1299 4404 propinans
1324 4328 1505 4383 vitam
1532 4326 1605 4381 de
1627 4340 1758 4380 suo.
1790 4322 1904 4381 Sed

245 4427 497 4484 sihabes
510 4425 780 4497 aliquam
794 4421 1149 4492 scripturam
1166 4432 1396 4479 eorum,
1411 4415 1609 4487 inqua
1624 4416 1907 4470 asserunt

244 4516 415 4591 quod
427 4515 566 4570 huic
578 4512 719 4568 ﬁdei
736 4512 807 4567 sit
825 4509 1216 4573 contrarium,
1234 4506 1486 4577 dignare
1501 4520 1636 4560 eam
1655 4502 1904 4566 mittere,

244 4615 317 4662 ut
344 4620 468 4661 non
498 4603 691 4660 solum
720 4601 900 4657 ﬁdem
931 4602 1200 4655 nostram
1228 4596 1526 4659 dicamus,
1557 4592 1659 4648 sed
1698 4604 1909 4647 eorum

245 4708 493 4768 quoque
515 4690 855 4763 perﬁdiam,
880 4692 1176 4760 quantum
1190 4679 1908 4755 possumus,refellamus.

251 4766 391 4841 Sine
415 4781 601 4837 dubio
627 4779 787 4834 enim
808 4778 923 4833 hoc
938 4776 1159 4847 ipsum,
1178 4772 1343 4845 quod
1358 4784 1631 4842 perverse
1646 4773 1701 4823 et
1730 4766 1912 4837 impie

252 4871 544 4935 sentiunt,
577 4862 1253 4943 aliquibustestimoniis
1283 4859 1629 4915 divinarum
1659 4856 1914 4927 Scriptu-

252 4976 462 5018 rarum
492 4962 786 5015 conantur
816 4960 1079 5012 astruere
1108 4968 1121 5007 :
1152 4951 1211 5006 in
1236 4949 1455 5024 quibus
1483 4948 1569 5002 eis
1592 4944 1917 5001 ostenden-

254 5049 406 5105 dum
429 5052 517 5104 est
544 5061 730 5119 quam
760 5059 882 5101 non
906 5047 1055 5099 recte
1082 5040 1416 5108 intelligant
1442 5035 1688 5093 Litteras
1712 5050 1918 5090 sacras

257 5136 635 5209 conscriptas
659 5134 732 5190 ad
764 5133 1029 5189 ﬁdelium
1055 5130 1340 5195 salutem;
1368 5133 1656 5200 tanquam
1686 5125 1736 5179 si
1757 5123 1920 5196 quis-

257 5244 448 5303 quam
479 5242 541 5282 se
570 5222 1025 5281 medicinalibus
1049 5218 1427 5277 ferramentis
1451 5215 1709 5289 graviter
1726 5216 1919 5278 vexet,

262 5302 403 5393 quas
417 5316 617 5388 utique
633 5329 753 5370 non
768 5312 846 5369 ad
873 5310 1332 5373 vulnerandum,
1357 5305 1463 5362 sed
1478 5306 1555 5362 ad
1581 5302 1923 5360 sanandum

263 5392 703 5463 suntinstituta.
725 5402 964 5459 Multum
988 5404 1188 5456 autem
1207 5395 1612 5454 laboravimus
1626 5399 1681 5450 et
1700 5392 1928 5448 labora-

264 5513 427 5563 mus,
484 5498 777 5568 quantum
838 5489 1122 5547 Dominus
1175 5488 1382 5551 donat,
1423 5491 1630 5541 contra
1664 5482 1929 5538 diversos

267 5601 501 5645 errores
530 5581 896 5654 arguendos.
923 5580 1037 5636 Sed
1064 5578 1343 5634 laborum
1373 5579 1716 5630 nostrorum
1746 5586 1931 5641 opus-

270 5676 407 5737 cuia
428 5675 477 5733 si
500 5674 645 5732 forte
671 5671 893 5730 habere
915 5668 1242 5733 desideras,
1266 5666 1428 5723 mitte
1454 5662 1558 5737 qui
1583 5660 1687 5718 tibi
1708 5660 1930 5717 descri-

1968 384 2076 443 tibi
2104 385 2268 443 dedit
2286 384 2458 441 unde
2491 384 2712 456 possis.

2416 504 2747 562 EPISTOLA
2792 501 3017 560 CCLXV
3046 502 3064 519 ·
3092 500 3198 572 (a).

1968 631 2333 703 Augustinus
2356 630 2742 695 Seleucianae,
2785 629 2856 685 de
2879 627 3165 696 baptismo
3196 630 3248 681 et
3274 617 3628 692 paenitentia

2194 720 2379 785 Petri,
2416 727 2622 776 contra
2654 717 2958 790 quemdam
2984 716 3402 771 novatianum.

1973 846 2454 918 Religiosissimae
2494 853 2549 901 et
2578 845 2638 900 in
2671 842 2877 899 Christi
2910 840 3227 897 dilectione
3258 832 3629 893 honorandae

2046 936 2284 993 famulae
2304 936 2404 991 Dei
2424 936 2801 1002 Sueuorum,
2830 936 3179 988 AUGUSTINUS
3199 928 3541 999 episcopus,
3565 923 3625 978 in

2049 1026 2302 1082 Domino
2336 1024 2614 1080 salutem.

2055 1157 2099 1207 t.
2132 1150 2317 1207 Lectis
2345 1149 2550 1205 litteris
2580 1147 2697 1203 tuis
2730 1147 2803 1202 de
2834 1145 3026 1201 salute
3058 1145 3252 1198 vestra
3278 1140 3530 1203 lmtatus,
3555 1132 3635 1191 ad

1979 1255 2048 1297 ea
2070 1256 2203 1313 quae
2229 1238 2533 1310 scripsisti,
2558 1236 2887 1308 repondere
2912 1249 3030 1289 non
3053 1229 3274 1287 distuli.
3296 1232 3359 1283 Et
3378 1226 3636 1298 primum

1981 1329 2228 1385 miratus
2250 1344 2384 1384 sum
2407 1326 2715 1400 quomodo
2731 1321 3178 1381 dicatnovatian
3190 1336 3257 1373 us
3273 1319 3383 1373 iste
3399 1318 3634 1371 Petrum

1979 1417 2344 1489 batipzatum
2368 1432 2489 1472 non
2510 1416 2713 1479 fuisse,
2738 1430 2874 1470 cum
2890 1412 3070 1485 paulo
3095 1408 3368 1480 superius
3393 1404 3642 1475 scripse-

1982 1507 2063 1563 ris
2078 1524 2217 1562 eum
2230 1506 2455 1561 dixisse
2470 1505 2633 1577 quod
2649 1503 2911 1575 Apostoli
2927 1500 3138 1556 fuerint
3156 1494 3456 1569 baptizati.
3474 1492 3639 1549 Unde

1980 1596 2059 1652 illi
2089 1596 2358 1651 videatur
2382 1594 2546 1665 quod
2569 1595 2718 1649 inter
2742 1590 3053 1663 Apostolos
3076 1586 3408 1658 baptizatos
3435 1583 3637 1637 Petrus

1982 1700 2101 1740 non
2142 1684 2315 1739 fuerit
2354 1683 2705 1755 baptizatus,
2756 1680 2967 1749 ignoro
2999 1694 3010 1731 :
3041 1681 3096 1732 et
3124 1677 3257 1729 ideo
3292 1670 3639 1742 exemplum

1983 1774 2246 1844 epistolae
2279 1775 2415 1837 tuae,
2450 1787 2522 1827 ne
2550 1771 2797 1826 forsitan
2826 1773 2886 1823 tu
2912 1782 3033 1822 non
3067 1763 3312 1828 habeas,
3346 1759 3482 1815 misi
3515 1756 3638 1822 tibi,

1983 1864 2043 1919 in
2074 1877 2197 1934 quo
2222 1861 2562 1933 diligentius
2589 1858 2926 1914 consideres
2954 1854 3031 1911 ad
3059 1869 3127 1909 ea
3154 1868 3247 1907 me
3273 1847 3639 1920 respondere

1984 1967 2120 2024 quae
2151 1951 2351 2005 inveni
2385 1950 2444 2004 in
2478 1949 2680 2004 litteris
2718 1947 2830 2001 tuis
2864 1963 2878 2012 ;
2914 1945 2961 1999 si
3005 1943 3165 1998 enim
3209 1938 3477 1996 notarius
3517 1950 3641 1991 non

1987 2040 2276 2096 mendose
2300 2039 2529 2109 excepit
2559 2041 2660 2092 aut
2687 2035 2947 2106 scripsit,
2978 2031 3178 2087 nescio
3206 2028 3384 2101 quale
3417 2041 3517 2081 cor
3538 2025 3644 2080 ha-

1985 2129 2127 2187 beat
2164 2129 2268 2200 qui
2307 2143 2445 2183 cum
2481 2125 2796 2198 Apostolos
2836 2121 3167 2195 baptizatos
3189 2118 3364 2183 dicat,
3405 2115 3644 2171 Petrum

1986 2217 2357 2290 baptizatum
2388 2218 2587 2286 negat.

2058 2314 2110 2365 2.
2134 2306 2303 2372 Quod
2324 2309 2521 2361 autem
2540 2307 2740 2359 Petrus
2759 2301 2972 2358 dicitur
2990 2299 3187 2369 egisse
3204 2292 3643 2368 paenitentiam,

1990 2396 2327 2453 cavendum
2350 2398 2437 2450 est
2461 2409 2534 2449 ne
2553 2393 2883 2464 itaputetur
2903 2390 3112 2460 egisse,
3137 2382 3446 2458 quomodo
3461 2382 3649 2451 agunt

1990 2486 2049 2542 in
2074 2484 2334 2540 Ecclesia
2351 2483 2452 2554 qui
2472 2481 2709 2553 proprie
2724 2480 3076 2552 poenitentes
3094 2478 3401 2531 vocantur.
3428 2473 3493 2526 Et
3514 2469 3648 2542 quis

1986 2576 2102 2631 hoc
2120 2575 2284 2637 ferat,
2309 2576 2369 2627 ut
2386 2572 2649 2643 primum
2668 2567 3109 2640 Apostolorum,
3134 2565 3286 2619 inter
3302 2560 3445 2617 tales
3462 2557 3656 2631 poeni-

1989 2670 2177 2721 tentes
2199 2660 2646 2719 numerandum
2670 2665 2949 2732 putemus
2968 2656 2996 2711 Ἰ
3022 2652 3299 2710 Paenituit
3324 2650 3480 2704 enim
3512 2661 3652 2703 eum

1991 2767 2243 2823 negasse
2267 2750 2583 2814 Christum,
2607 2747 2770 2821 quod
2794 2748 2919 2818 ejus
2942 2741 3503 2811 indicantlacrymas
3527 2754 3540 2791 :
3568 2734 3653 2790 sic

1993 2844 2155 2903 enim
2182 2840 2476 2912 scriptum
2507 2844 2614 2901 est,
2640 2837 2784 2908 quia
2806 2835 2964 2906 ﬂevit
2995 2847 3202 2890 amare
3225 2828 3468 2901 (Matth.
3491 2838 3649 2890 xxvr,

1992 2931 2106 3004 75).
2143 2928 2421 2986 Nondum
2462 2926 2621 2981 enim
2661 2924 2897 2979 fuerant
2946 2919 3377 2976 resurrectione
3419 2912 3653 2969 Domini

1995 3017 2352 3088 conﬁrmati,
2373 3020 2430 3072 et
2448 3014 2548 3071 illo
2570 3013 2833 3070 adventu
2855 3010 3106 3082 Spiritus
3129 3005 3321 3063 sancti
3338 3003 3443 3076 qui
3466 3016 3655 3072 appa-

1996 3110 2110 3167 ruit
2141 3108 2236 3164 die
2266 3108 2664 3171 Pentecostes,
2696 3102 2783 3158 vel
2804 3101 2905 3159 illa
2927 3098 3312 3171 inspiratione
3334 3103 3523 3166 quam
3552 3090 3658 3146 de-

1999 3196 2358 3261 monstravit
2375 3194 2661 3251 Dominus
2675 3195 3075 3264 posteaquam
3097 3181 3420 3241 resurrexit
3441 3197 3477 3236 a
3502 3194 3660 3235 mor-

1999 3287 2141 3353 tuis,
2169 3301 2307 3342 cum
2333 3282 2663 3339 insufﬂavit
2689 3280 2749 3336 in
2772 3294 2981 3336 eorum
3008 3276 3245 3338 faciem,
3276 3271 3482 3327 dicens
3512 3269 3661 3327 :Ac-

2002 3378 2179 3448 cipite
2206 3376 2492 3446 Spiritum
2523 3377 2791 3429 sanctum
2820 3369 3015 3439 (Joan.
3040 3382 3135 3431 xv,
3168 3364 3284 3434 22).

2075 3470 2125 3523 3.
2148 3445 2314 3522 Unde
2334 3468 2488 3519 recte
2506 3461 2624 3517 dici
2651 3465 2862 3532 potest,
2882 3456 3028 3530 quia
3048 3470 3186 3511 cum
3203 3453 3405 3507 Petrus
3421 3445 3661 3516 negavit

2006 3556 2352 3619 Dominum,
2376 3552 2649 3608 nondum
2671 3550 2906 3606 fuerant
2926 3544 3187 3617 Apostoli
3205 3537 3481 3612 baptizati
3508 3552 3522 3603 ;
3542 3550 3664 3592 non

2005 3651 2209 3701 tamen
2231 3658 2411 3716 aqua,
2442 3640 2547 3695 sed
2572 3638 2791 3711 Spiritu
2819 3640 3047 3692 sancto.
3076 3633 3199 3688 Hoc
3221 3630 3383 3687 enim
3414 3628 3497 3684 eis
3518 3624 3668 3681 dixit

2008 3715 2333 3808 postquam
2364 3729 2699 3794 resurrexit,
2737 3732 2793 3783 et
2823 3727 3215 3781 conversatus
3247 3725 3331 3776 est
3364 3732 3502 3773 cum
3535 3715 3618 3771 eis
3652 3730 3665 3769 :

2009 3803 2267 3879 iloanues
2290 3819 2523 3892 quidem
2551 3818 2866 3884 baptizavit
2882 3828 3055 3885 aqua,
3081 3826 3180 3868 vos
3206 3807 3405 3866 autem
3438 3803 3667 3873 Spiritu

2010 3918 2215 3969 sancto
2248 3905 2713 3977 baptizabimini,
2745 3918 2918 3976 quem
2948 3907 3001 3959 et
3027 3896 3333 3968 accepturi
3371 3894 3505 3953 estis
3549 3906 3669 3947 non

2010 4004 2139 4071 post
2166 4001 2379 4055 multos
2394 3998 2496 4053 hos
2509 3996 2627 4052 dies
2650 3994 2806 4067 (Act.
2834 4008 2874 4059 1,
2894 3991 2970 4064 5).
2995 3989 3187 4061 Aliqui
3210 3992 3411 4043 autem
3432 3980 3669 4071 codices

2010 4069 2256 4156 habent,
2292 4088 2398 4143 Vos
2424 4092 2616 4142 autem
2640 4081 2869 4155 Spiritu
2892 4075 3385 4146 sanctoincipietis
3412 4069 3674 4141 baptiza-

2012 4180 2101 4237 ri:
2119 4176 2223 4234 sed
2237 4177 2359 4234 sive
2373 4168 3100 4241 dicatur,baptizabimini,
3120 4168 3245 4222 sive
3258 4165 3507 4227 dicatur,
3528 4157 3677 4216 inci-

2012 4269 2183 4343 pietis
2198 4266 2508 4338 baptizari,
2525 4263 2603 4319 ad
2615 4278 2738 4318 rem
2754 4259 2897 4316 nihil
2915 4260 3172 4315 interest.
3188 4255 3336 4310 Nam
3354 4253 3412 4308 in
3428 4248 3677 4323 quibus-

2015 4336 2604 4432 cumque—codicibus
2621 4350 2935 4416 invenitur,
2964 4343 3357 4416 baptizabitis,
3377 4342 3498 4403 aut,
3520 4336 3669 4392 inci-

2014 4422 2198 4519 piatis.
2213 4446 2532 4515 baptizare,
2565 4437 2837 4495 mendosi
2863 4433 3151 4505 sunt;qui
3182 4447 3254 4485 ex
3277 4427 3486 4500 graacis
3515 4422 3677 4480 facil-

2016 4538 2158 4593 lime
2197 4532 2656 4590 convincuntur.
2707 4527 2765 4581 Si
2805 4529 3006 4581 autem
3047 4522 3307 4576 dicimus
3352 4529 3512 4588 aqua
3550 4525 3675 4569 non

2020 4625 2204 4681 fuisse
2234 4622 2554 4693 baptizato,
2587 4612 2979 4672 metuendum
3012 4615 3099 4665 est
3121 4625 3194 4665 ne
3220 4606 3475 4678 graviter
3503 4601 3562 4657 in
3593 4598 3678 4655 eis

2021 4728 2310 4774 erremus,
2341 4724 2416 4764 ne
2447 4710 2660 4762 demus
2698 4700 3048 4759 hominibus
3088 4696 3500 4754 auctoritatem
3540 4702 3682 4746 con-

2022 4799 2329 4861 temnendi
2349 4795 2723 4871 Baptismum
2746 4809 2761 4861 ;
2786 4807 2969 4865 quem
2996 4802 3186 4861 usque
3213 4786 3365 4842 adeo
3391 4797 3513 4839 non
3543 4793 3683 4835 con-

2025 4889 2416 4950 temnendum
2440 4868 2569 4958 ipsa
2591 4881 2920 4955 apostolica
2940 4876 3259 4951 disciplina
3277 4868 3682 4958 commendat,

2028 4987 2092 5039 ut
2118 4978 2421 5039 Cornelius
2442 4956 2707 5032 centurio
2729 4977 2786 5028 et
2811 4970 2850 5026 ii
2870 4970 2974 5043 qui
2995 4984 3132 5024 cum
3158 4965 3260 5021 illo
3286 4965 3470 5025 erant,
3499 4956 3682 5045 etiam

2025 5073 2150 5144 jam
2183 5072 2427 5141 accepto
2466 5064 2685 5138 Spiritu
2716 5066 2944 5127 sancto,
2976 5056 3194 5115 fuerint
3230 5048 3511 5124 baptizati
3565 5046 3680 5119 (Id.

2029 5178 2089 5228 x,
2122 5158 2236 5231 48).

2104 5254 2156 5307 4.
2182 5230 2336 5307 Sicut
2354 5244 2582 5317 antiqui
2590 5240 2736 5316 justi
2756 5239 2805 5296 si
2821 5252 2942 5294 non
2957 5230 3538 5293 circumciderentur,
3561 5239 3687 5281 non

2034 5344 2160 5396 erat
2182 5338 2267 5395 eis
2296 5339 2608 5409 peccatum
2634 5350 2650 5403 ;
2679 5334 2888 5403 postea
2916 5340 3056 5383 vero
3094 5337 3277 5395 quam
3300 5318 3486 5391 jussit
3524 5318 3679 5372 Deus

2100 5537 2131 5571 ⁸
2164 5535 2243 5586 Ad
2264 5550 2318 5588 α.
2353 5533 2442 5597 bg.
2470 5532 2558 5581 bn.
2589 5528 2731 5597 bl._c.
2759 5521 3019 5597 chchﬂ'.
3046 5535 3096 5585 g.
3121 5531 3327 5597 εει-εν.
3355 5516 3396 5581 j.
3420 5529 3481 5566 n.
3510 5527 3554 5564 r.
3578 5528 3623 5565 s.
3647 5516 3689 5565 t.

2040 5604 2099 5652 tt.
2120 5614 2200 5649 vc.
2234 5586 2369 5649 duos
2390 5586 2442 5645 ὅ.
2475 5598 2599 5644 tres.
2638 5590 2718 5639 sb.
2746 5594 2798 5637 et
2821 5586 2966 5652 Edd._
2980 5586 3265 5652 recensita.

2108 5642 2368 5726 (ai-Alias
2388 5642 2478 5708 {08
2509 5642 2665 5723 {quas
2699 5654 2879 5704 autem
2912 5650 3004 5700 265
3038 5650 3168 5706 erat,
3208 5656 3354 5696 nunc
3378 5642 3487 5693 106.
