4138 6172
577 157 718 216 1087

575 288 647 341 ut
691 286 1210 345 circumcideretur
1248 288 1555 346 Abraham
1598 287 1847 361 ejusque
1893 285 2229 361 posteritas,

1778 198 1785 205 -
1855 159 1918 219 S.
1960 156 2348 219 AUGUSTINI
2386 157 2705 219 EPISCOPI

3789 176 3896 236 1088

2341 284 2553 343 iterum
2580 287 2643 344 in
2668 287 2987 347 Galilaeam
3011 289 3202 363 (Iduv,
3234 290 3365 361 1-3).
3389 292 3538 349 Tunc
3558 308 3685 366 ergo
3700 302 3898 372 quando

571 374 700 449 jam
731 378 783 433 si
811 393 933 433 non
964 378 1149 443 ﬁeret,
1191 394 1371 449 grave
1404 384 1718 450 peccatum
1757 379 1867 435 fuit
1894 395 1905 433 :
1936 379 2020 434 sic
2049 378 2227 434 etiam
2336 374 2415 432 ab
2442 376 2827 450 Jerosolymis
2852 379 2995 436 exiit
3018 395 3156 436 cum
3174 379 3476 452 discipulis
3490 382 3665 440 suisin
3684 389 3899 450 Judaam

559 471 890 538 postquam
918 465 1203 521 Dominus
1223 466 1488 523 Christus
1514 467 1573 523 in
1600 467 1856 524 Ecclesia
1884 484 1992 523 sua
2022 481 2230 522 sacra—
2335 468 2577 536 terram,
2611 472 2668 523 et
2694 466 2811 524 illic
2835 469 3184 526 morabatur
3212 484 3349 525 cum
3363 470 3464 535 eis,
3491 471 3793 544 baptizabat
3810 495 3899 539 non

567 560 838 609 mentum
865 555 1011 610 Novi
1034 557 1389 613 Testamenti
1417 574 1525 629 pro
1544 558 2001 614 circumcisione
2027 554 2225 612 carnis
2333 568 2441 625 per
2471 555 2757 628 seipsum,
2787 557 2891 613 sed
2921 572 3028 630 per
3054 556 3384 629 discipulos
3406 574 3568 625 suos;
3593 566 3903 633 quosintelli-

564 651 831 706 sanctum
862 645 1231 717 baptismum
1263 647 1425 703 dedit
1444 649 1486 714 1,
1514 654 1570 703 et
1590 649 1939 720 apertissine
1966 647 2133 713 dixit,
2156 646 2224 704 Si

565 737 697 808 quis
724 751 843 792 non
871 744 1111 793 renatus
1134 738 1323 809 fuerit
1359 754 1433 795 ex
1461 754 1621 811 aqua
1645 743 1699 795 et
1728 738 1962 808 Spiritu
1990 744 2217 803 sancto,

564 841 683 881 non
712 825 962 882 intrabit
983 826 1045 882 in
1069 843 1315 898 regnum
1341 830 1619 885 caelorum
1654 829 1851 899 (Joan.
1885 844 1964 893 ιιι,
1992 831 2063 893 5),
2088 828 2216 898 jam

562 930 684 971 non
707 915 998 971 debemus
1024 932 1290 988 quaerere
1312 916 1560 989 quando
1588 917 1844 990 quisque
1868 917 2045 972 fuerit
2072 917 2219 989 bap-

558 1003 768 1061 tizatus
782 1018 802 1073 ;
818 1005 924 1061 sed
937 1022 1358 1078 quoscumque
1374 1007 1629 1077 legimus
1642 1007 1701 1061 in
1720 1021 1968 1078 corpore
1982 1005 2213 1072 Christi,

556 1093 724 1166 quod
753 1098 845 1148 est
878 1094 1153 1161 Ecclesia,
1182 1094 1473 1166 pertinere
1507 1094 1584 1151 ad
1614 1109 1866 1164 regnum
1902 1094 2213 1159 caelorum,

557 1181 800 1237 nonnisi
828 1181 1160 1253 baptizatos
1190 1183 1516 1253 intelligere
1542 1183 1836 1240 debemus
1866 1200 1882 1237 :
1915 1183 2031 1238 nisi
2063 1183 2213 1239 forte

2331 641 2531 712 gimus
2554 644 2682 716 jam
2708 645 2888 702 fuisse
2912 645 3244 718 baptizatos
3269 648 3312 713 ί,
3341 646 3462 702 sive
3481 648 3750 720 baph’smo
3769 656 3901 712 Joan-

2330 733 2442 799 nis,
2462 733 2895 791 sicutnonnulli
2914 734 3301 805 arbitrantur,
3317 735 3437 792 sive
3462 739 3616 809 quod
3633 743 3797 812 magis
3816 761 3902 802 cre-

2325 821 2504 878 dibile
2518 822 2935 896 est,baptismo
2949 823 3230 881 Christi.N
3236 840 3387 897 eque
3410 826 3563 881 enim
3578 827 3900 891 ministerium

2324 908 2671 983 baptizandi
2693 912 3020 985 defugeret,
3051 918 3113 969 ut
3133 913 3379 970 haberet
3402 915 3708 988 baptizatos
3726 936 3898 989 servos,

2325 1015 2432 1071 per
2454 1016 2609 1073 quos
2653 1008 2897 1058 cmicros
2928 1002 3273 1074 baptizaret,
3307 1004 3413 1076 qui
3456 1019 3573 1061 non
3597 1005 3795 1079 defugit
3816 1027 3905 1067 me-

2322 1089 2632 1145 morabilis
2659 1090 2818 1146 illius
2844 1090 3201 1147 humilitatis
3231 1092 3621 1151 ministerium
3647 1097 3687 1160 ²,
3708 1098 3902 1168 quando

2320 1177 2404 1233 eis
2430 1178 2574 1235 lavit
2600 1179 2783 1252 pedes
2810 1196 2824 1247 ;
2858 1186 2915 1236 et
2945 1179 3166 1252 petenti
3190 1180 3359 1237 Petro
3385 1186 3445 1238 ut
3469 1198 3586 1239 non
3607 1188 3810 1242 tantum
3831 1203 3906 1259 pe-

557 1271 1601 1343 quosangustiapassionisinvenit’,
1626 1277 1680 1329 et
1709 1271 1975 1328 nolentes
1990 1287 2212 1343 negare
2317 1265 2444 1334 des.
2478 1284 2687 1325 verum
2718 1268 2898 1325 etiam
2931 1284 3148 1327 manus
3174 1274 3233 1325 et
3260 1273 3441 1342 caput
3488 1271 3540 1327 ei
3580 1271 3794 1337 laverat.
3818 1291 3905 1331 res-

559 1360 880 1425 Christum,
905 1366 1231 1433 antequam
1249 1362 1691 1434 baptizarentur
1705 1361 1888 1418 occisi
1907 1366 2063 1427 sunt,
2081 1361 2212 1435 qui-

2317 1357 2547 1428 pondit,
2581 1358 2691 1425 Qui
2716 1360 2871 1415 lotus
2893 1366 2976 1416 est
3006 1375 3121 1416 non
3136 1359 3355 1432 indiget
3373 1360 3488 1416 nisi
3512 1368 3573 1415 ut
3596 1362 3752 1430 pedes
3770 1365 3907 1433 lavet,

558 1448 672 1505 bus
710 1449 843 1521 ipsa
881 1450 1088 1521 passio
1126 1467 1233 1523 pro
1274 1452 1569 1523 Baptismo
1608 1451 1893 1523 deputata
1934 1456 2045 1507 est.
2095 1450 2208 1507 Sed
2315 1447 2418 1503 sed
2442 1450 2525 1504 est
2557 1449 2815 1504 mundus
2841 1454 2998 1505 totus
3030 1448 3142 1521 (Id.
3173 1466 3297 1519 xm,
3332 1451 3421 1508 10)
3455 1466 3468 1505 :
3501 1450 3599 1506 ubi
3628 1451 3909 1523 intelligitur

557 1538 855 1610 numquid
896 1540 1008 1595 hoc
1050 1556 1379 1612 possumus
1410 1540 1484 1597 de
1515 1540 1810 1612 Apostolis
1844 1540 2060 1605 dicere,
2103 1540 2205 1613 qui

558 1641 751 1698 usque
778 1627 929 1684 adeo
961 1629 1194 1699 largum
1226 1636 1463 1701 tempus
1494 1630 1837 1686 habuerunt
1866 1645 1987 1701 quo
2018 1630 2208 1702 bapti-

560 1721 855 1783 zarentur,
912 1724 974 1773 ut
1013 1718 1161 1773 alios
1203 1720 1377 1775 etiam
1422 1719 1847 1791 baptizaverint
1873 1720 1902 1772 ?
1932 1719 2043 1775 Sed
2084 1735 2203 1776 non

558 1806 764 1862 omnia
788 1822 923 1877 qua).
955 1806 1112 1864 facta
1142 1813 1298 1875 sunt,
1327 1809 1505 1864 etiam
1537 1808 1756 1881 scripta
1784 1808 2200 1877 inveniuntur;

557 1900 972 1951 verumtamen
998 1897 1154 1954 facta
1179 1913 1307 1953 esse
1332 1914 1403 1953 ex
1430 1898 1654 1953 caeteris
1675 1898 2050 1955 documentis
2073 1915 2205 1971 pro-

557 1981 797 2038 bantur.
831 1984 1127 2055 Scriptum
1165 1990 1257 2040 est
1285 1986 1534 2059 quando
1564 1985 1894 2057 baptizatus
1927 1987 2002 2043 sit
2035 2004 2205 2059 apos-

556 2070 710 2127 tolus
746 2073 818 2128 sit
846 2074 1063 2130 Paulus
1093 2075 1236 2145 (Act.
1272 2092 1349 2140 ιιι,
1382 2076 1491 2149 18),
1530 2080 1585 2132 et
1630 2077 1912 2149 scriptum
1944 2093 2064 2133 non
2113 2081 2204 2135 est

556 2161 803 2232 quando
841 2162 1119 2236 baptizati
1153 2165 1271 2221 sint
1314 2166 1409 2221 alii
1442 2165 1703 2237 Apostoli
1736 2184 1750 2233 ;
1785 2171 2202 2225 verumtamen

554 2248 733 2305 etiam
765 2250 927 2323 ipsos
965 2252 1297 2325 baptizatos
1332 2254 1656 2327 intelligere
1694 2254 1986 2311 debemus
2018 2272 2031 2313 :
2064 2271 2202 2328 que-

554 2338 952 2397 madmodum
992 2341 1283 2414 scriptum
1322 2348 1409 2400 est
1447 2344 1694 2416 quando
1734 2345 2045 2416 baptizatus
2085 2346 2201 2402 sint

553 2426 759 2499 plebes
796 2429 1192 2486 Ecclesiarum
1224 2432 1285 2486 in
1306 2432 1633 2489 Jerusalem
1656 2434 1770 2507 (Id.
1814 2453 1871 2498 ιι,
1901 2435 1990 2503 dt)
2019 2438 2075 2490 et
2100 2436 2201 2490 Sa-

554 2516 744 2572 maria
774 2517 887 2587 (Id.
922 2535 1035 2583 Vill,
1072 2521 1161 2591 t2)
1192 2537 1205 2586 ;
1232 2521 1478 2593 quando
1508 2526 1707 2578 autem
1742 2523 2054 2595 baptizata:
2085 2524 2201 2580 sint

553 2604 683 2659 alias
710 2605 916 2676 plebes
938 2608 1223 2676 gentium,
1251 2610 1472 2679 quibus
1491 2611 1751 2681 Apostoli
1782 2611 2071 2681 Epistolas
2095 2613 2198 2668 mi-

553 2698 776 2757 serunt,
827 2709 947 2749 non
986 2700 1070 2751 est
1109 2697 1314 2768 utique
1348 2698 1658 2770 scriptum,
1692 2704 1747 2755 et
1778 2704 1977 2755 tamen
2019 2700 2197 2757 etiam

551 2781 715 2853 ipsas
738 2782 1065 2854 baptizatus
1096 2785 1299 2858 utique
1324 2787 1569 2843 minime
1586 2787 1936 2844 dubitamus
1958 2794 2200 2861 propter

550 2867 716 2925 illam
754 2870 983 2926 Domini
1015 2874 1389 2933 sententiam,
1419 2875 1551 2931 Nisi
1578 2876 1709 2947 quis
1745 2885 1987 2934 renatus
2016 2879 2197 2949 fuerit

551 2971 627 3014 ea:
654 2974 813 3029 aqua
842 2965 897 3015 et
920 2960 1151 3030 Spiritu
1177 2969 1401 3028 sa‘ncto,
1436 2980 1555 3020 non
1581 2964 1830 3022 intrabit
1858 2966 1921 3022 in
1948 2983 2194 3039 regnum

550 3049 851 3105 caelorum.

620 3137 673 3191 5.
702 3140 1030 3211 Utrumque
1055 3145 1255 3197 autem
1286 3141 1360 3198 de
1399 3142 1650 3199 Domino
1683 3143 1973 3216 scriptum
2002 3150 2108 3213 est,
2142 3150 2199 3203 et

550 3226 695 3298 quia
723 3227 1055 3296 baptizabat
1083 3232 1289 3300 plures
1319 3247 1498 3303 quam
1523 3233 1801 3297 Joannes,
1824 3238 1879 3289 et
1900 3235 2047 3307 quia
2074 3235 2199 3306 ipse

550 3330 670 3370 non
691 3316 1041 3384 baptizabat,
1058 3320 1160 3375 sed
1178 3320 1462 3388 discipuli
1474 3323 1601 3391 ejus
1617 3344 1636 3391 ,-
1651 3326 1711 3377 ut
1734 3322 2196 3394 intelligeremus

551 3408 608 3459 et
637 3403 831 3476 ipsum
862 3407 1107 3478 quidem
1137 3408 1466 3480 baptizasse
1506 3411 1816 3482 praesentia
1848 3412 2192 3482 majestatis,

551 3508 671 3548 non
704 3498 907 3550 tamen
929 3496 1131 3568 ipsum
1169 3497 1498 3568 baptizasse
1526 3499 1804 3555 manibus
1830 3501 1972 3555 suis.
2002 3501 2196 3573 Ipsius

551 3582 709 3638 enim
745 3587 870 3639 erat
910 3585 1197 3655 Baptismi
1231 3592 1720 3656 sacramentum;
1750 3589 1829 3645 ad
1864 3589 2196 3661 Discipulos

551 3676 752 3726 autem
802 3671 1143 3744 baptizandi
1191 3674 1586 3732 ministerium
1627 3678 1981 3748 pertinebat.
2033 3680 2195 3735 Tunc

550 3775 693 3830 ergo
712 3762 958 3833 quando
979 3763 1118 3820 dicit
1135 3768 1395 3821 Joannes
1416 3766 1779 3837 evangelista
1795 3768 1851 3823 in
1871 3768 2193 3839 Evangelio

550 3852 819 3917 suo,Post
842 3852 959 3909 haec
977 3854 1122 3911 exiit
1140 3856 1307 3911 Jesus
1329 3862 1383 3913 et
1398 3856 1680 3925 discipuli
1700 3859 1826 3927 ejus
1843 3859 1905 3913 in
1927 3857 2193 3915 Iudaeam

549 3943 792 4005 terram,
835 3947 888 3998 et
926 3942 1058 4000 illic
1090 3944 1443 4001 morabatur
1471 3960 1599 4002 cum
1628 3947 1729 4011 eis,
1760 3952 1814 4003 et
1855 3947 2195 4017 baptizabat

549 4029 741 4093 (Joan.
776 4046 849 4095 ιιι,
888 4032 977 4102 22)
1012 4048 1025 4085 :
1061 4036 1200 4089 tunc
1221 4033 1401 4105 paulo
1430 4039 1569 4106 post
1599 4035 1667 4089 de
1690 4034 1784 4090 illo
1806 4034 2060 4107 loquens
2088 4038 2191 4102 ait,

557 4117 627 4173 Ut
669 4132 806 4188 ergo
837 4121 1105 4190 cognovit
1154 4122 1325 4178 Jesus
1362 4123 1503 4194 quia
1543 4123 1863 4179 audierunt
1903 4124 2197 4181 Phariswi

550 4205 708 4278 quod
733 4205 900 4262 Iesus
925 4209 1130 4277 plures
1159 4209 1476 4278 discipulos
1502 4212 1748 4280 faceret,
1782 4219 1834 4268 et
1868 4212 2197 4282 baptizaret

544 4296 751 4366 plures
772 4311 949 4368 quam
961 4298 1211 4355 Joannes
1224 4298 1587 4371 (quanquam
1598 4300 1764 4357 Iesus
1778 4301 1903 4370 ipse
1915 4317 2032 4358 non
2057 4302 2197 4371 bap-

549 4386 777 4451 tizaret,
801 4385 903 4443 sed
920 4386 1203 4457 discipuli
1218 4390 1276 4459 ej
1280 4389 1393 4458 us),
1418 4388 1652 4461 reliquit
1670 4389 1960 4455 Iudaeam,
1984 4397 2036 4448 et
2054 4390 2194 4447 abiit

608 4555 643 4623 ί.
659 4554 738 4623 Ita
766 4569 954 4623 ompes
977 4556 1238 4623 Edd.‘At.
1264 4558 1623 4623 Levanienses
1648 4558 1703 4623 in
1724 4559 2194 4623 Castigationibus,

546 4619 813 4695 testantur
824 4617 952 4695 "Mlss:
973 4619 1237 4695 quosdam
1255 4620 1625 4695 sic-habuisse:
1650 4622 1732 4670 Sic
1746 4617 1898 4695 etiam
1923 4627 2196 4695 apteguam

546 4678 797 4727 Dominus
820 4678 1053 4730 Christus
1074 4683 1130 4730 in
1156 4682 1377 4732 Ecclesia
1403 4698 1498 4732 sua
1520 4690 1894 4733 sacramentum
1919 4678 2068 4733 Navi
2088 4685 2197 4734 Tes-

545 4743 759 4810 tamenti
788 4744 1092 4805 institueret,
1118 4760 1225 4794 non
1259 4751 1369 4794 erat
1393 4752 1647 4810 peccatum
1677 4762 1781 4795 non
1813 4748 2077 4810 baptizari
2102 4761 2120 4807 ;
2144 4748 2198 4796 id

549 4809 621 4853 est
655 4819 775 4871 non;
794 4811 1067 4871 tenenatur
1095 4821 1230 4871 reus,
1258 4810 1304 4857 si
1333 4809 1445 4871 quis
1479 4810 1731 4871 baptismo
1765 4809 1886 4857 non
1906 4810 2193 4866 lavaretur,

549 4867 683 4934 quod
698 4868 776 4916 vel
790 4868 1029 4929 prodesse
1038 4869 1116 4934 vel
1132 4867 1398 4920 obesseillo
1412 4867 1579 4919 adhuc
1594 4876 1816 4933 tempore
1834 4872 2194 4934 ignorabatur.

547 4931 613 4979 Αε
640 4935 908 4992 postquam
939 4945 1033 4991 pro
1063 4933 1442 4983 circumcisione
1472 4934 1644 4982 carnis
1677 4931 1909 4983 sanctum
1943 4935 2197 4990 baptisma

542 4992 698 5060 dedit,
714 4998 819 5060 etc.
832 4993 993 5043 Porro
1010 4994 1063 5042 in
1080 4996 1321 5060 Mssmer
1335 5010 1435 5060 nos
1455 4996 1708 5060 inspectis
1728 5010 1836 5046 non
1858 4999 2201 5060 reperiuntur

543 5055 707 5123 verba
739 5054 890 5117 plura
918 5070 1080 5120 quam
1104 5054 1351 5123 _in_Edd.,
1387 5059 1510 5123 licet
1542 5054 1825 5108 duodecim
1857 5054 1933 5108 ex'
1954 5059 2063 5123 illis
2100 5074 2196 5123 pro

541 5119 612 5166 sic
628 5118 782 5185 etiam
798 5118 1084 5181 postquam,
1104 5120 1337 5185 habeant
1355 5123 1424 5170 sic
1439 5122 1593 5185 etiam
1608 5126 1906 5185 antequam:
1924 5121 2068 5185 quod
2095 5118 2199 5170 nisi

543 5184 781 5231 erratum
799 5185 891 5248 est
910 5184 1341 5245 amanuensium,
1375 5184 1571 5234 indicio
1594 5187 1674 5233 est
1694 5184 1893 5248 aliquid
1918 5184 2001 5233 hic
2030 5184 2195 5233 fuisse

543 5245 982 5309 pretermissum.

603 5310 622 5341 ²
652 5308 709 5356 In
762 5308 1087 5371 quibusdam
1122 5308 1245 5358 Mss.
1286 5309 1363 5357 uti
1403 5308 1710 5371 Lovan.,in
1742 5307 2197 5371 Castigationibus

544 5368 847 5440 observant,
868 5372 939 5419 ita
960 5370 1265 5444 legebatur;
1282 5371 1425 5430 Quod
1441 5376 1513 5444 est
1526 5370 1878 5444 Ecclesia,esse
1891 5368 2193 5444 assumptos,

543 5430 678 5495 ipsos
701 5448 791 5481 nec
815 5430 1040 5495 corpori
1052 5434 1253 5483 Christi
1286 5434 1537 5483 veraciter
1557 5434 1747 5490 unitos.
1774 5449 1864 5483 nec
1887 5434 1953 5482 ad
1986 5430 2196 5495 regnum

545 5493 781 5561 calorum
816 5493 1074 5561 pertinere
1106 5497 1216 5545 nisi
1249 5497 1538 5559 baptizatos
1572 5511 1664 5561 per
1693 5510 1882 5561 aquam
1914 5493 2198 5561 intelligere

546 5553 777 5623 debemus
805 5553 829 5616 ξ
843 5558 948 5605 nisi
980 5561 1113 5623 forte
1147 5574 1270 5623 quos
1299 5553 1541 5623 angustia
1572 5553 1829 5621 passionis
1863 5573 1967 5623 non
1999 5553 2197 5607 inuenit

545 5615 853 5679 baptizatos.
877 5623 921 5665 et
944 5615 1186 5679 nolente},
1219 5626 1323 5673 etc.

542 5691 667 5730 cum
702 5678 832 5729 Edd.
865 5678 1227 5735 consentiunt.

1408 5626 1609 5674 ttamen
1644 5623 1773 5677 Mss.
1806 5622 1973 5673 nostri
2007 5634 2195 5673 omnes

2312 1536 2475 1608 quod
2503 1536 2633 1607 jam
2656 1537 2858 1593 Petrus
2890 1536 3228 1607 baptizatus
3254 1536 3467 1594 fuerat.

2385 1628 2436 1681 6.
2466 1626 2508 1691 Q
2520 1626 2784 1682 uomodo
2799 1632 2998 1682 autem
3026 1626 3502 1699 istedicat,quod
3526 1626 3583 1682 in
3598 1628 3815 1699 epistola
3831 1634 3909 1687 tua

2314 1713 2583 1784 posuisti,
2618 1714 2782 1787 quod
2814 1714 3075 1787 Apostoli
3119 1714 3395 1771 dederint
3426 1716 3806 1788 pmuitentiam
3829 1734 3908 1790 pro

2312 1802 2631 1873 Baptismo,
2687 1818 2809 1859 non
2861 1803 3167 1860 evidenter
3206 1819 3554 1876 expressum
3583 1810 3682 1860 est.
3712 1806 3760 1861 Si
3783 1806 3906 1862 enim

2310 1906 2421 1963 pro
2448 1892 2750 1963 Baptismo
2780 1892 2916 1949 ideo
2936 1892 3099 1959 dicit,
3124 1892 3271 1965 quia
3293 1909 3398 1966 per
3422 1894 3807 1965 pmnitentiam
3840 1911 3905 1950 re-

2310 1980 2625 2036 mittuntur
2636 1987 2902 2053 peccata,
2917 1981 3097 2038 habet
3113 1981 3340 2054 aliquid
3365 1983 3607 2038 rationis
3626 1983 3770 2055 quod
3779 1982 3904 2038 dicit.

2312 2069 2425 2125 Sed
2459 2068 2589 2125 talis
2620 2069 2977 2141 paenitentia
3016 2075 3150 2142 post
3181 2071 3557 2142 Baptismum
3590 2076 3762 2142 potest
3785 2071 3905 2127 utilis

2306 2172 2459 2223 esse,
2490 2159 2538 2213 si
2558 2159 2695 2231 quis
2720 2161 3075 2231 peccaverit.
3099 2160 3209 2215 Iste
3232 2164 3435 2217 autem
3460 2160 3734 2231 quoniam
3763 2165 3901 2229 negat

2308 2251 2444 2317 post
2466 2248 2830 2318 Baptismum
2848 2248 2975 2303 dari
3000 2248 3361 2320 poenitentia
3382 2248 3605 2314 locum,
3628 2264 3753 2304 cum
3774 2247 3899 2315 dicit,

2307 2335 2459 2391 sicut
2480 2336 3203 2409 scripsisti,pcenitentiam
3222 2336 3415 2393 solam
3439 2343 3575 2393 ante
3591 2337 3901 2410 Baptismum

2307 2439 2435 2480 esse
2465 2442 2478 2491 ;
2509 2424 2685 2480 datur
2708 2424 2952 2495 intelligi
2979 2425 3066 2479 sic
3098 2440 3236 2481 eum
3265 2424 3492 2481 dixisse
3520 2425 3681 2498 quod
3696 2425 3903 2496 Apostoli

2306 2512 2578 2569 dederint
2605 2512 3011 2585 pmnitentiam
3048 2529 3156 2585 pro
3180 2513 3519 2584 Baptismo,
3553 2520 3613 2569 ut
3642 2520 3764 2569 ante
3792 2516 3906 2584 Bap-

2307 2601 2551 2657 tismum
2578 2618 2712 2658 eam
2743 2602 3031 2667 dederint,
3055 2608 3233 2674 atque
3251 2602 3289 2657 ii
3312 2602 3539 2675 quibus
3565 2603 3699 2658 data
3718 2603 3794 2668 sit,
3810 2618 3903 2673 pos-

2307 2694 2401 2747 tea
2424 2707 2541 2747 non
2562 2691 3093 2764 fuerintbaptizati,
3115 2691 3261 2764 quia
3285 2692 3370 2748 eis
3402 2691 3507 2748 illa
3532 2708 3638 2764 pro
3659 2692 3906 2763 Baptismo

2304 2779 2439 2836 fuit:
2465 2780 2630 2853 quod
2642 2781 2999 2837 Novatianos
3022 2780 3219 2838 dicere
3234 2796 3553 2853 nunquam
3571 2779 3905 2837 audivi.Unde

2304 2885 2506 2943 qurere
2535 2869 2871 2940 diligenter,
2901 2884 2974 2925 ne
3006 2869 3152 2926 forte
3183 2869 3441 2941 alicujus
3472 2869 3708 2927 alterius
3736 2868 3906 2926 erroris

2306 2958 2404 3029 sit,
2422 2961 2480 3013 et
2509 2959 2895 3015 novatianum
2927 2974 2989 3015 se
3018 2974 3148 3015 esse
3166 2958 3495 3029 contingat,
3518 2959 3609 3015 vel
3633 2963 3798 3031 putet.
3821 2962 3906 3013 Aut

2306 3047 2355 3102 si
2380 3052 2435 3103 et
2454 3047 2568 3103 hoc
2588 3048 2895 3104 Novatiani
2915 3047 3139 3113 dicunt,
3167 3048 3368 3103 nescio
3393 3064 3406 3103 :
3440 3048 3589 3105 illud
3605 3045 3907 3110 tamenscio,

2306 3136 2599 3209 quoniam
2623 3136 2901 3209 quisquis
2931 3136 3045 3192 hoc
3076 3136 3237 3206 dicit,
3288 3152 3325 3193 a
3349 3137 3566 3208 regula
3595 3136 3724 3193 ﬁdei
3747 3134 3908 3192 catho-

2303 3223 2453 3294 licae,
2476 3230 2533 3281 et
2562 3241 2598 3281 a
2625 3224 2898 3281 doctrina
2927 3223 3136 3281 Christi
3167 3229 3225 3282 et
3251 3226 3678 3299 Apostolorum
3708 3238 3909 3298 prorsus

2306 3313 2542 3370 alienus
2575 3320 2685 3370 est.

2376 3404 2432 3462 7.
2458 3408 2658 3474 Agunt
2679 3404 2840 3459 enim
2852 3402 3128 3460 homines
3140 3408 3274 3461 ante
3288 3404 3663 3476 Baptismum
3674 3402 3910 3477 peniten-

2306 3491 2446 3549 tiam
2474 3492 2553 3548 de
2582 3492 2706 3548 suis
2724 3492 3020 3564 prioribus
3044 3493 3321 3564 peccatis,
3349 3494 3433 3550 ita
3465 3498 3667 3550 tamen
3693 3496 3749 3549 ut
3771 3492 3911 3547 etiam

2300 3580 2696 3653 baptizentur,
2721 3581 2873 3637 sicut
2892 3582 3181 3654 scriptum
3204 3588 3290 3639 est
3308 3584 3368 3638 in
3387 3584 3637 3639 Actibus
3657 3580 3912 3653 Apostolo-

2300 3685 2457 3733 rum,
2475 3671 2751 3743 loquente
2764 3671 2930 3727 Petro
2952 3671 3029 3727 ad
3054 3672 3293 3728 .ludasos
3308 3672 3613 3729 etdiceute
3637 3672 3912 3742 :Agitepa-

2300 3760 2629 3826 nitentium,
2657 3767 2710 3817 et
2744 3760 3074 3830 baptizetur
3100 3761 3516 3833 unusquisque
3575 3767 3815 3818 vestrum
3862 3758 3906 3811 in

2302 3851 2538 3906 nomine
2568 3849 2801 3905 Domini
2821 3850 2961 3905 Jesu
2994 3848 3257 3919 Christi;
3306 3857 3359 3907 et
3389 3850 3765 3909 dimittentur
3786 3846 3905 3904 vobis

2299 3943 2545 4007 peccata
2558 3944 2753 3995 vestra
2775 3938 2842 4008 (A
2853 3943 3004 4007 ct.u,
3020 3939 3534 4009 38).Aguntetiam
3557 3938 3810 3995 homines
3821 3948 3911 4008 pc:-

2303 4027 2634 4090 nitentiam,
2663 4026 2713 4081 si
2744 4030 2880 4097 post
2928 4028 3296 4099 Baptismum
3327 4029 3410 4084 ita
3469 4026 3844 4101 peccaverint,
3871 4028 3915 4077 ut

2302 4115 2810 4172 excommunicari
2837 4120 2893 4171 et
2919 4122 3131 4187 postea
3172 4116 3552 4174 reconciliari
3576 4118 3909 4173 mereantur:

2303 4204 2524 4260 sicutin
2538 4204 2822 4260 omnibus
2840 4204 3108 4261 Ecclesiis
3123 4204 3205 4261 illi
3223 4206 3326 4278 qui
3340 4205 3589 4277 proprie
3614 4204 3915 4278 pmnitentes

2304 4292 2705 4365 appellantur.
2750 4291 2829 4348 De
2856 4292 2959 4348 tali
2984 4293 3146 4349 enim
3205 4293 3567 4364 poenitentia
3609 4293 3825 4350 locutus
3848 4292 3913 4345 est

2305 4380 2609 4453 apostolus
2640 4379 2883 4445 Paulus,
2914 4380 3015 4436 ubi
3046 4381 3128 4437 ait
3161 4396 3173 4435 :
3205 4382 3294 4438 Ne
3318 4382 3538 4439 iterum
3588 4398 3717 4439 cum
3745 4391 3913 4436 uenero

2305 4469 2575 4526 humiliet
2598 4484 2687 4525 me
2712 4470 3040 4538 Deusapud
3064 4485 3159 4526 vos
3180 4487 3201 4535 ;
3223 4477 3277 4527 et
3302 4472 3544 4542 lugeam
3568 4466 3914 4527 multosea'iis

2305 4558 2408 4631 qui
2427 4564 2567 4615 ante
2592 4562 3004 4627 peccauerunt,
3037 4563 3090 4615 et
3118 4574 3236 4616 non
3260 4567 3513 4630 egerunt
3550 4556 3914 4630 penitentiam

2303 4664 2484 4717 super
2496 4648 3235 4720 immunditia,ettuxuria,
3268 4656 3321 4705 et
3344 4650 3750 4717 fornicatione
3770 4660 3909 4718 quam

2304 4743 2551 4807 egerunt
2577 4737 2645 4808 (II
2669 4736 2801 4792 Cor.
2832 4753 2933 4806 xu,
2956 4737 3074 4807 2t):
3101 4752 3294 4809 neque
3315 4738 3478 4793 enim
3508 4734 3914 4795 scribebatista,

2305 4826 2417 4880 nisi
2443 4826 2529 4880 eis
2557 4826 2659 4897 qui
2683 4825 2815 4897 jam
2845 4824 3129 4895 baptizati
3158 4826 3406 4882 fuerant.
3444 4826 3749 4882 Habemus
3775 4823 3919 4880 etiam

2305 4913 2364 4969 in
2395 4914 2633 4969 Actibus
2657 4914 3410 4985 Apostolorum,Simonem
3417 4915 3553 4985 jam
3568 4914 3915 4986 baptizatum.

2305 5019 2444 5059 cum
2474 5004 2729 5076 pecunia
2785 5002 2955 5059 vellet
3012 5018 3208 5060 emere
3241 5009 3304 5059 ut
3361 5019 3466 5075 per
3511 5003 3917 5076 impositionem

2368 5184 2381 5211 ¹
2418 5182 2498 5231 Sic
2533 5181 2661 5230 Edd.
2690 5185 2743 5231 et
2758 5181 2882 5231 Mss.
2914 5184 3082 5232 nostri
3104 5196 3313 5232 omnes.
3352 5183 3515 5234 Porro
3546 5185 3603 5233 in
3627 5179 3924 5239 Lov..Casti-

2304 5244 2955 5319 gat-notaturquosdam
3003 5245 3561 5319 Mss-habuisse”th
3598 5246 3787 5295 modo:
3821 5244 3923 5319 Quot

2305 5308 2643 5373 intelligimus
2668 5308 2829 5373 inhoc
2852 5312 2986 5373 [acto
2993 5308 3103 5370 jam
3120 5309 3275 5370 fuisse
3295 5309 3592 5373 baptizatos
3609 5322 3628 5368 ;
3645 5322 3798 5370 neque
3816 5308 3921 5373 esus

2305 5384 2411 5418 non
2435 5370 3011 5433 baptizatibaptizare
3022 5373 3279 5432 poterant.
3328 5370 3543 5420 Constat
3592 5386 3709 5433 ergo
3738 5382 3827 5423 eos.
3859 5370 3922 5430 qm"

2306 5430 2814 5495 baptizabantalios',
2840 5434 2952 5495 jam
2976 5430 3139 5491 fuisse
3164 5433 3467 5494 baptizatos,
3502 5434 3629 5489 sive,
3649 5430 3762 5483 ἐκ.

2364 5493 2391 5560 ²Π
2412 5495 2544 5543 Edd.
2634 5494 2802 5560 Neque
2843 5493 3000 5560 enim
3015 5493 3309 5560 ministerio
3339 5493 3915 5560 baptizandiidefuit...:.

2304 5558 2392 5620 qui
2420 5572 2527 5605 non
2551 5555 2800 5619 cie/uiti...
2820 5599 2831 5611 .
2864 5557 3177 5607 ministerio.
3213 5558 3316 5609 Sed
3341 5555 3532 5609 melior
3560 5562 3644 5608 est
3658 5555 3920 5608 Mssleclio

2304 5633 2477 5684 quam
2500 5620 2603 5684 huc
2634 5621 3021 5684 revocavimus.

2365 5682 2385 5713 ³
2407 5681 2558 5741 Edd.,
2590 5687 2646 5732 ut
2681 5682 2730 5733 ei
2753 5696 2849 5746 per
2880 5681 3258 5747 impositionem
3284 5696 3463 5735 manus
3492 5682 3723 5740 daretur,
3759 5684 3848 5731 etc.
