4138 6172
547 156 682 219 1091

543 284 747 342 sanius
771 280 1030 352 gaudere
1058 277 1213 333 scias
1235 273 1308 330 de
1333 273 1448 331 ﬁde
1469 279 1525 331 et
1545 289 1646 346 spe
1665 278 1716 330 et
1735 273 2046 330 dilectione
2070 277 2189 337 tua,

541 379 769 448 quanto
801 372 1000 427 minus
1027 365 1370 435 indigneris,
1405 380 1526 419 non
1560 369 1790 420 tantum
1822 380 1858 420 a
1883 379 1977 418 me
2012 363 2192 434 quid-

543 478 730 535 quam
751 462 996 519 discere,
1021 454 1123 510 sed
1148 454 1222 508 ab
1240 453 1356 508 ullo
1373 451 1930 524 prosushominum.
1951 452 2193 506 Verum-

544 555 765 614 tamen,
797 546 937 618 quia
961 543 1228 599 cumillic
1245 557 1458 606 essem,
1485 547 1537 596 te
1559 541 1804 613 quidem
1828 557 1932 613 per
1956 545 2190 596 atatem

542 637 1002 701 verecundante,
1027 634 1168 688 boni
1195 639 1468 704 parentes
1496 637 1550 686 et
1571 630 1963 686 amantissimi
2005 630 2192 684 bono-

540 744 675 784 rum
719 725 1046 780 studiorum
1095 728 1352 789 tuorum,
1389 727 1615 792 quanto
1665 720 1897 791 pietatis
1919 734 2192 790 veraque

541 816 849 888 sapientia
872 813 1084 869 ardore
1115 810 1418 882 ﬂagrares,
1455 811 1598 864 mihi
1651 809 1921 864 intimare
1970 809 2192 877 dignati

540 911 700 972 sunt,
717 912 770 959 et
789 901 1346 959 benevolentissime
1364 901 1656 971 petierunt
1677 915 1748 954 ne
1774 899 1875 954 tibi
1902 898 2195 952 instruen-

541 996 654 1059 da,
677 996 736 1050 in
753 1009 873 1066 quo
897 1008 1049 1063 opus
1064 997 1233 1054 esset,
1256 1005 1452 1043 meam
1469 988 1778 1059 operulam
1797 987 2190 1057 denegarem;

540 1082 986 1141 admonendam
1011 1088 1060 1136 te
1075 1079 1166 1134 bis
1185 1077 1388 1133 litteris
1401 1077 1645 1141 credidi,
1665 1077 1998 1132 secundum
2014 1092 2196 1147 supra

540 1173 730 1229 dictas
761 1172 1050 1243 cptiones,
1085 1174 1144 1223 ut
1170 1183 1407 1240 quaras
1434 1165 1597 1238 quod
1621 1167 1728 1232 vis,
1759 1181 1831 1220 ne
1858 1167 1968 1220 sim
1997 1181 2198 1236 super-

536 1260 717 1330 ﬂuus,
753 1262 799 1315 si
832 1266 1084 1315 conatus
1116 1258 1280 1312 fuero
1313 1256 1524 1310 docere
1555 1255 1719 1326 quod
1754 1257 1867 1309 scis
1893 1272 1905 1309 :
1935 1255 2082 1310 dum
2115 1261 2198 1310 ta-

537 1367 676 1406 men
710 1349 1048 1404 ﬁrmissime
1076 1351 1296 1409 teneas,
1322 1344 1488 1417 quod
1509 1346 1615 1399 etsi
1635 1343 1859 1416 aliquid
1885 1344 2198 1400 salubriter

535 1455 643 1511 per
697 1455 791 1494 me
835 1439 981 1492 scire
1021 1435 1306 1507 potueris,
1340 1434 1435 1488 ille
1483 1439 1533 1488 te
1561 1433 1800 1488 docebit
1831 1433 1936 1505 qui
1977 1444 2068 1489 est
2112 1433 2198 1488 in-

540 1529 768 1584 terioris
786 1527 1046 1583 hominis
1085 1525 1368 1593 magister
1395 1523 1653 1586 interior,
1678 1523 1778 1595 qui
1807 1523 1865 1576 in
1892 1523 2071 1578 corde
2096 1529 2197 1579 tuo

539 1620 643 1675 tibi
674 1617 932 1674 ostendit
963 1631 1167 1670 verum
1196 1630 1328 1668 esse
1359 1614 1520 1685 quod
1563 1613 1808 1678 dicitur;
1841 1613 1986 1684 quia
2001 1627 2197 1684 neque

540 1711 642 1780 qui
664 1707 848 1778 platat
873 1710 960 1761 est
985 1703 1234 1775 aliquid,
1251 1718 1442 1774 neque
1457 1701 1556 1774 qui
1584 1703 1756 1772 rigat,
1774 1702 1877 1758 sed
1891 1702 1990 1774 qui
2006 1702 2196 1758 incre-

540 1801 812 1853 mentum
843 1794 946 1850 dat
974 1796 1148 1848 Deus.

992 1908 1325 1965 EPISTOLA
1364 1907 1630 1964 CCLXVII
1656 1907 1793 1978 '(a).

537 2027 908 2101 Augustinus
934 2025 1194 2082 Fabiola
1221 2024 1758 2094 peregrinationem
1798 2039 1963 2080 suam
1996 2024 2059 2079 in
2082 2024 2195 2080 hac

610 2119 732 2175 vita
749 2119 987 2173 moleste
997 2113 1239 2184 ferenti,
1264 2113 1336 2168 de
1353 2113 1670 2183 praesentia
1683 2112 2018 2169 animorum
2041 2128 2195 2170 nexu

609 2207 887 2263 amicitiae
919 2205 1271 2262 vinctorum.

542 2323 810 2379 Domina
849 2319 1319 2391 religiosissima
1359 2323 1414 2374 et
1457 2317 1978 2389 prastantissima,
2025 2322 2082 2374 et
2135 2317 2195 2374 in

611 2411 825 2467 Christi
857 2409 1138 2466 charitate
1167 2407 1458 2464 laudabili
1489 2407 1621 2463 ﬁlia
1644 2408 1920 2476 Fsaiom,
1962 2409 2197 2464 Aucsn-

607 2517 732 2566 mus,
768 2500 828 2555 in
861 2499 1107 2555 domino
1135 2497 1411 2554 salutem.

608 2619 966 2688 Quanquam
988 2612 1271 2683 rescripta
1293 2611 1646 2678 reddideris,
1663 2612 1744 2666 sic
1765 2617 1961 2668 tamen
1976 2613 2091 2683 legi
2109 2613 2195 2670 lit-

538 2709 694 2762 teras
728 2704 1064 2760 Sanctitatis
1105 2707 1240 2766 tua,
1274 2706 1338 2756 ut
1382 2700 1466 2755 eis
1510 2703 1876 2772 respondere
1924 2703 2192 2759 debitum

536 2794 832 2850 duxerim.
868 2791 1111 2847 Doluisti
1137 2791 1295 2845 enim
1317 2790 1878 2861 peregrinationem,
1911 2806 2033 2862 qua
2056 2808 2194 2848 con-

535 2884 709 2953 tingit
731 2887 1014 2955 perpetuo
1028 2881 1287 2951 gaudere
1306 2895 1443 2934 cum
1469 2880 1688 2935 sanctis
1715 2897 1727 2946 ;
1751 2885 1806 2936 et
1827 2880 2194 2940 desiderium

537 2988 811 3044 superna
827 2971 1052 3042 patria,
1071 2969 1168 3024 ubi
1175 2970 1198 3040 j
1210 2984 1307 3024 am
1325 2985 1441 3024 non
1458 2975 1750 3025 terrarum
1765 2971 1957 3041 spatio
1971 2971 2196 3028 divide-

537 3061 816 3126 mur,sed
850 3075 1088 3130 semper
1117 3059 1290 3113 unius
1313 3058 1814 3129 contemplatione
1829 3059 2191 3122 latabimur.

535 3153 745 3209 merito
771 3148 1100 3223 pratulisti,
1137 3148 1286 3203 Felix
1307 3163 1369 3202 es
1397 3147 1534 3203 talia
1563 3148 1810 3204 fideliter
1831 3151 2152 3219 cogitando
2176 3167 2191 3216 ;

537 3241 802 3298 amando
833 3239 1088 3306 felicior;
1117 3245 1171 3292 et
1192 3237 1327 3292 ideo
1358 3237 1472 3292 eris
1495 3238 1672 3293 etiam
1697 3238 2040 3296 felicissima
2057 3255 2194 3296 con-

538 3331 867 3405 sequendo.
903 3329 1018 3385 Sed
1037 3329 1214 3384 etiam
1234 3343 1392 3382 nunc
1420 3328 1760 3397 diligentius
1786 3330 2014 3386 intuere
2036 3331 2192 3387 unde

537 3421 734 3491 magis
762 3419 1037 3475 dicamur
1064 3418 1342 3473 absentes
1369 3432 1381 3483 ;
1417 3422 1613 3472 utrum
1642 3419 1784 3490 quia
1811 3424 2014 3475 nostra
2044 3419 2191 3475 invi-

535 3527 667 3568 cem
698 3525 950 3582 corpora
964 3523 1084 3563 non
1097 3506 1390 3571 videmus,
1407 3522 1483 3561 an
1497 3507 1639 3578 quia
1655 3508 1826 3577 signa
1841 3524 1959 3564 non
1978 3509 2194 3565 damus

537 3606 593 3655 et
616 3600 937 3670 recipimus
963 3597 1324 3660 animorum,
1365 3596 1529 3668 quod
1559 3601 1647 3651 est
1712 3597 1990 3669 colloqui.
2042 3600 2191 3655 Puto

536 3690 696 3745 enim
725 3689 911 3760 quod,
941 3687 1074 3742 licet
1103 3685 1445 3754 longinbuis
1475 3685 1817 3755 regionibus
1843 3704 2090 3759 corpore
2108 3705 2194 3745 se-

538 3778 747 3851 parati,
762 3776 809 3831 si
823 3780 1056 3831 nostras
1067 3774 1450 3845 cogitationes
1463 3789 1642 3830 nosse
1659 3791 1978 3847 possemus,
1998 3781 2191 3848 magis

536 3883 810 3925 essemus
835 3864 1174 3934 nobiscum,
1205 3879 1390 3935 quam
1419 3865 1467 3919 si
1492 3879 1610 3919 uno
1639 3865 1844 3921 inloco
1879 3867 2024 3922 alter
2055 3869 2194 3924 alte-

533 3962 766 4016 rutrum
781 3954 1198 4026 conspicantes
1213 3954 1372 4010 taciti
1385 3953 1748 4020 sederemus,
1766 3955 1925 4012 nulla
1941 3958 2191 4015 vocibus

536 4045 708 4116 signa
740 4059 952 4099 sensus
978 4041 1172 4098 intimi
1203 4041 1584 4113 proferentes,
1639 4042 1814 4098 nullis
1867 4059 2188 4116 corporum

535 4135 798 4191 motibus
828 4137 1066 4188 nostros
1089 4131 1322 4186 animos
1339 4130 1688 4186 indicantes.
1716 4134 2006 4197 Quocirca
2027 4136 2189 4192 intel-

533 4223 670 4294 ligis
700 4222 834 4278 ideo
866 4234 1356 4291 unumquemque
1385 4219 1498 4274 sibi
1562 4234 1692 4277 esse
1740 4225 2187 4293 prasentiorem

535 4329 722 4387 quam
755 4311 1004 4368 alterum
1022 4308 1209 4378 alteri,
1236 4310 1401 4382 quod
1423 4312 1832 4385 unusquisque
1851 4314 1964 4370 sibi
1995 4316 2188 4386 magis

534 4419 722 4477 quam
754 4401 922 4459 alteri
950 4405 1126 4457 notus
1155 4405 1277 4466 est;
1308 4415 1426 4456 non
1446 4401 1660 4458 faciem
1684 4419 2053 4477 suam,qua,
2077 4407 2188 4462 nisi

534 4493 691 4551 adsit
709 4491 1045 4566 speculum,
1066 4496 1327 4560 gestatur
1349 4496 1406 4546 et
1421 4490 1613 4557 latet',
1635 4493 1738 4548 sed
1757 4495 2188 4554 conscientiam

534 4582 897 4653 contuendo,
931 4596 1116 4652 quam
1147 4585 1203 4636 et
1233 4580 1456 4636 clausis
1487 4581 1675 4637 oculis
1730 4584 1910 4640 videt.
1957 4588 2191 4650 Quanta

533 4677 620 4729 est
633 4671 1002 4743 igiturjetiam
1017 4670 1152 4735 vita,
1168 4685 1302 4742 qua
1317 4686 1423 4742 pro
1440 4686 1660 4740 magno
1673 4672 1941 4743 habetur,
1958 4677 2193 4734 nostra?

914 4793 1261 4850 EPISTOLA
1303 4792 1600 4851 CCLXVIII
1633 4797 1647 4813 '
1669 4797 1683 4813 '
1710 4797 1806 4870 (b).

533 4911 746 4970 Fasius
775 4910 1020 4983 quidam
1058 4925 1177 4966 are
1211 4911 1406 4966 alieno
1457 4911 1703 4968 obrutus
1751 4914 1832 4970 ad
1890 4917 2190 4975 ecclesiam

605 5002 960 5072 confugerat
985 5021 1006 5070 ,-
1036 5002 1209 5070 cujus
1240 5001 1649 5068 creditoribus,
1690 5009 1901 5060 mutua
1949 5015 2190 5077 accepta

601 5091 882 5163 pecunia,
913 5090 1287 5160 Augustinus
1315 5089 1599 5160 satisfecit
1623 5111 1635 5151 ;
1656 5109 1783 5149 eum
1804 5095 2045 5164 publica
2074 5100 2193 5155 σοι-

604 5179 822 5238 latione
842 5195 951 5250 per
983 5177 1208 5237 Christi
1224 5180 1428 5248 ﬁdeles
1457 5187 1590 5238 orat
1625 5197 1737 5251 pro
1764 5181 1973 5240 Fascio
1997 5188 2186 5246 reddi.

533 5297 800 5361 Dominis
829 5301 1229 5359 dilectissimis
1259 5305 1314 5358 et
1343 5301 1925 5373 desiderantissimis,
1963 5315 2186 5368 sancta

593 5445 718 5498 ‘Sic
748 5445 842 5497 Ms.
879 5447 1034 5497 Corb.
1068 5445 1133 5494 At
1168 5446 1316 5505 Lov.,
1355 5444 1501 5496 lucet.

593 5509 622 5540 ⁸
659 5511 932 5560 Recensita
957 5514 1037 5559 est
1069 5511 1136 5559 ad
1165 5509 1235 5558 bl.
1269 5510 1350 5559 cb.
1387 5512 1465 5560 sb.
1499 5524 1582 5560 vc.
1620 5509 1756 5562 duos
1787 5525 1836 5564 ν.
1871 5517 1922 5563 et
1959 5515 2083 5567 Lov.

592 5569 653 5604 ”
687 5572 887 5620 Gollata
915 5587 1039 5622 cum
1075 5573 1145 5621 bl.
1177 5573 1261 5621 cb.
1295 5587 1373 5623 vc.
1400 5573 1613 5624 duobus
1640 5590 1686 5623 ν.
1721 5580 1773 5625 et
1806 5577 1930 5628 Lov.

593 5635 666 5698 (ᾳ)
687 5633 827 5698 Alias
856 5637 946 5681 206
975 5651 984 5683 :
1012 5649 1133 5698 qua
1165 5640 1348 5686 autem
1373 5637 1466 5686 267
1491 5641 1620 5693 erat,
1649 5652 1793 5689 nunc
1827 5642 1905 5690 50.

595 5697 666 5773 to)
697 5695 844 5746 Alias
873 5697 1002 5747 215:
1029 5695 1154 5762 qua
1185 5703 1368 5749 autem
1399 5701 1491 5752 268
1526 5704 1659 5760 erat,
1689 5716 1836 5755 nunc
1869 5704 1948 5758 11.

1769 187 1781 198 .
1824 145 1886 204 S.
1925 141 2311 204 AUGUSTINI
2350 145 2668 205 EPISCOPI

3775 158 3887 222 1092

2376 274 2535 345 plebi
2563 275 2656 331 cui
2679 278 2692 310 ¹
2715 275 3010 341 ministro,
3036 275 3290 332 mmbris
3312 276 3555 351 Chriesti,
3577 285 3884 351 Accusrtsus,

2378 364 2435 418 in
2466 364 2716 420 Domino
2749 365 3028 421 salutem.

2377 449 2424 498 1.
2455 445 2773 501 Notissima
2801 446 2944 501 mihi
2963 450 3020 500 et
3041 445 3462 517 probatissima
3485 448 3697 508 devotio
3712 454 3887 516 Sancti-

2303 534 2438 589 tatis
2451 539 2658 589 vestra
2675 535 2732 589 in
2754 535 3007 590 Domino
3034 539 3246 590 nostro
3265 536 3403 590 Jesu
3420 537 3632 596 Christo
3661 542 3888 605 ﬁduciam

2303 622 2486 687 dedit,
2509 628 2568 677 ut
2594 624 2773 679 etiam
2806 623 3023 678 absens
3053 639 3473 696 prasumerem
3503 629 3646 684 unde
3681 647 3890 702 prasens

2301 711 2562 782 gaudere
2576 713 2877 768 consuevi:
2894 713 2994 783 qui
3013 728 3249 784 semper
3265 713 3473 785 spiritu
3486 716 3760 775 vobiscum
3771 727 3890 779 sum;

2304 816 2422 856 non
2445 801 2639 856 solum
2653 801 2798 871 quia
2809 801 3002 870 gratia
3018 801 3253 856 Domini
3268 803 3448 857 nostri
3466 805 3596 859 Jesu
3609 806 3890 867 Christitan-

2305 896 2374 945 ta
2397 890 2704 946 suavitatis
2720 889 2975 962 ﬂagrare
2989 906 3110 947 non
3133 897 3344 956 cessat,
3374 894 3474 948 sed
3495 894 3664 950 etiam
3683 899 3803 968 quia
3823 917 3892 957 me

2306 978 2525 1050 ipsum,
2567 980 2670 1050 qui
2714 981 2883 1035 vobis
2908 980 2968 1034 in
3010 980 3331 1052 Evangelio
3353 983 3560 1047 servio,
3617 990 3891 1054 angustiam

2305 1069 2426 1139 pati
2442 1084 2562 1124 non
2582 1069 2936 1140 permittitis.
2952 1072 3097 1126 Cum
3114 1070 3269 1125 enim
3287 1069 3464 1126 frater
3477 1075 3891 1132 nosterFascius'

2305 1156 2506 1212 debito
2519 1157 2726 1212 decem
2758 1164 2812 1213 et
2837 1164 3067 1228 septem
3093 1158 3427 1215 solidorum
3454 1161 3530 1215 ab
3551 1162 3896 1234 oppignerato-

2305 1246 2473 1301 ribus
2506 1252 2813 1316 urgeretur
2845 1254 2906 1302 ut
2924 1248 3216 1313 redderet,
3243 1249 3411 1320 quod
3437 1249 3511 1305 ad
3532 1265 3762 1321 prasens
3778 1258 3896 1313 unde

2306 1334 2630 1406 explicaret
2659 1352 2721 1392 se
2752 1352 2874 1392 non
2906 1337 3283 1403 inveniebat;
3329 1354 3406 1393 ne
3439 1340 3780 1410 corporalem
3819 1360 3898 1414 pa-

2308 1429 2521 1480 teretur
2549 1426 2851 1496 injuriam,
2884 1425 2963 1481 ad
2986 1425 3275 1482 auxilium
3301 1433 3518 1483 sancta
3541 1428 3776 1484 ecclesia
3794 1448 3898 1488 con-

2307 1513 2529 1570 volavit
2553 1532 2565 1570 :
2597 1515 2676 1569 illi
2698 1516 2878 1570 etiam
2890 1521 3197 1572 exactores
3210 1532 3347 1571 cum
3373 1516 3658 1588 proﬁcisci
3679 1534 3900 1588 cogeren-

2307 1607 2421 1670 tur,
2455 1609 2512 1660 et
2523 1603 2655 1660 ideo
2669 1604 3014 1660 dilationem
3029 1604 3171 1660 dare
3186 1620 3304 1660 non
3318 1611 3576 1677 possent,
3593 1609 3898 1676 gravissimis

2307 1709 2403 1749 me
2428 1693 2684 1765 querelis
2700 1699 3114 1757 oneraverunt,
3139 1694 3221 1750 ita
3249 1700 3308 1749 ut
3330 1695 3414 1750 eis
3436 1694 3597 1751 illum
3623 1696 3897 1756 traderem:

2305 1789 2407 1840 aut
2436 1782 2603 1854 quod
2634 1783 2747 1838 sibi
2777 1781 3416 1848 deberiostendebant,
3443 1785 3599 1838 unde
3618 1785 3900 1856 acciperent

2303 1871 2703 1944 providerem.
2724 1873 2991 1944 Cumque
3013 1870 3368 1928 obtulissem
3390 1873 3594 1929 Fascio
3620 1881 3678 1932 ut
3694 1880 3898 1932 vestram

2303 1963 2685 2018 Sanctitatem
2712 1961 2786 2016 de
2829 1960 3282 2017 necessitatibus
3305 1962 3436 2032 ejus
3463 1963 3772 2036 alloquerer
3792 1982 3804 2031 ;
3823 1982 3902 2037 pu-

2300 2050 2446 2107 dore
2474 2050 2807 2120 deterritus,
2831 2065 2904 2106 ne
2926 2049 3182 2106 facerem
3218 2051 3573 2123 deprecatus
3601 2062 3697 2110 est.
3731 2054 3802 2110 Ita
3817 2068 3901 2123 ego

2305 2142 2534 2211 majore
2555 2139 2900 2196 necessitate
2921 2144 3280 2208 coarctatus,
3303 2157 3338 2198 a
3359 2140 3542 2198 fratre
3558 2149 3743 2200 nostro
3761 2147 3901 2200 Mace-

2303 2229 2487 2286 donio
2515 2229 2724 2284 decem
2765 2234 2821 2284 et
2849 2234 3079 2301 septem
3135 2229 3357 2286 solidos
3405 2234 3630 2304 accepi,
3696 2248 3823 2305 quos
3858 2231 3902 2286 in

2303 2335 2551 2375 causam
2581 2319 2633 2389 ej
2645 2335 2712 2373 us
2737 2319 3020 2374 continuo
3046 2317 3203 2384 dedi,
3261 2322 3640 2390 promittente
3663 2322 3750 2378 illo
3773 2324 3900 2394 quod

2303 2409 2382 2465 ad
2404 2415 2628 2464 certum
2645 2407 2804 2463 diem
2817 2423 2956 2463 cum
2973 2407 3057 2462 eis
3072 2407 3388 2464 reddendis
3404 2417 3897 2481 possetoccurrere;

2305 2502 2361 2554 et
2393 2497 2793 2553 consentiente
2823 2503 2882 2551 ut
2913 2497 2962 2552 si
2990 2512 3114 2552 non
3146 2502 3345 2567 posset
3376 2514 3702 2566 occurrere,
3749 2514 3901 2555 sermo

2304 2587 2378 2643 de
2409 2587 2507 2642 illo
2538 2587 2689 2642 ﬁerit
2717 2587 2796 2642 ad
2822 2590 3084 2641 vestram
3112 2587 3609 2656 misericordiam,
3632 2605 3795 2662 quam
3816 2588 3899 2643 fra-

2305 2681 2537 2733 ternam
2575 2675 2855 2731 fratribus
2896 2674 3170 2731 exhibere
3210 2679 3565 2733 consuestis.

2373 2771 2426 2820 2.
2461 2767 3086 2836 Nuncergoquoniam
3108 2765 3327 2822 absens
3340 2774 3448 2833 est,
3475 2772 3721 2824 restatut
3739 2767 3904 2822 subve-

2303 2855 2500 2920 niatis,
2534 2871 2654 2910 non
2681 2854 2780 2918 illi,
2822 2870 3005 2926 quem
3040 2870 3220 2910 nemo
3269 2857 3593 2928 compellat
3633 2858 3906 2920 absentem,

2303 2945 2408 2999 sed
2432 2944 2838 3015 pollicitationi
2865 2959 3033 3012 mea,
3063 2945 3234 3014 cujus
3253 2945 3617 3002 existimatio
3630 2947 3781 3002 vobis
3795 2961 3909 3000 sem-

2303 3049 2408 3105 per
2439 3038 2529 3089 est
2556 3035 2984 3105 prasensJam
3009 3034 3169 3088 enim
3198 3033 3325 3089 dies
3348 3035 3424 3090 ad
3447 3051 3627 3108 quem
3652 3051 3708 3091 se
3731 3034 3912 3107 promi-

2305 3127 2464 3178 serat
2492 3137 2905 3188 occursurum,
2937 3126 3272 3178 transactus
3302 3128 3423 3190 est;
3459 3130 3517 3179 et
3545 3140 3654 3194 ego
3671 3125 3718 3180 ei
3737 3123 3824 3196 qui
3844 3139 3911 3178 so-

2300 3211 2454 3268 lidos
2485 3227 2626 3266 suos
2657 3211 2794 3266 ﬁdei
2829 3226 2976 3265 mea
3013 3211 3339 3277 commisit,
3373 3213 3526 3284 quid
3563 3212 3911 3285 respondeam

2302 3317 2424 3357 non
2451 3301 2707 3365 invenio,
2725 3300 2838 3355 nisi
2867 3304 2930 3355 ut
2951 3299 3168 3356 faciam
3195 3301 3361 3372 quod
3393 3317 3493 3357 me
3515 3303 3794 3358 facturum
3811 3315 3912 3356 esse

2301 3390 2569 3463 promisi.
2598 3389 2712 3445 Sed
2742 3389 3034 3461 quoniam
3059 3404 3180 3445 non
3201 3406 3336 3445 sum
3367 3390 3443 3447 de
3470 3392 3583 3448 hac
3609 3407 3667 3448 re
3696 3405 3913 3447 commo-

2303 3479 2482 3545 nitus,
2513 3483 2575 3534 ut
2604 3479 2700 3534 die
2743 3483 2949 3534 sancto
3005 3479 3398 3545 Pentecostes,
3451 3480 3694 3552 quando
3750 3479 3915 3535 aderat

2303 3570 2500 3640 major
2532 3575 2728 3623 vestra
2759 3567 3111 3639 frequentia,
3137 3583 3480 3624 sermonem
3507 3569 3644 3624 inde
3670 3569 3913 3630 facerem;

2303 3662 2438 3730 peto
2481 3663 2540 3712 ut
2567 3657 2674 3712 has
2716 3658 2938 3712 litteras
2969 3671 3076 3727 pro
3107 3656 3315 3726 lingua
3347 3673 3484 3713 mea
3519 3663 3795 3729 prasente
3837 3657 3916 3712 ha-

2300 3747 2439 3803 bere
2465 3747 2812 3818 dignemini,
2847 3745 3208 3802 admonente
3239 3761 3346 3802 vos
3393 3753 3451 3803 et
3498 3749 3827 3804 exhortante
3869 3747 3911 3799 in

2300 3837 2582 3892 cordibus
2621 3837 2828 3892 vestris
2858 3839 2972 3891 Deo
3003 3843 3058 3890 et
3091 3836 3340 3892 Domino
3372 3845 3582 3894 nostro
3620 3837 3712 3893 cui
3767 3835 3913 3891 credi-

2299 3927 2489 3997 distis,
2523 3926 2628 3998 qui
2659 3941 2972 3997 nunquam
2995 3924 3244 3981 discedit
3273 3941 3308 3980 a
3333 3926 3504 3982 vobis
3526 3925 3848 3983 timentibus
3873 3928 3913 3978 et

2297 4017 2734 4074 honorantibus
2760 4030 2981 4070 nomen
3006 4031 3207 4070 suum.
3242 4015 3308 4070 In
3351 4031 3474 4087 quo
3524 4016 3694 4072 vobis
3739 4020 3790 4072 et
3827 4029 3913 4070 nos

2298 4121 2534 4178 semper
2560 4103 2866 4175 conjuncti
2888 4120 3114 4170 sumus,
3139 4105 3419 4175 quamvis
3440 4121 3694 4177 corpore
3715 4121 3747 4160 a
3775 4102 3910 4159 vobis

2297 4195 2542 4268 profecti
2567 4209 2693 4250 esse
2723 4193 3070 4259 videamur;
3095 4194 3197 4266 qui
3219 4193 3387 4249 vobis
3413 4194 3489 4250 de
3511 4194 3626 4250 isto
3657 4196 3911 4251 bonorum

2297 4299 2548 4356 operum
2576 4282 2802 4338 semine
2836 4297 3095 4337 messem
3128 4282 3256 4337 vita
3286 4286 3522 4337 aterna
3547 4283 3832 4355 promittit,
3851 4280 3915 4333 di-

2298 4380 2465 4430 cente
2494 4371 2813 4444 Apostolo:
2844 4373 3063 4426 Bonum
3095 4378 3296 4427 autem
3324 4371 3618 4439 facientes
3649 4387 3763 4427 non
3812 4369 3917 4437 deﬁ-

2298 4465 2523 4520 ciamus
2547 4480 2568 4528 ,-
2591 4469 2848 4531 tempore
2879 4459 3033 4516 enim
3067 4475 3171 4515 suo
3201 4471 3479 4516 metemus
3518 4460 3915 4531 infatigabiles.

2297 4553 2524 4623 Itaque,
2553 4551 2694 4606 dum
2721 4557 2969 4619 tempus,
3001 4564 3313 4618 operemur
3339 4550 3552 4606 bonum
3613 4551 3694 4607 ad
3743 4561 3914 4609 omnes,

2297 4643 2558 4698 maxime
2587 4647 2783 4696 autem
2807 4639 2886 4695 ad
2913 4638 3255 4695 domesticos
3273 4638 3416 4706 ﬁdei
3437 4639 3666 4709 (Gatat.
3690 4656 3760 4702 vi,
3783 4638 3916 4704 9,10).

2301 4731 2598 4796 Quoniam
2629 4745 2770 4800 ergo
2815 4728 3182 4783 domesticus
3233 4727 3372 4784 tidei
3429 4735 3537 4798 est,
3600 4728 3919 4784 christianus

2298 4819 2510 4887 ﬁdelis,
2534 4819 2860 4876 catholicus
2886 4817 3064 4873 frater
3080 4822 3298 4882 noster,
3316 4833 3418 4888 pro
3433 4819 3525 4888 cuj
3537 4835 3608 4874 us
3623 4814 3923 4890 supplenda

2299 4912 2646 4966 necessitate
2671 4923 2775 4963 vos
2797 4912 2930 4978 peto
2954 4911 3017 4961 ut
3037 4905 3263 4962 faciatis
3280 4906 3446 4977 quod
3466 4907 3754 4962 Dominus
3771 4907 3923 4972 impe-

2300 5003 2427 5062 rat;
2463 4998 2589 5053 sine
2619 4997 2870 5060 tristitia,
2901 4995 3026 5050 sine
3050 4995 3546 5061 murmuratione,
3581 5001 3640 5052 et
3660 4991 3926 5051 cumlati‘

2300 5087 2383 5144 tia
2413 5094 2467 5142 et
2490 5087 2781 5142 hilaritate
2807 5085 3014 5141 facite:
3052 5085 3170 5140 Deo
3191 5085 3352 5139 enim
3383 5085 3620 5140 creditis
3651 5125 3665 5150 ,
3717 5098 3828 5138 non
3848 5081 3925 5136 hc

2301 5177 2484 5245 mini;
2517 5176 2660 5249 quia
2691 5174 2784 5230 ille
2812 5174 3096 5245 promittit
3123 5189 3227 5230 vos
3256 5172 3402 5229 nihil
3433 5189 3644 5230 eorum
3681 5187 3811 5246 qua
3849 5167 3928 5224 mi-

2300 5266 2672 5323 sericorditer
2699 5263 2912 5330 facitis,
2937 5263 3299 5336 perdituros,
3321 5261 3426 5318 sed
3457 5263 3516 5317 in
3543 5261 3646 5318 illo
3679 5262 3772 5316 die
3817 5271 3926 5313 cum

2298 5353 2943 5412 usurisimmortatibus
2956 5358 3295 5424 recepturos
3312 5350 3557 5422 (Matth.
3575 5367 3712 5418 xxv,
3731 5346 3928 5416 34-40):

2297 5450 2352 5502 et
2381 5445 2670 5517 quoniam
2696 5443 2820 5514 ipse
2845 5441 3161 5514 Apostolus
3188 5439 3348 5504 dicit,
3382 5440 3501 5496 Hoc
3549 5447 3746 5497 autem
3801 5437 3924 5495 dico.

2298 5536 2411 5606 Qui
2431 5549 2612 5606 parce
2635 5532 2905 5598 seminat,
2932 5546 3114 5600 parce
3151 5536 3204 5588 et
3257 5534 3429 5587 metet
3461 5531 3524 5599 (II
3584 5529 3723 5586 Cor.
3761 5543 3831 5591 ix,
3856 5525 3925 5595 6);

2356 5641 2541 5698 Ἶρον..
2575 5656 2686 5691 eum
2721 5640 2977 5690 ministro.
3013 5640 3081 5688 At
3108 5637 3209 5690 Ms.
3249 5636 3428 5695 Corb.,
3467 5635 3574 5687 cui.

2355 5704 2379 5737 ⁸
2405 5703 2820 5764 Edd.,'Fastius.
2854 5705 2923 5753 At
2942 5701 3100 5760 Mss.,
3130 5699 3368 5757 Fascius.
