4140 6174
257 133 398 203 ιο93

1500 134 2007 201 EPISTOLARUM
2048 135 2340 200 CLASSIS
2382 137 2454 201 IV
2467 185 2482 200 .

3517 139 3656 202 1094

255 269 578 341 intelligere
607 269 837 328 debetis
871 275 1106 345 tempus
1132 289 1264 330 esse
1321 276 1384 328 ut
1439 271 1710 328 donum‘
1770 269 1903 326 vitea
2013 284 2269 342 poscens
2330 275 2385 324 et
2431 269 2560 341 ipse
2602 284 2638 324 a
2689 268 2807 324 Deo
2838 265 3089 324 Domino
3135 272 3198 326 ut
3227 267 3668 328 dedicationem

255 363 508 429 aeternas,
543 374 682 416 cum
703 360 900 416 adhuc
926 361 1111 418 inista
1151 363 1267 418 vita
1289 375 1532 417 sumus:
1558 359 1905 416 festinanter

255 454 311 505 et
335 448 610 504 alacriter
641 465 1106 520 comparemus:
1141 451 1285 523 quia
1329 467 1466 506 cum
1517 449 1650 504 finis
1703 446 1906 504 saeculi

2016 363 2192 414 tantae
2220 358 2460 414 fabricas
2500 358 2662 430 pacis
2691 358 3055 429 prosperitas
3089 364 3506 431 prosequatur.

2443 446 2772 502 EPISTOLA
2825 445 3084 502 CCLXX'
3144 447 3241 518 (a).

257 539 497 603 venerit,
519 554 639 594 non
662 538 903 595 dabitur
923 540 1068 595 nisis
1086 542 1171 595 eis
1195 540 1303 613 qui
1323 555 1428 612 per
1451 539 1632 594 fidem
1657 537 1770 593 sibi
1792 537 1907 592 hoc
2014 537 2323 608 Augustino
2350 537 2672 607 Ano-nymus
2713 539 2839 605 (non
2891 536 3033 590 enim
3078 536 3457 608 Hieronymus,
3490 538 3576 594 uti
3607 556 3672 594 ea:

255 630 589 693 emerunt’,
631 632 956 699 antequam
991 629 1190 684 videre
1228 628 1578 700 potuissent.

324 719 376 772 3.
407 716 816 787 Scripsietiam
841 717 1225 789 presbyteris,
1253 722 1312 774 ut
1332 718 1378 772 si
1399 716 1543 788 quid
1564 715 1766 771 minus
1790 714 1909 769 fue-

254 806 328 861 rit
356 810 492 876 post
522 805 901 862 collationem
931 808 1270 863 Sanctitatis
1299 812 1534 872 vestrm,
1568 805 1910 876 compleant

255 909 327 952 ex
342 910 412 950 eo
429 894 593 966 quod
606 894 1216 966 babetecclesia,dum
1232 900 1433 951 tamen
1449 910 1552 950 vos
1574 893 1907 949 secundum

255 984 419 1057 quod
443 983 653 1055 placet,
677 983 938 1040 hilariter
962 983 1257 1040 offeratis:
1291 984 1434 1056 quia
1455 984 1577 1038 sive
1607 982 1682 1038 de
1714 988 1908 1038 vestro

258 1075 384 1128 sive
408 1073 480 1127 de
507 1072 1172 1137 ecclesiadetur,omnia
1199 1074 1295 1128 Dei
1320 1077 1549 1137 sunt,et
1569 1072 1803 1128 devotio
1819 1088 1912 1127 ve-

258 1169 381 1218 stra
407 1162 637 1217 dulcior
662 1161 768 1216 erit
802 1162 1092 1217 thesauris
1110 1162 1400 1232 ecclesiae;
1421 1163 1573 1216 sicut
1595 1161 1910 1232 Apostolus

257 1251 414 1316 dicit,
467 1251 592 1306 Non
620 1251 754 1322 quia
810 1268 993 1321 quaero
1023 1251 1228 1316 datum,
1287 1251 1376 1306 sed
1425 1253 1644 1322 requiro
1671 1251 1911 1322 fructum

258 1341 492 1411 (Philip.
523 1357 598 1406 iv,
632 1340 740 1394 t7).
767 1340 1075 1396 Laetiﬁcate
1105 1356 1246 1412 ergo
1292 1356 1396 1396 cor
1427 1355 1651 1403 meum,
1675 1340 1816 1411 quia
1837 1339 1911 1394 de

255 1429 547 1487 fructibus
579 1428 787 1484 vestris
803 1429 1065 1498 gaudere
1095 1430 1272 1501 cupio
1301 1446 1314 1484 :
1338 1443 1444 1485 vos
1467 1429 1625 1484 enim
1654 1429 1796 1484 estis
1823 1444 1913 1483 ar-

257 1518 433 1574 bores
466 1519 586 1583 Dei,
618 1534 771 1590 quas
802 1517 1058 1573 assiduis
1090 1517 1384 1573 imbribus
1413 1517 1592 1574 etiam
1642 1532 1747 1588 per
1770 1531 1913 1572 nos-

261 1613 416 1664 trum
443 1607 840 1663 ministerium
892 1606 1088 1677 rigare
1144 1607 1448 1677 dignatur.
1501 1607 1758 1662 Tueatur
1802 1621 1910 1661 vos

258 1695 549 1752 Dominus
587 1694 666 1750 ab
687 1695 853 1750 omni
885 1693 1045 1751 malo
1074 1699 1132 1750 et
1155 1696 1249 1751 hic
1271 1702 1327 1752 et
1355 1695 1416 1752 in
1449 1695 1645 1751 futuro
1668 1694 1908 1760 saeculo,

259 1784 490 1842 domini
518 1783 908 1850 dilectissimi,
936 1790 992 1840 et
1020 1784 1548 1840 desiderantissimi
1577 1784 1800 1841 fratres.

693 1899 1024 1956 EPISTOLA
1055 1899 1291 1956 CCLXIX
1323 1900 1337 1917 ·
1369 1899 1477 1971 (α).

263 2017 600 2088 Augustinus
625 2014 843 2072 Nobilio
873 2016 1128 2086 episcopo,
1160 2014 1470 2086 signiﬁcans
1511 2015 1581 2069 ad
1610 2015 1911 2071 dedicatio-

508 2122 626 2160 nem
656 2121 804 2159 novze
833 2103 1061 2175 fabricae
1090 2122 1143 2159 se
1165 2106 1348 2160 venire
1372 2123 1474 2160 non
1496 2123 1658 2177 posse.

330 2220 678 2278 Beatissimo
705 2236 775 2277 ac
805 2220 1130 2276 venerabili
1157 2219 1319 2276 fratri
1352 2225 1408 2276 et
1428 2221 1840 2278 consacerdoti

757 2313 1011 2378 NOBILIO,
1044 2314 1412 2365 Accusrmus.

330 2429 513 2483 Tanta
543 2429 628 2481 est
656 2425 1006 2482 solemnitas
1054 2425 1130 2481 ad
1177 2441 1362 2497 quam
1389 2440 1488 2481 me
1529 2425 1773 2483 aﬁectus
1801 2431 1914 2485 tua:

259 2515 658 2573 Fraternitatis
679 2515 904 2578 invitat,
934 2521 997 2570 ut
1027 2515 1453 2586 corpusculum
1488 2531 1686 2571 meum
1710 2516 1787 2572 ad
1809 2534 1913 2573 vos

261 2605 521 2662 traheret
536 2604 834 2670 voluntas,
852 2605 965 2660 nisi
981 2607 1204 2660 teneret
1217 2604 1799 2661 inﬁrmitas.Possem
1816 2623 1913 2662 ve-

258 2696 387 2752 nire
413 2695 460 2749 si
485 2693 681 2750 hiems
707 2709 828 2750 non
854 2700 1011 2749 esset
1043 2711 1057 2760 ;
1092 2709 1334 2766 possem
1373 2693 1611 2749 hiemen
1643 2700 1914 2751 contem-

259 2799 424 2852 nere,
458 2784 504 2838 si
555 2782 798 2854 juvenis
831 2798 1025 2839 essem
1058 2799 1071 2838 :
1105 2788 1208 2839 aut
1260 2783 1419 2838 enim
1451 2783 1628 2839 ferret
1655 2784 1914 2853 rigorem

262 2872 549 2945 temporis
568 2872 766 2928 fervor
785 2873 997 2942 aetatis,
1014 2878 1117 2928 aut
1138 2877 1496 2943 temperaret
1521 2871 1708 2942 frigus
1725 2873 1913 2929 aetatis

262 2961 460 3018 fervor
476 2962 719 3018 aestatis.
753 2963 921 3017 Nunc
951 2961 1147 3016 hieme
1173 2960 1281 3016 iter
1311 2965 1431 3016 tam
1459 2960 1758 3032 prolixum
1792 2977 1914 3017 non

262 3050 481 3108 suffero
511 3067 650 3106 cum
681 3051 1016 3106 annositate
1047 3049 1248 3120 algida
1271 3065 1458 3121 quam
1499 3066 1737 3106 mecum
1768 3051 1915 3123 fero,

265 3140 511 3196 domine
531 3139 898 3208 beatissime,
929 3144 1131 3194 sancte
1158 3154 1228 3195 ac
1253 3139 1608 3195 venerabilis
1637 3139 1816 3196 frater
1846 3157 1916 3198 ac

267 3229 688 3286 consacerdos.
727 3227 1153 3285 Salutationem
1179 3227 1444 3284 debitam
1472 3230 1658 3286 reddo
1689 3230 1915 3288 meritis

267 3321 386 3376 tuis
410 3335 423 3374 :
450 3318 702 3374 salutem
723 3333 866 3374 vero
882 3333 1079 3373 meam
1102 3318 1464 3375 commendo
1477 3319 1755 3391 precibus
1778 3321 1914 3391 tuis,

329 3485 344 3516 ¹
373 3483 526 3552 Mss.,
563 3483 767 3533 domum
800 3498 816 3532 :
844 3497 954 3534 non
982 3484 1122 3536 male
1169 3485 1212 3535 si
1263 3489 1450 3549 postea
1505 3487 1731 3552 legatur,
1786 3489 1919 3538 hanc

265 3550 514 3594 emerunt.
1567 3550 1580 3552 ‘

332 3608 348 3636 ³
383 3607 460 3656 lta
489 3608 617 3663 Mss.
662 3609 900 3660 melioris
929 3614 1088 3660 notae.
1146 3613 1210 3660 At
1262 3612 1415 3669 Edd.,
1449 3613 1538 3676 qui
1565 3613 1662 3676 ﬁde
1694 3614 1794 3664 sibi
1823 3615 1914 3664 hoc

265 3676 581 3719 meruerunt.
1877 3701 1879 3703 -

329 3734 357 3765 ⁸
393 3733 510 3797 Non
539 3739 750 3797 reperta
780 3735 833 3783 in
860 3734 1016 3792 Mss..
1052 3740 1274 3797 excepto
1305 3751 1414 3787 uno
1454 3737 1728 3789 Vaticano.

332 3797 404 3856 (α)
433 3795 576 3845 Alias
598 3795 698 3845 '25!
728 3812 738 3844 :
776 3812 894 3860 quin
915 3802 1095 3848 autem
1120 3795 1210 3847 269
1224 3805 1352 3860 erat,
1388 3814 1530 3849 nunc
1557 3803 1634 3848 t2.

2086 625 2215 680 stilo
2255 625 2440 696 liquet,
2474 625 2689 680 tametsi
2720 627 2777 679 in
2808 626 2980 696 ipsius
3005 625 3274 696 Epistolis
3302 627 3412 681 haec
3435 628 3581 682 edita
3600 629 3673 683 sit

2089 732 2312 770 numero
2358 716 2472 786 40),
2519 715 2833 785 signiﬁcans
2874 731 2926 768 se
2951 731 3178 769 τηεν-ονε
3236 717 3395 786 gravi
3425 717 3672 785 a/fectum

2089 804 2225 875 quod
2256 805 2427 874 ipsum
2459 820 2576 858 cum
2603 805 2799 860 Severo
2834 803 3000 858 simul
3025 820 3130 857 non
3158 806 3424 875 repererit
3455 807 3511 859 in
3537 805 3668 860 urbe

2089 893 2270 963 Leges,
2299 898 2345 946 et
2372 897 2571 963 quanto
2597 892 2772 962 ipsum
2797 907 2974 945 amore
2990 899 3353 962 prosequatur
3372 909 3663 963 exponens.

2097 981 2232 1034 Cum
2262 981 2318 1034 in
2349 980 2533 1034 urbem
2545 980 2702 1050 Leges
2727 980 2997 1034 anteriori
3025 985 3254 1050 tempore
3284 997 3669 1048 commeassem,

2019 1068 2249 1124 nimium
2276 1085 2393 1124 sum
2425 1069 2779 1123 eontristatus
2805 1068 2942 1139 quod
2970 1075 3016 1123 te
3037 1075 3204 1124 totum
3234 1069 3430 1124 ibidem
3450 1071 3674 1126 minime

2018 1158 2168 1228 potui
2197 1159 2456 1229 reperire.
2493 1157 2679 1211 Inveni
2709 1158 2851 1212 enim
2883 1165 2931 1212 te
2960 1157 3214 1224 medium,
3244 1167 3313 1225 et,
3355 1167 3412 1213 ut
3458 1160 3536 1214 ita
3584 1160 3675 1213 di-

2019 1265 2154 1314 cam,
2173 1255 2382 1319 partem
2410 1249 2609 1302 anima:
2636 1254 2763 1314 tuae,
2797 1247 3045 1302 Severum
3071 1248 3451 1304 charissimam
3486 1249 3580 1320 (b),
3613 1249 3675 1306 de

2018 1354 2120 1409 quo
2140 1354 2205 1392 ea:
2230 1343 2390 1408 parte
2427 1338 2643 1408 gavisus
2670 1353 2808 1390 sum.
2835 1337 3080 1407 Perfecte
3109 1337 3250 1393 enim
3279 1339 3584 1409 gauderem,
3626 1339 3676 1393 si

2023 1432 2068 1481 te
2097 1432 2265 1481 totum
2289 1426 2589 1480 invenirem
2621 1447 2639 1478 .-
2691 1425 2830 1479 unde
2857 1442 2920 1479 ea:
2939 1432 3098 1496 parte
3122 1443 3225 1497 qua
3259 1432 3304 1482 te
3335 1443 3670 1498 repereram,

2018 1515 2348 1588 gratulabar
2375 1538 2394 1585 ;
2431 1522 2479 1569 et
2502 1522 2729 1586 propter
2753 1521 2966 1586 partem
2995 1521 3142 1570 tuam
3163 1533 3323 1587 quam
3347 1534 3673 1588 nequaquam

2019 1605 2316 1669 cernebam,
2348 1604 2592 1660 omnibus
2641 1604 2811 1659 modis
2839 1604 3226 1659 contristabar.
3262 1606 3498 1660 Proinde
3554 1605 3678 1661 dixi

2019 1696 2218 1750 animae
2247 1711 2397 1759 mea,
2432 1693 2611 1758 Quare
2638 1693 2818 1748 tristis
2849 1710 2920 1762 es,
2954 1701 3001 1748 et
3032 1710 3198 1764 qua-re
3223 1695 3513 1750 conturbas
3539 1712 3618 1750 me
3647 1696 3675 1753 7

2019 1784 2188 1855 Spera
2209 1784 2266 1836 in
2298 1782 2405 1837 Deo
2443 1782 2616 1854 (Psal.
2646 1799 2759 1852 xu,
2808 1783 2885 1854 6),
2927 1789 2976 1837 et
3003 1783 3167 1853 faciet
3194 1791 3512 1854 prxsentem
3538 1785 3676 1839 ami-

2019 1889 2134 1928 cum
2171 1889 2322 1944 quem
2373 1871 2586 1942 diligis.
2622 1871 2769 1927 Unde
2807 1871 3010 1941 con/ida
3038 1872 3097 1926 in
3129 1872 3356 1927 Domino
3413 1880 3462 1928 et
3515 1890 3673 1944 spera

2018 1961 2156 2034 quod
2184 1979 2262 2016 me
2290 1961 2455 2032 faciet
2470 1960 2532 2014 de
2553 1967 2649 2015 tua
2667 1959 2866 2014 visione
2880 1959 3185 2030 gratulari.
3212 1961 3302 2017 Osi
3322 1962 3491 2016 oculis
3522 1964 3675 2018 cerni

2019 2051 2237 2106 dilectio
2264 2055 2431 2121 posset
2453 2051 2471 2103 Ι
2491 2049 2728 2120 profecto
2759 2049 2966 2104 videres
2990 2057 3199 2120 quanta
3228 2050 3375 2121 apud
3404 2057 3452 2106 te
3488 2061 3675 2108 nostra

2020 2147 2147 2196 esset
2177 2139 2413 2194 dilectio.
2441 2139 2554 2194 Aut
2572 2139 2713 2193 enim
2736 2139 3086 2210 aequiparans
3112 2139 3392 2195 dilectioni
3413 2147 3542 2206 tuae,
3566 2158 3674 2195 ma-

2020 2247 2183 2302 gnum
2211 2228 2312 2283 tibi
2342 2228 2566 2297 a/ferret
2593 2228 2918 2283 imitationis
2947 2229 3206 2304 studium.
3251 2230 3422 2301 Ergo,
3455 2230 3584 2300 quia
3615 2231 3676 2286 in

2024 2319 2250 2374 Domino
2277 2326 2324 2374 te
2349 2317 2537 2388 diligo,
2566 2316 2730 2389 dilige
2755 2317 3088 2389 diligentem.
3117 2319 3188 2373 Et
3215 2324 3273 2372 ut
3291 2319 3478 2374 caeteri
3499 2329 3670 2376 tecum

2022 2407 2274 2479 diligant,
2307 2424 2406 2478 per
2425 2407 2830 2462 ecclesiasticam
2860 2408 3236 2462 auctoritatem
3260 2407 3502 2463 hortare.
3529 2408 3675 2465 Nam

2023 2499 2160 2570 quod
2188 2498 2324 2568 petis
2349 2499 2407 2551 in
2426 2497 2627 2552 litteris
2665 2499 2797 2563 tuis,
2827 2505 2885 2552 ut
2911 2514 3001 2568 ego
3021 2513 3122 2569 pro
3152 2505 3200 2553 te
3227 2515 3374 2553 orem
3397 2520 3416 2567 ,-
3451 2499 3510 2554 id
3534 2507 3676 2555 recte

2021 2587 2271 2658 facerem,
2290 2587 2337 2641 si
2362 2603 2451 2658 ego
2493 2586 2603 2657 ipse
2639 2603 2673 2641 a
2701 2587 2928 2658 peccatis
2959 2587 3094 2641 liber
3116 2603 3295 2653 essem,
3330 2594 3388 2642 ut
3418 2605 3518 2658 pro
3547 2588 3679 2643 aliis

2026 2677 2212 2731 liceret
2241 2692 2421 2731 orare.
2445 2675 2519 2729 Et
2543 2675 2657 2730 ideo
2678 2682 2728 2730 te
2751 2675 3004 2731 admoneo
3031 2682 3088 2731 ut
3128 2677 3400 2731 orationes
3425 2675 3674 2732 assiduas

2023 2765 2205 2820 animi
2223 2765 2308 2819 tui
2320 2781 2420 2835 pro
2450 2781 2529 2819 me
2549 2765 2763 2819 emittas
2791 2765 2860 2819 ad
2890 2766 3180 2820 Dominum
3208 2782 3227 2819 :
3258 2773 3306 2820 et
3333 2782 3532 2820 memor
3548 2782 3675 2838 pro-

2021 2854 2290 2925 fessionis,
2313 2853 2467 2907 illam
2497 2860 2622 2907 ante
2641 2853 2816 2907 oculos
2847 2859 2961 2908 tuos
2988 2853 3284 2909 constituas
3308 2855 3469 2920 diem,
3493 2857 3552 2910 in
3571 2872 3678 2926 qua

2016 2944 2196 3015 justus
2229 2941 2295 2997 ab
2321 2941 2516 2997 auditu
2535 2941 2675 2996 malo
2698 2958 2801 2996 non
2825 2941 3026 2996 timebit
3054 2942 3225 3013 (Psal.
3258 2960 3334 3008 lll,
3360 2942 3415 3014 7)
3445 2959 3457 3008 ;
3482 2951 3529 2998 et
3562 2944 3677 2998 ideo

2016 3034 2200 3104 justus
2223 3048 2328 3086 non
2360 3029 2595 3099 timebit,
2634 3031 2765 3101 quia
2792 3047 2899 3085 non
2928 3030 3132 3095 audiet,
3182 3053 3209 3081 ‹‹
3247 3030 3384 3088 Vade
3412 3032 3469 3086 in
3502 3032 3676 3102 ignem

2025 3129 2312 3186 aeternum,
2343 3140 2371 3174 ››
2406 3120 2515 3184 sed,
2546 3140 2574 3172 ‹‹
2610 3119 2764 3186 Veni,
2799 3119 3064 3175 benedicte
3088 3119 3278 3176 Patris
3307 3121 3431 3186 mei,
3459 3121 3674 3193 percipe

2025 3228 2299 3283 regnum»
2335 3209 2553 3282 (Matth.
2591 3225 2722 3275 xxv,
2751 3211 2839 3275 41,
2867 3209 2978 3281 34).
3011 3209 3098 3263 Ad
3127 3209 3264 3280 quod
3287 3227 3380 3265 nos
3411 3209 3673 3282 perducat

2025 3303 2120 3375 qui
2147 3301 2284 3356 vivit
2314 3305 2361 3356 et
2387 3307 2574 3372 regnat
2599 3300 2659 3354 in
2687 3299 2880 3355 saecula
2903 3300 3241 3355 sucularum.
3276 3300 3464 3355 Amen.

2088 3427 2109 3447 ⁸
2135 3427 2251 3475 Huc
2284 3425 2451 3488 ascita
2484 3438 2546 3473 ex
2576 3423 2808 3473 editione
2843 3426 3075 3488 Operum
3107 3425 3437 3487 Hieronymi.

2089 3491 2158 3550 (α)
2189 3488 2406 3538 Accedit
2434 3487 2566 3550 huic
2583 3488 2740 3545 Edit.,
2766 3487 2898 3550 quae
2913 3491 3092 3536 autem
3114 3489 3205 3536 270
3230 3492 3360 3543 erat,
3395 3501 3538 3536 nunc
3559 3489 3671 3536 206.

2090 3552 2159 3612 (b)
2182 3551 2441 3614 Loquitur
2460 3549 2525 3599 de
2551 3549 2760 3614 Severo,
2781 3549 3086 3614 Milevitano
3101 3551 3352 3605 antistite,
3375 3564 3537 3614 quem
3562 3551 3676 3613 ipse

2028 3613 2538 3676 Augustinussupra
2566 3613 2620 3660 in
2647 3613 2814 3676 Epist.
2852 3613 2959 3668 110,
2991 3626 3043 3668 n,
3075 3616 3119 3669 4,
3151 3631 3176 3660 α
3204 3613 3674 3676 germanissimum

2030 3694 2055 3723 α
2091 3675 2143 3725 et
2177 3676 2657 3725 familiarissimum
2688 3675 2881 3739 anima:
2917 3688 3042 3739 suae,
3075 3691 3100 3722 ι
3130 3675 3360 3739 moxque
3393 3676 3675 3739 sialteram

2030 3756 2055 3786 ι
2091 3740 2326 3788 animam
2358 3750 2511 3786 suam
2546 3755 2569 3782 ι
2602 3750 2718 3786 esse
2752 3736 2895 3792 dicit,
2933 3737 3040 3786 imo
3071 3755 3095 3783 ar
3131 3736 3290 3786 suam
3312 3743 3361 3787 et
3393 3738 3534 3787 illius
3565 3738 3675 3787 ani-

2032 3818 2057 3848 ι
2094 3815 2238 3849 mam
2253 3814 2415 3850 unam
2450 3813 2566 3848 esse
2595 3816 2638 3847 Ι.

269 3936 3675 3980 w

1549 4028 2436 4287 Qtppenhis

695 4387 967 4477 TOMl
1050 4387 1516 4483 SECUNDI
1599 4392 2068 4483 OPERUM
2152 4391 2526 4483 SANCTI
2610 4389 3237 4500 AUGUSTINI,

1770 4569 2149 4610 COMPLBCTENS
2158 4594 2172 4609 ο

825 4655 1135 4723 ALIQUOT
1167 4657 1544 4715 EPISTOLAS
1585 4657 1804 4715 IPSIUS
1846 4657 2112 4714 NOMINE
2145 4657 2313 4716 OLIM
2353 4658 2573 4716 FALSO
2618 4657 3116 4716 PR/ENOTATAS.

1755 4756 1906 4812 EzE
1941 4756 2196 4814 SUNT:

919 4850 1786 4919 ᾼῌίξυ-ῆΉΨ-ᾳᾷ-Βριςιξᾼβωὺξ
1817 4858 1868 4904 et
1890 4858 2092 4919 contra,
2130 4855 2368 4919 epistolas
2404 4855 2675 4908 breviores
2710 4854 2979 4908 sexdecim
3010 4869 3022 4916 ;

922 4913 1505 4980 ᾼρρξῃξῃτβιᾼυεᾏ
1533 4917 1787 4980 PELAGll
1818 4918 2044 4980 epistola
2075 4932 2087 4976 ;

920 4976 1271 5041 AUGUSTlNl
1291 4978 1364 5041 ad
1390 4979 1723 5029 CYRILLUM
1755 4984 1808 5030 et
1835 4976 2037 5037 contra,
2071 4981 2136 5030 de
2171 4980 2424 5032 laudibus
2453 4981 2820 5034 HIERONYMI
2856 4997 2868 5041 ;

922 5039 1206 5091 Altercatio
1240 5040 1588 5092 AUGUSTINI
1620 5056 1744 5092 cum
1777 5043 2153 5094 PASGENTIO.

1810 5161 2132 5197 ’Μ-

1111 5429 1200 5490 DE
1230 5431 1566 5496 SEXDECIM
1594 5433 1951 5496 EPISTOLIS
1983 5437 2302 5498 PROXIME
2329 5440 2832 5511 SEQUENTIBUS.

344 5543 654 5602 Breviores
680 5546 959 5619 epistolas
980 5550 1283 5609 sexdecim
1311 5553 1424 5609 sub
1446 5554 1690 5613 nomine
1715 5557 2031 5628 Augustini
2058 5562 2116 5614 et
2149 5559 2446 5626 Bonifacii,
2474 5565 2650 5633 prout
2689 5560 2748 5615 in
2790 5554 3150 5632 pervetustis
3171 5557 3304 5614 Mss.
3339 5556 3679 5629 prmnotanc

269 5635 493 5706 tur,bic
502 5634 797 5694 exhibitas
811 5639 1204 5712 repudiarunt
1212 5646 1353 5718 post
1364 5645 2083 5707 ErasmumLovanienses
2092 5648 2368 5723 Theologi
2383 5665 2399 5706 :
2417 5632 2679 5725 primum
2690 5649 2834 5727 quia
2847 5648 3084 5706 nullum
3101 5632 3454 5722 discrepant
3469 5661 3512 5706 ι
3523 5662 3684 5706 vena
