4140 6174
522 161 538 211 1
551 150 654 211 095

1777 147 1837 204 S.
1879 143 2262 205 AUGUSTINI
2305 146 2626 209 EPISCOPI

3808 150 3943 212 1096

517 285 574 337 et
600 280 736 336 stilo
756 279 1069 348 Augustini
1099 294 1112 343 ;
1139 274 1355 332 deinde
1387 287 1509 330 non
1531 279 1912 330 recensentur
1959 291 1995 330 a
2027 275 2313 342 Possidio,
2345 292 2540 349 neque
2565 277 2642 334 ab
2675 277 2792 334 ullo
2812 280 3080 334 veterum
3105 277 3363 334 citantur
3394 294 3408 345 ;
3441 285 3694 352 excepta
3742 285 3940 337 tamen

517 372 685 427 tertia
701 370 953 432 decima,
972 381 1154 438 quam
1182 372 1318 420 ante
1345 379 1540 419 annos
1556 363 1673 418 fere
1690 369 2001 419 sexcentos
2027 365 2086 419 in
2103 380 2273 420 suam
2290 366 2702 423 collectionem
2717 368 2819 423 lib.
2836 369 2922 433 13,
2947 368 3057 431 c.5,
3075 367 3267 423 retulit
3281 368 3599 424 Anselmus
3620 370 3942 437 Lucensis,

517 464 576 516 et
607 465 739 528 post
768 459 964 528 ipsum
993 456 1088 509 lvo
1120 460 1172 508 et
1196 452 1533 509 Gratianus.
1562 453 1843 508 Constant
1870 468 2009 507 vero
2031 452 2262 508 laciniis
2289 454 2485 526 inepte
2517 457 2818 522 consutis;
2844 457 3057 528 prima,
3083 457 3340 528 exempli
3360 473 3568 522 causa,
3592 459 3688 514 his
3706 466 3944 514 senten-

516 550 630 613 tiis,
661 548 825 602 Ornet
846 551 1174 608 morestuos,
1197 546 1308 597 etc.
1336 542 1530 607 Grave,
1561 556 1668 596 seu
1702 541 1936 611 melius,
1961 542 2139 612 Turpe
2169 548 2246 596 est
2270 545 2410 598 enim
2437 550 2497 599 at
2521 561 2670 615 quem
2710 563 2815 600 non
2838 546 3006 600 vincit
3035 546 3203 612 homo,
3233 553 3368 612 etc.,
3393 562 3530 618 qua
3562 563 3637 602 ex
3673 549 3949 620 Epistola

517 641 616 693 189
644 636 720 691 ad
761 633 1130 689 Bonifacium
1162 631 1473 702 exscripta
1503 635 1642 686 sunt
1670 647 1680 686 :
1714 635 1769 686 et
1799 632 2104 686 continent
2139 632 2420 703 quadam
2455 651 2589 690 cum
2642 635 2888 691 historia
2942 640 3303 707 temporum,
3366 636 3727 692 Bonifaciive
3761 641 3947 706 gestis

513 724 676 779 haud
702 725 841 778 satis
871 720 1290 777 convenientia
1324 738 1336 787 ;
1363 719 1569 791 qualia
1599 718 2011 790 deprehendes
2026 721 2356 791 prasertim
2385 723 2443 776 in
2470 722 2729 794 Epistola
2761 728 2846 779 10.
2874 723 2958 778 Ad
2979 724 3105 778 hac
3128 729 3374 778 testatur
3400 725 3783 794 Augustinus
3815 726 3948 797 ipse

515 813 813 868 Bonifacio
844 811 1114 866 scribens
1144 810 1402 880 supraiu
1432 807 1690 879 Epistola
1713 812 1837 875 2'20,
1855 825 1914 862 [ι.
1941 812 1993 872 2,
2011 825 2072 862 se
2098 825 2414 881 nunquam
2443 812 2636 866 eidem
2657 813 2857 867 comiti
2895 813 2955 866 in
2981 812 3150 884 ipsius
3170 812 3435 883 periculis
3465 814 3685 868 mittere
3703 816 3946 884 potuisse

510 905 743 968 litteras,
776 919 894 956 cum
922 900 1222 971 periculum
1246 898 1504 968 cogitaret
1535 897 1840 967 perlatoris,
1871 904 2186 969 maeretque
2216 916 2276 952 ne
2305 900 2375 953 ad
2400 901 2585 966 eos,ad
2607 919 2735 972 quos
2767 901 2954 965 nollet,
2983 918 3081 956 sua
3109 901 3330 972 epistola
3361 903 3694 973 perveniret.
3730 908 3943 975 Itaque

511 993 671 1048 docti
703 991 968 1063 plerique
995 994 1239 1044 censent
1269 1003 1372 1042 eas
1401 986 1477 1042 ab
1516 987 1711 1041 otioso
1739 987 2044 1058 scriptore,
2075 987 2191 1042 stili
2219 990 2532 1044 exercendi
2575 993 2787 1060 gratia,
2835 994 3120 1047 conﬁctas
3147 991 3351 1046 fuisse.
3386 993 3655 1057 Quorum
3683 993 3927 1063 judicio

517 1081 754 1138 tametsi
779 1079 1130 1136 adversetur
1163 1075 1469 1140 Baronius,
1505 1073 2006 1130 subscribendum
2028 1091 2158 1131 esse
2183 1075 2621 1135 existimamus.

998 1199 1330 1256 EPISTOLA
1372 1199 1582 1253 PRIMA
1619 1199 1717 1270 (α).

511 1278 766 1336 Domino
800 1274 1039 1331 sublimi
1065 1287 1426 1351 semperque
1447 1273 1768 1351 magnifico
1795 1270 1918 1326 ﬁlio
1939 1273 2174 1327 Bostra-

901 1362 1014 1412 cro,
1047 1348 1393 1424 Aucusruius
1410 1348 1773 1424 episcopus:

581 1423 759 1477 Ornet
790 1434 985 1474 mores
1019 1425 1149 1471 tuos
1182 1414 1464 1486 pudicitia
1490 1413 1824 1484 conjugalis
1851 1418 2056 1486 ;7ornet
2077 1428 2170 1469 so-

509 1492 732 1548 brietas
754 1500 810 1547 et
831 1489 1162 1558 frugalitas.
1183 1485 1334 1541 Bene
1349 1487 1506 1540 enim
1524 1501 1722 1555 agere,
1743 1491 1796 1558 et
1822 1485 2020 1558 illicita
2047 1501 2168 1558 non

509 1565 848 1636 prohibere,
877 1556 1212 1636 consensus
1236 1558 1452 1636 erroris
1475 1565 1584 1612 est.
1611 1556 2167 1636 Quada_m-dum_de

509 1628 759 1690 ecclesia
786 1628 1106 1703 egreditur.
1141 1629 1347 1684 Christi
1375 1629 1539 1698 virgo
1555 1628 2026 1703 sacrataebriam
2060 1630 2166 1682 Go-

511 1708 591 1762 thi
624 1700 853 1777 Herpai
889 1710 1147 1777 mentem
1213 1711 1268 1777 et
1326 1715 1542 1777 corpus
1584 1700 1858 1777 incurrit.
1917 1700 2160 1777 Habeat.

508 1770 927 1850 quasofmiles
946 1775 1060 1828 sub
1077 1773 1291 1828 comite
1315 1775 1548 1850 positus
1563 1770 2164 1850 discipiinaupuGrave

507 1841 799 1913 e‘stenim,
835 1855 898 1902 ut
928 1861 1109 1918 quem
1134 1841 1460 1918 nonvincit
1481 1843 1685 1918 homo,
1711 1843 1908 1918 vincat
1931 1841 2117 1898 libido
2147 1858 2162 1910 ;

508 1926 613 1977 aut
635 1920 931 1975 volutetur
947 1913 1131 1979 ‘vino,
1164 1915 1268 1984 qui
1303 1930 1422 1968 non
1454 1913 1713 1968 vincitur
1745 1914 1919 1969 ferro.

1057 1986 1394 2041 amsrom
1434 1985 1481 2038 ιι
1517 1985 1613 2056 (b).

507 2063 761 2120 Domino
795 2059 1004 2116 merito
1033 2057 1368 2114 honorabili
1412 2057 1563 2128 patri
1594 2061 1906 2110 Aucusrmo
1937 2055 2160 2128 episco-

868 2147 1085 2201 porum
1118 2145 1377 2198 summo,
1409 2143 1755 2201 bomracws.

575 2209 710 2261 Tua
737 2199 1076 2259 Sanctitatis
1130 2201 1445 2272 epistolam
1490 2199 1804 2272 admonitu
1838 2214 1930 2253 me
1954 2199 2158 2272 terriﬁ-

504 2284 742 2334 cantem
772 2275 1026 2346 suscepi.
1062 2271 1308 2346 Etenim,
1331 2271 1686 2346 venerabilis
1707 2285 1890 2342 papa,
1915 2271 1964 2324 si
1996 2278 2158 2346 torus

504 2349 596 2405 ille
637 2342 1230 2427 tegitimus'pavidos
1259 2344 1450 2427 habet.
1472 2359 1748 2427 accessus
1775 2357 1942 2427 ;ﬂquo
1982 2342 2158 2427 debet

505 2415 1413 2493 puniri'supplicio_divinas_qui
1439 2419 1683 2493 temerat
1714 2415 1972 2493 rationes
2002 2415 2030 2470 ‘P
2057 2415 2157 2468 Ar-

504 2485 719 2562 guetur
744 2485 884 2560 ergo
914 2488 1312 2562 profectoqui
1335 2485 1541 2540 divina
1555 2492 1733 2562 atque
1758 2485 2027 2562 humana
2047 2501 2157 2562 ne-

505 2555 706 2636 glexit,
765 2555 839 2618 etv
869 2555 1049 2632 quem
1099 2555 1286 2613 libido
1346 2557 1657 2636 pravenit,
1716 2555 2155 2636 gladiusﬂultor

504 2628 819 2698 absumet;
854 2628 1114 2711 eumque
1146 2628 1691 2711 quemniusobriam
1747 2629 1804 2707 in
1841 2628 2017 2711 tantis
2052 2644 2155 2682 au-

506 2706 716 2775 gustiis
738 2706 901 2759 fama
915 2699 1181 2775 veridica
1195 2699 1537 2775 publicavit,
1555 2699 1805 2775 carceris
1829 2699 2152 2769 periturum

1069 2772 1204 2828 licio
1229 2771 1502 2826 custodia
1529 2770 1826 2826 retinebit.

1090 2843 1373 2899 PISTOLA
1414 2843 1480 2897 ιιι
1527 2843 1618 2913 (ο).

577 2919 716 2988 Ego,
739 2933 892 2990 quos
914 2916 1113 2986 diligo,
1130 2931 1317 2990 arguo
1340 2919 1397 2970 et
1418 2911 1667 2990 castigo,
1692 2911 2019 2990 nonoccidi
2045 2912 2154 2990 de:-

503 2983 717 3054 sidero,
735 2983 842 3044 nec
872 2983 1105 3064 carcere
1128 2983 1303 3064 pleno
1320 2985 1600 3064 squalore
1623 2983 1866 3064 retrudi.
1890 2984 2024 3039 Sola
2037 2984 2153 3039 suf-

503 3062 621 3117 ficit
647 3061 998 3116 admonitio.
1032 3055 1241 3114 Poterit
1266 3055 1445 3122 enim,
1473 3057 1522 3111 si
1554 3057 1605 3110 ei
1632 3055 1914 3110 divinitus
1945 3071 2152 3110 conce-

501 3134 678 3190 datur
707 3139 943 3203 tempus
975 3131 1356 3202 panitentia,
1391 3127 1738 3203 cendonari,
1771 3127 1872 3198 qui
1913 3127 2151 3203 Domini

500 3205 792 3277 templum
819 3198 1004 3277 ausus
1035 3211 1124 3277 est
1151 3203 1394 3277 violare.
1423 3201 1510 3255 Sit
1529 3199 1839 3277 ergoipse,
1864 3199 1967 3277 qui
1993 3198 2147 3277 fecit,

501 3277 592 3331 sui
622 3270 840 3332 arbiter
868 3275 988 3351 voti
1015 3290 1026 3328 :
1057 3274 1331 3351 fasenim
1365 3287 1486 3351 non
1512 3275 1688 3350 est_ut
1714 3285 1848 3350 reus
1879 3270 2148 3351 episcopi

500 3347 989 3417 suggestionibus
1007 3345 1329 3417 occidatur,
1359 3343 1459 3417 qui
1486 3343 1693 3403 venia,
1722 3341 1766 3395 si
1784 3341 2143 3417 panituerit,

497 3413 851 3475 reservatur.
886 3421 1032 3472 Nam
1064 3416 1110 3469 si
1142 3416 1200 3470 in
1244 3413 1645 3471 Barbarorum
1676 3413 1979 3467 erroribus
2004 3413 2149 3467 veli-

497 3508 657 3556 mus,
690 3497 750 3546 ut
767 3489 1072 3550 condecet,
1093 3502 1362 3542 exercere
1381 3485 1726 3548 vindictam,
1744 3499 1969 3556 paucos
1984 3499 2148 3555 repe-

496 3555 743 3628 riemus,
777 3577 886 3616 nec
918 3559 1080 3632 ipsos
1114 3560 1436 3632 animosos
1448 3557 1527 3632 ad
1551 3571 1818 3632 pugnam
1845 3555 1992 3610 fore.

1026 3630 1356 3686 EPISTOLA
1397 3631 1461 3682 ιν
1503 3627 1611 3697 (d).
1643 3697 1695 3707 Μ
1829 3696 1902 3707 Μ,

499 3703 756 3760 Domino
778 3701 1016 3757 sublimi
1066 3715 1421 3781 semperque
1455 3696 1775 3781 magnifico
1825 3696 1944 3753 ﬁlio
1977 3699 2144 3753 BONI-

867 3789 1044 3840 FACIO,
1078 3780 1420 3849 Accusamus
1450 3780 1776 3849 episcopus.
1980 3839 1990 3849 .

565 3846 770 3921 Africa
789 3845 970 3921 littus,
992 3853 1054 3921 ut
1075 3845 1271 3921 audio,
1292 3843 1658 3921 milesattigit
1674 3843 2140 3921 transmarinus;

494 3920 600 3975 sed
631 3919 812 3988 hujus
839 3917 1038 3992 militis
1059 3918 1182 3973 dux
1204 3934 1239 3972 a
1261 3915 1552 3992 catholica
1569 3915 1810 3992 veritate
1840 3912 2138 3992 dissentit.

493 3991 644 4056 Quid
677 3983 861 4066 orem,
901 3991 1330 4066 sicut_0portet,
1372 3985 1730 4066 igno_ro._A_b
1763 3983 1926 4066 Italia
1953 3984 2142 4038 hostis

493 4068 582 4117 est
604 4058 1220 4135 publicusnuntiatus,
1250 4058 1728 4135 contravictricia
1745 4058 2140 4135 signa‘super:

493 4126 1107 4199 bas-erigeushastas.
1144 4132 1355 4184 Pacem
1386 4130 1534 4183 inter
1559 4145 1661 4182 vos
1684 4128 1806 4199 fieri
1833 4126 2065 4199 vellem,
2094 4126 2140 4180 si

493 4203 705 4275 scirem
734 4196 973 4275 plenius
996 4201 1162 4275 quod
1193 4202 1422 4275 ignoro.
1455 4199 1633 4275 Adest
1657 4197 1905 4268 quidem
1935 4196 2140 4275 Africa

491 4273 634 4329 olim
659 4269 936 4345 paratum
965 4269 1208 4345 in'ltalia
1261 4270 1484 4345 bellum
1520 4269 1622 4345 sed
1651 4276 1852 4345 tamen
1901 4283 2023 4345 no_n
2056 4269 2140 4322 in-

490 4338 684 4421 video,
714 4344 804 4421 ﬁli
823 4344 1191 4421 charissime,
1210 4342 1532 4421 Romaniae.
1559 4340 1669 4397 Sed
1683 4338 1996 4421 dicoquod
2013 4353 2142 4393 sen-

491 4417 587 4472 tio.
623 4410 746 4472 Non
771 4415 958 4481 dabit,
987 4415 1574 4484 Divinitatejuvante,
1605 4410 2138 4484 catholicushare-

490 4489 605 4543 tico
637 4493 822 4556 terga.
856 4489 957 4542 Tui
989 4488 1184 4542 cordis
1210 4482 1457 4541 intentio
1489 4484 1778 4556 dirigatur
1819 4482 1894 4556 ad
1925 4482 2138 4551 Deum,

488 4575 608 4615 non
637 4555 882 4615 militem
912 4559 1169 4624 timebis,
1204 4574 1323 4612 non
1356 4555 1633 4621 Gothum,
1668 4571 1789 4611 non
1831 4555 2136 4609 Hunnum.

1041 4631 1375 4686 EPISTOLA
1418 4629 1456 4682 v
1492 4628 1582 4698 (ε).

489 4701 744 4758 Domino
793 4705 1001 4757 sancto
1029 4704 1181 4774 patri
1207 4697 1557 4755 Aucusrmus
1606 4698 1952 4768 episcoopo,
1980 4697 2137 4752 Bour-

1207 4787 1421 4827 FACIUS.

560 4843 690 4900 Scio
711 4843 874 4916 quod
898 4845 968 4899 sit
992 4850 1091 4900 tua
1107 4843 1391 4899 Sanctitas
1422 4856 1688 4916 promea
1714 4839 1834 4916 vita
1865 4837 2136 4916 sollicita,

485 4920 542 4972 et
571 4933 705 4987 qua
730 4912 1019 4971 adversus
1060 4931 1153 4970 me
1186 4912 1477 4992 tyrannus
1530 4912 2041 4992 illeﬂordinaverit
2067 4926 2136 4992 ac

483 4981 785 5062 disponat,
809 4991 1130 5062 antequam
1164 4981 1332 5062 tuum
1379 4983 1787 5062 Sacerdotium
1837 4981 2135 5062 scriberet,

483 5053 647 5115 novi.
714 5053 1043 5134 Obviamiis
1105 5058 1184 5112 ad
1231 5063 1486 5134 mortem
1536 5055 1685 5110 ultro
1715 5053 2134 5134 tendentidus,

482 5147 636 5202 quos
669 5137 883 5186 nostra
934 5131 1208 5193 victoria,
1247 5136 1304 5184 ut
1333 5127 1652 5190 credimus,
1711 5124 2138 5202 faciet__Ch_ritus

483 5195 923 5277 addictos.__Sed
957 5203 1164 5277 sierga
1186 5218 1280 5256 me
1305 5215 1592 5269 meosque
1613 5212 1820 5277 omnes
1844 5195 2006 5250 aliud
2028 5211 2138 5251 vo-

481 5273 654 5349 luerit
679 5274 956 5349 ordinare
982 5274 1284 5349 Divinitas,
1301 5287 1541 5349 precare
1565 5277 1626 5326 ut
1654 5273 1916 5349 animam
1939 5283 2135 5349 meam

481 5343 686 5402 liberet
726 5347 879 5401 Deus
912 5365 925 5416 ;
956 5350 1013 5402 et
1037 5345 1276 5402 dabitur
1304 5341 1652 5416 competens
1674 5341 2015 5398 adversario
2047 5352 2138 5395 se-

503 2791 888 2850 quocumque
912 2790 1020 2845 sup

567 5475 615 5522 a)
652 5468 793 5518 Alias
820 5471 926 5520 182.

566 5529 610 5586 ὸ)
644 5531 785 5579 Alias
820 5534 928 5582 183.

562 5593 606 5702 2
640 5591 781 5663 Alias
817 5595 931 5646 181.

601 5657 614 5702 )
649 5653 790 5702 Alias
822 5656 931 5702 185.

591 5653 594 5698 ἰ
649 5653 790 5702 Alias
822 5656 939 5712 185.

591 5657 614 5788 ἰ
643 5716 785 5769 Alias
805 5717 916 5770 186.

563 5716 610 5772 cl
643 5716 785 5769 Alias
805 5717 916 5770 186.

2283 1201 2638 1277 cundavice
2693 1202 3024 1277 responsio.
3080 1204 3144 1277 in
3196 1217 3401 1277 pugna
3431 1203 3590 1259 enim
3626 1204 3947 1277 utriusque

2282 1273 2528 1347 desavit
2559 1275 2742 1338 furor,
2772 1274 2875 1328 sed
2901 1275 3055 1328 Deus
3077 1273 3561 1347 inspicitcausas.
3598 1278 3786 1347 Igitur
3817 1273 3943 1341 ora,

2284 1349 2346 1400 ut
2372 1345 2514 1415 dixi,
2545 1352 2600 1402 et
2627 1347 2822 1401 vincet
2863 1361 2982 1399 una
3011 1347 3262 1401 Trinitas
3286 1346 3477 1402 nobis.

2815 1417 3154 1474 EPISTULA
3184 1417 3252 1471 Vl
3285 1418 3390 1488 (α).

2281 1485 2679 1544 Dilectissimo
2711 1493 2766 1543 et
2795 1488 3102 1558 spectabili
3138 1489 3259 1568 viro
3293 1485 3412 1544 tilio
3459 1490 3783 1556 Borurxcw,
3820 1493 3940 1546 At:-

2773 1576 3036 1614 GUSTINUS
3071 1575 3410 1631 episcopus.

2348 1628 2520 1683 Miror
2550 1631 2860 1700 quomodo
2901 1636 3018 1685 tam
3051 1628 3247 1686 subito
3279 1628 3434 1686 —ﬁdei
3491 1647 3742 1686 murum
3784 1632 3937 1687 aries

2276 1701 2497 1774 ruperit
2530 1701 2750 1756 inimici
2773 1718 2783 1756 :
2804 1703 2940 1757 novi
2965 1703 3121 1756 enim
3138 1718 3260 1774 qua
3281 1703 3564 1770 religione
3597 1720 3842 1773 semper
3861 1705 3938 1758 sis

2275 1772 2587 1844 ecclesiam
2602 1780 2932 1828 veneratus.
2952 1774 3079 1837 Quo
3094 1772 3602 1844 igiturinstigante
3618 1772 3820 1830 furore
3836 1776 3940 1829 ho.

2274 1843 2498 1915 minem
2522 1844 2594 1898 de
2622 1845 2874 1915 ecclesia
2901 1843 3150 1915 rapuisti
3181 1845 3207 1899 ?
3229 1848 3386 1900 Tuus
3417 1847 3462 1898 si
3491 1845 3564 1900 de
3599 1850 3706 1900 tuo
3740 1848 3940 1902 amico

2272 1913 2420 1969 forte
2442 1922 2826 1985 prasumeret
2847 1913 3150 1984 fugitivus.
3177 1923 3380 1987 posset
3399 1916 3608 1987 procul
3625 1917 3822 1973 dubio
3857 1921 3940 1973 in-

2273 1987 2618 2060 tercessoris
2647 2003 2835 2042 causa
2862 1988 3454 2060 veniamipromereri
3476 2004 3489 2042 :
3515 2004 3686 2056 ergo,
3714 1991 3763 2043 si
3796 1991 3939 2045 ami-

2271 2073 2375 2111 cus
2398 2058 2741 2132 intenditur,
2762 2075 2865 2113 cur
2891 2058 3375 2132 Deusoﬂ‘enditur
3391 2060 3419 2111 ‘?
3439 2059 3550 2115 Sed
3572 2060 3623 2113 si
3644 2060 3726 2115 de
3749 2069 3942 2132 potes-

2271 2134 2384 2183 tate
2410 2130 2812 2198 prasumitur,
2847 2130 3402 2186 Nabuchodonosor
3428 2147 3635 2200 regem
3670 2130 3937 2194 intende,

2268 2201 2370 2270 qui
2397 2216 2579 2255 causa
2595 2201 2888 2271 superbia
2911 2202 2970 2256 in
2987 2202 3196 2257 bovem
3213 2207 3381 2256 estex
3395 2201 3643 2257 homine
3665 2219 3941 2259 commu-

2271 2275 2423 2343 tatus
2447 2273 2610 2331 (Dan.
2641 2289 2717 2339 IV,
2734 2272 2844 2343 30).
2868 2275 2990 2328 Non
3019 2279 3079 2328 ut
3101 2273 3469 2330 confundam
3486 2280 3540 2328 te
3561 2274 3697 2329 hac
3717 2275 3935 2339 scribo,

2267 2342 2370 2396 sed
2405 2347 2466 2396 ut
2493 2344 2682 2398 tilium
2712 2342 2910 2398 meum
2935 2345 3357 2400 charissimum
3384 2361 3604 2400 moneo
3636 2349 3684 2415 (Ι
3717 2348 3935 2409 Conv,

2271 2416 2373 2487 t4):
2411 2415 2678 2470 Ecclesia
2712 2415 2891 2483 igitur
2913 2416 3160 2471 illasum
3196 2432 3428 2480 revoca,
3457 2432 3649 2487 quem
3704 2425 3775 2472 ut
3809 2421 3939 2473 irre—

2264 2483 2684 2552 ligiosissimus
2717 2487 2986 2556 rapuisti.
3019 2488 3250 2543 Oblatio
3281 2504 3420 2542 vero
3473 2483 3704 2543 domus
3748 2497 3866 2544 tua
3907 2507 3940 2545 a

2265 2556 2491 2634 clericis
2527 2574 2609 2634 ne
2632 2558 3011 2634 suscipiatur,
3047 2558 3231 2614 indixi
3264 2601 3275 2615 .
3310 2562 3938 2634 communionemque

2265 2627 2367 2682 tibi
2401 2629 2707 2699 interdico,
2742 2627 2933 2684 donec
2951 2636 3194 2700 peracta
3223 2646 3330 2700 pro
3354 2630 3607 2686 ausibus
3625 2627 3937 2688 velerrore

2265 2715 2301 2773 a
2335 2716 2426 2754 me
2456 2700 2702 2773 deﬁnita
2729 2700 2959 2773 tibimet
2996 2703 3364 2772 panitentia,
3397 2708 3453 2757 et
3481 2708 3769 2773 tempore
3803 2721 3936 2760 con-

2263 2770 2508 2842 donato,
2547 2788 2650 2842 pro
2681 2772 2794 2827 hoc
2825 2770 3207 2828 facto—corde
3238 2775 3486 2830 contrito
3513 2779 3573 2830 et
3597 2770 3934 2832 humiliato

2262 2841 2513 2913 dignum
2546 2841 2761 2900 offeras
2783 2845 3136 2898 sacrificium
3172 2847 3308 2900 Deo.

2778 2915 3114 2971 EPlS'I‘OLA
3147 2915 3241 2969 vu
3295 2914 3396 2986 (b).

2691 2987 2974 3041 Bommcu
3006 3003 3070 3040 AD
3099 2989 3477 3043 Aucusrmuu.

2333 3054 2578 3110 Humilis
2599 3056 2812 3124 saluto,
2837 3057 3000 3128 quod
3020 3059 3278 3129 primum
3298 3068 3388 3114 est
3412 3079 3424 3110 :
3452 3058 3699 3129 suscepi
3726 3065 3934 3116 autem

2259 3130 2518 3202 tremens
2551 3129 2885 3202 Sanctitatis
2943 3135 3055 3184 tua
3106 3129 3287 3185 verba
3312 3129 3694 3202 verberibus
3727 3132 3930 3202 plena.

2259 3198 2390 3275 Scio
2416 3200 2581 3275 quod
2607 3200 3198 3275 veniapraparatur,
3220 3201 3323 3272 qui
3342 3200 3418 3256 ab
3442 3198 3789 3275 augustino
3806 3221 3932 3275 per-

2259 3269 2582 3346 fectissimo
2597 3269 2905 3346 sacerdote
2933 3269 3275 3346 corripitur;
3304 3287 3413 3327 nec
3435 3269 3929 3346 debetepiscbpo

2256 3341 2560 3414 denegari,
2586 3343 2749 3412 quod
2775 3343 3051 3398 voluntas
3073 3343 3215 3398 facit
3241 3348 3343 3398 aut
3367 3359 3573 3398 casus:
3600 3341 3739 3414 ipse
3764 3341 3926 3401 enim

2256 3412 2366 3466 sibi
2388 3412 2644 3482 denegat
2665 3429 2894 3486 curam,
2918 3415 3022 3486 qui
3051 3430 3223 3470 suam
3244 3415 3474 3470 medico
3497 3412 3928 3486 non—publicat

2253 3499 2522 3556 causam.
2545 3485 2854 3540 Hominem
2869 3485 3029 3554 ergo,
3047 3486 3320 3556 piissime
3337 3493 3525 3556 pater,
3550 3504 3582 3541 e
3604 3485 3925 3544 liminibus

2253 3555 2788 3629 ecclesiaraptum,
2807 3557 2919 3629 tuis
2943 3555 3165 3629 sanctis
3188 3555 3532 3629 aspectibus
3551 3559 3752 3628 jussio
3787 3577 3926 3616 mea

2253 3626 2534 3698 furorque
2562 3627 2869 3683 subduxit.
2906 3628 3109 3684 Alieno
3134 3626 3563 3684 non'suntista‘
3578 3629 3743 3686 facta
3776 3648 3923 3687 con-

2253 3697 2406 3771 silio;
2433 3697 2531 3771 sed
2551 3699 2644 3753 Dei
2675 3704 2729 3754 et
2751 3705 3086 3755 sanctorum
3103 3701 3230 3771 ejus
3256 3701 3544 3770 regimine
3568 3702 3726 3757 vivo.
3744 3703 3920 3759 [llum

2251 3769 2450 3840 itaque
2473 3770 2676 3843 _virum
2709 3776 2896 3843 morte
2935 3769 3377 3843 dignissimum,
3432 3787 3638 3843 quem,
3673 3781 3740 3827 ut
3766 3775 3916 3840 dixi,

2251 3857 2421 3895 meus
2451 3841 2525 3894 de
2555 3841 2816 3896 ecclesia
2844 3842 3069 3897 foribus
3098 3842 3258 3898 furor
3288 3841 3594 3910 abstraxit,
3626 3845 3766 3899 vita
3809 3849 3922 3901 tuis

2245 3912 2624 3986 jussionibus
2649 3913 2952 3986 donamus
2985 3915 3266 3986 illasum.
3323 3921 3597 3986 Agnosco
3646 3917 3876 3986 culpas
3906 3935 3917 3971 :

2249 3985 2508 4053 indigna
2539 4000 2684 4057 mea
2707 3984 3432 4056 lacrimajunganturtuis
3454 3984 3917 4057 ﬂetibusjustis,

2249 4071 2365 4120 quo
2389 4056 2572 4126 possit
2602 4056 2728 4110 hac
2776 4063 2914 4111 nota
2943 4058 3115 4125 nigro
3161 4057 3385 4126 scripta
3438 4059 3641 4112 titione
3704 4056 3915 4114 deleri.

2250 4126 2520 4202 Ecclesia
2550 4128 2690 4202 mihi
2722 4127 3003 4202 introitus
3039 4143 3161 4183 non
3215 4136 3463 4202 negetur
3494 4147 3507 4184 :
3565 4129 3683 4184 illic
3712 4146 3918 4202 spero

2247 4200 2506 4262 veniam,
2543 4197 2644 4252 ubi
2672 4199 2883 4252 admisi
2913 4199 3176 4269 culpam.
3211 4197 3441 4255 Oblatio
3491 4216 3631 4255 vero
3683 4197 3916 4257 domus

2247 4286 2418 4336 mea,
2454 4274 2514 4324 ut
2537 4275 2638 4325 tua
2659 4270 2947 4325 Sanctitas
2965 4271 3159 4340 jussit,
3183 4270 3260 4326 ad
3283 4271 3532 4328 calestis
3558 4273 3721 4341 regis
3744 4291 3914 4330 men-

2248 4358 2374 4396 sam
2410 4341 2540 4412 ejus
2568 4341 2850 4412 manibus
2884 4341 3186 4412 oﬂeretur.

2764 4411 3101 4468 EPISTOLA
3133 4412 3251 4467 VIII
3285 4411 3381 4484 (c).

2248 4480 2503 4538 Domino
2537 4481 2800 4547 sublimi,
2829 4499 3188 4556 semperque
3226 4480 3546 4553 magniﬁco
3581 4484 3702 4540 ﬁlio
3737 4488 3912 4543 Bost-

2603 4570 2782 4626 EACIO,
2818 4562 3165 4626 Ancusrmus
3192 4556 3534 4626 episcopus.

2322 4626 2466 4679 Dum
2481 4625 2812 4698 quodamin
2826 4625 2957 4698 loco
2971 4629 3200 4698 positus
3215 4631 3329 4681 tua
3343 4625 3704 4682 Eximietatis
3720 4635 3915 4682 trans-

2246 4695 2363 4768 itus
2388 4695 2661 4768 intuerer,
2696 4697 2921 4767 placuit
2952 4695 3098 4752 meis
3124 4698 3465 4768 aspectibus
3493 4705 3608 4753 tua
3629 4699 3888 4755 Sublimi

2247 4767 2384 4842 tatis
2414 4768 2575 4842 mitis
2607 4767 2702 4822 ille
2730 4785 2800 4823 ac
2834 4769 3105 4842 terribilis
3137 4767 3393 4838 gressus.
3428 4770 3540 4825 Sed
3573 4776 3909 4842 postquam

2246 4837 2387 4892 illud
2411 4838 2734 4913 levigatum
2769 4855 2942 4913 sacro
2959 4837 3278 4913 chrismate
3296 4847 3474 4910 caput
3499 4837 3754 4913 portam
3769 4858 3912 4898 cum

2247 4910 2454 4980 paucis
2467 4911 2718 4965 civitatis
2733 4912 2929 4976 exivit,
2946 4912 3144 4967 subito
3157 4919 3408 4968 vomunt
3423 4910 3648 4982 equites
3661 4913 3908 4978 domus,

2247 4981 2456 5055 civitas
2471 4982 2663 5055 fundit
2680 4983 3024 5047 exercitum,
3043 4989 3311 5054 strepunt
3328 4981 3515 5045 arma,
3536 4991 3913 5055 concrepant

2250 5052 2428 5127 tuba,
2483 5053 2674 5127 contis
2750 5055 3038 5127 crispata;
3072 5052 3266 5110 ventis
3303 5061 3494 5127 stupa
3541 5052 3910 5125 dependent,

2248 5123 2448 5179 ferrea
2478 5123 2692 5178 tunica
2721 5123 2984 5180 virorum
3019 5125 3258 5182 fortium
3319 5123 3586 5181 me—mbra
3613 5123 3912 5183 constrin-

2249 5202 2414 5262 gunt,
2446 5197 2697 5250 sessoris
2729 5202 2781 5251 et
2808 5197 2945 5268 equi
2979 5197 3222 5252 renibus
3255 5199 3508 5266 setigera
3536 5197 3708 5253 theca
3734 5201 3914 5255 vesti-

2247 5271 2364 5332 tus,
2398 5269 2667 5340 intensus
2697 5269 2918 5340 geritur
2945 5284 3116 5340 arcus
3150 5285 3164 5324 :
3199 5268 3449 5340 pulchra
3480 5278 3694 5325 cuncta
3725 5287 3913 5327 cons-

2246 5340 2400 5410 pexi,
2480 5339 2625 5396 nihil
2669 5339 2880 5394 melius
2939 5339 3240 5396 Bonifacio
3299 5342 3514 5397 comite
3571 5340 3720 5398 vidi.
3795 5343 3914 5400 Sed

2245 5411 2674 5484 postquamad
2704 5411 2957 5484 Palmas,
3002 5419 3061 5466 ut
3091 5412 3373 5484 comperi,
3419 5417 3522 5484 tua
3553 5413 3914 5472 Sublimitas

2243 5482 2425 5549 venit,
2452 5482 2528 5538 ad
2555 5481 2724 5539 illum
2751 5483 2991 5539 brevem
3023 5481 3294 5558 quidem,
3330 5483 3436 5541 sed
3464 5483 3714 5559 plenum
3746 5487 3915 5560 peri-

2305 5590 2377 5654 (ᾳ)
2413 5589 2556 5654 Alias
2593 5591 2702 5641 187.

2331 5652 2378 5715 b)
2414 5652 2559 5702 Alias
2593 5655 2704 5705 188.

2331 5655 2378 5715 ὁ)
2414 5655 2559 5702 Alias
2593 5655 2696 5705 188.

2305 5655 2370 5784 Σο)
2402 5715 2548 5767 Alias
2581 5717 2696 5770 189.
