4140 6174
531 203 670 259 1103

515 344 718 384 servos
748 325 966 382 liberos
1011 326 1068 380 in
1097 339 1217 380 non
1247 322 1574 395 peccando,
1611 331 1664 378 et
1707 340 1824 380 non
1874 323 2167 379 conditio-

511 413 654 456 nem
680 400 962 469 cuiquam
989 396 1228 460 obesse,
1255 395 1360 451 sed
1387 401 1664 469 mentem.
1695 397 2054 469 Hic,quaeso,
2075 411 2167 450 re-

514 486 748 527 morare
771 466 1093 539 paulisper,
1110 473 1164 521 et
1185 473 1416 522 castum
1440 467 1708 520 animum
1736 466 1978 522 sollicite
2001 469 2165 534 virgo

516 539 852 603 considera,
879 539 1332 610 Concupiscitur
1352 554 1386 592 a
1407 539 1654 592 domina
1679 539 1896 592 femina
1927 539 2164 594 adoles-

517 628 676 676 cens,
698 627 804 664 nec
831 609 906 664 ad
935 609 1491 682 concupiscentiam
1508 617 1895 682 provocatur;
1927 615 2168 680 rogatur

515 682 775 750 etfugit:
812 681 1055 737 unahac
1083 679 1149 735 in‘
1171 687 1298 736 reet
1317 679 2168 751 blandituretsupplicat,quaa

514 755 574 807 in
601 752 822 824 caeteris
841 753 1194 824 imperabat.
1223 756 1467 824 Amator
1487 753 1504 786 ¹
1541 752 1659 814 Dei,
1687 752 1944 824 mulieris
1965 767 2167 806 amore

515 839 638 878 non
661 823 916 878 vincitur
935 823 948 886 ές
971 829 1204 878 castum
1230 823 1496 877 animum
1522 839 1628 876 nec
1659 828 1802 876 aetas
1823 823 2168 877 adolescen-

515 895 608 950 Περ
641 901 968 964 permovet,
991 911 1098 949 nec
1125 895 1424 964 diligentis
1449 895 1791 949 auctoritas.
1820 897 2168 964 Contempta

515 967 854 1036 frequenter
891 967 1139 1020 domina
1185 965 1492 1036 propiores
1524 965 1884 1020 adolescenti
1919 965 2168 1020 insidias

517 1038 729 1102 tendit;
764 1039 820 1090 in
855 1043 1078 1092 secreto
1107 1052 1176 1091 ac
1199 1037 1322 1090 sine
1356 1037 1596 1090 testibus
1629 1051 1810 1090 manu
1847 1036 2168 1107 impudens

515 1108 930 1178 apprehendit,
971 1124 1040 1162 ac
1074 1109 1516 1178 procacioribus
1555 1108 1750 1162 verbis
1789 1105 2059 1162 hortatur
2089 1105 2167 1162 ad

518 1181 740 1234 crimen
758 1195 770 1232 :
791 1195 862 1233 ne
877 1181 970 1234 hic
999 1179 1244 1249 quidem
1261 1179 1528 1242 vincitur,
1551 1179 1655 1232 sed
1672 1185 1734 1232 ut
1753 1179 1930 1234 verba
1953 1178 2166 1242 verbis,

517 1251 596 1306 ita
613 1266 701 1304 res
715 1250 892 1304 rebus
907 1249 1098 1304 refert.
1111 1253 1254 1304 Nam
1271 1251 1372 1318 qui
1389 1251 1628 1319 frequen
1641 1257 1722 1304 ter
1736 1257 1976 1318 rogatus
1991 1264 2168 1316 nega-

517 1328 700 1386 verat,
741 1337 900 1376 nunc
931 1321 1400 1391 comprehensus
1449 1321 1793 1386 astringitur
1833 1322 1884 1375 1:
1925 1327 1980 1374 et
2010 1328 2170 1375 ante-

516 1408 698 1464 quam
715 1392 856 1464 illud
884 1393 1296 1460 evangelicum
1315 1392 1626 1464 diceretur,
1646 1393 1752 1464 Qui
1773 1391 2168 1464 videritmulie-

515 1463 628 1518 rem
657 1463 726 1518 ad
755 1465 1222 1528 concupiscendam
1252 1481 1386 1527 eam,
1412 1463 1528 1533 jam
1551 1463 1835 1518 march-alus
1864 1470 1936 1515 est
1968 1480 2082 1516 eam
2110 1463 2168 1516 in

514 1536 668 1589 corde
692 1551 786 1590 suo
807 1535 1036 1606 (Matth,
1065 1552 1115 1600 v,
1145 1535 1257 1604 '28),
1277 1535 1370 1590 ille
1403 1551 1520 1589 non
1540 1541 1785 1604 aspectu
1819 1535 2038 1606 solum,
2063 1534 2166 1587 sed

514 1607 645 1677 ipso
665 1603 1152 1676 pene'complexu
1175 1603 1534 1677 provocatus
1563 1622 1596 1660 a
1620 1603 1862 1668 femina,
1881 1603 2164 1658 feminam

515 1676 635 1730 non
650 1679 1008 1747 concupivit.
1027 1677 1318 1732 Castitatis
1339 1676 1610 1730 virtutem
1627 1677 1937 1745 hucusque
1955 1677 2168 1730 mirata
2215 1687 2222 1694 '

515 1763 577 1801 es
597 1763 610 1812 ;
627 1763 786 1802 nunc
801 1747 1028 1817 respice
1043 1749 1489 1814 benignitatem.
1509 1747 1858 1818 Priusquam
1875 1747 2168 1815 Propheta

513 1819 754 1886 diceret,
780 1819 1148 1888 Unusquisque
1165 1818 1784 1888 malitiamproximisui
1797 1834 1902 1872 non
1919 1818 2168 1871 reminis-

511 1896 670 1943 catur
695 1889 754 1943 in
782 1890 938 1942 corde
966 1906 1080 1950 suo,
1105 1889 1196 1942 ille
1216 1905 1325 1960 pro
1345 1889 1484 1943 odio
1504 1889 1757 1960 reddidit
1778 1889 2126 1943 cliaritatem
2151 1905 2164 1953 ;

511 1965 566 2015 et
597 1977 731 2014 cum
765 1961 985 2015 videret
1013 1959 1405 2026 fratres’suos,
1431 1961 1553 2014 imo
1581 1959 1858 2014 inimicos
1890 1975 1958 2014 ex
1985 1961 2169 2014 fratri-

509 2031 644 2096 bus,
669 2047 928 2102 cumque
947 2033 1024 2085 ab
1040 2033 1120 2086 eis
1137 2033 1416 2100 cognosci
1435 2031 1976 2102 vellet.dilectionis
1993 2031 2167 2084 affec-

511 2107 640 2158 tum
661 2101 758 2173 pio
781 2103 984 2157 dolore
1002 2109 1244 2157 testatus
1269 2108 1381 2157 est:
1406 2101 1864 2157 deosculabatur
1877 2103 2166 2170 singulos,

509 2178 564 2228 et
613 2173 852 2243 irriguis
899 2173 1138 2232 ﬂetibus
1191 2175 1540 2244 paventium
1594 2173 1749 2244 colla
1801 2173 2167 2243 perfundens

509 2245 715 2301 odium
745 2245 990 2300 fratrum
1015 2243 1318 2299 eharitatis
1344 2244 1626 2315 lacrymis
1658 2243 1961 2308 abluebat,
1989 2260 2163 2315 quos,

509 2322 630 2371 tam
663 2317 794 2370 vivo
822 2323 986 2386 patre
1013 2333 1198 2386 quam
1227 2321 1480 2383 mortuo,
1512 2331 1799 2386 germano
1821 2331 2059 2387 semper
2080 2319 2156 2370 di-

509 2387 648 2442 lexit
678 2403 900 2458 amore.
937 2391 1050 2442 Nec
1072 2389 1421 2442 recordatus
1456 2395 1544 2441 est
1574 2387 1762 2450 illum,
1785 2389 1842 2440 in
1877 2403 2054 2458 quem
2088 2387 2166 2442 ob

511 2457 836 2513 necemfuit
865 2458 1152 2528 dejectus,
1177 2459 1402 2522 lacum;
1429 2473 1546 2512 non
1565 2457 2163 2524 cogitavitaddiclam

511 2530 966 2598 germanitatem
995 2530 1181 2598 pretio
1208 2545 1221 2593 ;
1257 2530 1360 2584 sed
1391 2545 1500 2598 pro
1537 2530 1712 2584 malis
1743 2529 1968 2583 bonum
2004 2531 2162 2583 retri-

511 2601 702 2654 buens
735 2600 1138 2670 apostolicum
1173 2605 1536 2670 praeceptum
1567 2601 1680 2654 sub
1707 2605 1936 2654 naturae
1969 2600 2166 2654 adhuc

511 2671 640 2738 lege
671 2672 994 2740 complevit
1017 2671 1168 2750 (Gen.
1199 2687 1423 2734 xxxvu,
1450 2671 1630 2796 εφη).

585 2743 806 2796 CAPUT
833 2743 918 2795 Vl.
949 2773 1016 2780 —
1045 2741 1196 2796 Ollld
1225 2743 1296 2796 de
1316 2742 1490 2796 beato
1515 2745 1580 2796 lo

585 2743 806 2796 CAPUT
833 2743 918 2795 Vl.
949 2739 1196 2805 —'Quid
1225 2743 1296 2796 de
1316 2739 1623 2798 beato—Job
1645 2742 1864 2806 dicam,
1895 2739 2166 2796 famosis-

513 2811 666 2884 simo
697 2812 796 2884 illo
827 2811 1045 2868 athleta
1068 2813 1184 2874 Dei,
1219 2812 1322 2884 qui
1343 2819 1476 2884 post
1501 2813 1768 2882 direptas
1795 2827 1940 2882 opes
1965 2817 2017 2865 et
2041 2813 2165 2866 fun-

512 2883 670 2938 ditus
700 2883 894 2938 deleta
927 2883 1311 2954 patrimonia,
1339 2883 1474 2954 post
1519 2883 1772 2939 filiorum
1808 2900 1877 2938 ac
1907 2883 2164 2938 filiarum

511 2970 700 3008 unum
721 2954 915 3010 subito
935 2955 1256 3021 interitum,
1283 2954 1358 3010 ad
1386 2955 1660 3010 ultimum
1694 2955 1934 3025 prOprio
1961 2959 2167 3008 contra

511 3025 820 3080 diabolum
851 3041 1100 3096 corpore
1144 3026 1501 3082 dimicavit?
1540 3027 1900 3081 Auferuntur
1940 3025 2164 3089 omnia,

513 3113 649 3168 quae
681 3098 1051 3152 extrinsecus
1087 3098 1475 3168 possidebat;
1507 3103 1562 3152 et
1587 3103 1869 3152 extranea
1895 3096 2058 3151 bona
2085 3111 2169 3151 re-

511 3173 688 3240 pente
721 3168 1028 3233 decidunt,
1047 3175 1107 3222 ut
1133 3169 1326 3237 magis
1343 3169 1582 3240 propria
1603 3169 1950 3223 clarescant.
1970 3169 2166 3240 omni-

513 3239 626 3293 bus
641 3255 886 3308 prorsus
909 3240 1066 3294 velut
1090 3238 1468 3296 indumentis
1483 3241 1730 3304 exuitur,
1758 3238 2168 3309 utexpeditius

513 3315 566 3382 et
580 3309 785 3365 fortius
803 3311 1002 3366 nudus
1029 3311 1372 3382 triumphet,
1389 3315 1443 3364 et
1463 3311 1711 3378 hostem,
1728 3326 1908 3382 quem
1926 3309 2168 3382 ferendo

512 3381 738 3436 damna
761 3387 896 3436 ante
925 3397 1144 3452 supera
1164 3381 1346 3446 verat,
1376 3397 1580 3436 rursus
1603 3381 1910 3436 tolerando
1941 3381 2166 3452 suppli-

513 3454 604 3508 cia
626 3452 916 3507 devincat.
939 3455 1012 3507 De
1027 3469 1148 3522 quo
1163 3453 1274 3508 tale
1301 3454 1486 3523 ipsius
1505 3453 1741 3508 Domini
1756 3452 2164 3506 testimonium

515 3531 628 3578 est:
653 3523 932 3593 Numquid
951 3524 1304 3579 considerasti
1324 3541 1549 3594 puerum
1577 3541 1744 3578 meum
1775 3523 1916 3578 Job?
1946 3523 2071 3578 Non
2098 3528 2173 3578 est

516 3596 657 3649 enim
681 3595 883 3650 similis
920 3597 974 3648 ei
998 3597 1282 3666 quisquam
1305 3595 1364 3649 in
1391 3597 1578 3658 terris,
1613 3596 1762 3649 homo
1786 3595 1902 3648 sine
1935 3595 2170 3664 querela,

517 3681 676 3720 verus
695 3667 796 3720 Dei
820 3667 1015 3732 cultor,
1041 3665 1315 3722 abstinens
1340 3684 1394 3720 se
1407 3667 1472 3720 ab
1497 3668 1644 3720 omni
1667 3665 1808 3721 malo
1837 3665 1954 3736 (Job
1975 3684 2014 3735 ι,
2047 3669 2098 3728 8,
2119 3671 2176 3720 et

521 3753 579 3802 ιι,
613 3737 690 3806 3).
711 3739 822 3792 Nec
849 3736 1181 3793 immerito:
1212 3753 1448 3808 semper
1474 3739 1654 3802 enim,
1681 3743 1744 3792 ut
1773 3738 1898 3808 ipse
1921 3739 2020 3798 ait,
2051 3745 2176 3790 tan-

519 3813 1024 3878 quam-tumentes
1051 3825 1230 3881 super
1256 3826 1317 3864 se
1335 3809 1546 3865 ﬂuctus
1567 3809 1812 3864 timebat
1833 3810 2172 3881 Dominum,

520 3885 572 3935 ct
593 3881 922 3949 praesentiae
937 3881 1062 3952 ejus
1075 3879 1314 3952 pondus
1328 3881 1475 3936 ferre
1491 3897 1610 3936 non
1635 3885 1860 3951 poterat
1879 3879 1979 3951 (ld.
2015 3895 2172 3947 xm,

521 3951 644 4020 ‘23):
677 3967 786 4006 nec
807 3951 1424 4024 audebat’aliquando
1457 3957 1852 4024 contemnere,
1883 3967 2062 4021 quem
2097 3953 2175 4006 ita

521 4037 758 4090 semper
787 4023 998 4078 adesse
1029 4023 1323 4086 credebat,
1355 4023 1730 4093 dicebatque,
1764 4023 1990 4077 Securus
2017 4039 2171 4088 sum,-

520 4108 626 4162 non
657 4093 800 4145 enim
841 4094 1184 4162 reprehendit
1211 4112 1290 4148 me
1332 4112 1423 4148 cor
1451 4111 1620 4148 meum
1656 4096 1712 4148 in
1741 4095 1889 4148 omni
1917 4095 2033 4147 vita
2061 4110 2176 4147 mea

524 4161 630 4235 (Id.
655 4178 830 4228 xxvu,
857 4161 932 4235 6)}
951 4165 1058 4228 Qui
1081 4171 1402 4234 antequam
1419 4164 1995 4218 Dominusinimicos
2019 4181 2174 4235 pra:-

523 4234 742 4305 ciperet
763 4234 1234 4305 essediligendos
1250 4236 1469 4302 (Matth.
1493 4252 1550 4300 v,
1583 4239 1695 4303 44),
1721 4235 1912 4289 dicere
1927 4234 2171 4304 poterat,

522 4304 586 4358 Si
615 4304 674 4358 in
704 4304 864 4358 malis
902 4304 1115 4360 inimici
1145 4305 1247 4359 mei
1275 4307 1490 4376 gavisus
1517 4323 1634 4360 sum
1657 4323 1674 4370 ;
1705 4306 1758 4359 si
1785 4306 1902 4360 dixi
1934 4307 1993 4360 in
2021 4305 2176 4360 corde

523 4391 652 4448 meo,
687 4376 830 4430 Bene
855 4377 1062 4446 factum
1092 4385 1165 4431 est
1193 4377 1311 4448 (Job
1341 4394 1494 4442 xxxr,
1533 4378 1642 4447 29).
1685 4377 1948 4432 Necdum
1985 4379 2173 4432 Evan-

524 4447 780 4517 gelicum
813 4449 956 4503 illud
991 4447 1288 4504 sonuerat.
1316 4448 1478 4503 Omni
1507 4449 1709 4519 petenti
1737 4455 1784 4502 te
1811 4449 1988 4502 tribue
2021 4449 2170 4519 (Luc.

523 4535 599 4584 vi,
641 4519 766 4588 30);
792 4523 847 4573 et
873 4520 995 4588 jam
1029 4520 1124 4575 ille
1150 4519 1408 4582 dicebat,
1441 4520 1498 4574 Si
1529 4521 1678 4574 exire
1704 4537 1888 4590 passus
1913 4537 2030 4574 sum
2063 4521 2175 4574 ino-

521 4607 637 4662 pem
659 4590 886 4658 januam
915 4608 1082 4646 meam
1110 4593 1223 4646 sine
1253 4593 1450 4646 viatico
1480 4595 1501 4626 ²
1532 4591 1648 4656 (Job
1677 4608 1829 4656 χχχι,
1869 4593 1974 4662 16).
2008 4595 2171 4646 Non-

524 4661 671 4714 dum
697 4661 920 4731 legerat
947 4663 1088 4716 illud
1111 4663 1400 4734 Apostoli,
1429 4663 1670 4724 Domini,
1703 4663 1840 4732 quod
1859 4661 2074 4734 justum
2099 4671 2174 4718 est

524 4739 572 4806 et
597 4747 826 4806 aequum,
851 4734 1017 4806 servis
1041 4733 1293 4804 przestate
1317 4734 1534 4806 (Coloss.
1558 4751 1636 4800 1v,
1663 4735 1746 4804 1);
1777 4739 1833 4806 et
1864 4733 2173 4806 Confidens

525 4803 826 4858 clamabat
865 4804 940 4858 ad
971 4803 1413 4871 Dominum,Si
1447 4821 1600 4860 servo
1634 4803 1809 4869 nocui,
1841 4807 1890 4858 si
1917 4805 2172 4859 ancillam

525 4874 642 4928 la°si
661 4895 683 4945 ,-
702 4875 882 4929 omnia
905 4881 961 4929 tu
987 4876 1101 4940 scis,
1121 4876 1347 4930 Domine
1368 4876 1487 4946 (Job
1515 4893 1666 4940 xxxn,
1689 4877 1793 4946 13).
1821 4877 2171 4946 Priusquam

524 4947 684 5001 idem
713 4946 1020 5018 apostolus
1051 4950 1398 5018 praeciperet
1438 4947 1720 5002 divitibus
1753 4963 1872 5003 non
1915 4947 2171 5002 sublime

525 5031 756 5089 sapere,
785 5032 988 5089 neque
1007 5033 1248 5088 sperare
1267 5019 1324 5072 in
1351 5020 1574 5074 incerto
1591 5019 1928 5074 divitiarum
1959 5020 2002 5084 (Ι
2029 5019 2168 5073 Tim.

521 5087 613 5154 v1;
641 5091 745 5160 t7),
780 5090 863 5144 sic
893 5087 1225 5160 habuitiille
1255 5090 1512 5150 divitias,
1545 5096 1606 5146 ut
1647 5105 1708 5144 se
1740 5090 1881 5145 alibi
1930 5090 2168 5145 divitem

521 5174 656 5215 esse
683 5159 1037 5233 monstraret
1063 5179 1074 5214 :
1104 5159 1170 5214 In
1203 5160 1666 5233 diuitiis,inquit,
1698 5179 1798 5216 non
1826 5161 2166 5231 conﬁdebam,

523 5249 612 5287 nec
641 5233 700 5284 in
733 5232 910 5302 lapide
923 5233 1163 5302 pretioso
1188 5231 1308 5298 (Job
1333 5248 1488 5298 xxxt,
1521 5231 1631 5302 ⁸24).
1663 5235 1728 5288 Et
1757 5233 1870 5288 hoc
1901 5248 2022 5288 non
2051 5249 2168 5287 ver-

519 5303 612 5358 bis
647 5309 898 5366 tantum,
929 5303 1032 5358 sed
1065 5302 1213 5373 ipsis
1246 5319 1488 5375 quoque
1519 5302 1699 5359 rebus
1735 5304 2030 5374 probavit,
2069 5305 2170 5374 qui

521 5389 654 5446 cum
689 5376 893 5429 omnia
923 5375 1197 5446 perderet
1229 5374 1346 5430 neu
1384 5374 1645 5436 dolebat,
1679 5375 2034 5446 dicebatque
2065 5391 2170 5446 per

521 5445 775 5513 singula,
812 5446 1073 5501 Dominus
1101 5445 1267 5510 dedit,
1305 5447 1564 5500 Dominus
1593 5446 1821 5502 abstulit
1847 5461 1868 5516 ,'
1894 5445 2032 5500 sicut
2067 5445 2170 5500 Do-

521 5516 666 5568 mino
687 5517 914 5586 placuit,
947 5523 1026 5572 ita
1058 5519 1266 5588 factum
1299 5526 1372 5571 est
1405 5536 1420 5572 :
1447 5518 1518 5573 sit
1547 5535 1737 5573 nomen
1769 5519 1988 5573 Domini
2019 5517 2168 5572 bene-

577 5673 592 5702 ί
625 5669 773 5735 Alius
803 5672 949 5735 (30d,
975 5673 1196 5735 aufugit.

574 5737 594 5768 ³
621 5732 769 5784 Alius
798 5733 956 5789 Cud.,
980 5732 1292 5786 sinu'vacuo.

2041 197 2422 254 APPENDIX.

3805 197 3942 252 1104

2273 327 2473 380 dictum
2510 323 2566 377 in
2603 323 2820 378 saecula.
2854 321 3046 376 Nudus
3075 321 3224 376 exivi
3248 321 3308 375 de
3359 330 3508 376 utero
3536 325 3734 377 matris
3783 340 3932 385 ηιθὶῑ),

2273 396 2454 451 nudus
2485 395 2694 448 redeam
2728 394 2865 448 illuc
2886 393 2988 464 (Id.
3021 409 3056 455 ι.
3090 395 3343 462 2t).Quo
3365 396 3520 448 enim
3555 395 3780 448 affectu
3809 411 3944 464 pos-

2274 469 2578 522 sideamus
2611 466 2860 537 aliquid,
2887 463 3196 537 docemur,
3226 481 3362 537 cum
3395 465 3454 520 id
3486 463 3862 530 amittimus;
3889 469 3944 520 et

2273 539 2656 608 cupiditatem
2694 535 2944 600 ﬂuendi,
2975 537 3213 608 carendi
3245 535 3416 590 dolor
3465 539 3698 607 prodit:
3754 553 3944 607 quem

2275 607 2374 681 qui
2409 611 2466 664 iu
2493 609 2750 663 carendo
2779 623 2897 662 non
2917 607 3159 681 habuit,
3189 607 3247 660 in
3270 608 3632 681 possidendo
3663 625 3944 680 quonam

2275 678 2458 736 modo
2491 681 2743 734 habuit?
2795 681 2836 734 Ο
2875 678 3067 733 virum
3114 685 3249 733 ante
3295 679 3642 748 evangelica
3681 678 3946 734 evanue-

2275 753 2477 813 licum,
2501 759 2556 806 et
2576 749 2971 822 apostolicum
2987 755 3122 804 ante
3139 751 3470 822 apostolica
3485 752 3946 822 prtecepta,«.iis-

2276 823 2538 892 cipulum
2573 821 3017 892 Apostolorum,
3040 821 3158 892 qui
3191 823 3464 891 aperiens
3489 823 3764 876 occultas
3795 821 3946 875 divi-

2278 891 2388 948 tias
2417 891 2665 950 naturie.
2699 893 2841 947 etin
2893 891 3161 947 medium
3203 891 3525 963 proferens,
3559 909 3631 948 ex
3675 909 3740 946 se
3793 893 3942 962 quid

2275 981 2484 1019 omnes
2501 966 2801 1035 possimus
2815 963 3102 1034 ostendit;
3120 963 3724 1035 docuitquequantus
3751 965 3828 1018 sit
3849 964 3946 1018 ille

2277 1034 2590 1092 thesaurus
2618 1037 2854 1099 animae,
2878 1050 3057 1106 quem
3099 1049 3209 1088 nos
3231 1034 3356 1088 sine
3387 1034 3498 1088 usu
3526 1036 3946 1104 possidemus,

2276 1108 2505 1178 etquod
2523 1107 2784 1174 proferre
2797 1105 3102 1178 nolumus,
3119 1121 3226 1158 nec
3241 1105 3458 1178 habere
3473 1123 3579 1160 nos
3598 1107 3740 1178 cred
3755 1107 3944 1160 imus!

2348 1176 2572 1234 CAPUT
2595 1179 2704 1231 Vll.
2725 1209 2783 1216 ε-
2817 1176 3300 1245 Postmultaquie
3319 1177 3391 1231 de
3409 1183 3622 1232 natura
3645 1177 3946 1240 diximus,

2275 1251 2454 1304 etiam
2475 1255 2818 1304 sanctorum
2841 1247 3129 1318 exemplis
3143 1248 3370 1302 bonum
3389 1248 3520 1316 ejus
3535 1249 3946 1312 ostendimus,

2276 1338 2344 1374 ac
2365 1321 2777 1391 probavimus.
2815 1323 2876 1374 Et
2907 1335 2980 1374 ne
3003 1319 3345 1391 econtrario
3363 1321 3437 1373 ad
3471 1321 3667 1390 ipsius
3689 1321 3948 1388 culpam

2277 1389 2567 1462 pertinere
2597 1397 2850 1462 putetur,
2877 1389 3041 1461 quod
3058 1390 3240 1462 aliqui
3261 1389 3718 1462 iniquifuerint;
3749 1393 3950 1460 Scrip-

2275 1459 2542 1518 turarum
2581 1459 2708 1516 utar
2757 1459 3132 1525 testimoniis,
3160 1459 3318 1532 quae
3351 1459 3668 1532 peccantes
3711 1459 3950 1533 ubique

2275 1535 2519 1588 crimine
2555 1533 2875 1587 voluntatis
2899 1537 3170 1600 gravant,
3207 1547 3326 1586 non
3357 1539 3648 1588 excusant
3679 1535 3950 1588 necessi-

2275 1612 2390 1661 tate
2413 1611 2661 1660 naturee.
2680 1605 2742 1658 In
2763 1604 2966 1658 Genesi
2991 1603 3264 1669 legimus,
3287 1602 3500 1658 Simeon
3517 1612 3564 1660 et
3587 1605 3950 1672 Levifratres

2273 1683 2772 1730 consummaverunt
2805 1675 3143 1744 iniquitatem
3199 1691 3350 1727 suam
3404 1693 3469 1728 ea:
3511 1677 3798 1730 voluntate
3849 1693 3954 1730 sua-

2276 1749 2428 1818 (Gen.
2453 1764 2602 1812 xux,
2635 1751 2684 1818 ὅ,
2711 1746 3223 1816 6).AdJerusalem
3255 1745 3543 1800 Dominus
3565 1747 3814 1802 locutus
3837 1753 3948 1808 est,

2279 1821 2502 1888 Propter
2515 1817 2651 1888 quod
2665 1817 2770 1887 ipsi
2793 1817 3116 1888 diiru'serunt
3137 1821 3274 1870 viam
3295 1833 3481 1882 meam,
3496 1835 3658 1888 quam
3677 1819 3950 1872 dediante

2273 1887 2685 1961 facientem-mn,
2701 1895 2747 1941 et
2767 1905 2870 1941 non
2895 1887 3256 1961 exaudierunt
3282 1903 3451 1961 uocem
3469 1887 3664 1953 meam,
3689 1890 3786 1944 sed
3803 1891 3950 1944 abie-

2273 1958 2406 2016 runt
2423 1967 2536 2031 post
2555 1961 2880 2013 voluntatem
2899 1959 3075 2014 cordis
3093 1958 3337 2031 suilnali
3359 1960 3577 2028 (Ie-rem.
3607 1977 3690 2024 ις,
3723 1966 3812 2026 13,
3841 1963 3948 2030 14).

2274 2037 2353 2086 Ac
2400 2030 2604 2086 rursus
2637 2031 2795 2084 idem
2829 2031 3140 2100 propheta,
3175 2030 3246 2083 Et
3289 2033 3550 2099 peccastis
3577 2033 3712 2094 Deo,
3751 2041 3804 2086 et
3845 2049 3948 2086 non

2274 2104 2572 2158 exaudistis
2592 2119 2762 2156 vocem
2788 2103 2920 2172 ejus,
2937 2108 2984 2154 et
2999 2102 3056 2155 in
3072 2101 3348 2155 mandatis
3371 2103 3524 2156 illius
3537 2111 3584 2156 et
3604 2107 3664 2156 in
3683 2104 3950 2172 legitimis

2272 2183 2319 2228 et
2355 2177 2412 2228 in
2440 2174 2766 2228 testimoniis
2805 2175 2919 2243 ejus
2947 2172 3224 2227 ambulare
3265 2173 3538 2228 noluistis.
3571 2179 3682 2230 Per
3727 2175 3948 2230 Isaiam

2272 2261 2512 2317 quoque
2544 2245 2900 2312 prophetam
2937 2243 3474 2317 Dominuslocutus
3489 2251 3600 2310 est,
3633 2245 3952 2300 δέδοικεν-ἱ-

2273 2314 2342 2372 tis
2371 2314 2739 2370 efaudieritis
2771 2332 2870 2380 me,
2899 2332 3014 2384 quae
3053 2321 3184 2368 sunt
3218 2314 3352 2369 bona
3379 2323 3542 2370 terra,
3577 2318 3950 2371 mandat-abi-

2273 2389 2344 2442 tis
2370 2411 2388 2456 ;
2409 2389 2648 2441 siautem
2669 2385 2956 2440 nolueritis
2985 2402 3145 2456 neque
3167 2385 3461 2440 audieritis
3486 2405 3583 2452 me,
3607 2389 3848 2458 gladius
3869 2407 3948 2443 res

2271 2466 2538 2513 consumet
2568 2459 2727 2528 (Isa-i.
2749 2477 2784 2522 ι,
2827 2461 2904 2520 19,
2940 2459 3050 2522 20).
3083 2460 3146 2510 Et
3177 2473 3440 2522 rursum,
3463 2460 3662 2514 Omnes
3695 2477 3792 2514 vos
3817 2463 3948 2514 (atti-

2271 2533 2417 2584 sione
2441 2529 2710 2593 decidetis,
2747 2528 2872 2599 quia
2897 2527 3082 2582 vocavi
3101 2545 3240 2593 avos,
3273 2535 3322 2582 et
3351 2547 3424 2582 nn
3443 2529 3798 2599 exaudistis;
3816 2532 3950 2586 locu-

2273 2609 2357 2655 tus
2373 2618 2508 2664 sum,
2524 2607 2572 2654 et
2598 2601 2919 2670 neglexistis,
2941 2599 3206 2668 etf'ecistis
3231 2600 3428 2654 malum
3448 2609 3580 2654 ante
3603 2611 3948 2671 conspectus:

2274 2673 2507 2736 Domini,
2541 2671 2964 2746 etqua’noliebam
2979 2671 3332 2746 elegistisg‘ld.
3359 2687 3486 2746 va,
3513 2674 3787 2746 t2).ﬁlpse
3803 2691 3950 2746 quo-

2271 2760 2388 2815 que
2425 2741 2778 2798 tlouiinusin
2803 2742 3122 2815 Evangelio
3145 2741 3586 2815 aitLJerusalem,
3613 2741 3944 2808 Jerusalem,

2272 2811 2389 2886 quae
2432 2815 2630 2868 occidis
2659 2811 3063 2884 prophetam—et
3103 2811 3314 2886 lapides
3343 2831 3424 2867 eos
3461 2815 3562 2884 qui
3597 2816 3678 2868 ad
3710 2823 3766 2870 te
3801 2819 3950 2870 missi

2271 2885 2395 2940 sunt
2423 2905 2438 2952 ;
2484 2887 2686 2956 quoties
2715 2885 2863 2942 volui
2907 2901 3226 2954 congregare
3248 2885 3394 2952 ﬁlios
3427 2893 3565 2950 tuos,
3593 2889 3949 2956 quemadmw

2272 2958 2396 3012 dum
2430 2955 2638 3026 gallina
2664 2963 2944 3024 congregat
2969 2955 3154 3026 pullos
3179 2972 3298 3026 suos
3335 2956 3428 3010 sub
3453 2956 3560 3010 alis
3587 2955 3734 3026 suis,
3779 2969 3834 3014 et
3867 2977 3952 3012 no-

2275 3025 2674 3098 luistiUllatth.
2705 3043 2864 3090 xxui,
2899 3027 3021 3098 37)!
3059 3025 3164 3080 Ubi
3191 3025 3339 3081 velle
3365 3027 3648 3082 videmus
3681 3025 3742 3085 et
3773 3031 3949 3093 nolle,

2275 3097 2487 3164 eligere
2515 3105 2569 3154 et
2598 3099 2874 3160 refutare,
2911 3097 2991 3150 ibi
3016 3113 3134 3151 non
3153 3098 3244 3152 vis
3269 3105 3520 3162 naturae,
3558 3101 3676 3153 sed
3705 3101 3952 3155 libertas

2271 3171 2616 3238 intelligitur
2645 3167 2976 3224 voluntatis.
3009 3167 3193 3223 Plena
3222 3173 3366 3240 sunt
3393 3169 3718 3240 utriusque
3749 3175 3950 3228 Testa-

2275 3243 2456 3315 menti
2490 3241 2798 3296 volumina
2841 3239 3260 3315 hujuscemodi
3295 3239 3678 3315 testimoniis,
3723 3245 3954 3315 quibus

2274 3321 2396 3368 tam
2424 3313 2652 3368 bonum
2667 3326 2869 3375 omne,
2894 3327 3078 3381 quam
3095 3311 3346 3374 malum,
3361 3311 3784 3368 voluntarium
3801 3333 3952 3371 sem-

2274 3401 2380 3456 per
2406 3399 2529 3438 esse
2555 3381 2863 3456 scribitur:
2893 3397 3028 3452 quise
3053 3396 3162 3436 nos
3193 3381 3378 3456 modo
3409 3382 3732 3440 brevitatis
3767 3403 3954 3442 causa

2275 3453 2642 3519 omittimus;
2676 3453 2934 3508 maxime
2954 3469 3090 3506 cum
3123 3453 3384 3508 sciamus
3415 3459 3466 3508 te
3483 3471 3682 3511 sacrae
3709 3456 3950 3514 lectioni

2281 3527 2546 3582 deditam
2579 3524 2652 3578 de
2682 3526 2816 3596 ipso
2845 3524 3088 3578 uberius
3118 3523 3276 3579 fonte
3308 3529 3536 3596 potare.

2352 3596 2576 3654 CAPUT
2591 3597 2726 3650 Vlll.
2757 3627 2822 3635 —
2847 3598 3046 3667 Neque
3068 3596 3954 3654 veronositadefendimusna-

2281 3675 2426 3742 turni
2457 3668 2707 3732 bonum,
2743 3665 2966 3742 uteaui
2993 3665 3286 3742 dicamus
3335 3667 3562 3742 malum
3597 3683 3730 3724 non
3777 3687 3950 3742 posse

2281 3739 2495 3802 facere,
2529 3755 2714 3810 quam
2746 3738 2959 3810 utique
2991 3737 3131 3792 boni
3165 3754 3234 3792 ac
3267 3738 3406 3793 mali
3437 3755 3738 3810 capacem
3769 3737 3946 3796 etiam

2282 3808 2764 3882 profitem'ur;sed
2779 3809 2982 3882 ahhac
2999 3825 3128 3882 eam
3147 3813 3373 3882 tantum
3385 3808 3564 3882 modo
3577 3811 3668 3880 inj
3681 3813 3820 3868 uria
3835 3815 3956 3867 viu-

2282 3880 2669 3956 dicamusme
2684 3881 2980 3956 ejus_vitio
3009 3880 3084 3956 ad
3103 3881 3329 3956 malum
3359 3881 3686 3956 videamur
3709 3885 3956 3956 impelli,

2282 3955 2383 4024 qui
2411 3969 2519 4008 nec
2543 3953 2771 4006 bonum
2792 3952 2919 4006 sine
2942 3951 3241 4006 voluntate
3263 3951 3672 4008 faciamusvel
3703 3951 3954 4018 malum,

2283 4023 2336 4079 et
2351 4024 2573 4096 quibus
2587 4024 2840 4081 liberum
2857 4029 2946 4076 est
2961 4039 3144 4076 unum
3163 4039 3473 4097 semperex
3487 4023 3742 4097 duobus
3759 4043 3954 4097 agerc,

2283 4095 2419 4150 cum
2454 4111 2692 4166 semper
2724 4100 3055 4166 utrumque
3079 4095 3400 4166 possimus.
3438 4096 3602 4150 Unde
3649 4095 3831 4154 enim
3867 4100 3956 4154 alii

2279 4165 2602 4238 judicaturi
2627 4173 2784 4231 sunt,
2814 4165 3240 4238 aliijudicandi
3269 4181 3281 4230 ;
3307 4165 3420 4220 nisi
3447 4168 3614 4238 quod
3648 4169 3712 4224 in
3741 4171 3954 4226 eadem

2282 4236 2496 4294 natura
2528 4239 2737 4308 dispar
2777 4236 3054 4308 voluntas
3103 4241 3234 4308 est,
3260 4241 3310 4290 et
3361 4236 3528 4308 quia,
3562 4255 3710 4294 cum
3744 4257 3958 4298 omnes

2283 4309 2442 4382 idem
2484 4309 2809 4382 possimus,
2859 4307 3466 4382 diversafaciamus?
3499 4313 3716 4382 itaque
3751 4323 3816 4368 ut
3851 4313 3958 4368 hoc

2280 4378 2712 4455 ipsum—clarius
2737 4379 2931 4455 lucere
2954 4378 3162 4455 possit,
3189 4378 3304 4455 alia
3331 4378 3626 4455 exempla
3645 4392 3798 4455 sunt
3829 4401 3954 4455 pro-

2279 4449 2545 4506 ferenda.
2562 4451 2750 4507 Adam
2765 4449 2838 4504 de
2853 4450 3136 4520 paradiso
3151 4449 3608 4519 ejicitur,Enoch
3623 4454 3706 4508 de
3723 4449 3954 4511 η]ηήᾶο

2279 4523 2544 4592 rapitur;
2596 4523 2654 4577 in
2703 4527 2955 4592 utroque
3007 4521 3291 4576 Dominus
3336 4521 3676 4592 libertatem
3723 4529 3952 4582 arbitrii

2279 4591 2557 4648 ostendit.
2589 4594 2829 4666 Utenim
2857 4591 3089 4666 placere
3109 4591 3518 4666 potuitillequi
3554 4595 3822 4666 deliquit
3849 4601 3952 4654 :ita

2281 4666 2472 4733 potuit
2503 4679 2748 4738 peccare
2769 4665 2905 4738 _is_te,
2941 4665 3043 4738 qui
3075 4664 3342 4738 placuit:_
3367 4664 3758 4738 nonenima
3789 4672 3950 4738 justo

2281 4738 2398 4790 Deo
2412 4734 2514 4791 aut
2535 4735 2626 4790 ille
2642 4734 2838 4805 puniri
2860 4735 3190 4800 meruisset,
3209 4740 3310 4790 aut
3329 4735 3424 4790 hic
3454 4735 3615 4805 eligi,
3651 4739 3774 4793 nisi
3789 4734 3950 4796 liter-

2278 4823 2396 4878 que
2428 4813 2748 4878 utrumque
2765 4807 3077 4878 potuisset.
3097 4808 3212 4861 Hoc
3243 4808 3316 4861 de
3331 4807 3468 4861 Cain
3496 4815 3556 4863 et
3589 4809 3746 4864 Abel
3767 4811 3952 4866 fratri-

2279 4877 2412 4952 bus,
2431 4879 2540 4933 hoc
2555 4877 2730 4932 etiam
2747 4877 2818 4952 de
2835 4877 3058 4952 Iacobo
3086 4882 3139 4952 e_t
3165 4880 3314 4934 Esau
3331 4878 3584 4952 geminis
3611 4883 3948 4952 intelligen-

2277 4949 2420 5004 dum
2455 4953 2558 5010 est,
2595 4965 2665 5004 ac
2697 4948 3006 5003 sciendum
3044 4949 3236 5003 solam
3276 4949 3652 5006 voluntatem
3693 4948 3946 5010 causam

2277 5036 2428 5084 esse,
2464 5021 2629 5092 quod
2678 5020 2737 5074 in
2789 5023 3005 5092 natura
3030 5019 3498 5092 reademmerita
3530 5022 3784 5079 diversa
3819 5027 3944 5080 sinL

2277 5091 2640 5166 Exstinctum
2660 5091 3074 5166 _pecca_tis_suis
3097 5091 3325 5166 diluvio
3347 5093 3652 5166 mundum
3683 5098 3810 5152 Noe
3829 5099 3946 5166 jus-

2275 5169 2371 5218 tus
2397 5163 2718 5232 redarguit,
2753 5167 2808 5216 et
2826 5161 3224 5217 Sodomorum
3245 5164 3498 5218 crimina
3517 5164 3628 5220 Lot
3659 5161 3944 5224 sanctitas

2271 5233 2580 5306 judicavit.
2621 5237 2734 5290 Nec
2779 5233 2922 5306 illud
2964 5237 3052 5288 est
3091 5249 3346 5302 parvum
3380 5245 3836 5306 argumentum
3877 5241 3944 5295 ad

2275 5303 2653 5376 probandum
2669 5311 2894 5359 naturae
2907 5303 3158 5377 bonum,
3179 5307 3340 5376 quod
3357 5305 3436 5360 illi
3463 5303 3650 5377 primi
3669 5307 3944 5366 homines

2274 5375 2380 5446 per
2395 5383 2478 5431 tot
2503 5393 2797 5431 annorum
2817 5375 3013 5442 spatia
3033 5375 3263 5446 absque
3289 5377 3406 5432 ulla
3423 5375 3852 5437 admonitione
3871 5383 3942 5436 le-

2275 5448 2361 5517 gis
2375 5447 2631 5514 fuerunt;
2647 5463 2764 5520 non
2785 5447 2983 5520 utique
2997 5448 3158 5520 quod
3178 5449 3295 5503 Deo
3309 5449 3644 5520 aliquando
3661 5459 3942 5508 creatum

2276 5535 2398 5573 suae
2415 5536 2556 5574 cura
2577 5535 2694 5574 non
2713 5517 3018 5580 fuerit,sed
3036 5517 3174 5590 quia
3195 5517 3452 5574 setalem
3485 5522 3722 5578 sciebat
3755 5525 3942 5580 homi-

2272 5607 2420 5645 num
2465 5591 2676 5645 fecisse
2709 5595 3011 5656 naturam,
3035 5595 3098 5644 ut
3129 5590 3214 5644 eis
3244 5606 3354 5661 pro
3393 5591 3522 5660 lege
3551 5594 3630 5648 ad
3667 5611 3940 5652 exercen-

2272 5661 2714 5734 diamjustitiam
2735 5661 3320 5734 sufﬁceret.Denique
3333 5664 3632 5734 quamdiu
3653 5669 3942 5722 recentio-

2272 5733 2354 5790 ris
2381 5734 2580 5790 adhuc
2603 5738 2831 5791 naturae
2863 5749 3007 5790 usus
3037 5733 3243 5804 viguit,
3273 5749 3386 5790 nec
3402 5733 3700 5796 humanae
3731 5741 3944 5799 rationi
