4138 6172
525 165 656 227 llll

523 294 646 352 vitii
661 293 903 348 servus?
921 293 983 346 Et
997 290 1216 346 idcirco
1227 289 1515 360 adiungit,
1537 287 1787 345 Utsimus
1805 289 2158 344 immacutaii.

523 366 726 438 Neque
755 367 912 438 enim
932 363 1208 438 convenit
1229 361 1286 438 in
1307 361 1439 416 tiliis
1469 363 1562 438 Dei
1589 363 1752 438 (quia
1771 362 1898 438 ipse
1919 368 2008 416 est
2033 361 2166 438 fons

520 432 806 508 jusiiiiae),
823 435 1042 504 peccati
1061 432 1358 508 maculam
1377 433 1634 508 reperiri.
1659 433 1723 486 In
1747 433 1914 508 medio
1935 433 2170 508 nationis

525 505 708 579 praeaj
739 515 784 560 et
807 521 1091 576 perversaa.
1131 505 1250 558 IIoc
1280 509 1366 558 est
1391 505 1607 579 dicere,
1629 507 1915 579 Quamvis
1943 505 2172 579 infinita

527 575 628 634 vos
658 577 859 644 cingat
885 579 1258 644 peccantium
1285 575 1622 638 multitudo,
1647 583 1700 629 et
1723 577 2035 630 innumera
2059 575 2174 628 sint

527 651 802 718 exempla
819 649 1124 710 Vitiorum;
1145 663 1244 699 vos
1275 653 1470 718 tamen
1487 649 1568 702 ita
1585 647 1838 701 ctelestis
1853 648 2172 702 nativitatis

523 735 825 775 memores
855 733 982 772 esse
995 719 1244 781 debetis,
1263 723 1322 772 ut
1337 717 1486 772 inter
1511 719 1698 772 malos
1723 719 1982 772 viventes
1996 733 2174 772 omne

531 791 758 846 malum
785 789 1052 843 vincatis.
1073 791 1226 842 Inter
1241 805 1366 858 quos
1383 789 1586 854 lucetis,
1603 791 1699 856 ait,
1715 791 1850 844 sicut
1875 789 2174 844 luminaria

527 863 588 914 in
616 861 706 914 hoc
725 860 936 914 mundo.
963 863 1022 914 Et
1049 875 1286 914 rursum
1305 861 1360 914 in
1393 861 1710 926 Evangelio
1731 861 2002 928 legimus.
2037 861 2174 914 Tune

521 933 664 1003 justi
684 932 962 1002 fulgebunt
992 931 1126 984 sicut
1151 930 1228 984 sol
1256 931 1312 984 in
1339 947 1498 1000 regno
1527 933 1716 986 Patris
1741 949 1922 1003 eorum
1951 931 2170 1000 (Matth.

529 1001 653 1066 xui,
683 1001 792 1074 43).
823 1007 1214 1074 Comparatur
1229 1004 1344 1056 vita
1371 1003 1638 1074 praemio,
1663 1009 1725 1057 ut
1754 1007 1854 1073 qui
1887 1001 1942 1056 in
1979 1003 2175 1056 futuro

532 1073 918 1143 solisfulgore
929 1073 1192 1128 donandi
1211 1089 1276 1126 su
1289 1073 1600 1144 nt,hicjam
1621 1073 2044 1144 similijustitire
2063 1073 2176 1128 cla-

530 1146 699 1200 ritate
715 1161 804 1198 res
815 1144 1104 1214 plendean
1117 1149 1212 1206 t,ct
1227 1143 1438 1216 infideli
1451 1161 1548 1198 um
1564 1143 1884 1199 ctecitatem
1899 1144 2178 1216 operibus

533 1217 864 1272 sanctitatis
879 1216 1230 1286 illuminent.
1250 1215 1388 1268 Huic
1403 1215 1532 1270 loco
1548 1215 1638 1268 ille
1655 1233 1864 1270 sensus
1879 1215 2178 1286 aptandus

533 1293 818 1358 est,quem
835 1286 910 1340 ad
927 1285 1426 1358 corinthiosidem
1441 1287 1748 1354 apostolus
1763 1285 2062 1340 disserens
2075 1287 2172 1350 ait,

531 1359 666 1412 Alia
676 1357 908 1410 claritas
927 1357 1072 1420 solis,
1087 1357 1202 1410 alia
1221 1357 1448 1410 claritas
1469 1357 1748 1418 (umentia
1761 1359 1984 1412 claritas
1995 1359 2180 1412 stella—

531 1447 656 1483 rum.
689 1447 702 1482 :
729 1429 883 1482 stella
913 1435 1090 1481 autem
1117 1445 1148 1480 a
1179 1429 1337 1482 stella
1365 1429 1562 1499 (li/fert
1595 1431 1650 1482 in
1691 1431 1940 1483 claritate
1973 1445 1994 1494 ,'
2021 1429 2098 1482 sic
2127 1435 2176 1483 et

532 1501 861 1554 resurrectio
893 1507 1226 1570 mortuorum
1259 1501 1300 1569 (Ι
1345 1499 1466 1553 Cor.
1511 1517 1607 1564 xv,
1648 1501 1736 1564 «ll,
1767 1505 1876 1566 42).
1907 1502 2178 1570 Dispares

535 1576 672 1626 sunt
691 1571 746 1625 in
765 1585 948 1638 regno
967 1569 1253 1624 caelorum
1281 1585 1382 1640 per
1400 1571 1770 1638 singulorum
1790 1573 1996 1626 merita
2013 1569 2180 1626 man-

535 1645 754 1697 siones.
793 1642 1104 1696 Diversitas
1133 1642 1290 1694 enim
1313 1657 1564 1711 operum
1597 1642 2006 1697 diversitatem
2041 1643 2180 1696 facit

534 1713 920 1784 praemiorum
951 1729 968 1780 ;
997 1715 1415 1784 quantumque,
1443 1711 1658 1784 aliquis
1681 1713 1776 1766 hic
1797 1715 1852 1768 in
1873 1715 2182 1768 sanctitate

535 1782 784 1850 fulserit,
809 1782 1130 1837 tantumibi
1149 1782 1464 1856 fulgebitin
1496 1782 1931 1856 hancreNunc
1949 1801 2088 1856 ergo
2103 1784 2182 1856 ad

535 1869 778 1910 omnem
795 1869 1028 1908 morum
1051 1852 1472 1922 perfectionem
1493 1855 1705 1908 mentis
1720 1856 1907 1910 aciem
1923 1852 2178 1918 intende,

533 1931 590 1980 et
610 1925 688 1996 ad
720 1924 954 1996 cmleste
981 1925 1296 1996 priemium
1330 1924 1629 1996 caelestem
1661 1927 1842 1980 vitam
1877 1942 2042 1996 para.
2073 1929 2182 1982 Re-

537 1995 850 2067 splendeat
863 1995 1141 2067 omnibus
1155 1993 1474 2067 clarissimi
1487 1995 1542 2050 in
1561 1997 1808 2052 modum
1824 1993 2034 2052 sideris
2051 2014 2184 2052 san-

533 2065 700 2123 ctitas
717 2065 1234 2138 virginis,etfuturi
1251 2066 1478 2138 prtemii
1495 2068 1966 2138 magnitudinem
1982 2070 2055 2123 de
2075 2085 2186 2124 no-

531 2137 1192 2194 vitateconversationis
1211 2137 1510 2192 ostendat.
1531 2137 1654 2192 Tibi
1679 2139 1972 2194 faciliorin
2005 2141 2182 2194 bonis

536 2225 746 2264 cursus
759 2213 1058 2278 est,quam
1073 2207 1370 2264 malorum
1385 2209 1568 2263 animi
1583 2211 1954 2265 consuetudo
1969 2227 2186 2265 nonre-

535 2282 698 2336 tinet.
731 2282 842 2334 Nec
863 2279 1142 2332 timemus
1167 2294 1238 2332 ne
1265 2283 1318 2332 te
1333 2295 1368 2334 a
1383 2279 1692 2334 virtutibus
1709 2282 1760 2335 vi
1773 2282 1846 2336 tia
1859 2284 2181 2349 retardent,

538 2351 862 2418 etmaligna
877 2349 1096 2404 diaboli
1113 2351 1334 2404 semina
1349 2350 1558 2406 Christi
1575 2351 1794 2420 frugem
1811 2357 2184 2410 necent.Nam

539 2423 586 2476 si
613 2422 804 2496 etiam
821 2421 924 2483 illi,
948 2423 1048 2492 qui
1069 2421 1199 2476 Ioco
1217 2422 1498 2496 peccandi
1519 2439 1630 2496 usu
1647 2423 1872 2479 bonum
1889 2427 2184 2496 quodam—

539 2493 722 2548 modo
752 2493 1004 2547 obruere
1021 2493 1620 2566 naturte,_instaurari
1653 2511 1750 2564 per
1777 2493 2182 2566 paenitentiam

537 2569 810 2636 possunt,
839 2569 914 2626 et,
951 2567 1178 2636 mutata
1207 2563 1508 2636 voluntate
1531 2563 1793 2628 vivendi,
1812 2567 2188 2621 consuetudi-

539 2633 1134 2708 nemconsuetudine
1147 2635 1618 2708 exstingi_iere,ac
1631 2637 1836 2708 Optimi
1856 2653 2098 2708 quoque
2113 2637 2186 2692 de

541 2705 819 2778 pessimis
833 2704 954 2757 ﬁeri
977 2721 990 2764 ;
1007 2709 1236 2773 quanto
1253 2705 1442 2778 magis
1457 2711 1514 2778 tu
1535 2713 1698 2774 potes
1715 2707 1810 2761 illa
1831 2704 2135 2778 superare,
2152 2725 2188 2764 a

545 2775 767 2850 quibus
799 2789 918 2850 non
953 2779 1318 2850 superataes
1349 2775 1377 2850 ?_
1403 2776 1498 2830 cui
1533 2793 1650 2830 non
1685 2785 1804 2832 tam
1837 2775 2189 2850 expellenda

547 2845 688 2902 sunt
713 2846 870 2919 vitia,
890 2861 1074 2916 quam
1101 2845 1449 2910 refellenda;
1476 2863 1608 2919 qure
1631 2849 1833 2919 utique
1861 2845 1982 2905 non
2005 2851 2190 2906 susci-

543 2933 684 2992 pere
711 2915 1080 2992 ﬁliqlwlliiépﬁt,
1126 2932 1310 2992 quam
1342 2918 1526 2974 semel
1559 2915 1834 2989 suscepta
1865 2923 2185 2992 deponere.

616 2988 841 3042 CAPUT
873 2987 1058 3042 XVIII.
1088 2987 1154 3026 -ὲ
1185 2990 1298 3042 Nec
1329 3005 1464 3042 vero
1506 3005 1710 3044 eorum
1737 2987 1905 3047 tanta
1935 2987 2190 3048 dulcedo

546 3063 652 3122 est,
684 3066 832 3113 utea
862 3059 1192 3130 debeamus
1209 3060 1988 3130 prteferrevirtutibus;cum
2009 3069 2190 3120 necin

544 3130 835 3206 omnibus
867 3131 937 3184 sit
959 3129 1374 3206 delectationis
1387 3131 1746 3206 illecebra,et
1766 3151 1800 3188 a
1815 3135 2110 3206 plerisque
2123 3152 2193 3190 ea

545 3203 724 3256 etiam
756 3217 885 3270 quae
918 3201 1190 3256 videntur
1219 3201 1584 3275 dulcissima,
1641 3201 2034 3275 respuantur.—
2069 3209 2193 3261 Duo

547 3288 814 3344 namque
843 3276 980 3344 sunt
999 3271 1378 3344 exiomnibus
1395 3274 1556 3336 vitia,
1574 3290 1702 3344 quae
1721 3271 1973 3331 maxime
2001 3277 2194 3332 homi-

544 3359 650 3400 nes
672 3343 974 3412 decipiunt
1003 3343 1090 3396 sui
1123 3343 1443 3414 voluptate,
1469 3343 1608 3410 gula
1637 3345 1856 3402 scilicet
1879 3365 1948 3401 ac
1969 3349 2192 3414 libido;

547 3431 685 3486 quae
717 3415 1013 3486 deponere
1035 3429 1105 3466 eo
1137 3413 1432 3486 difficilius
1459 3421 1569 3480 est,
1603 3433 1722 3486 quo
1745 3418 1826 3472 eis
1857 3419 1934 3472 uti
1963 3419 2196 3474 dulcius

550 3483 671 3560 est:
688 3491 744 3538 et
773 3491 972 3560 tamen
1003 3483 1290 3560 limavitia
1307 3489 1428 3560 tam
1447 3483 1714 3560 molesta,
1733 3493 1976 3560 tamque
1998 3491 2197 3546 delec-

549 3557 774 3612 tatione
807 3556 898 3609 sui
933 3555 1286 3624 periculosa,
1323 3557 1434 3611 ista
1459 3573 1494 3612 a
1528 3559 1726 3612 multis
1779 3555 1993 3616 calcari
2047 3563 2198 3616 vidi-

551 3643 708 3686 mus,
733 3632 790 3680 ut
809 3631 930 3698 tota
951 3629 1120 3698 letale
1137 3627 1390 3690 virgines
1417 3631 1844 3698 permanserint
1871 3632 1926 3686 in
1958 3650 2198 3688 summa

552 3697 940 3772 abstinentia;
961 3702 1021 3750 ut
1049 3697 1256 3772 deillis
1287 3697 1680 3770 taceam,q1ue
1699 3701 2194 3772 postdeliciarum

549 3770 798 3836 longum
829 3767 1058 3832 luxum,
1087 3771 1142 3822 et
1173 3767 1754 3826 inveteratum—usuin
1780 3773 2198 3840 libidinis,cas-

549 3841 696 3916 titati
719 3857 788 3894 ac
823 3840 1226 3916 temperantiae
1255 3857 1314 3894 se
1345 3841 1636 3906 dederint,
1671 3849 1726 3916 et
1757 3849 2075 3916 utrumque
2115 3847 2194 3902 vi-

549 3913 700 3968 tium
720 3909 1018 3966 contraria
1035 3909 1146 3964 sibi
1165 3911 1372 3966 virtute
1388 3915 1768 3968 mutaverint.
1784 3909 2046 3972 Aliorum
2063 3935 2196 3974 vero

549 3983 828 4056 vitiorum
852 3989 938 4036 est
966 3981 1144 4056 longe
1165 3981 1404 4038 diversa
1433 3987 1600 4056 ratio,
1619 4003 1902 4056 qmecum
1929 3988 2072 4042 nihil
2095 3989 2194 4044 ha-

551 4053 726 4108 beant
749 4053 1162 4123 jucunditatis,
1197 4059 1316 4108 tam
1351 4055 1604 4110 multum
1637 4053 2050 4112 amaritudinis
2097 4060 2197 4115 ha-

551 4124 692 4178 bent
717 4140 730 4188 ;
751 4139 1006 4196 quasque
1019 4139 1154 4196 cum
1173 4125 1246 4177 ad
1265 4125 1570 4196 vitandum
1587 4127 1771 4182 multo
1787 4129 1898 4182 sint
1912 4129 2194 4196 faciliora,

549 4209 688 4249 raro
715 4193 980 4264 aquibus
1009 4193 1874 4262 vitentnrinvenias.Quid,oro
1889 4204 1963 4262 te,
1993 4193 2198 4256 invido

551 4263 956 4344 delectationis
987 4269 1228 4344 praestat
1281 4264 1560 4344 invidia“;
1589 4284 1768 4344 quem
1803 4272 2040 4344 secretis
2071 4273 2198 4344 qui-

551 4335 804 4410 busdam
833 4334 1211 4410 conscientiae
1237 4337 1469 4402 ungulis
1504 4334 1650 4394 livor
1685 4341 1806 4410 ipse
1840 4334 2119 4410 decerpit',
2145 4349 2200 4398 et

551 4407 810 4482 alienam
873 4407 1206 4482 felicitatem
1259 4411 1612 4482 tormentum
1652 4407 1784 4482 ejus
1829 4407 2198 4478 facit?'0uid

550 4495 692 4552 vero
719 4480 864 4534 alter
889 4477 967 4552 ab
989 4477 1128 4532 odio
1151 4481 1442 4552 mercedis
1474 4477 1706 4552 accipit,
1740 4484 1850 4537 nisi
1881 4477 2196 4540 horribiles

553 4551 769 4626 animae
802 4549 1167 4626 tenebras,et
1197 4550 1460 4606 confusae
1491 4549 1701 4607 mentis
1733 4555 2060 4620 horrorem,
2093 4559 2194 4626 qui

551 4621 716 4696 vultu
743 4636 978 4690 semper
1003 4621 1326 4696 animoque
1360 4629 1663 4696 mcerente.
1715 4631 1854 4680 voto
1885 4643 2006 4696 quo
2033 4621 2194 4683 altari

549 4691 676 4746 vult
709 4707 942 4754 nocere,
962 4691 1668 4760 seipsum’cruciat?0uid
1683 4703 1878 4752 autem
1906 4691 2194 4752 iracundo

551 4761 715 4836 furor
735 4779 886 4836 suus
913 4761 1157 4836 confert,
1191 4775 1389 4836 quem
1429 4765 1768 4820 srevissimis
1827 4771 2192 4836 exagitatam

551 4832 803 4889 stimulis
831 4832 1310 4888 conscientiteita
1336 4833 1414 4888 al)
1437 4837 1598 4890 omni
1629 4839 1878 4892 consilio
1905 4832 1974 4892 ac
1999 4847 2194 4895 mente

551 4905 849 4968 deturbat,
883 4909 960 4964 ut,
1001 4903 1146 4958 dum
1173 4905 1465 4968 irascitur,
1499 4907 2084 4964 insanirecredalur?
2117 4913 2168 4967 Si

547 4977 764 5032 militer
811 4991 980 5030 curre
1011 4991 1116 5046 per
1141 4975 1392 5044 singula,
1423 4977 1684 5032 invenies
1715 4983 1798 5034 tot
1830 4983 2044 5037 anima:
2078 4989 2195 5037 tor-

549 5053 774 5110 menta,
795 5045 1144 5120 quot__vitia_:
1165 5047 1612 5120 qiueutiqneeo
1647 5049 1874 5104 facilius
1897 5053 2044 5106 vinci
2063 5070 2194 5120 pos-

545 5117 840 5187 sunt,quo
865 5117 1286 5173 nullailliciunt
1313 5117 1766 5184 nos-voluptate.
1797 5123 2029 5186 Quanto
2048 5117 2192 5180 illud

545 5190 869 5252 difficilius,
929 5194 1157 5260 quanto
1190 5191 1416 5254 durius,
1481 5195 1541 5244 ut
1567 5192 1639 5246 de
1671 5195 1956 5248 castitatis
1987 5195 2193 5251 labore

543 5269 803 5338 taceam,
828 5262 1173 5338 abstinerea
1195 5261 1332 5338 vino
1363 5261 1786 5338 carnibusqne,
1805 5265 2191 5338 ipsoiquoque

543 5335 728 5390 etiam
751 5333 904 5394 oleo,
934 5338 990 5388 et
1021 5331 1194 5386 vilem
1225 5333 1350 5386 sine
1389 5331 1484 5388 his
1543 5331 1742 5390 cibum
1776 5331 1907 5404 post
1937 5331 2190 5393 biduum

541 5405 1247 5478 interdumtriduumque
1274 5405 1396 5478 _vix
1445 5420 1680 5478 capere,
1741 5405 1926 5462 fracta
1963 5409 2190 5478 jejunio

541 5475 833 5546 membra
857 5471 1210 5546 vigiliisque,
1267 5471 1534 5530 fomenta
1559 5476 1754 5532 balnei
1785 5471 2184 5546 contemnere,

541 5545 910 5622 necessarias
941 5561 1060 5622 res_
1075 5545 1291 5622 negare
1318 5547 1572 5622 corpori,
1617 5555 1670 5603 et
1705 5550 1822 5622 vim
1851 5545 2188 5622 quamdam

540 5613 755 5668 inferre
783 5621 1008 5696 natura;
1035 5613 1510 5696 ?_Da'tantarn'in
1557 5621 1784 5696 creteris
1820 5613 2188 5696 magnitudi-

537 5699 680 5742 nem
709 5689 916 5751 animi,
949 5692 1005 5742 et
1033 5689 1162 5744 vide
1193 5689 1338 5760 quid
1379 5706 1498 5746 non
1549 5691 1744 5762 possis
1777 5689 2032 5752 efticere.
2071 5695 2182 5754 Sed

2037 163 2429 220 APPENDIX.

3813 157 3942 216 Ill-2

2281 304 2414 368 nos,
2443 287 2594 368 proh
2615 285 2838 368 pudor!
2855 285 3017 368 quad
3023 303 3122 342 am
3137 285 3524 368 delectatione
3537 287 3946 368 peccati,_cum

2283 362 2344 414 in
2367 359 2737 432 quibusdam
2785 359 3164 432 ostendimus
3190 361 3520 432 quamdam
3551 361 3948 432 vim_nat_ur:e

2285 429 2526 494 nostris,
2557 431 2612 484 in
2647 431 2778 484 aliis
2807 429 3490 500 omninotorpescimus;
3521 430 3698 501 etqui
3727 429 3948 498 volup-

2287 509 2438 558 tates
2461 503 3020 572 corpnrisvirtutum
3045 517 3250 556 amore
3281 503 3780 571 contempsimus,
3807 517 3944 554 rur-

2289 591 2424 628 sum
2457 591 2660 628 amore
2691 575 2966 628 vitiorum
2997 579 3288 628 tormenta
3339 575 3728 642 suscipimus,
3763 581 3946 642 atque

2289 649 2370 700 ita
2403 645 2575 699 malis
2609 647 2824 698 nostris
2857 645 3148 714 cedimus,
3183 651 3322 699 utea
3351 661 3456 698 nec
3473 653 3948 714 puteinusposse

2288 717 2526 788 deponi.
2547 716 2714 788 Quod
2741 716 2874 788 hoc,
2891 731 3118 788 quaeso,
3133 715 3446 788 consilium
3461 715 3544 788 ‘PQ
3557 731 3791 788 uacuam
3825 715 3948 768 haec

2289 785 2448 843 nova
2463 787 2694 841 vivendi
2711 787 2860 840 ratio
2875 785 2994 842 est?
3009 789 3116 841 Res
3129 787 3482 852 dif!iciles,et
3495 787 3722 840 laboris
3735 785 3948 856 plenas

2290 875 2534 914 securus
2551 859 2885 928 aggredior,
2901 865 2957 912 et
2971 858 3234 930 faciliora
3255 873 3374 912 non
3391 874 3566 930 posse
3581 858 3706 930 ﬁeri
3731 857 3910 911 credo
3929 873 3942 916 ;

2293 931 2460 984 vinco
2493 931 2777 994 maxima,
2813 929 3141 984 vincendus
3173 947 3210 986 a
3237 928 3438 999 parvis
3465 949 3478 992 ;
3503 928 3742 983 excelsa
3775 933 3836 981 et
3865 943 3948 980 ar-

2290 1001 2410 1056 dua
2429 1001 2762 1054 indefessus
2791 1015 3106 1071 exsupero,
3135 1007 3190 1055 et
3219 1016 3356 1054 cum
3377 1001 3608 1055 venitur
3629 999 3710 1054 ad
3745 999 3946 1069 plana,

2289 1072 2504 1128 delicio
2537 1071 2820 1136 ;libenter
2849 1071 3186 1143 fugioquod
3213 1071 3484 1136 delectat,
3503 1079 3558 1125 et
3591 1071 3732 1126 nolo
3761 1071 3948 1143 vitare

2289 1143 2454 1214 quod
2487 1144 2736 1198 cruciat.
2781 1145 2992 1196 Verum
3025 1141 3152 1198 haec
3191 1159 3400 1198 eorum
3455 1149 3616 1210 sunt,
3677 1141 3805 1266 qui,
3847 1141 3946 1194 Dei

2291 1213 2594 1266 voluntate
2613 1219 2976 1266 conti-muta.
2997 1213 3054 1266 id
3083 1215 3272 1266 solum
3291 1221 3500 1266 petunt
3519 1213 3686 1266 uuod
3727 1212 3946 1266 audam

2291 1212 2594 1268 voluntate
2613 1219 2976 1282 contempta.
2997 1213 3054 1267 id
3083 1215 3272 1268 solum
3291 1221 3500 1282 petunt
3519 1213 3686 1284 quod
3703 1212 3948 1268 Iaudem

2291 1285 2522 1340 facilius
2545 1285 2792 1348 invenit,
2825 1289 2882 1338 et
2907 1286 3020 1339 cito
3037 1285 3224 1339 exitin
3249 1285 3508 1349 famam;
3537 1301 3778 1338 morum
3807 1299 3950 1337 vero

2273 1357 2475 1422 bona,
2499 1372 2633 1426 quae
2667 1357 2984 1411 secretiora
3005 1363 3162 1418 sunt,
3185 1356 3510 1424 negligant.
3537 1359 3621 1410 Tu
3645 1371 3786 1409 vero
3813 1369 3952 1426 quae

2293 1425 2536 1482 calcasti
2571 1429 2864 1482 mundum
2899 1433 2954 1482 et
2985 1428 3503 1494 concupiscentias
3533 1427 3684 1496 ejus,
3722 1431 3784 1480 ut
3833 1425 3956 1496 cale

2294 1503 2428 1554 cato
2491 1513 2560 1551 eo
2593 1497 2846 1562 gradum
2906 1499 3005 1552 tibi
3038 1499 3392 1568 quemdam
3449 1495 3818 1553 ascendendi
3877 1495 3954 1568 ad

2295 1569 2512 1624 emtum
2545 1569 2794 1631 facnres,
2839 1567 3046 1624 mundi
3079 1567 3328 1636 gloriam
3385 1585 3458 1624 ne
3491 1569 3762 1640 requiras
3799 1583 3815 1640 ;
3844 1567 3952 1640 illi

2297 1647 2524 1696 tantum
2555 1641 2780 1710 placere
2813 1641 3002 1704 stude,
3039 1641 3130 1694 cui
3163 1657 3322 1710 srepe
3343 1639 3620 1711 displicet
3649 1639 3814 1710 quod
3841 1639 3954 1694 bo-

2297 1711 2558 1766 minibus
2591 1712 2800 1781 placet,
2833 1717 2886 1764 et
2916 1713 3016 1782 qui
3047 1711 3178 1780 ipsa
3205 1711 3518 1766 hominum
3539 1711 3770 1782 judicia
3791 1711 3956 1782 judi-

2295 1789 2538 1838 caturus
2567 1788 2683 1836 est.
2719 1781 3090 1836 Abstinentia
3111 1787 3212 1837 tua
3241 1787 3298 1837 et
3321 1781 3622 1852 jejunium
3651 1797 3722 1836 eo
3755 1781 3954 1852 magis

2297 1855 2416 1908 Deo
2443 1859 2610 1925 grata
2641 1859 2800 1916 sunt,
2821 1869 2942 1925 quo
2971 1869 3108 1908 cum
3143 1851 3362 1908 sanctis
3383 1851 3670 1925 moribus
3693 1851 3956 1906 offerun-

2297 1931 2390 1980 tur
2425 1924 2686 1995 ;’utquae
2719 1925 2776 1978 in
2807 1924 2934 1978 aliis
2983 1929 3122 1979 sunt
3155 1925 3505 1980 umbracula
3531 1924 3844 1987 vitiorum,
3889 1925 3948 1977 in

2297 2002 2350 2052 te
2377 1996 2493 2049 sint
2525 2001 2878 2050 ornamenta
2907 1995 3218 2052 virtutum.

2367 2067 2594 2120 CAPUT
2621 2069 2748 2121 XIX.
2779 2097 2844 2105 —
2869 2066 3134 2137 Respice,
3163 2067 3438 2130 obsecro,
3469 2067 3548 2121 ad
3573 2065 3798 2136 ipsam,
3831 2079 3956 2137 qua

2297 2137 2456 2208 apud
2481 2138 2666 2191 Deum
2687 2135 3726 2207 illustrala'es,dignitatem,quaper
3753 2135 3956 2205 Bapti-

2298 2207 2498 2262 smum
2519 2208 2574 2262 in
2599 2209 2692 2263 Dei
2715 2207 2896 2280 tiliam
2921 2217 3122 2264 renata
3143 2225 3222 2276 es,
3245 2225 3604 2280 rursumque
3627 2223 3734 2278 per
3749 2223 3960 2280 conse-

2297 2280 2620 2334 crationem
2657 2279 3010 2346 virginitatis
3051 2295 3274 2350 sponsa
3297 2277 3660 2334 Christi'esse
3697 2277 3954 2348 C(Bpisli.

2299 2350 2376 2404 Ex
2407 2357 2659 2420 utroque
2689 2351 2782 2404 hic
2811 2355 2949 2404 tuus
2983 2349 3176 2406 honor
3207 2357 3260 2404 te
3289 2351 3364 2404 ad
3389 2351 3854 2405 sollicitudinem
3879 2349 3956 2402 tui

2296 2423 2580 2492 propositi
2596 2421 3214 2476 ad:noneat.Atnullus
3229 2422 3636 2476 debetesseibi
3655 2422 3960 2490 negligen-

2299 2493 2388 2546 tiae
2409 2493 2593 2556 locus,
2611 2492 2708 2545 ubi
2731 2497 2782 2546 ι..
2795 2509 2850 2546 ιι]
2869 2493 3036 2562 princ]
3049 2510 3148 2548 ara
3161 2494 3459 2548 servanda
3475 2509 3586 2547 sun
3597 2493 3960 2548 LPretiosior

2297 2579 2552 2634 quaeque
2569 2564 2744 2616 vestis
2759 2564 3084 2630 diligendis
3105 2565 3391 2619 timidiore
3409 2565 3742 2620 custoditur
3769 2580 3806 2617 a
3831 2579 3960 2616 ina-

2298 2635 2430 2688 cula
2463 2651 2475 2699 ;
2511 2635 2695 2706 multo
2727 2636 2976 2704 quiesita
2999 2653 3144 2690 auro
3163 2652 3402 2700 gemma
3427 2637 3638 2706 majori
3673 2635 3958 2688 sollicitu-

2299 2706 2435 2759 dine
2465 2705 2843 2775 possidetur:
2867 2713 2920 2760 et
2947 2707 3296 2770 generaliter
3311 2707 3524 2776 grandi
3547 2723 3696 2761 cura
3729 2722 3958 2760 magna

2299 2793 2474 2902 gumq
2487 2793 2555 2830 ue
2569 2785 2895 2830 servantur.
2917 2779 3077 2832 Unde
3091 2785 3145 2833 et
3171 2779 3291 2833 tusi
3313 2787 3365 2832 te
3383 2780 3576 2848 ipsam
3593 2778 3746 2832 bene
3759 2783 3960 2830 custo-

2345 2848 3116 2902 irecunisalebeshonorem
3131 2854 3146 2902 t
3161 2867 3302 2902 unm
3323 2866 3558 2902 semper
3575 2851 3960 2902 nretiumuue

2345 2848 3116 2920 ireciiiusﬂebeshonorem
3131 2854 3146 2904 t
3161 2867 3302 2904 unm
3323 2866 3558 2920 semper
3575 2851 3964 2920 pretiumque

2301 2919 2580 2992 cogitare.
2612 2920 2797 2974 'I‘anto
2829 2921 2984 2992 enim
3015 2937 3076 2974 se
3111 2921 3526 2992 unusquisque
3549 2919 3962 2986 negligentius

2302 2991 2733 3059 utitur,quantn
2755 3008 2814 3044 se
2829 2991 3126 3046 existimat
3145 2991 3445 3046 viliorem.’
3461 2995 3586 3046 Non
3605 2992 3688 3046 ob
3709 3007 3964 3046 causam

2302 3060 2488 3134 aliain,
2513 3063 2888 3134 magisnobis
2903 3063 2958 3116 in
2974 3063 3290 3134 Scripturis
3303 3063 3520 3118 divinis
3541 3071 3664 3118 tam
3685 3063 3968 3134 frequen:

2303 3137 2387 3204 ter
2413 3132 2668 3186 filiorum
2705 3133 2798 3187 Dei
2849 3149 3070 3190 nomen
3109 3132 3472 3204 imponitur,
3515 3141 3580 3188 ut
3615 3133 3760 3188 illud
3793 3132 3964 3202 quod

2303 3203 2517 3256 dicitur
2550 3219 2651 3271 per
2679 3205 3053 3274 prophetam,
3071 3205 3142 3260 Et
3173 3203 3260 3274 ego
3288 3223 3378 3259 ero
3401 3205 3545 3260 vobis
3571 3207 3632 3258 in
3657 3213 3896 3273 patrem,
3917 3211 3968 3258 et

2303 3291 2392 3327 vos
2429 3275 2588 3326 eritis
2617 3275 2754 3326 mihi
2775 3277 2832 3328 in
2861 3276 3020 3346 ﬁlios,
3053 3277 3190 3332 dicit
3203 3277 3464 3330 Dominus
3487 3279 3826 3346 omnipotens
3859 3276 3970 3342 (Je-

2305 3361 2437 3398 re-m.
2469 3361 2626 3404 xxxn.
2657 3349 2710 3404 9,
2735 3355 2782 3399 et
2811 3348 2850 3400 Il
2882 3347 3010 3402 Cor.
3045 3365 3120 3411 vn,
3159 3349 3264 3414 18).
3301 3351 3366 3402 Et
3403 3347 3746 3416 Apostolus,
3773 3348 3966 3401 Estote

2309 3417 2608 3488 imitatores
2642 3418 2759 3480 Dei,
2792 3419 2933 3472 sicut
2957 3419 3067 3488 ﬁlii
3095 3419 3406 3472 charissimi
3425 3419 3640 3488 (Ephes.
3697 3435 3754 3480 v,
3799 3421 3871 3480 l).
3907 3421 3970 3471 Et

2305 3487 2516 3542 beatus
2548 3489 2810 3560 Joannes
2841 3489 3052 3560 inquit,
3087 3490 3415 3546 Charissimi
3441 3487 3846 3558 nuucﬁliiDei
3875 3505 3966 3542 su-

2307 3575 2442 3622 mus,
2471 3566 2518 3612 et
2543 3559 2772 3612 nomium
2789 3559 3049 3630 apparuit
3071 3561 3208 3631 quid
3219 3562 3438 3616 erimus.
3459 3561 3674 3616 Scimus
3701 3562 3964 3630 quoniam

2305 3647 2422 3683 cum
2447 3631 2788 3699 apparuerit.
2809 3633 3011 3686 similes
3030 3633 3081 3686 ei
3109 3635 3311 3687 erimus
3335 3655 3355 3700 ,-
3387 3633 3640 3702 quoniam
3661 3632 3968 3684 videbimus

2307 3717 2422 3774 eum
2451 3701 2614 3754 sicuti
2639 3709 2712 3754 est
2732 3703 2780 3774 7(l
2811 3703 3114 3772 Joan.iu.‘2)
3151 3721 3162 3758 :
3202 3703 3372 3774 utqui
3394 3701 3586 3758 habet
3611 3705 3766 3758 hanc
3785 3719 3964 3774 spem

2307 3773 2364 3826 in
2395 3787 2485 3834 eo,
2516 3773 2842 3828 sanctiﬁcet
2865 3791 2948 3838 se,
2979 3774 3130 3828 sicut
3157 3783 3208 3830 et
3247 3773 3338 3830 ille
3367 3781 3612 3830 sanctus
3645 3781 3764 3829 est.
3831 3773 3968 3826 Vult

2306 3843 2480 3898 nobis
2499 3843 2791 3916 doctrina:
2821 3845 3072 3916 cmlestis
3096 3845 3444 3912 dignitatem
3471 3861 3597 3916 qua
3621 3845 3838 3899 donati
3871 3861 3964 3898 su-

2309 3931 2464 3972 mus.
2491 3913 2828 3986 frequenter
2849 3913 3510 3984 ingerere,ethonoreui
3531 3923 3810 3971 nostrum
3837 3931 3968 3986 pec-

2307 3985 2482 4040 candi
2515 3985 2805 4056 pudorem
2823 3987 3032 4042 facere.
3061 3989 3408 4042 Undeetiam
3435 3985 3878 4056 Dominusipse
3893 3987 3970 4040 ad

2307 4057 2630 4126 perfectam
2689 4073 2798 4112 1105
2847 4058 3273 4122 benignitatem
3333 4075 3554 4114 vocans
3587 4061 3694 4114 ait:
3729 4059 3970 4128 Diligite

2309 4127 2558 4181 inimicos
2582 4135 2796 4200 vestros,
2823 4129 3112 4199 benefacite
3145 4131 3213 4184 iis
3233 4131 3328 4200 qui
3350 4131 3580 4184 oderunt
3595 4147 3700 4194 eos,
3736 4137 3788 4182 et
3813 4137 3968 4183 orate

2305 4215 2407 4268 pro
2429 4199 2854 4268 persequentibus
2880 4209 2928 4254 et
2957 4199 3415 4255 calumniantibus
3447 4219 3534 4256 eos
3555 4223 3576 4270 ,-
3601 4209 3660 4255 ut
3691 4202 3826 4254 sitis
3855 4199 3972 4270 ﬁlii

2307 4271 2496 4352 Patris
2525 4271 2710 4352 vestri,
2734 4271 2914 4352 quiin
2945 4272 3202 4352 calisest.
3233 4275 3356 4352 Non
3381 4279 3464 4352 est
3495 4273 3656 4327 enim
3679 4273 3968 4352 quod-sic

2309 4341 2584 4394 homines
2607 4345 2721 4395 Deo
2740 4341 2917 4397 faciat
2938 4343 3244 4406 amabiles,
3267 4347 3324 4398 ut
3339 4345 3527 4413 pietas
3543 4341 3762 4398 mentis
3783 4350 3846 4398 et
3863 4343 3968 4398 bo-

2307 4413 2460 4466 nitas
2503 4428 2514 4470 :
2540 4428 2673 4483 qum
2699 4417 2858 4467 tanta
2887 4415 2940 4467 in
2967 4413 3286 4470 christiano
3307 4431 3438 4470 esse
3469 4415 3666 4474 debet,
3701 4420 3764 4470 ut
3783 4415 3962 4468 etiam

2307 4483 2364 4536 in
2403 4483 2572 4538 malis
2592 4483 2873 4548 abundet,
2907 4485 3126 4554 Deique
3159 4486 3418 4540 imitetur
3449 4485 3962 4542 benevolentiam.

2307 4554 2424 4627 qui
2441 4554 2628 4608 solem
2648 4571 2824 4627 suum
2848 4555 2985 4610 oriri
3012 4557 3144 4611 facit
3177 4573 3354 4627 super
3375 4555 3564 4612 bonos
3585 4564 3640 4612 et
3665 4557 3890 4614 malos.
3915 4563 3966 4610 et

2307 4625 2454 4698 pluit
2486 4626 2876 4698 superjustos
2902 4633 2956 4680 et
2981 4627 3234 4692 iniustos
3255 4625 3476 4698 (Matth.
3500 4645 3555 4692 v,
3581 4629 3670 4692 44,
3709 4632 3826 4694 45).
3851 4629 3964 4682 Hoc

2307 4695 2508 4766 itaque
2547 4696 2631 4750 vel
2671 4695 2728 4750 in
2763 4699 2970 4768 primis
3001 4699 3176 4762 absit,
3209 4695 3273 4754 ut
3301 4700 3522 4754 nemini
3559 4699 3648 4754 vel
3683 4701 3746 4754 in
3779 4699 3964 4753 verbo

2304 4769 2482 4842 etiam
2515 4783 2752 4842 noceas,
2773 4769 2902 4822 utin
2929 4769 3209 4824 omnibus
3230 4769 3724 4842 quibuscumque
3739 4772 3962 4840 poteris

2305 4839 2520 4912 prodes
2539 4854 2600 4892 se
2617 4841 3046 4912 studeas.et,ne
3061 4839 3503 4912 vicem'quidem
3521 4839 3662 4896 mali
3681 4839 3964 4900 reddens,

2303 4909 2465 4984 bona
2495 4925 2602 4984 pro
2635 4910 2805 4964 malis
2833 4909 3403 4984 (Apostoloidicénte
3433 4911 3610 4984 [Rom
3645 4929 3751 4976 xu,
3785 4913 3963 4973 ΠΕΟ,

2301 4981 2418 5050 21])
2453 4981 2746 5054 restituas.
2783 4981 3096 5054 Nunquam
3131 4981 3538 5038 detractio—ex
3571 4999 3674 5038 ore
3713 4985 3964 5046 virginis

2301 5051 2608 5122 procedat.
2627 5052 2832 5106 Vitium
2853 5051 2998 5108 satis
3013 5055 3328 5110 hominum
3339 5059 3698 5120 est,etsuam
3717 5055 3962 5110 laudem

2302 5123 2721 5208 quaerentium,
2753 5125 2900 5208 alios
2915 5125 3054 5208 viles
3073 5125 3288 5208 facere,
3307 5127 3448 5208 quia
3469 5125 3718 5206 alterius
3735 5127 3960 5208 vitupe-

2301 5195 2529 5250 ratione
2557 5193 2858 5268 selaudari
2882 5201 3091 5268 putant
3118 5201 3204 5260 ;et
3233 5193 3462 5268 quisuo
3485 5199 3702 5252 merito
3723 5193 3962 5268 placere

2301 5281 2419 5320 non
2450 5267 2979 5339 grossiint,placere
3005 5267 3288 5339 voluntin
3317 5267 3774 5338 comparatione
3803 5271 3964 5339 pejo-

2301 5351 2452 5409 rum.
2471 5337 2685 5409 Parum
2709 5337 3001 5396 diximus:
3021 5355 3140 5393 non
3155 5338 3344 5394 solum
3367 5337 3498 5409 ipsa
3515 5355 3636 5394 non
3651 5337 3958 5400 detrahas,

2301 5407 2406 5462 sed
2437 5423 2510 5462 ne
2537 5408 2870 5482 detrahenti
2899 5409 3138 5479 quidem
3161 5407 3488 5482 aliquando
3511 5411 3744 5466 credas.
3769 5413 3962 5466 Pessi-

2299 5495 2463 5534 mum
2491 5480 2698 5552 esthoc
2715 5481 3108 5552 vitium,quod
3125 5480 3371 5536 alterum
3393 5481 3572 5536 vilem
3589 5483 3956 5538 facitvideri.

2297 5553 2422 5605 Non
2453 5551 2648 5623 minus
2677 5551 2924 5606 auribus
2953 5551 3136 5623 quam
3169 5553 3372 5622 lingua
3415 5551 3610 5618 fugias
3639 5555 3960 5608 detractio-

2297 5635 2454 5676 nem.
2483 5621 2796 5691 Scripturm
2816 5621 3208 5682 memoresto.
3227 5641 3362 5694 quas
3385 5623 3678 5688 dicit,Non
3703 5627 3818 5679 eris
3843 5642 3962 5680 ceu-

2293 5699 2578 5748 sentaneus
2605 5711 2718 5750 cum
2753 5694 3134 5766 clerogantibus
3163 5696 3423 5752 adversus
3447 5697 3758 5767 proximum
3779 5706 3962 5760 litum,
