4140 6174
308 115 450 175 1113

304 247 476 326 etnon
503 241 730 326 accipies
747 258 909 326 super
937 241 1036 326 illo
1053 251 1343 326 peccatum.
1363 245 1427 299 Et
1443 241 1620 326 alibi,
1630 243 1768 326 Sepi
1791 260 1951 299 aures

304 260 476 296 etnon
503 260 730 323 accipies
747 260 909 325 super
937 260 1036 325 tuo
1053 260 1343 370 peccatum.
1364 260 1427 299 ut
1443 260 1607 309 aum,
1630 260 1763 326 dep:
1791 260 1946 299 aures

304 316 425 387 {uas
436 330 629 383 spinis,
652 318 701 368 et
721 315 830 368 noli
846 315 1043 370 audire
1076 332 1293 387 mguam
1304 332 1526 386 nequam
1543 316 1946 386 (Eccluxxvm,

302 383 414 455 28).
448 388 767 440 Accusator
796 394 879 441 est
908 387 1065 441 enim
1093 383 1349 451 auditor,
1374 383 1474 458 qui
1498 383 1635 442 facit
1655 388 1952 443 detracto-

305 470 465 527 rem:
498 458 601 527 qui
629 458 675 510 si
697 463 924 512 avertat
953 474 1148 526 aures,
1180 466 1236 514 et
1260 459 1485 514 vultum
1520 458 1850 522 contrahat,
1879 474 1949 513 ac

304 526 861 601 oculos’abnueudo
875 529 1195 595 contineat,
1226 530 1379 584 male
1403 531 1750 601 loquentem
1768 532 1946 585 etiam

303 601 506 678 tacens
535 600 791 678 arguit__;_
812 606 874 654 ut
899 600 1513 678 discat_non_lib_en_ter
1537 602 1750 678 dicere,
1782 602 1949 678 quod

303 668 705 725 didiceritnon
733 669 986 726 libenter
999 673 1213 727 audiri.
1238 673 1555 729 Sollicitam
1578 673 1722 727 satis
1742 668 1828 728 ori
1846 676 1947 726 tuo

302 739 643 815 custodiam
667 756 841 812 pone.
871 742 999 798 Non
1022 748 1107 798 est
1130 743 1460 815 quidquam
1484 744 1643 815 enim
1662 742 1720 797 in
1748 742 1945 815 nobis,

302 826 425 881 quo
449 810 684 886 facilius
705 828 947 886 peccare
971 810 1499 886 possimusfquam
1526 814 1752 886 lingua.
1782 814 1947 870 Unde

302 886 550 957 sanctus
570 882 829 957 Jacobus
851 882 1017 957 illum
1037 901 1163 957 esse
1186 882 1508 955 perfectum
1528 882 1688 954 dicit,
1704 886 1807 957 qui
1825 901 1947 957 non

300 951 549 1028 oifendit
585 953 646 1028 in
677 955 862 1028 verbo
886 955 1090 1025 (Jacobi
1118 951 1278 1028 111:2)
1313 972 1323 1010 :
1358 961 1417 1011 et
1442 951 1747 1028 Scriptura
1780 955 1942 1022 dicit,

302 1023 526 1099 hiorset
541 1023 654 1099 vita
700 1032 774 1080 est
825 1023 1163 1099 inmanibus
1188 1023 1390 1099 linguae
1422 1023 1607 1099 (Prae.
1644 1043 1799 1092 xvm,
1829 1029 1941 1098 2t).

303 1095 527 1169 Mentiri
558 1098 782 1169 autem,
802 1096 1154 1169 maledicere
1176 1103 1234 1154 et
1249 1095 1451 1169 furare
1478 1099 1682 1167 lingua
1698 1103 1799 1154 tua
1812 1095 1948 1153 nes-

302 1166 428 1239 ciat
445 1181 456 1219 :
471 1165 617 1236 quia
637 1172 772 1239 etos
788 1168 949 1239 quod
966 1165 1266 1234 mentitur,
1280 1169 1493 1225 occidit
1508 1165 1776 1225 animam
1791 1168 1942 1239 (Sap.

303 1234 439 1312 μη)
467 1234 1073 1312 ξειᾳυίιῃείἒάἱςιιηῖ,
1101 1257 1324 1311 regnum
1345 1241 1447 1296 Dei
1470 1234 1942 1312 nonpossidebunt,

295 1307 468 1383 juxta
498 1308 1095 1383 Apostolu_mr(Galat.
1132 1307 1188 1374 ν’,
1213 1316 1302 1378 20,
1335 1312 1424 1383 2t)
1461 1329 1474 1367 :
1508 1307 1786 1381 etjurare
1817 1307 1947 1383 ipse

302 1379 566 1454 Christus
598 1379 925 1454 prohibuit,
958 1383 1059 1454 qui
1110 1382 1272 1449 dixit,
1308 1379 1421 1454 Ego
1448 1379 1625 1438 autem
1659 1383 1775 1437 dico
1806 1379 1947 1438 vobis

298 1466 402 1504 non
420 1448 618 1517 jurare
647 1453 895 1506 omnino:
913 1448 1242 1520 etriirsum,
1274 1448 1543 1509 Sit'autem
1555 1471 1726 1509 sermo
1756 1461 1944 1521 vester,

298 1521 406 1596 Est
428 1528 524 1596 est,
556 1538 662 1596 non
692 1539 796 1577 non
832 1541 849 1578 :
878 1524 1015 1593 quod
1039 1533 1212 1579 autem
1244 1526 1488 1596 amplius
1518 1532 1610 1594 est,
1644 1543 1676 1579 a
1709 1527 1844 1579 malo
1872 1531 1946 1579 est

300 1591 519 1662 (Matth.
537 1609 604 1674 Ov.
634 1595 849 1674 134,37).
880 1591 1197 1674 Apostolus
1211 1591 1465 1652 breviter
1484 1591 1605 1651 oris
1630 1598 1768 1653 vitia
1794 1613 1943 1651 rese-

299 1678 464 1737 cans,
496 1665 597 1737 ait,
629 1665 817 1737 Omnis
839 1665 1009 1721 sermo
1038 1668 1215 1723 malus
1238 1685 1304 1722 ea:
1320 1685 1411 1722 ore
1440 1674 1613 1722 vestro
1635 1684 1741 1722 non
1764 1682 1947 1737 proce-

296 1734 391 1810 dat
422 1750 435 1801 ;
459 1733 613 1810 sedsi
632 1737 753 1810 quis
779 1735 942 1810 bonus
953 1738 1024 1810 ad
1044 1739 1452 1809 wdiﬁcatianem
1464 1739 1610 1810 ﬁdei,
1633 1746 1694 1793 ut
1715 1733 1801 1793 det
1819 1755 1945 1809 gra-

301 1806 446 1886 tiam.
466 1806 816 1886 audientibus
848 1809 1068 1886 (Ephesi
1116 1806 1191 1879 1v,
1235 1810 1347 1881 29).
1399 1806 1480 1865 Sit
1513 1816 1713 1865 autem
1746 1806 1945 1886 sermo

295 1877 548 1945 virginis
576 1878 841 1948 prudens
858 1881 900 1945 1,
920 1877 1238 1935 modestus
1268 1877 1326 1936 et
1346 1897 1538 1947 rarus,
1562 1897 1671 1936 nec
1691 1886 1808 1937 tam
1828 1880 1944 1936 elo-

299 1948 545 2019 quentia
574 1949 870 2018 pretiosus
924 1967 1110 2023 quam
1136 1952 1399 2077 (pudore.
1434 1952 1709 2008 Mirentur
1734 1967 1946 2006 omnes

299 2023 558 2077 tuam.te
589 2025 842 2077 tacente.
873 2037 1130 2077 verecun
1179 2024 1298 2077 iam
1329 2042 1342 2077 :
1371 2022 1945 2077 loauente.nruden-

298 2023 563 2095 tuam,_te
589 2025 842 2095 tacente,
873 2022 1298 2095 verecundiam
1327 2022 1945 2095 ;loquente,pruden-

300 2088 469 2145 tiam.
493 2090 624 2165 ‘Mite
656 2108 725 2147 ac
738 2092 1046 2163 placidum
1074 2088 1631 2165 sempereloq'uium
1666 2088 1833 2147 tuum
1853 2108 1944 2148 or-

297 2166 401 2233 net
423 2160 611 2233 mixta
638 2160 774 2217 cum
808 2165 1091 2230 gravitate
1122 2160 1412 2231 suavitas,
1441 2160 1579 2219 cum
1601 2165 1829 2233 pudore
1852 2178 1944 2219 sa-

299 2232 523 2303 pientia
547 2233 674 2307 :isit
703 2240 866 2307 certa
890 2240 1069 2305 atque
1109 2235 1322 2307 librata
1350 2236 1561 2307 suique
1592 2232 1943 2306 Opportuni-

296 2308 418 2358 tate
439 2305 780 2378 gratissima
803 2304 1011 2378 silentii
1027 2306 1311 2377 verbique
1329 2304 1499 2361 ratio.
1528 2304 1650 2362 Nec
1676 2304 1942 2378 unquam

298 2375 546 2448 omnino
603 2376 849 2448 virginis
877 2391 945 2430 os
980 2375 1280 2448 loquatur,
1317 2381 1381 2431 ut
1432 2378 1683 2432 tacuisse
1733 2375 1944 2432 melius

300 2446 393 2520 sit.
428 2449 575 2520 Cum
607 2446 830 2520 ingenti
864 2446 1141 2520 cautione
1172 2448 1347 2504 debet
1376 2448 1563 2520 loqui,
1590 2448 1685 2503 cui
1703 2464 1827 2520 non
1855 2464 1943 2503 so-

298 2517 423 2572 lum
456 2517 665 2577 malus.
701 2518 804 2572 sed
826 2518 1006 2573 etiam
1033 2520 1257 2575 otiosus
1290 2517 1485 2575 sermo
1518 2519 1791 2574 vitandus
1830 2524 1939 2573 est.

373 2588 602 2642 CAPUT
620 2589 743 2642 XX.
778 2591 1117 2646 —Summa
1156 2590 1257 2646 tibi
1308 2590 1551 2645 scientia
1590 2591 1682 2655 sit,
1735 2589 1945 2645 notitia

298 2674 559 2722 summa,
593 2659 734 2715 vitia
765 2660 1127 2733 virtutesque
1153 2662 1549 2731 distinguere:
1584 2677 1717 2731 quae
1747 2677 1944 2733 quan-

298 2744 733 2804 quamsemper
748 2734 1046 2804 contraria
1067 2734 1177 2788 sibi
1195 2733 1329 2798 sint,
1348 2733 1545 2804 aliqua
1558 2738 1758 2789 tamen
1772 2750 1842 2789 ex
1858 2734 1941 2787 eis

296 2800 806 2870 tantajunguntur
835 2803 1233 2869 similitudine,
1262 2810 1324 2857 ut
1348 2800 1821 2860 discerniomnio
1843 2804 1942 2858 vix

297 2873 545 2945 possint.
572 2873 759 2937 Quam
783 2874 949 2929 multi
968 2875 1125 2930 enim
1147 2875 1794 2945 superbiamlibertatis
1810 2875 1942 2931 loco

297 2942 544 3018 ducunt,
569 2944 973 3018 adulationem
995 2962 1100 3017 pro
1114 2942 1443 3018 humilitate
1457 2949 1800 3018 suscipiunt,
1821 2962 1943 3002 ma-

299 3013 489 3087 litiam
508 3016 838 3085 prudentiae
852 3013 1296 3087 amplectuntur
1307 3017 1451 3080 vice,
1469 3024 1524 3073 et
1536 3013 1793 3073 stultitim
1806 3019 1944 3073 sim-

296 3084 572 3160 plicitatis
587 3102 804 3160 nomen
824 3088 901 3142 im
914 3084 1162 3158 ponunt,
1179 3094 1357 3159 atque
1377 3088 1571 3145 fallaci
1591 3106 1660 3144 ac
1677 3088 1945 3160 pessima

296 3156 527 3231 decepti
554 3156 980 3231 simulitudiue,
1017 3160 1173 3214 vitiis
1207 3156 1312 3231 pro
1344 3161 1658 3216 virtutibus
1680 3156 1946 3231 glorian-

297 3231 392 3282 tur
416 3227 444 3282 ‘t
471 3231 917 3300 thuanquam
940 3229 1068 3285 haec
1087 3227 1292 3286 omnia
1319 3227 1708 3287 subtilissima
1731 3230 1944 3286 intelli-

298 3300 495 3373 gentia
521 3298 1065 3373 debeas'separare,
1111 3307 1477 3373 cunctasque
1514 3305 1754 3357 virtutes
1804 3319 1942 3357 cum

298 3369 423 3423 suis
438 3370 604 3451 lineis
616 3369 990 3451 insequendo
1006 3388 1305 3451 nusquam
1330 3369 1578 3451 prorsus
1592 3374 1940 3451 abscedere;

296 3443 599 3511 praecipue
620 3445 823 3497 tamen
843 3443 1043 3498 ﬁctam
1075 3443 1470 3501 humilitatem
1489 3445 1745 3511 fugiens,
1779 3446 1944 3500 illam

298 3517 688 3587 sectarequaa
710 3518 963 3580 veraest,
989 3531 1175 3587 quam
1203 3516 1463 3572 Christus
1487 3516 1688 3572 docuit
1710 3516 1944 3571 humili-

297 3586 498 3657 iatem,
532 3583 590 3657 in
614 3600 735 3657 qua
756 3600 877 3640 non
913 3583 1286 3657 sitsuperbia
1310 3588 1557 3643 inclusa.
1599 3588 1755 3643 Multi
1783 3588 1941 3643 enim

295 3652 475 3731 hujus
496 3652 734 3731 virtutis
762 3657 1054 3731 umbram,
1082 3652 1404 3731 'veritatem
1438 3660 1568 3729 ejus
1613 3664 1945 3731 sequuntur

294 3726 488 3795 pauci.
501 3726 771 3799 Perfacile
785 3729 1046 3784 estenim
1060 3729 1320 3799 aliquem
1336 3726 1558 3785 vestem
1575 3726 1795 3785 habere
1808 3746 1945 3785 cou-

294 3798 870 3870 temptam,salutare
884 3798 1942 3870 submissius,manusetgenuade03-

295 3866 503 3943 culari,
523 3869 803 3925 inclinato
825 3870 884 3925 in
923 3876 1138 3926 terram
1157 3872 1347 3943 capite
1372 3866 1682 3943 oculisque
1695 3872 1941 3942 dejectis

291 3937 689 4013 humilitatem
705 3957 774 3996 ac
794 3937 1323 3998 mansuetudinem
1338 3937 1785 4013 polliceri,lenta
1796 3959 1940 3998 voce

298 4011 577 4084 tenuique
603 4028 910 4084 sermones
943 4013 1284 4082 infringere,
1316 4011 1620 4084 suspirare
1650 4014 1935 4084 crebrius,

293 4084 352 4135 et
376 4082 453 4136 ad
483 4098 662 4137 omne
680 4083 926 4154 verbum
949 4092 1321 4154 peccatorem
1346 4101 1415 4141 ac
1428 4082 1715 4141 miserum
1739 4102 1802 4140 se
1824 4082 1941 4140 cla-

296 4167 500 4217 mare;
534 4159 591 4208 et
621 4155 667 4209 si
698 4153 786 4208 vel
816 4154 922 4209 levi
948 4153 1224 4211 sermone
1243 4155 1509 4212 offensus
1534 4158 1627 4223 sit,
1656 4157 1940 4213 continuo

293 4223 990 4297 attolleresupercilium,
1009 4226 1204 4283 levare
1227 4229 1937 4289 cervicem,etdelicatum

290 4294 457 4370 ilium
489 4295 606 4350 oris
633 4294 851 4370 sonum
876 4298 1091 4354 insano
1122 4305 1361 4370 repente
1392 4300 1653 4355 clamore
1684 4307 1935 4355 mutare.

291 4365 484 4421 Aliam
506 4383 615 4443 nos
646 4367 1038 4443 humilitatem
1066 4365 1330 4443 Christus
1351 4371 1573 4436 docuit,
1598 4373 1696 4443 qui
1721 4387 1832 4426 nos
1861 4370 1938 4443 ad

292 4438 634 4512 exemplum
660 4456 837 4512 suum
862 4440 1148 4507 hortatur,
1172 4442 1396 4508 dicens,
1415 4438 1668 4497 Discite'a
1689 4459 1788 4507 me,
1811 4441 1939 4512 quia

289 4509 443 4583 mitis
470 4518 685 4583 sum,et
708 4511 936 4567 humilis
963 4513 1117 4568 corde
1149 4515 1370 4583 (Matth.
1399 4530 1479 4577 XI,
1514 4517 1623 4573 29).
1660 4514 1767 4577 Qui
1798 4509 1935 4566 cum

291 4580 764 4647 malediceretur,
800 4599 917 4638 non
966 4580 1363 4639 maledicebat
1403 4602 1417 4650 ;
1448 4601 1584 4638 cum
1617 4588 1934 4653 pateretur,

289 4666 428 4725 non
447 4653 930 4709 comminabatur
954 4655 996 4723 (l
1028 4655 1178 4709 Petr.
1212 4670 1271 4708 ιι.
1295 4655 1405 4725 23).
1428 4652 1937 4725 Quam’nobishu-

290 4723 597 4779 [uilitatem
633 4725 840 4779 beatus
864 4726 1060 4778 Petrus
1096 4723 1405 4780 insinuat:
1436 4724 1824 4789 Misericordes,
1848 4725 1937 4779 in-

289 4795 436 4865 quit,
465 4803 512 4850 et
544 4795 788 4860 humiles,
840 4812 944 4849 non
972 4795 1251 4850 reddentes
1280 4795 1475 4851 malum
1507 4813 1606 4865 pro
1652 4795 1810 4861 malo,
1844 4812 1936 4850 nec
1978 4836 1983 4841 .

290 4866 629 4921 maledictum
660 4883 760 4938 pro
799 4866 1075 4921 maledicto
1100 4866 1207 4938 (Id.
1261 4882 1340 4931 III,
1376 4871 1427 4932 8,
1472 4870 1548 4936 9).
1583 4867 1937 4922 Auferautur

289 4940 495 4993 omnia
516 4938 801 5007 ﬁgmenta
820 4937 1157 4994 verborum.
1194 4938 1694 5009 cessentsimulati
1710 4944 1932 5009 gestus,

287 5012 491 5064 etante
504 5010 882 5066 occasionem
897 5025 1092 5065 sermo
1106 5008 1399 5080 placidus.
1412 5009 1627 5064 Verum
1647 5008 1934 5065 humilem

287 5082 574 5151 patientia
604 5080 862 5137 Ostendit
884 5080 1140 5152 injuriis.
1174 5080 1377 5152 Nullus
1402 5096 1547 5152 ergo
1574 5097 1841 5152 unquam
1874 5080 1933 5135 in

288 5150 486 5207 mente
510 5157 609 5207 tua
632 5152 807 5207 ullius
824 5153 896 5208 sit
919 5153 1031 5207 vitii
1055 5151 1249 5219 locus;
1275 5150 1415 5206 nihil
1440 5151 1496 5206 in
1516 5158 1569 5207 te
1584 5150 1929 5221 superbum.

285 5222 430 5279 nihil
459 5239 766 5294 arrogans,
829 5222 971 5278 nihil
1016 5222 1274 5293 denique
1320 5222 1712 5279 fastidiosum.
1756 5222 1934 5294 Apud

286 5294 471 5349 Deum
498 5310 617 5348 non
631 5295 1064 5364 estquidquam
1086 5294 1415 5349 humilitate
1440 5295 1778 5349 sublimius.
1806 5299 1932 5361 Ipse

286 5364 446 5436 loqui
458 5371 547 5419 tur
561 5381 664 5432 per
680 5366 1055 5435 prophetam,
1079 5367 1259 5427 Super
1272 5382 1421 5436 quem
1442 5366 1610 5420 alium
1626 5366 1927 5435 respiciam,

286 5435 396 5489 nisi
423 5452 586 5505 super
614 5436 865 5490 humilem
892 5443 940 5490 et
968 5436 1227 5506 quietum,
1261 5435 1309 5490 et
1336 5444 1933 5491 trementumsermones

283 5522 420 5560 meos
445 5506 472 5559 ?
490 5506 647 5562 (Isai.
673 5507 992 5578 1.xw,‘2.)et
1015 5508 1565 5579 uunquaminiram
1581 5508 1934 5565 exardescat

344 5659 361 5697 ι
393 5654 541 5705 Alius
564 5654 711 5714 Cod.,
729 5656 946 5720 pudens.

1802 117 2194 176 APPENDIX.

3581 119 3716 178 1114

2064 245 2323 310 animus,
2347 244 2512 316 quod
2535 247 2619 300 est
2635 243 3025 301 seminarium
3040 244 3182 300 odii.
3206 248 3427 303 Tantus
3449 250 3710 302 mentem

2065 321 2229 371 tuam
2256 319 2478 388 repleat
2504 316 2683 371 timor
2736 318 2853 381 Dei,
2892 322 2957 373 ut
2989 317 3288 386 indignari
3313 317 3561 373 omnino
3592 334 3713 373 non

2062 387 2307 459 audeas,
2333 393 2388 443 et
2409 388 2557 443 iram
2578 395 2736 443 metu
2755 390 3195 443 vincas.BeaIus
3211 390 3515 459 apostolus
3536 405 3711 443 mun-

2061 458 2212 513 dans
2243 461 2505 513 animam
2533 467 2815 523 nostram,
2834 459 3159 530 eamquein
3181 460 3589 516 habitaculum
3615 460 3711 515 Dei

2061 545 2170 600 pra
2204 546 2440 597 parans,
2475 530 2667 586 clama
2690 539 2744 584 et
2770 533 2937 585 dicit:
2957 531 3143 585 Omnis
3165 531 3500 595 amaritudo,
3523 545 3570 585 et
3598 532 3707 596 ira,

2060 604 2110 654 et
2132 600 2456 670 indignatio,
2473 608 2520 673 et
2536 602 2763 661 clamor.
2786 607 2838 656 et
2861 602 3187 671 blasphemia
3207 605 3499 673 auferatur
3519 619 3554 656 a
3570 602 3711 657 vobis

2058 688 2177 726 cum
2203 674 2353 744 amni
2382 672 2598 727 malitia
2626 672 2854 743 (Ep/tes.
2892 689 2965 735 IV,
2993 673 3104 744 3i).

2110 743 2351 803 CAPUT
2383 745 2508 799 XXI.
2530 774 2596 784 —
2623 744 2972 799 Adulatores
2997 743 3349 799 utiuimicos
3371 758 3534 805 cave,
3561 758 3709 814 quo-

2057 828 2194 885 rum
2216 830 2521 870 sermones
2546 831 2724 885 super
2754 815 2952 870 oleum
2997 816 3223 880 molles,
3250 815 3436 885 etipsi
3462 820 3600 869 sunt
3624 815 3712 883 ja-

2058 884 2218 939 cula.
2253 884 2658 956 Corrumpunt
2690 885 2841 941 lictis
2869 886 3151 942 laudibus
3183 884 3629 948 leves’animas,
3657 890 3712 941 et

2059 955 2219 1010 male
2253 955 2836 1012 credulis’mentibus
2866 958 3156 1013 blandum
3174 958 3391 1012 vulnus
3414 955 3709 1026 inﬂigunt.

2061 1025 2256 1081 Crevit
2281 1028 2394 1081 hoc
2421 1029 2479 1081 in
2510 1033 2718 1084 nostra
2748 1034 2918 1083 aetate
2943 1029 3171 1095 vitium,
3201 1035 3255 1083 et
3282 1029 3341 1083 in
3362 1027 3567 1082 ultimo
3594 1028 3711 1082 line

2058 1099 2230 1170 stetit,
2249 1099 2490 1170 necjam
2507 1101 2711 1167 augeri
2728 1103 3009 1169 potest.ln
3025 1102 3179 1155 hanc
3190 1116 3401 1154 omnes
3414 1115 3523 1154 nos
3538 1099 3709 1170 scho-

2057 1168 2178 1240 lam
2199 1168 2584 1240 studiumque
2606 1168 2898 1234 dedimus,
2922 1178 2984 1226 ut
3002 1171 3265 1226 ofﬁcium
3287 1177 3564 1238 putemus
3584 1169 3713 1224 illu-

2057 1239 2231 1313 dere;
2269 1239 2697 1313 quodqueipsi
2729 1245 2805 1296 ab
2831 1243 2961 1297 aliis
2990 1242 3238 1297 libenter
3262 1242 3611 1313 accipimus,
3648 1241 3707 1313 id

2058 1310 2188 1383 aliis
2212 1310 2387 1383 quasi
2409 1310 2717 1383 quoddam
2742 1330 2962 1368 munus
2994 1313 3323 1377 offerimus,
3349 1310 3410 1367 et
3436 1328 3543 1383 spe
3564 1312 3711 1367 reci-

2102 1382 2294 1437 ieudae
2316 1382 2529 1455 laudis,
2550 1399 2654 1438 eos
2682 1399 2715 1439 a
2746 1385 2966 1455 quibus
2986 1385 3217 1441 laudari
3242 1382 3540 1448 volumus,
3573 1389 3707 1455 ante

2079 1454 2399 1525 audamus.
2432 1453 2601 1525 Saepe
2632 1453 3009 1511 adulantium
3040 1457 3373 1511 resistimus
3406 1455 3603 1510 verbis
3630 1454 3707 1510 ad

2057 1524 2293 1595 faciem,
2317 1524 2441 1579 etin
2470 1524 2695 1581 secreto
2711 1528 2926 1581 mentis
2941 1528 3237 1592 favemus,
3260 1527 3707 1595 maximumque

2058 1594 2317 1650 fructum
2344 1596 2572 1665 cepisse
2599 1612 2708 1652 nos
2729 1598 3030 1662 ducimus,
3055 1598 3101 1652 si
3140 1598 3229 1653 vel
3252 1599 3407 1663 ﬁctis
3427 1594 3709 1651 laudibus

2057 1665 2477 1739 praedicamur.
2520 1670 2633 1722 lVec
2667 1670 3003 1736 cogitamus
3034 1670 3181 1739 quid
3221 1669 3330 1739 ipsi
3363 1668 3566 1733 simus,
3603 1667 3707 1722 sed

2056 1738 2201 1808 quid
2235 1737 2433 1809 alteris
2460 1754 2586 1793 esse
2617 1740 2949 1795 videamur.
3000 1737 3161 1795 Unde
3187 1737 3258 1795 eo
3285 1739 3573 1809 perducta
3612 1754 3705 1793 res

2056 1816 2161 1874 est,
2193 1814 2254 1863 ut
2276 1808 2546 1881 neglecta
2570 1811 2813 1881 veritate
2842 1811 3050 1876 meriti,
3081 1812 3148 1866 de
3163 1808 3589 1881 solaopinione
3610 1825 3712 1865 cu-

2055 1895 2277 1951 remus,
2292 1880 2395 1951 qui
2410 1880 2815 1951 testimonium
2832 1882 2967 1936 vitm
2981 1888 3196 1936 nostras
3211 1897 3331 1935 non
3345 1880 3380 1936 a
3400 1884 3707 1935 conscien-

2056 1950 2138 2006 tia
2161 1949 2380 2022 nostra,
2404 1949 2733 2022 sedatama
2746 1954 3024 2020 petimus.
3048 1951 3226 2007 Beata
3247 1968 3415 2006 mens
3439 1957 3544 2015 est,
3570 1968 3706 2022 quae

2055 2020 2454 2093 perfecteihoc
2474 2021 2682 2077 vitium
2705 2023 2903 2088 vincit,
2926 2038 3034 2077 nec
3046 2023 3120 2078 ad
3132 2023 3335 2093 ulatur
3352 2020 3704 2093 aliquando,

2054 2091 2165 2165 nec
2190 2091 2456 2165 adulanti
2482 2092 2704 2155 credit;
2739 2108 2875 2165 quae
2907 2110 3016 2165 nec
3039 2094 3257 2164 decipit
3287 2091 3563 2156 alterum,
3597 2108 3706 2165 nec

2056 2163 2188 2235 ipsa.
2213 2162 2523 2233 decipitur,
2552 2162 2903 2233 tantumque
2921 2164 3034 2220 hoc
3050 2162 3278 2220 malum
3310 2181 3415 2219 nec
3439 2164 3577 2219 facit
3602 2163 3706 2219 ali-

2055 2235 2325 2308 quando,
2348 2250 2458 2308 nec
2479 2236 2721 2308 patitur.
2746 2237 2898 2291 Nihil
2922 2252 3189 2308 unquam
3222 2237 3281 2290 in
3302 2242 3353 2291 te
3376 2236 3577 2290 ﬁctum
3604 2236 3700 2299 sit.

2056 2305 2204 2359 nihil
2244 2305 2492 2360 omnino
2541 2306 2828 2361 fucatum.
2873 2305 3307 2363 Conscientiam
3350 2314 3536 2369 tuam,
3569 2323 3702 2376 qua:

2055 2381 2208 2431 certe
2231 2376 2351 2431 Deo
2378 2392 2611 2448 semper
2630 2384 2811 2448 patet,
2833 2378 2889 2432 in
2911 2378 3518 2434 multitudineversari
3537 2382 3700 2443 puta.

2054 2451 2373 2522 Nunquam
2406 2447 2572 2522 aiiud
2604 2447 2803 2522 corde,
2837 2449 2995 2503 aliud
3018 2465 3119 2503 ore
3137 2450 3495 2522 prtetendas.
3523 2448 3709 2512 Quid-

2053 2519 2201 2590 quid
2227 2519 2640 2589 pudetdicere,
2659 2519 3069 2589 pudeatetiam
3093 2519 3374 2589 cogitare.
3398 2520 3542 2574 lllud
3567 2532 3705 2573 vero

2054 2591 2409 2662 notumjam
2442 2590 2724 2662 omnibus
2754 2597 2933 2662 atque
2971 2591 3342 2661 divulgatum
3374 2597 3482 2655 est,
3516 2607 3702 2662 quam

2057 2661 2211 2716 utilis
2237 2677 2542 2732 quamque
2571 2660 2707 2716 huic
2730 2660 3040 2733 pro—posito
3066 2660 3405 2733 neaessaria
3440 2660 3701 2731 est'jeju-

2054 2734 2291 2786 niorum
2315 2738 2370 2787 et
2400 2732 2773 2788 abstinentia
2802 2736 3006 2798 virtus,
3034 2735 3293 2789 maxime
3317 2736 3373 2788 in
3394 2732 3487 2788 his
3508 2734 3701 2796 annis,

2055 2803 2348 2877 inquibus
2367 2804 2600 2877 corpori
2615 2805 3319 2877 majoraastusiuestﬁon
3338 2805 3704 2877 manducare

2054 2873 2733 2947 itaquecarnem,neque
2756 2874 2957 2947 bibere
2974 2876 3539 2947 vinum,apostolica
3562 2889 3703 2929 voce

2053 2944 2364 3000 laudatum
2388 2952 2496 3000 est.
2530 2945 2830 3018 Quidquid
2860 2946 3001 3000 illud
3032 2952 3119 3000 est
3140 2944 3298 3018 quod
3326 2946 3702 3018 inﬂammare

2053 3032 2275 3097 corpus
2289 3022 2504 3097 potest,
2545 3015 2718 3097 quod
2744 3016 3087 3097 fomentum
3105 3015 3369 3097 suggerit
3389 3015 3699 3097 voluptati,

2052 3087 2333 3143 castitatis
2346 3102 2551 3142 amore
2563 3087 2912 3155 fugiendum
2930 3090 3158 3143 est.Nec
3174 3094 3373 3143 tamen
3386 3088 3464 3142 ita
3478 3101 3703 3156 magno

2054 3158 2234 3229 hujus
2261 3158 2557 3214 reilabore
2579 3161 2812 3227 gravari
2843 3166 2895 3213 te
2915 3160 3213 3226 volumus,
3233 3166 3292 3213 ut
3310 3159 3422 3214 sub
3442 3158 3571 3229 ipso
3589 3163 3703 3212 sta-

2055 3230 2162 3302 tim
2189 3246 2365 3285 onere
2388 3230 2773 3302 succumbas:
2801 3246 2906 3302 per
2930 3231 3095 3300 quod
3124 3230 3311 3295 multi,
3337 3231 3481 3285 dum
3515 3230 3701 3302 nimio

2054 3300 2285 3359 fervore
2303 3302 2515 3356 mentis
2536 3300 2825 3356 rationem
2846 3318 3091 3357 suarum
3124 3302 3338 3356 virium
3369 3316 3487 3356 non
3517 3300 3704 3355 habe-

2054 3378 2204 3440 rent,
2232 3372 2433 3428 subito
2460 3372 2866 3444 conciderunt,
2900 3379 2953 3428 et
2980 3389 3130 3444 pene
3150 3380 3288 3428 ante
3316 3372 3698 3435 debilitatem,

2053 3460 2238 3514 quam
2260 3444 2633 3500 sanctitatem
2676 3443 2749 3497 de
2767 3443 3072 3514 propoSito
3095 3461 3203 3498 suo
3220 3443 3517 3499 consecuti
3539 3447 3698 3497 sunt.

2055 3513 2328 3586 Optimus
2350 3515 2517 3570 estin
2544 3515 2703 3570 omni
2728 3513 2786 3570 re
2810 3513 3051 3586 modus,
3077 3515 3465 3571 etlaudabilis
3479 3513 3702 3583 ubique

2055 3585 2358 3642 mensura.
2395 3587 2619 3657 Corpus
2651 3602 2770 3640 non
2798 3585 3219 3655 frangendum,
3245 3587 3347 3641 sed
3372 3586 3701 3657 regendum

2055 3661 2162 3713 est.
2189 3659 2471 3725 Sintergo
2497 3655 2809 3729 moderata
2822 3662 3050 3719 sancta.
3074 3658 3438 3729 etsimplicia
3458 3659 3514 3712 in
3536 3655 3701 3711 omni

2058 3730 2269 3784 mentis
2287 3728 2870 3799 humilitatejejunia.
2894 3745 3029 3799 quas
3048 3729 3126 3783 ita
3139 3728 3442 3783 attenuant
3459 3744 3697 3797 corpus,

2053 3816 2129 3855 ne
2156 3801 2425 3855 animum
2452 3801 2679 3854 elevent
2708 3818 2721 3864 ;
2752 3815 2824 3853 ne
2856 3815 2949 3854 res
2981 3800 3329 3854 humilitatis
3362 3801 3569 3869 gignat
3600 3814 3698 3850 su-

2055 3872 2349 3942 perbiam,
2371 3874 2429 3925 et
2454 3872 2593 3926 vitia
2614 3872 2687 3924 de
2720 3870 2929 3925 virtute
2950 3878 3290 3942 nascantur.
3318 3872 3449 3942 Ego,
3486 3869 3697 3942 inquit,

2053 3940 2171 3997 cum
2200 3942 2345 3996 mihi
2373 3942 2579 3996 molesti
2606 3948 2792 4005 essent,
2830 3941 3093 3997 inducbar
3118 3943 3316 4001 cilicio,
3360 3940 3409 3996 et
3438 3940 3699 3994 humilia-

2054 4013 2172 4067 bam
2202 4016 2260 4067 in
2279 4014 2493 4084 jejunio
2519 4014 2758 4066 animam
2786 4013 3131 4083 meam(Psal.
3152 4028 3353 4077 xxxtv,
3377 4012 3480 4083 I3).
3511 4012 3698 4065 Vestis

2054 4085 2329 4152 abjectio,
2359 4084 2473 4139 cibi
2508 4085 2717 4149 vilitas,
2745 4084 2955 4153 jejunii
2980 4085 3291 4149 lassitudo,
3324 4084 3701 4146 exstinguere

2052 4157 2291 4220 debent,
2320 4171 2440 4211 non
2463 4156 2682 4211 nutrire
2700 4156 3063 4226 superbiam.
3090 4157 3228 4221 Quis
3246 4174 3369 4210 rem
3389 4154 3700 4210 medicinm

2051 4227 2269 4283 vulnus
2292 4226 2487 4292 faciat,
2518 4235 2573 4283 et
2599 4226 2736 4282 inde
2751 4242 2897 4282 sana
2930 4227 3105 4282 laedat
3119 4243 3392 4298 quaeque,
3411 4226 3698 4298 undejam

2051 4299 2194 4355 laesa
2225 4300 2489 4354 curanda
2512 4299 2695 4353 sunt?
2726 4303 2973 4369 antqua:
2998 4296 3289 4366 supererit
3316 4312 3454 4369 spes
3473 4296 3696 4365 salutis,

2052 4371 2098 4425 si
2131 4369 2243 4424 ista
2268 4370 2483 4423 animae
2514 4368 2780 4423 remedia
2814 4367 2946 4438 ipsa
2976 4368 3092 4421 sint
3124 4383 3352 4421 venena
3378 4367 3406 4421 εἰ

2123 4441 2347 4495 CAPUT
2374 4441 2532 4494 XXII.
2556 4470 2623 4478 —
2645 4435 2931 4492 Laborem
2948 4438 3156 4507 jejunii
3178 4438 3258 4492 tui
3281 4435 3699 4492 misericordiae

2050 4526 2235 4582 opera
2247 4508 2757 4582 commendent,et
2771 4508 3132 4582 abstinentia
3150 4515 3246 4563 tua
3265 4524 3598 4582 pauperum
3616 4522 3701 4560 re-

2050 4579 2297 4661 fectione
2312 4579 3190 4661 sit-gratiorDominusloquitur
3204 4596 3308 4661 per
3323 4579 3696 4661 prophetam,

2048 4651 2481 4707 Misericordiam
2502 4652 2637 4715 volo,
2667 4658 2719 4706 et
2745 4668 2851 4704 non
2874 4650 3215 4720 sacri/icium
3232 4651 3380 4721 (Osee
3409 4668 3485 4715 vx,
3519 4650 3572 4718 6)
3593 4664 3621 4721 εΔ
3639 4650 3695 4702 in

2050 4722 2372 4787 Evangelio
2399 4722 2602 4777 Christi
2636 4719 3103 4793 verbalegimus,
3122 4719 3283 4777 Beati
3313 4719 3696 4793 misericordes,

2047 4796 2296 4866 quoniam
2312 4794 2415 4864 ipsi
2428 4794 2856 4848 misericordiam
2871 4792 3256 4865 consequentur
3270 4793 3491 4861 (Matth.
3526 4808 3582 4855 v,
3616 4792 3670 4860 '7)
3682 4832 3695 4847 .

2051 4865 2584 4938 sed,quaeso,hanc
2605 4882 2811 4920 curam
2837 4867 2960 4921 vice
2982 4872 3078 4920 tua
3094 4865 3229 4921 avia
3244 4872 3550 4938 materque
3569 4879 3698 4915 sus-

2049 4935 2273 5009 cipiant
2290 4955 2305 5002 ;
2320 4935 2560 5009 illaahas
2584 4944 2785 5005 partes
2798 4953 2906 5009 pro
2929 4944 2977 4993 Ie
2996 4945 3199 5007 agant,
3220 4936 3694 5009 illaethesaurum

2050 5005 2217 5064 tuum
2249 5008 2306 5063 in
2339 5007 2552 5062 caelum
2586 5005 2813 5063 leventf
2834 5005 3069 5064 Illarum
3099 5008 3169 5062 sit
3201 5008 3525 5062 esurientes
3543 5005 3696 5059 alere

2049 5079 2203 5158 cibo,
2245 5079 2454 5158 vestire
2496 5081 2712 5142 nudos,
2745 5081 2981 5158 visitare
3012 5078 3306 5158 inﬁrmos,
3347 5076 3696 5158 peregrinos

2048 5156 2200 5206 tecto
2218 5151 2542 5221 suscipere,
2563 5158 2617 5206 et
2638 5152 2839 5205 aeterni
2862 5167 2968 5220 spe
2985 5151 3210 5220 praemii
3232 5149 3533 5221 Christoin
3552 5162 3697 5221 pau-

2093 5223 2290 5277 eribus
2315 5218 2582 5283 fenerari,
2608 5224 2708 5292 qui
2728 5218 3268 5291 dixit,0uodcumque
3282 5220 3496 5288 fecistis
3517 5218 3699 5273 unica:

2045 5238 2129 5347 his
2157 5293 2433 5347 fratribus
2478 5293 2605 5347 meis
2634 5293 2891 5347 minimis.
2943 5292 3081 5347 mihi
3111 5292 3318 5347 fecistis
3344 5292 3360 5347 l
3375 5291 3533 5345 Idem.
3560 5305 3694 5344 xxv.

2084 5296 2129 5346 is
2154 5293 2433 5363 fratribus
2478 5293 2605 5347 meis
2632 5291 2891 5357 minimis,
2943 5292 3081 5347 mihi
3108 5292 3318 5363 fecistis
3344 5291 3533 5359 (Idem.
3560 5305 3694 5344 xxv.

2045 5364 2287 5435 li0).'l‘ibi
2304 5380 2446 5419 vero
2463 5364 2725 5419 maxime
2747 5364 2892 5419 dum
2912 5365 2967 5417 in
2990 5364 3296 5433 proposito
3317 5365 3693 5435 maturescat,

2046 5432 2308 5503 animus,
2334 5436 2412 5490 ab
2443 5435 2721 5489 omnibus
2753 5432 3251 5503 occupationibus
3287 5432 3687 5489 recedendum

2044 5512 2155 5570 est,
2187 5515 2242 5561 et
2262 5522 2441 5561 omne
2459 5506 2746 5563 studium.
2766 5506 3080 5575 omnisque
3103 5521 3243 5559 cura
3262 5505 3319 5560 in
3345 5504 3689 5564 ordinandi.

2047 5579 2311 5632 moribus
2334 5576 2692 5633 exhibenda.
2728 5578 2951 5641 Quibus
2980 5578 3054 5631 ita
3083 5593 3292 5631 vacare
3317 5576 3515 5641 debes,
3537 5579 3590 5629 et
3615 5579 3694 5629 Io-

2046 5655 2167 5709 tam
2181 5665 2475 5722 occupare
2490 5653 2751 5708 mentem
2767 5653 2827 5705 ut
2842 5664 2961 5705 non
2975 5648 3219 5710 divitem
3237 5654 3288 5704 te
3304 5650 3521 5705 sentias
3539 5662 3693 5716 esse,
