4138 6172
549 159 687 224 1115

547 307 658 348 nec
679 289 1428 349 dominam.Nobilitatisad
1443 287 1556 348 hoc
1573 294 1804 348 tantum
1825 291 2188 360 memineris,

551 369 615 420 ut
640 381 778 420 cum
809 365 1068 418 claritate
1091 363 1320 430 generis
1359 379 1594 419 morum
1621 365 1932 420 sanctitate
1951 369 2190 418 conten-

547 436 656 490 das
680 453 697 506 ;
718 442 770 491 et
801 451 938 490 cum
961 435 1264 490 nobilitate
1283 436 1549 505 corporis
1573 437 1760 490 animi
1781 438 1992 490 virtute
2017 435 2188 489 nobi-

551 507 656 560 lier
671 508 974 577 proficias;
1001 506 1316 576 magisque
1335 507 1432 560 illa
1450 507 1752 562 nobilitate
1765 507 2190 578 glorier-isquae

547 579 700 632 ﬁlios
731 579 822 630 Dei
843 578 1246 632 etcolneredes
1265 579 1470 632 Christi
1493 578 1741 633 facit.Ad
1759 595 1940 649 quam
1963 579 2013 632 si
2037 593 2191 632 sem-

547 649 981 720 perinspicias,
1007 649 1146 702 dum
1176 649 1366 704 credis
1391 651 1678 716 gaudium
1703 655 1755 704 te
1779 651 1997 705 habere
2025 649 2191 720 quod

547 719 744 802 majus
769 725 876 800 est,
909 720 1132 802 desinis
1159 722 1232 800 de
1260 735 1330 774 eo
1360 721 1520 802 quod
1581 721 1780 802 minus
1807 727 1894 802 est
1927 719 2186 802 gloriari.

547 791 752 862 Omnis
774 793 884 845 ista
907 791 1172 860 praeclari
1197 791 1428 862 generis
1447 791 1790 860 dignitas,et
1807 791 2030 848 illustre
2049 793 2191 846 Aui-

547 861 620 916 cii
649 863 958 932 sanguinis
979 863 1183 926 decus,
1207 861 1282 918 ad
1317 865 1584 918 animam
1615 863 2062 918 transferantur.
2095 863 2189 918 Ille

547 934 760 996 clarus,
793 934 886 988 ille
917 935 1207 996 sublimis,
1239 934 1332 989 ille
1372 935 1440 990 sit
1469 934 1682 988 nobilis
1711 952 1724 1000 ;
1751 935 1844 989 ille
1873 942 2010 988 tunc
2039 935 2191 988 inte-

545 1019 717 1074 gram
743 1005 1105 1060 nobilitatem
1139 1021 1310 1060 suam
1351 1021 1587 1060 servare
1639 1021 1702 1058 se
1733 1013 1914 1077 putet,
1945 1008 1990 1060 si
2021 1006 2186 1060 dedi-

547 1083 760 1146 gi-etur
785 1079 1001 1131 servire
1035 1077 1205 1142 vitiis,
1233 1079 1308 1130 ab
1327 1077 1662 1148 eisquenon
1683 1077 1942 1148 superari
1971 1093 1982 1132 :
2011 1095 2044 1131 a
2067 1093 2188 1148 quo

544 1148 704 1202 enim
733 1149 868 1218 quis
899 1155 1232 1216 superatur,
1265 1148 1446 1216 hujus
1478 1157 1532 1202 et
1560 1165 1768 1202 servus
1805 1155 1892 1203 est
1932 1149 1998 1217 (II
2032 1149 2184 1203 Petr.

547 1237 584 1280 ι,
619 1223 722 1282 19).
752 1219 902 1284 Quid
939 1221 1097 1274 enim
1137 1220 1264 1274 haec
1310 1219 1582 1274 servitute
1637 1221 1820 1274 animi
1861 1220 2188 1288 indignius,

544 1291 762 1362 quidve
813 1293 1064 1360 turpius,
1109 1307 1292 1362 quam
1327 1307 1464 1344 cum
1499 1291 1554 1344 in
1588 1305 1658 1344 eo
1691 1297 1793 1344 aut
1842 1291 2188 1344 dominatur

545 1361 750 1432 odium
769 1367 1092 1430 autregnat
1111 1361 1336 1416 invidia
1359 1363 1386 1416 ?
1411 1377 1590 1432 quam
1614 1377 1748 1416 cuin
1774 1377 1910 1416 eum
1937 1369 2187 1417 autava—

545 1431 678 1504 ritia
695 1433 977 1502 possidet,
1013 1437 1366 1504 autcaptum
1387 1431 1470 1486 ira
1497 1439 1668 1492 tenet.
1699 1433 1948 1488 vclccrte
1975 1439 2188 1490 caetera

547 1503 834 1577 sibivitia
867 1503 1215 1560 vindicant?
1242 1507 1364 1560 Non
1390 1511 1478 1558 est
1509 1505 1670 1576 quod
1707 1505 1818 1577 sibi
1847 1505 2063 1577 aliquis
2113 1505 2188 1560 de

543 1575 849 1647 nobilitate
863 1577 1092 1646 generis
1112 1577 1470 1640 blandiatur,
1499 1575 1542 1628 si
1571 1591 1640 1629 ex
1675 1576 1914 1630 meliore
1943 1575 2106 1647 parte
2127 1577 2188 1631 tit

547 1645 808 1699 famulus
835 1663 848 1700 :
873 1645 1060 1702 inulto
1083 1654 1172 1700 est
1195 1647 1492 1718 indignius
1517 1653 1710 1700 mente
1739 1645 1975 1712 servire,
2001 1663 2187 1718 quam

545 1719 1198 1790 corpOi'e.Supei-lluuni
1213 1717 1529 1772 arbitrorte
1545 1733 1992 1790 monere,quam
2013 1717 2190 1789 parca

543 1788 602 1842 in
631 1789 1006 1858 procedendo
1029 1789 1246 1842 debeas
1266 1803 1608 1858 essequam
1625 1803 1756 1843 rara
1783 1805 1794 1854 ;
1827 1788 1960 1844 cum
1993 1788 2042 1844 te
2075 1791 2186 1845 hoc

543 1859 721 1913 etiam
748 1861 1048 1915 siccularis
1071 1859 1407 1915 abinfantia
1432 1865 1710 1913 honestas
1731 1861 2017 1926 docuerit,
2035 1861 2187 1916 etfa-

545 1930 654 1984 cile
679 1931 990 2000 intelligas,
1021 1931 1080 1986 id
1109 1931 1210 1984 tibi
1253 1931 1438 1985 multo
1471 1930 1662 1998 magis
1695 1931 1748 1984 in
1785 1932 1892 1985 hac
1919 1935 2036 1987 vita
2057 1949 2184 1988 esse

543 2003 926 2074 servandum,
966 2019 1151 2074 quam
1193 2003 1452 2074 maxime
1483 2009 1771 2074 secretum
1813 2004 1998 2057 decet.
2035 2004 2184 2058 Illud

543 2073 1344 2146 adnioneo,utipsisquoque
1365 2073 1984 2146 salutationibus,quie
2007 2075 2107 2128 tibi
2125 2076 2180 2130 in

543 2144 820 2199 cubiculo
843 2152 942 2199 tuo
963 2143 1312 2200 exhibenda
1332 2149 1490 2208 sunt,
1515 2143 1912 2200 certissimum
1933 2147 2181 2200 modum

540 2231 766 2286 ponas:
799 2231 918 2270 non
953 2217 1070 2271 sint
1091 2217 1312 2280 nimiae,
1333 2230 1526 2286 neque
1547 2217 1936 2286 quotidianae,
1963 2231 2037 2271 ne
2061 2233 2181 2272 non

541 2291 668 2412 ἔξω]
703 2287 970 2410 pificina)
1013 2303 1200 2360 quam
1253 2287 1726 2358 inquietudinem
1771 2295 2052 2359 praestare
2099 2289 2184 2344 vi-

589 2373 694 2412 ean
727 2375 814 2411 ur.

589 2363 814 2412 eantur.

613 2429 835 2484 CAPUT
871 2429 1061 2484 XXIII.
1103 2459 1158 2468 --
1193 2429 1258 2482 Et
1305 2443 1656 2500 quanquam
1687 2443 1866 2484 omne
1897 2429 2030 2483 vitae
2065 2433 2180 2484 tuas

543 2503 780 2572 tempus
805 2501 1009 2554 divino
1025 2501 1247 2554 debeas
1271 2501 1437 2572 operi
1477 2515 1844 2563 consecrare,
1870 2505 1924 2554 et
1953 2501 2179 2556 nullam

539 2571 786 2642 prorsus
833 2573 1044 2626 horam
1087 2588 1120 2625 a
1153 2571 1440 2641 spirituali
1473 2572 1736 2642 profectu
1769 2587 2019 2626 vacuam
2054 2589 2180 2626 esse

541 2641 1012 2707 Convenial,cum
1030 2643 1136 2696 tibi
1155 2643 1210 2695 in
1233 2642 1360 2710 lege
1387 2641 1803 2696 Dominidieac
1819 2651 1985 2696 nocte
2003 2644 2182 2696 medi-

541 2713 790 2767 tandum
817 2717 890 2767 sit
911 2713 1133 2782 (Psal.i,
1163 2713 1218 2784 2)
1244 2712 1448 2784 ;debet
1471 2719 1666 2766 tamen
1686 2712 1903 2784 aliquis
1937 2729 2062 2768 esse
2085 2715 2182 2768 de-

541 2785 891 2856 terminatus
931 2792 986 2839 et
1028 2787 1380 2856 constitutus
1409 2783 1692 2838 horarum
1727 2783 2030 2850 numerus,
2061 2801 2182 2856 quo

541 2855 776 2926 plenius
809 2858 926 2910 Deo
956 2871 1150 2920 vaces,
1172 2863 1226 2910 et
1251 2855 1351 2926 qui
1377 2861 1427 2908 te
1460 2857 1536 2909 ad
1559 2871 1860 2910 summam
1893 2855 2182 2912 animiin-

539 2925 864 2999 tentionem
897 2925 1340 2999 velutquadam
1373 2925 1500 2999 lege
1525 2926 1846 2999 contineat.
1878 2928 2182 2996 Optimum

539 3005 628 3053 est
653 3013 793 3072 ergo
816 2998 951 3072 huic
977 2997 1138 3072 operi
1174 2998 1528 3052 matutinum
1555 2997 1828 3072 deputari
1857 3001 2179 3072 tempus,id

537 3075 626 3124 est
645 3070 952 3125 meliormn
972 3070 1084 3125 diei
1101 3075 1616 3141 partem.etusque
1631 3071 1704 3123 ad
1721 3071 1930 3124 horam
1951 3071 2180 3126 tertiam

537 3141 806 3196 animam
833 3139 1190 3212 quotidie'in
1225 3139 1439 3212 ceelesti
1471 3139 1664 3206 agone
1687 3146 2034 3208 certantem,
2069 3143 2180 3197 hoc

535 3212 709 3284 velut
723 3211 1046 3284 spiritualis
1067 3213 1331 3284 quodam
1349 3211 1640 3282 palmstrae
1659 3213 1912 3266 exerceri
1933 3229 2183 3282 gymna-

537 3283 748 3338 sio.His
764 3283 830 3340 tu
854 3299 960 3356 per
975 3283 1244 3356 singulos
1259 3283 1384 3356 dies
1405 3284 1566 3338 horis
1585 3283 1639 3356 in
1659 3285 1948 3356 secretiori
1964 3287 2181 3338 domus

535 3361 703 3422 parte
725 3354 1375 3420 ora,clanso'cubiculo
1397 3359 1517 3408 tuo.
1539 3354 1764 3408 Adhibe
1793 3357 1894 3409 tibi
1921 3356 2097 3409 etiam
2121 3357 2178 3410 in

534 3425 691 3480 Urbe
713 3427 1110 3488 solitudinem.
1138 3431 1192 3480 et
1209 3431 1438 3480 remota
1459 3425 1759 3494 paulisper
1781 3427 1857 3480 ab
1875 3427 2178 3492 omnibus,

535 3499 781 3568 propius
806 3499 1192 3568 Deojungere
1224 3514 1236 3562 ;
1265 3499 1648 3567 aspectuique
1667 3506 1902 3552 tuorum
1927 3499 2176 3558 reddita,

537 3569 806 3624 lectionis
836 3571 1088 3624 fructum
1111 3569 1463 3622 etorationis
1479 3569 1748 3622 ostende.
1779 3569 1926 3622 Nihil
1942 3569 2101 3622 enim
2123 3571 2178 3622 in

533 3641 650 3696 hoc
665 3647 887 3694 secreto
907 3641 1286 3708 magisagere
1309 3639 1512 3704 debes,
1537 3655 1722 3710 quam
1747 3643 2010 3694 animam
2031 3641 2178 3694 divi-

534 3713 628 3766 nis
655 3712 908 3781 eloquiis
933 3727 1192 3782 pascere,
1217 3715 1580 3782 etquantum
1599 3712 1648 3764 ei
1681 3727 1783 3780 per
1809 3717 1991 3766 totam
2019 3711 2176 3764 sufﬁ-

535 3797 666 3838 cere
699 3785 888 3853 possit
925 3783 1104 3846 diem,
1145 3783 1258 3838 hoc
1297 3797 1428 3838 eam
1477 3783 1652 3838 veluti
1683 3783 1817 3836 cibo
1869 3783 2178 3852 pinguiore

534 3855 769 3910 satiare.
802 3859 880 3910 Ita
905 3855 1234 3924 Scripturas
1251 3853 1616 3920 santaslege,
1645 3859 1953 3923 utsemper
1977 3854 2181 3908 memi-

532 3927 690 3982 neris
707 3928 800 3982 Dei
825 3925 922 3980 illa
945 3925 1124 3980 verba
1141 3941 1292 3988 esse,
1308 3927 1406 3994 qui
1423 3925 1638 3984 Lenem
1656 3939 1824 3978 suam
1843 3940 1960 3978 non
1985 3925 2178 3979 solum

535 3998 692 4063 sciri,
725 3999 826 4052 sed
845 3999 1020 4052 etiam
1038 3997 1477 4068 implerijnbet.
1501 3996 1648 4068 Nihil
1663 3997 1818 4050 enim
1837 3995 2076 4068 prodest
2098 3995 2180 4049 fa-

532 4069 744 4124 cienda
767 4069 1042 4123 didicisse
1056 4066 1241 4122 etnon
1265 4067 1713 4138 facere.0ptimc
1733 4067 1910 4122 uteris
1931 4066 2180 4138 lectione

533 4139 756 4200 divina,
787 4141 832 4193 si
867 4139 968 4193 tibi
986 4155 1118 4194 eam
1137 4137 1822 4208 adhibeasspeculivice,
1843 4137 1994 4191 utibi
2023 4137 2182 4192 velut

534 4211 608 4264 ad
625 4209 951 4279 imaginem
969 4225 1140 4263 suam
1160 4211 1362 4263 anima
1377 4209 1734 4279 respiciat,et
1750 4208 1836 4262 vel
1854 4209 2182 4279 fmdaqme-

532 4297 648 4352 que
680 4281 952 4349 corrigat,
979 4280 1064 4334 vel
1091 4279 1485 4352 pulchraplus
1507 4287 1692 4352 ornet.
1723 4279 2182 4352 Lectiouemifre-

529 4351 568 4424 q
581 4351 1469 4424 uenterinterrumpatroratio,et
1483 4367 1554 4406 an
1567 4351 1576 4404 i
1589 4367 1736 4406 mam
1753 4351 1874 4420 jugi
1887 4357 1967 4404 ter
1981 4351 2177 4424 adlim-

529 4423 758 4480 rentein
777 4425 892 4479 Deo
908 4429 1074 4491 grata
1089 4423 1437 4479 vicissitudo
1454 4424 1642 4476 sancti
1659 4425 1853 4492 cperis
1872 4423 2176 4477 accendat.

529 4497 695 4552 Nunc
721 4501 775 4550 te
801 4497 980 4564 igitur
1000 4496 1148 4550 ordo
1175 4493 1958 4550 instruatcmlestishistoriie
1991 4513 2003 4562 ;
2025 4509 2180 4548 nunc

529 4575 802 4622 sanctum
827 4567 1009 4622 David
1033 4567 1284 4622 oblectet
1304 4568 1634 4628 canticum;
1663 4581 1820 4620 nunc
1846 4567 2180 4622 Salomonis

529 4639 760 4693 erudiat
787 4639 1117 4708 sapientia;
1149 4655 1307 4692 nunc
1335 4639 1702 4694 adtimorem
1735 4638 1963 4691 Domini
1999 4639 2180 4690 incre-

527 4709 797 4780 pationes
819 4712 1060 4765 incitent
1084 4710 1532 4781 Prophetarum;
1567 4725 1723 4764 nunc
1753 4709 2098 4774 evangelica
2127 4713 2181 4762 et

527 4781 855 4850 apostolica
870 4781 1147 4852 perfectio
1167 4783 1459 4852 tetlliristo
1487 4781 1722 4834 inomni
1753 4795 1986 4833 morum
2013 4793 2178 4852 sanc-

527 4853 690 4908 titate
709 4851 1056 4924 coniungat.
1075 4853 1214 4924 Quae
1233 4851 1504 4924 paranda
1523 4857 1678 4916 sunt,
1702 4852 2004 4905 memoriae
2021 4851 2182 4919 peni-

527 4931 621 4980 tus
655 4925 864 4990 insere,
899 4941 1084 4994 eaque
1111 4923 1238 4994 jugi
1275 4923 1656 4978 meditatione
1691 4937 1978 4994 conserva
2003 4936 2016 4982 ;
2045 4935 2180 4994 quis

525 4998 891 5052 maturanda
913 4993 1418 5065 sunt,frequenter
1441 4993 2050 5065 revolve,utdiviuum
2069 4993 2180 5065 hoc

527 5067 798 5124 studium
823 5075 876 5124 et
908 5067 1156 5123 caelestis
1181 5063 1406 5130 schola,
1439 5073 1704 5121 etmores
1734 5065 1910 5120 simul
1937 5063 2180 5128 virginis

527 5147 740 5196 ornent
773 5147 827 5194 et
868 5155 1133 5202 sensum,
1179 5137 1534 5209 traduntque
1569 5137 1667 5191 tibi
1712 5135 2180 5209 cum_sapientia

526 5211 924 5266 sanctitatem.
974 5211 1133 5264 Unde
1162 5205 1490 5284 Scriptura
1533 5209 1742 5284 dicit_:_
1773 5205 2179 5284 QiiiLqua’i-unt

523 5285 714 5346 Deum,
744 5283 1024 5336 inveniunt
1051 5277 1368 5352 sapientiam
1397 5299 1512 5335 rum
1551 5277 1797 5352 jitstiiia.
1837 5277 1919 5332 Sit
1978 5281 2180 5352 autem

523 5355 658 5426 ipsa
685 5355 854 5408 lectio
872 5347 1318 5422 temperata,cui
1339 5355 1518 5426 tinem
1535 5347 1998 5426 cons_ili_um_,non
2015 5347 2182 5426 lassi-

525 5419 1149 5496 tiidoimponatham
1182 5431 1241 5478 ut
1261 5419 2180 5496 iminoderatajejunia,e_t_ardor

527 5491 921 5562 abstinentiae,
945 5503 1001 5552 ct
1031 5511 1306 5550 enormes
1329 5493 1804 5564 inordinatieque
1833 5491 2066 5564 vigiliae,
2097 5492 2182 5546 in-

525 5569 931 5639 temperantiae
959 5573 1387 5636 coarguuntur,
1419 5567 1599 5639 idque
1623 5563 1924 5639 nimietate
1955 5563 2042 5639 sui
2063 5577 2179 5639 pa-

525 5633 702 5708 riunt,
741 5643 800 5688 ut
825 5637 950 5708 haec
979 5633 1346 5708 ipsa'postea
1377 5653 1483 5694 nec
1502 5633 1904 5693 'mediocriter
1933 5633 2178 5708 quidem

521 5707 648 5766 ticri
681 5707 951 5781 possint;
987 5706 1068 5764 ita
1090 5706 1350 5766 studium
1385 5711 1658 5767 lectionis
1691 5706 2174 5780 inreprehensio-

2051 135 2431 222 APPENDIX.

3781 165 3902 234 lliB

2305 305 2442 346 nem
2470 289 2879 364 intemperans
2904 289 3093 364 cadit,
3111 285 3392 364 quodque
3427 288 3716 353 laudabile
3751 303 3897 359 estin

2305 371 2572 434 tempore
2595 363 2728 428 suo,
2755 364 2819 418 fit
2848 363 2922 418 de
2953 363 3258 418 nimietate
3285 363 3374 418 sui
3397 365 3701 434 culpabile.

2375 437 2601 514 tEaPU'I:
2619 437 2794 514 X.\'lY_.
2823 465 2891 476 —
2917 435 3540 514 Qeneraliierquidem
3555 441 3896 514 strictimque,

2305 506 2410 582 sed
2431 506 2698 582 breviter
2721 505 3042 582 dicendum
3075 513 3181 582 estf
3205 510 3264 560 In
3281 505 3450 582 bonis
3477 525 3706 580 quoque
3727 505 3898 582 rebus,

2303 577 2598 652 quidquid
2625 579 2870 632 modum
2895 579 3227 638 excesserit,
3257 577 3588 652 vitiumest.
3615 577 3896 652 Magnaest,

2307 663 2550 726 magna,
2573 650 2841 726 inquam,
2860 655 2916 704 et
2935 665 3072 722 quae
3095 649 3308 718 grandi
3329 649 3521 706 studio
3544 649 3779 726 constat,
3800 673 3899 726 prr-

2303 718 2470 774 fectie
2501 723 2634 792 vitae
2655 718 2826 776 ratio
2853 737 2867 784 ;
2903 718 3456 792 consummataaque
3515 718 3812 792 sapientiae
3833 737 3902 785 est

2304 793 2474 854 scire,
2503 791 2668 862 quid,
2693 807 2816 862 quo
2841 793 3175 862 insequeris
3207 791 3406 858 modo,
3431 791 3808 852 etadomnem
3826 815 3900 854 ac-

2305 867 2430 916 tum
2449 862 2812 932 praeferendo
2829 864 3166 926 consilium,
3187 863 3330 917 nihil
3345 863 3532 919 facere
3551 869 3704 933 quod
3731 865 3900 926 fecisse

2299 935 2606 1004 pmnireat.
2644 939 2798 990 Intra
2815 935 2987 988 unius
3015 935 3178 989 horae
3209 935 3468 1004 spatium
3503 943 3752 992 mutatur
3767 940 3900 996 habi-

2303 1011 2396 1060 tus
2419 1019 2432 1069 ;
2455 1005 2748 1074 jejunarc,
2765 1007 3090 1076 abstinere,
3113 1006 3386 1075 psallere,
3403 1006 3660 1074 vigilare,
3679 1025 3786 1064 non
3805 1019 3900 1068 tam

2303 1077 2500 1130 studio
2519 1093 2674 1146 opus
2699 1077 2918 1132 habent
2947 1093 3130 1148 quam
3165 1077 3487 1132 voluntate.
3521 1079 3764 1142 Quilibet
3785 1082 3898 1137 inci-

2303 1149 2470 1218 piens
2501 1154 2694 1202 statun
2733 1155 2794 1202 ut
2825 1149 3072 1202 voluerit
3097 1148 3174 1202 ad
3201 1149 3310 1202 ista
3347 1149 3640 1218 perfectus
3669 1157 3746 1205 est
3771 1170 3782 1216 ;
3805 1154 3900 1210 imo

2301 1217 2380 1292 illi
2403 1219 2514 1292 hoc
2537 1219 2768 1292 facilius
2781 1219 2972 1292 facere
2995 1225 3270 1292 possunt,
3293 1217 3394 1292 qui
3411 1222 3656 1274 recentis
3675 1229 3901 1292 corporis

2301 1291 2454 1343 vires
2477 1291 2550 1344 de
2573 1291 2788 1344 saecqu
2801 1291 2876 1344 ad
2897 1291 3268 1362 propositum
3283 1290 3566 1362 afferunt:
3591 1290 3900 1352 mores—vero

2303 1369 2554 1426 mutare,
2589 1362 2980 1434 singulasque
3013 1361 3261 1434 virtutes
3293 1363 3480 1416 animi
3513 1361 3754 1434 formare
3775 1367 3824 1419 in
3855 1385 3902 1422 se

2302 1437 2482 1504 atque
2513 1433 2807 1504 perlicere,
2859 1431 3104 1502 grandis
3133 1433 3312 1487 studii
3341 1439 3446 1496 est,
3479 1440 3534 1488 et
3581 1433 3757 1504 longae
3783 1453 3901 1492 con-

2300 1503 2656 1558 suetudinis.
2693 1507 2891 1576 Itaque
2927 1504 3090 1558 multi
3125 1505 3191 1576 in
3225 1504 3338 1558 hoc
3355 1507 3662 1575 proposito
3688 1503 3900 1563 'senesci-

2304 1591 2460 1638 nius,
2493 1581 2550 1629 et
2569 1591 2640 1630 ea
2671 1575 2914 1646 propter
2932 1591 3066 1646 qua:
3079 1577 3154 1630 ad
3181 1575 3375 1643 ipsum
3399 1577 3756 1646 propositum
3775 1581 3900 1634 veni-

2301 1661 2432 1700 mus
2463 1661 2580 1701 non
2613 1647 2929 1702 habemus.
2963 1647 3082 1702 Tua
3103 1661 3240 1701 vero
3261 1649 3898 1706 conversationovacsse

2299 1717 2492 1791 debet,
2513 1719 2660 1791 mira
2673 1719 3272 1789 gravitas.patientia,
3300 1719 3894 1791 mansuetudo,pietas.

2300 1789 2601 1864 Quidquid
2639 1791 2902 1844 sanctius
2931 1797 3022 1844 est
3053 1795 3232 1864 atque
3271 1791 3610 1859 perfectius,
3643 1789 3895 1864 quidquid

2299 1861 2491 1927 magis
2535 1860 2652 1915 Deo
2679 1867 2732 1915 te
2763 1861 3190 1916 commendare
3241 1866 3447 1930 potest,
3481 1869 3536 1916 et
3569 1860 3828 1931 majoreiii
3851 1865 3898 1920 in

2298 1931 2446 1986 coelo
2480 1931 2669 1986 facere
2695 1931 2782 2006 gid
2804 1947 3328 2006 sempersequere,
3343 1931 3402 1985 id
3421 1947 3548 1986 sem
3560 1949 3658 2006 per
3679 1937 3899 2006 amplec-

2299 2009 2434 2057 tere.
2473 2007 2704 2072 Sponsa
2719 2002 2926 2058 Christi
2944 2003 3086 2058 nihil
3111 2003 3286 2058 debet
3312 2019 3438 2057 esse
3451 2005 3728 2059 ornatius.
3749 2002 3898 2060 Tanto

2295 2074 2524 2146 majore
2553 2073 2824 2146 placendi
2843 2075 3044 2130 studio
3066 2089 3220 2142 opus
3243 2081 3350 2138 est,
3379 2081 3612 2145 quanto
3645 2077 3897 2146 majorest

2295 2144 2388 2198 ille
2415 2147 2506 2198 cui
2541 2145 2900 2214 placendum
2931 2151 3040 2200 est.
3073 2146 3278 2219 saeculi
3307 2144 3448 2219 vero
3499 2144 3760 2214 virgines,
3783 2163 3892 2219 quis

2294 2231 2354 2269 se
2383 2219 2606 2286 nuptiis
2639 2225 2998 2287 praeparant,
3033 2225 3086 2271 et
3111 2216 3542 2284 indulgentiam
3569 2219 3750 2286 magis
3773 2216 3898 2288 ,ἱρο-

2293 2288 2420 2341 stoli
2437 2303 2618 2359 quam
2632 2289 2950 2342 consilium
2967 2289 3132 2359 sequi
3151 2288 3898 2360 malunt,magisqueample-

2293 2365 2531 2413 ctuntur
2561 2361 3002 2414 incontinentiae
3035 2360 3384 2424 remedium,
3409 2375 3596 2430 quam
3625 2363 3890 2430 praemium

2291 2429 2672 2484 continentiae
2693 2435 2946 2502 :7utspon
2956 2431 3034 2485 sis
3049 2431 3342 2500 placeant,
3365 2429 3592 2502 eosque
3605 2429 3658 2485 in
3673 2447 3896 2486 amorem

2293 2503 2382 2554 sui
2403 2502 2591 2566 magis
2607 2501 2866 2567 incitent,
2885 2501 3034 2556 mira
3051 2517 3112 2556 se
3131 2501 3532 2556 sollicitudine
3547 2501 3786 2556 formare
3803 2511 3896 2557 stu-

2293 2572 2404 2626 den
2417 2578 2515 2634 t,et
2531 2573 2860 2627 naturalem
2877 2575 3144 2638 corporis
3167 2574 3668 2643 pulchritudinem
3683 2573 3894 2628 ornandi

2293 2649 2416 2697 arte
2455 2643 2902 2698 commendant.
2953 2643 3086 2698 Ilaec
3117 2651 3206 2699 est
3237 2645 3346 2699 illis
3377 2661 3484 2712 per
3515 2645 3642 2698 dies
3673 2643 3896 2714 singulos

2292 2731 2434 2768 cura
2451 2717 2770 2786 praecipua,
2787 2715 3132 2770 decentibus
3147 2717 3292 2770 fucis
3305 2716 3576 2771 colorare
3589 2717 3802 2782 faciem,
3817 2719 3898 2770 im-

2293 2785 2514 2856 plicare
2537 2785 2684 2841 auro
2701 2789 2921 2842 crinem
2935 2787 3298 2851 ,etardentes
3315 2788 3678 2842 concharum
3701 2787 3892 2857 lapides

2293 2859 2504 2928 capitis
2525 2857 2812 2912 honorem
2839 2858 3028 2912 facere
3053 2875 3066 2924 ;
3095 2859 3462 2927 suspendere
3479 2875 3550 2912 ex
3577 2859 3802 2912 auribus
3819 2873 3896 2928 pa-

2293 2930 2592 2990 trimonia,
2623 2929 2862 2984 brachia
2893 2945 3104 2984 ornare
3129 2930 3450 2984 monilibus
3465 2947 3536 2984 ac
3559 2929 3897 2991 latera.etin—

2295 3000 2490 3054 clusas
2523 3015 2668 3054 auro
2691 3015 2966 3068 gemmas
2997 3017 3031 3054 a
3057 3001 3210 3055 collo
3232 3007 3436 3071 pectus
3455 3001 3770 3056 demittere.
3795 3003 3893 3054 Non

2291 3071 2586 3126 minorem
2615 3087 2876 3144 sponsus
2901 3078 3035 3125 tuus
3061 3073 3305 3143 requirit
3330 3077 3633 3139 ornatum,
3663 3073 3756 3144 Qui
3782 3087 3894 3144 cuin

2293 3145 2636 3198 universam
2652 3143 2969 3198 Ecclesium
2987 3143 3262 3198 salutaris
3284 3159 3454 3213 aquae
3479 3143 3894 3212 lavacropuriti-

2293 3221 2487 3268 catam
2515 3215 2638 3268 sine
2668 3217 2903 3269 macula
2919 3229 3186 3283 rugaque
3203 3215 3528 3268 reddiderit
3545 3215 3748 3284 (Ephes.
3771 3217 3902 3284 v,!6,

2292 3287 2403 3356 27),
2433 3286 2696 3356 quotidie
2721 3288 2883 3355 cupit
2913 3301 3043 3340 eam
3063 3287 3188 3339 fieri
3221 3283 3646 3355 pulchriorem,
3673 3293 3729 3340 ut
3754 3283 3904 3338 semel

2293 3374 2326 3410 a
2343 3359 2392 3410 vi
2405 3355 2491 3410 liis
2520 3357 2898 3427 peccatisque
2913 3373 3010 3411 mu
3023 3357 3354 3418 ndata,sem
3365 3373 3468 3427 per
3479 3355 3902 3411 orneturdecore

2291 3429 2596 3482 virtutum.
2633 3431 2696 3482 Et
2727 3429 2770 3480 si
2793 3429 2906 3482 hoc
2937 3445 2972 3483 a
3004 3435 3122 3483 tota
3147 3430 3390 3499 requirit
3423 3429 3704 3494 Ecclesia,
3737 3428 3786 3482 in
3807 3441 3902 3498 quo

2293 3505 2350 3554 et
2377 3499 2568 3553 viduae
2583 3501 2959 3554 continentur
2979 3505 3034 3553 et
3057 3507 3258 3570 nuptae
3275 3517 3286 3564 ;
3303 3506 3600 3570 quantum
3631 3505 3902 3570 putasexs-

2293 3577 2488 3638 pectat
2519 3587 2552 3624 a
2587 3571 2826 3634 virgine.
2855 3587 2990 3640 quae
3015 3587 3086 3624 ex
3119 3571 3523 3640 pulcherrimo
3545 3571 3656 3626 hoc
3677 3570 3902 3640 quodam

2297 3641 2562 3696 Ecclesiae
2591 3649 2782 3710 prato,
2811 3641 2970 3696 velut
2995 3657 3150 3712 augu
3167 3643 3300 3696 stior
3323 3643 3576 3766 quidam
3593 3643 3698 3696 flos
3717 3641 3904 3694 videtur

2297 3714 2476 3766 electa
2513 3712 2542 3766 ?
2569 3719 2814 3766 Assume
2856 3729 2996 3766 ergo
3025 3729 3268 3766 onmem
3303 3713 3336 3766 il
3369 3729 3468 3766 um
3499 3719 3788 3766 ornatum.
3823 3725 3901 3766 per

2291 3714 2476 3768 electa
2513 3712 2542 3766 ?
2569 3719 2814 3766 Assume
2856 3729 2996 3778 ergo
3025 3729 3268 3767 onmem
3303 3712 3468 3767 illum
3499 3719 3788 3770 ornatum.
3823 3725 3901 3782 per

2292 3799 2470 3854 quem
2491 3783 2720 3852 placere
2739 3785 2968 3840 Christo
2982 3784 3252 3854 potes.Sa
3265 3785 3334 3838 tis
3351 3785 3618 3854 placere1
3643 3787 3750 3838 Deo
3761 3781 3900 3836 crede

2293 3853 2456 3908 tuam
2495 3853 2726 3918 faciem,
2761 3856 2806 3908 si
2843 3855 3187 3910 hominibus
3219 3853 3472 3926 pulchra
3503 3867 3900 3926 apparerenon

2293 3931 2552 3980 studeas.
2591 3927 2746 3980 Istud
2765 3933 3188 3981 ornamentum
3213 3923 3384 3981 serva
3403 3923 3633 3996 capitis,
3661 3923 3902 3996 quodat:-

2292 3997 2584 4078 qiiisivisti
2611 3995 3517 4078 chrisinatissaeramento,cum
3539 3999 3638 4054 tibi
3665 3995 3904 4078 incales-

2294 4069 2366 4122 tis
2385 4069 2546 4136 regni
2575 4069 2921 4138 mysterium
2935 4069 3216 4124 diadema
3239 4069 3552 4140 quoddam
3569 4069 3770 4134 regalis
3788 4079 3905 4140 unca

2293 4140 2466 4194 tionis
2533 4137 2882 4208 impositum
2942 4147 3050 4194 est.
3113 4137 3350 4209 Optima
3396 4146 3746 4196 ornamenta
3795 4137 3905 4190 sunt

2293 4211 2528 4264 aurium
2561 4212 2736 4266 verba
2755 4214 2846 4266 Dei
2867 4228 2878 4266 :
2903 4211 2976 4264 ad
2996 4227 3064 4266 ea
3087 4212 3214 4266 sola
3231 4215 3475 4280 paratus
3494 4227 3630 4266 esse
3645 4211 3806 4265 debet
3827 4223 3906 4262 au-

2293 4281 2452 4354 ditus
2478 4282 2739 4354 virginis,
2766 4297 2958 4353 eaque
2983 4283 3437 4354 pretiosissimis
3459 4283 3756 4354 lapidibus
3771 4287 3902 4354 aute-

2293 4351 2460 4408 ferre.
2493 4351 2708 4408 Omnia
2737 4351 3273 4423 prorsus'membra
3291 4351 3646 4409 decorentur
3669 4353 3907 4423 Operilius

2294 4425 2643 4488 sanctitatis,
2675 4420 2914 4496 toiaque
2953 4425 3258 4492 virginalis
3307 4425 3524 4480 aninne
3577 4420 3907 4494 pulchritudo

2294 4499 2580 4564 gemmati
2607 4497 2844 4550 monitis
2863 4497 3046 4550 instar
3075 4499 3237 4550 vario
3263 4499 3548 4551 virtutum
3581 4497 3796 4556 fulgore
3817 4509 3908 4546 res-

2293 4567 2590 4637 plendeat.
2611 4569 2771 4620 'l‘unc
2795 4583 2930 4620 vere
2944 4567 3324 4636 concupiscet
3341 4583 3442 4622 rex
3459 4567 3734 4622 decorem
3751 4573 3905 4637 tuitui.

2293 4633 2566 4709 dicetque
2591 4639 2712 4702 tibi,
2733 4641 2861 4692 Tota
2885 4639 3124 4708 formosa
3145 4633 3476 4707 eamme-ima
3503 4655 3638 4702 mea,
3664 4646 3710 4692 et
3731 4633 3907 4690 uincula

2291 4727 2396 4762 non
2423 4717 2496 4762 est
2525 4711 2580 4764 in
2621 4717 2668 4763 te
2695 4709 2882 4780 (Cant.
2925 4725 3002 4774 iv,
3035 4712 3108 4776 Ἰ).
3145 4711 3206 4763 Et
3247 4709 3375 4764 haec
3407 4709 3508 4763 tibi
3561 4713 3897 4764 ornamenta.

2293 4795 2426 4848 Qiue
2451 4780 2586 4842 dixi,
2621 4784 2798 4834 etiam
2823 4789 2995 4834 erunt
3023 4782 3392 4835 munimenta
3415 4783 3703 4846 maxima,
3727 4783 3776 4833 et
3799 4787 3904 4848 (ιιιῶ

2293 4857 2348 4904 te
2381 4851 2574 4918 ipsam
2607 4867 2820 4905 ornare
2857 4853 2974 4904 Deo
3011 4857 3064 4906 et
3115 4857 3323 4906 contra
3353 4851 3670 4906 diabolum
3713 4861 3906 4904 armare

2293 4922 2546 4994 possint.
2573 4924 2674 4992 qui
2709 4937 2811 4990 per
2829 4922 2950 4976 leve
2975 4923 3270 4994 interdum
3291 4923 3717 4994 quodcumque
3741 4921 3904 4994 villain

2295 4987 2372 5048 ad
2391 4987 2653 5048 animam
2681 4987 3033 5062 ingreditur;
3055 5000 3112 5048 et
3129 4993 3172 5046 si
3193 4987 3474 5048 virtutum
3493 4987 3906 5064 propugnacula

2293 5081 2412 5119 non
2447 5065 2742 5128 resistant,
2767 5071 2975 5119 nostro
3021 5079 3132 5120 nos
3157 5066 3384 5134 repellit
3411 5063 3561 5130 loco,
3587 5063 3906 5118 etcontinuo

2293 5135 2366 5190 de
2395 5137 2562 5188 heste
2597 5135 2655 5188 lit
2687 5136 3267 5206 (.lominusnl’rOpter
3305 5137 3465 5206 quod
3503 5137 3794 5206 Scriptura
3819 5145 3902 5206 nos

2294 5206 2668 5264 adhortatur.
2692 5211 2747 5258 et
2769 5205 2910 5262 dicit
2943 5227 2954 5264 :
2989 5205 3049 5260 Si
3077 5201 3341 5276 spiritus'
3367 5201 3671 5276 potestatein
3699 5201 3906 5276 habentis

2291 5279 2590 5332 ascenderit
2602 5295 2764 5344 super
2791 5285 2842 5332 te
2855 5279 3024 5332 locum
3040 5275 3190 5332 tuum
3206 5295 3268 5332 ne
3285 5275 3566 5332 demiseris
3581 5277 3827 5346 (Ecclex.
3845 5275 3902 5334 il-

2365 5351 2588 5404 tZAPtl'l‘
2613 5351 2760 5404 XXV.
2795 5381 2862 5389 —
2891 5351 2978 5403 Ab
3011 5351 3219 5419 eojam
3241 5357 3506 5419 tempore
3533 5365 3656 5421 quo
3683 5351 3902 5418 primum

2295 5435 2398 5493 per
2415 5421 2763 5493 virginitatis
2785 5423 3219 5493 professionem
3239 5423 3824 5493 Dominoconsecrata
3837 5429 3902 5474 es,

2295 5491 2616 5546 adversarii
2635 5491 2690 5546 in
2721 5497 2774 5547 te
2787 5491 3218 5554 ‘crevitodium,
3249 5499 3302 5548 et
3319 5493 3422 5562 qui
3447 5491 3806 5562 alienalucra
3823 5497 3906 5562 ριξο

2293 5566 2416 5618 suis
2446 5563 2683 5620 damnis
2715 5564 2908 5630 habet,
2945 5581 3006 5620 se
3037 5565 3313 5620 amisisse
3341 5557 3504 5620 ducit
3559 5557 3838 5635 quidquid
3863 5559 3902 5610 te

2357 5716 2372 5746 ¹
2403 5712 2552 5762 Alius
2583 5713 2731 5770 Cod.,
2763 5715 3055 5780 pulchram.
