4140 6174
515 181 652 238 1119

511 319 574 359 re
601 301 784 359 debes
817 304 990 372 (srepe
1009 300 1167 356 enim
1188 303 1390 373 repeto
1407 300 1570 373 quod
1595 300 1720 355 ﬁeri
1743 314 1980 373 semper
1999 299 2162 373 voto)

516 381 757 432 sanctas
792 371 1123 442 S'criptnras
1143 371 1267 426 sine
1285 371 1721 426 intermissione
1747 371 2164 438 meditati,his-

513 464 629 518 que
670 455 839 518 tuam
865 446 1392 518 replerementem,
1421 449 1477 498 et
1507 443 1675 498 malis
1700 443 2164 518 cogitationibus

517 515 714 573 locum
738 515 1256 578 auferens,divinis
1275 516 1548 570 animum
1563 515 1834 570 sensibus
1849 529 2161 584 occupare,

518 593 929 658 quantumque
953 587 1132 640 Deum
1163 587 1396 654 diligas,
1425 603 1492 640 ex
1531 587 1844 640 dilectione
1865 585 2009 658 legis
2040 585 2164 654 eius

516 657 1023 713 Ostendere.Unde
1049 659 1347 728 Scriptura
1364 657 2161 722 dicit:Quiti-mentDominum,

515 730 674 799 inqui
682 736 799 782 rent
817 729 951 798 quod
966 729 1348 796 beneptacitum
1379 736 1454 782 est
1469 728 1556 782 illi
1579 737 1657 794 ,ἐι
1671 729 1762 798 qui
1775 729 2010 798 diligunt
2024 743 2162 792 eum,

515 801 868 870 reptebunlnr
903 800 1009 868 tege
1035 800 1148 869 ejus
1174 801 1429 868 (Ecctmi.
1447 801 1550 868 I9).
1574 803 1733 854 Tunc
1749 799 1962 854 senties
1978 814 2164 870 quan-

513 876 640 926 tum
667 873 744 925 ad
767 873 893 940 ejus
917 887 1178 925 amorem
1203 872 1444 938 adjuvet
1463 877 1518 926 te
1536 871 1847 941 sapientia,
1873 875 2164 941 quantum

516 943 593 996 sit
611 945 667 996 in
693 949 745 996 te
760 939 973 996 divinas
993 941 1136 1010 legis
1155 943 1461 1005 auxilium,
1485 949 1540 996 et
1565 939 1813 996 Domino
1827 939 1964 996 cum
1983 939 2167 995 David

517 1013 955 1076 Itetacautabis,
973 1013 1036 1066 In
1053 1014 1206 1067 corde
1229 1031 1340 1068 meo
1361 1014 1610 1068 abscondi
1625 1013 1832 1083 eloquia
1855 1019 2034 1076 tua,ut
2065 1027 2167 1064 non

518 1101 716 1154 peccem
735 1085 840 1138 tibi
859 1085 1032 1155 (Psat.
1059 1101 1247 1148 (:xvui,
1279 1087 1382 1150 II).
1404 1086 1760 1139 Excitandus
1776 1089 1862 1138 est
1877 1085 2034 1138 enim
2051 1083 2168 1155 spi-

518 1153 830 1210 ritualibus
863 1153 1114 1210 stimulis
1139 1173 1260 1210 sem
1275 1173 1374 1224 per
1401 1156 1958 1225 animus,etmajore
1979 1153 2168 1225 quoti-

517 1227 610 1280 die
627 1226 837 1280 ardore
853 1227 1555 1282 reuovaudus.t)rationis
1571 1225 2168 1291 instantia,illumina-

517 1299 596 1352 tio
628 1297 917 1362 lectionis,
971 1298 1304 1352 sollicitudo
1363 1299 1722 1368 vigiliarum,
1763 1303 1820 1352 et
1872 1297 2087 1351 diurna
2115 1301 2170 1350 et

517 1375 811 1424 nocturna
832 1369 960 1438 ejus
993 1369 1379 1424 incitamenta
1409 1377 1568 1424 sunt.
1599 1369 1747 1424 Nihil
1780 1368 1938 1423 enim
1969 1369 2026 1422 in
2059 1368 2169 1421 hoc

517 1441 826 1510 proposito
858 1440 978 1494 otio
1007 1439 1264 1492 deterius
1297 1447 1406 1506 est,
1439 1441 1600 1511 quod
1634 1457 1751 1494 non
1787 1439 2168 1494 solummodo

519 1527 638 1566 non
657 1513 908 1582 acquirit
927 1512 1208 1576 nova,sed
1227 1511 1400 1565 etiam
1419 1518 1588 1581 parta
1601 1512 1918 1566 consumit.
1943 1513 2170 1564 Sanctaa

517 1583 649 1637 vita:
673 1584 824 1636 ratio
844 1598 1118 1652 processu
1141 1583 1364 1653 gaudet
1392 1590 1448 1636 et
1467 1583 1695 1642 crescit.
1720 1582 2045 1636 cessatione
2062 1587 2167 1634 tor-

518 1655 704 1724 pescit
733 1660 788 1707 et
819 1653 1030 1708 deticit.
1057 1653 1427 1720 Quotidianis
1452 1661 1504 1708 et
1532 1653 1865 1708 recentibus
1888 1655 2168 1707 virtutum

521 1727 901 1778 incrementis
919 1741 1088 1778 mens
1113 1727 1502 1779 instauranda
1525 1729 1628 1787 est,
1651 1731 1703 1780 et
1733 1725 1966 1778 vivendi
1993 1724 2168 1777 nobis

517 1795 882 1850 hociternon
899 1796 970 1848 dc
989 1797 1422 1861 transacto,sed
1439 1797 1508 1850 de
1523 1797 1750 1866 reliquo
1777 1795 2164 1850 metiendnm.

519 1867 816 1938 Quamdiu
850 1883 1060 1920 sumus
1091 1867 1150 1920 in
1181 1867 1290 1920 hoc
1317 1884 1582 1938 corpore,
1613 1865 2060 1938 nunquamnos
2092 1865 2168 1920 ad

519 1937 848 2008 perfectum
880 1939 1107 1991 venisse
1140 1937 1455 1992 credamus
1487 1957 1498 2006 ;
1521 1938 1607 1992 sic
1629 1939 1785 1992 enim
1807 1937 2021 1992 melius
2043 1951 2170 2008 per-

521 2007 773 2062 venitur.
809 2008 1058 2062 Tamdiu
1091 2023 1210 2062 non
1244 2009 1568 2063 relabimur
1593 2009 2064 2080 retro,quamdiu
2091 2007 2166 2062 ad

516 2080 718 2151 priora
745 2081 1164 2134 contendimus
1192 2095 1204 2132 :
1239 2086 1298 2134 at
1329 2080 1427 2134 ubi
1459 2079 1817 2150 cmperimus
1841 2085 2014 2143 stare,
2035 2079 2166 2132 des-

517 2151 830 2206 cendimus
861 2169 874 2219 ;
911 2157 1303 2220 nostrumque
1335 2167 1454 2206 non
1475 2152 1773 2222 progredi,
1799 2152 1926 2219 jam
1953 2151 2166 2204 reverti

517 2227 626 2278 est.
657 2225 855 2276 Cesset
885 2223 1083 2276 omnis
1115 2222 1376 2289 ignavia,
1437 2230 1492 2277 et
1518 2223 1739 2276 inutilis
1769 2223 1843 2276 de
1873 2223 2169 2292 praeterito

517 2293 722 2348 labore
747 2295 1116 2348 securitas.Si
1137 2293 1411 2348 volumus
1439 2309 1556 2348 non
1573 2295 1782 2356 redire,
1807 2293 2168 2348 currendum

519 2369 624 2419 est.
657 2368 862 2419 Beatus
895 2363 1212 2434 Apostolus
1254 2365 1327 2418 de
1377 2365 1472 2419 die
1505 2365 1562 2419 in
1595 2367 1750 2419 diem
1785 2365 1986 2419 vivens
2025 2365 2166 2433 Deo,

523 2451 642 2490 non
669 2436 964 2505 quidante
991 2436 1241 2500 fecisset,
1277 2437 1534 2506 sedquid
1555 2437 1744 2491 facere
1766 2435 2170 2490 deberetsem-

521 2523 628 2578 per
659 2508 993 2568 attendens,
1024 2507 1288 2561 dicebat:
1321 2509 1564 2572 Fratres,
1592 2525 1680 2578 ego
1702 2525 1894 2560 menon
1923 2507 2170 2560 arbitror

517 2579 974 2646 comprehendisse
1003 2579 1235 2646 aliquid.
1275 2581 1452 2632 Unum
1467 2587 1794 2648 (interimque).
1811 2578 2018 2648 quidem
2043 2584 2169 2630 sunt

517 2655 666 2702 retro
693 2649 1020 2711 obtiviscens,
1053 2649 1122 2701 ad
1161 2667 1220 2700 ea
1235 2667 1512 2718 permane?
1529 2657 1650 2704 sunt
1661 2651 1960 2720 priora,me
1981 2656 2166 2703 exten-

517 2720 660 2778 dens.
681 2720 749 2772 ad
767 2720 1086 2772 destinatum
1105 2737 1391 2789 persequor
1413 2722 1506 2774 bra
1516 2723 1658 2775 vium
1683 2737 1928 2790 superine
1946 2727 2088 2773 vocat
2097 2737 2170 2772 t0-

518 2791 600 2842 nis
637 2791 1032 2860 l)ei(PhiIipp.
1057 2807 1134 2854 Ill,
1173 2796 1247 2856 l3,
1279 2795 1381 2860 ti).
1406 2791 1460 2845 Si
1489 2793 1695 2846 beatus
1713 2792 1926 2846 Paulus
1955 2791 2048 2844 ille
2065 2807 2168 2845 vas

517 2860 958 2932 electionzs,qui
991 2863 1370 2916 itaChristnm
1407 2863 1648 2918 indutus
1669 2871 1814 2930 erat,
1847 2861 2165 2927 utdiceret,

531 2931 656 2988 Vivo
667 2941 844 2986 autem
852 2931 966 3002 jam
979 2951 1082 2986 non
1105 2951 1216 3003 ego,
1235 2935 1367 2987 vivit
1387 2951 1504 2988 vero
1521 2936 1574 2988 in
1597 2952 1673 2987 me
1689 2935 1944 2989 Christus
1961 2933 2142 3004 (Gatat
2153 2975 2164 2986 .

517 3019 577 3062 ιι.
612 3005 723 3074 20),
758 3006 952 3058 adhuc
987 3010 1185 3058 tamen
1219 3022 1280 3058 se
1312 3007 1594 3068 extendit,
1627 3007 1825 3060 adhuc
1857 3005 2082 3068 crescit,
2113 3009 2170 3059 et

518 3076 788 3146 prolicit;
823 3077 964 3146 quid
999 3091 1108 3130 nos
1140 3076 1332 3131 facere
1359 3077 1674 3140 debemus,
1707 3077 1928 3147 quibus
1957 3081 2165 3146 optan-

517 3147 662 3200 dum
697 3152 874 3218 estut
903 3148 962 3201 in
1011 3148 1127 3200 fine
1157 3153 1362 3202 nostro
1393 3148 1556 3202 Pauli
1597 3148 1889 3218 principio
1917 3162 2164 3218 compa-

515 3233 714 3272 remur
737 3217 764 3271 ?
799 3217 945 3282 Ergo
976 3223 1030 3272 tu
1065 3219 1226 3272 hunc
1259 3219 1490 3272 imitare
1519 3219 1624 3290 qui
1655 3217 1819 3283 dixit,
1859 3219 2167 3272 Imitatores

515 3291 956 3355 naeie.~itote,sicut
970 3296 1016 3342 et
1033 3307 1121 3358 ego
1139 3289 1324 3344 Christ
1333 3290 1380 3354 ί(
1389 3291 1406 3342 Ι
1432 3289 1555 3344 Cor:
1595 3290 1791 3356 iv,16).
1812 3290 2166 3344 Obliviscere

517 3376 694 3414 omne
711 3363 1001 3429 praeterita
1014 3361 1138 3424 rn,ci
1157 3361 1420 3430 quotidie
1435 3359 1716 3415 inchoare
1735 3367 1784 3415 te
1799 3367 2043 3430 puta,ne
2059 3375 2164 3428 pro

514 3433 790 3502 praesenti
810 3432 924 3494 die,
946 3447 1067 3501 quo
1085 3432 1267 3484 debes
1291 3432 1506 3486 servire
1531 3435 1664 3497 Deo,
1681 3432 2044 3502 prteteritum
2061 3431 2166 3502 im-

515 3501 706 3572 putes.
741 3503 966 3571 Optime
1010 3505 1261 3572 qniesita
1292 3503 1610 3572 custodies,
1642 3501 1694 3556 si
1715 3517 1952 3572 semper
1977 3501 2168 3573 inqui-

514 3589 640 3637 ras;
665 3573 958 3627 damnum
991 3580 1196 3640 parata
1211 3573 1482 3639 sentient,
1503 3574 1548 3628 si
1575 3590 1788 3644 parare
1811 3573 2162 3628 cessaveris.

587 3645 813 3698 CAPUT
843 3645 1074 3698 XXVIII.
1111 3677 1174 3684 —
1207 3645 1375 3700 Dicas
1408 3645 1674 3709 forsitan,
1711 3645 1962 3700 Grandis
1995 3644 2167 3700 labor

511 3715 971 3787 estzsedrespice
985 3717 1148 3786 quod
1169 3718 1528 3787 promissum
1546 3719 1765 3772 est.0m
1777 3732 1847 3770 ne
1861 3731 2015 3786 opus
2037 3715 2164 3770 leve

515 3785 638 3859 ﬁeri
655 3785 900 3848 solet,cu
913 3805 964 3840 m
982 3785 1110 3855 ejus
1125 3785 1375 3859 pretium
1393 3790 1703 3855 cogitatur;
1719 3793 1774 3842 et.
1791 3785 1924 3858 spes
1939 3787 2165 3858 praemii

518 3857 794 3911 solatium
813 3862 900 3912 est
925 3857 2046 3924 laboris.Sicdurnsagricolainarat’nm
2064 3859 2164 3912 diu

515 3945 800 3997 campum
825 3935 878 3983 et
905 3931 1246 3999 pinguiores
1269 3931 1390 3984 otio
1413 3931 1616 3992 ale-bas
1645 3931 1899 3986 violento
1925 3945 2164 3986 vomere

513 3999 761 4072 scidisse
791 4016 852 4053 se
881 4004 1120 4072 gaudet,
1146 4009 1202 4056 et
1222 4003 1434 4056 mirum
1457 4002 1780 4056 inmodum
1810 4003 1940 4072 ipsa
1969 4001 2164 4070 operis

512 4071 860 4144 difﬁcultate
892 4071 1082 4135 lietus,
1117 4089 1287 4144 spem
1321 4073 1536 4139 segetis
1566 4074 1640 4127 de
1667 4071 1870 4128 labore
1905 4073 2161 4127 metitur.

512 4141 604 4194 Sic
639 4141 1192 4215 negotiatoravidus
1224 4145 1409 4215 maria
1435 4146 2162 4215 contemnit,spectareau-

515 4226 615 4265 sus
644 4211 932 4284 fluctuum
952 4229 1222 4284 spumas,
1247 4214 1595 4284 rabiemque
1623 4211 1934 4270 ventorum
1961 4215 2165 4272 :dum-

515 4283 724 4355 querin
753 4283 918 4355 omni
949 4283 1152 4355 labore
1183 4300 1253 4338 ac
1285 4283 1548 4354 periculo
1573 4285 1807 4340 lucrum
1837 4287 2074 4355 cogitat,
2108 4290 2165 4340 et

513 4352 931 4409 lassitudinem
965 4353 1138 4409 simul
1169 4352 1536 4411 obliviscitur
1559 4361 1616 4411 et
1645 4352 1936 4411 timorem:
1962 4356 2164 4411 Consi-

515 4423 682 4485 dera.
709 4441 942 4498 quaeso,
978 4428 1452 4492 magnitudinem
1477 4428 1704 4498 praemii
1751 4427 1856 4496 tui,
1883 4428 1932 4481 si
1965 4432 2162 4482 tamen

514 4496 880 4570 considerari
921 4503 1108 4567 potest
1141 4500 1436 4570 quidquid
1479 4496 1852 4553 immensum
1887 4504 1992 4554 est.
2029 4500 2165 4554 Post

514 4567 866 4640 abscessum
897 4571 1133 4634 animae,
1163 4567 1530 4639 post—carnis
1557 4571 1880 4638 interitum,
1915 4575 2044 4640 post
2076 4571 2164 4625 fa-

515 4639 681 4712 villas
695 4647 748 4692 et
771 4641 1116 4712 cinerem,in
1145 4641 1448 4697 meliorem
1463 4647 1680 4698 statum
1701 4643 1864 4710 virgo
1882 4639 2162 4712 reparan-

514 4709 593 4762 da
607 4726 667 4762 es
691 4727 703 4770 ;
723 4711 1073 4766 mandatum
1091 4717 1254 4766 terrae
1271 4728 1486 4781 COI'pUs
1501 4714 1559 4766 in
1575 4709 2048 4768 castumialevalnd
2061 4729 2160 4767 um

515 4785 619 4843 est,
649 4787 704 4834 et
733 4782 977 4836 mortale
1005 4788 1170 4837 tuum
1201 4784 1660 4839 immortalitatis
1682 4786 1910 4839 honore
1931 4789 2163 4838 mutan-

513 4851 656 4904 dum
675 4857 779 4905 est.
805 4853 1074 4907 I’Osthtec
1091 4854 1450 4918 Angelorum
1467 4872 1528 4909 es
1542 4855 2160 4918 donandaconsortio,

513 4937 762 4990 regnum
781 4930 1099 4996 acceptura
1121 4926 1418 4986 caelorum,
1435 4931 1494 4980 et
1515 4927 1570 4980 in
1592 4932 1939 4996 perpetuum
1957 4942 2160 4992 regna-

518 4998 647 5048 tura
667 5011 816 5067 cum
843 4995 1090 5050 Christo.
1122 4997 1270 5060 Quid
1299 5013 1438 5060 ergo
1463 4995 1752 5052 retribues
1779 4998 2030 5052 Domino
2053 5013 2160 5067 pro

512 5066 791 5120 omnibus
817 5083 951 5136 quae
967 5067 1229 5140 retribuit
1249 5067 1348 5140 tibi
1374 5069 1820 5138 (Psal.cxv,t'2)?
1841 5070 1982 5140 quid
2002 5066 2162 5124 tanto

512 5144 956 5208 remuneratore
987 5138 1232 5204 dignum
1265 5139 1442 5194 facies
1473 5141 1500 5196 ?
1532 5147 1631 5194 aut
1657 5157 1834 5208 quem
1861 5138 2160 5195 daborem

514 5207 730 5263 durum
749 5209 1184 5279 putabis-mitius
1203 5215 1363 5264 tanta
1387 5216 1522 5265 sunt
1539 5207 1820 5280 preemia?
1835 5211 2001 5264 Unde
2021 5212 2164 5266 bea-

517 5285 607 5352 tus
640 5281 975 5349 Apostolus,
1003 5281 1206 5344 Nutha,
1225 5283 1433 5352 inquit.
1453 5283 1868 5352 suntcondignae
1897 5284 2166 5350 passiones

516 5350 674 5416 huius
701 5352 950 5421 temporis
975 5352 1044 5405 ad
1069 5350 1320 5422 [uta-rain
1347 5353 1582 5422 gloriam
1609 5371 1725 5422 qua)
1754 5350 2082 5407 revelabitur
2108 5355 2166 5406 in

514 5423 661 5493 nobis
691 5425 867 5490 (Itoni.
905 5440 1019 5487 vni,
1059 5427 1157 5493 18).
1195 5425 1342 5487 Quid
1379 5425 1536 5479 enim
1569 5427 1820 5492 dignum
1853 5425 1941 5479 vel
1973 5425 2164 5481 facere

517 5492 602 5543 vel
663 5496 782 5558 pati
843 5492 1163 5564 possumus
1215 5495 1270 5548 in
1331 5495 1488 5549 brevi
1546 5497 1657 5551 hoc
1717 5501 1981 5566 tempore
2035 5496 2166 5550 vitae

515 5567 750 5636 nostrae.
786 5581 918 5636 cum
955 5567 1008 5618 id
1053 5567 1492 5622 ii‘ninortalitate
1513 5567 2112 5636 sitcompcnsandum
2141 5567 2168 5620 ’ἲ

590 5633 809 5713 CAl’IiT
1045 5638 1711 5713 ——-Proptnrqumlidem
1740 5633 2163 5713 apostolusait,

513 5702 734 5766 Idcniin
749 5705 884 5774 quod
897 5702 1434 5776 inprwsentiSzvculO
1446 5717 1516 5766 est
1545 5702 1964 5766 montentaneum
1987 5725 2047 5764 ac
2061 5709 2168 5772 leve

2021 171 2404 230 APPENDIX.

3811 173 3944 230 1126

2273 297 2652 354 tribulationis
2669 303 2890 360 nostras,
2911 313 3082 368 supra
3105 297 3322 352 modum
3343 297 3402 352 in
3413 297 3762 354 sublimitate
3783 305 3946 352 {-ka-

2270 387 2395 424 num
2427 369 2614 440 gloriae
2643 370 2850 439 pondus
2879 377 3139 439 operatur
3161 373 3219 424 in
3249 370 3402 424 nobis
3431 373 3494 440 (ll
3529 371 3658 426 Cor.
3699 385 3780 434 iv,
3823 373 3931 438 IT).

2273 443 2646 511 Respnantur
2667 441 2946 505 honores,
2963 441 3374 510 despiciantur
3394 443 3942 512 divitinaﬁpsaquo-

2271 529 2388 583 que
2425 513 2541 566 vita
2571 517 2776 566 nostra
2803 513 3064 583 martyrii
3094 528 3264 566 amos
3289 513 3938 568 contemnaturEtha-c

2271 583 2738 646 omnia,etiamsi
2755 599 2861 653 pro
2876 583 3218 639 aeternitatis
3233 586 3480 654 praemio
3495 600 3614 639 non
3629 585 3936 646 darentur,

2271 661 2471 728 essent
2498 660 2699 728 tamen
2726 655 3096 728 quandoque
3119 657 3398 728 peritura.
3435 657 3728 711 Amittunt
3759 657 3938 728 etiam

2271 725 2591 798 hocilliqui
2623 725 2860 796 semper
2885 725 3136 796 cupiunt
3157 727 3480 798 possidere.
3498 729 3700 792 Quam
3719 727 3936 781 multos

2274 799 2562 852 memoria
2589 801 2792 852 nostra
2821 798 3037 852 retines
3077 798 3135 852 in
3168 799 3446 854 maximis
3493 798 3838 854 honoribus
3867 815 3930 852 ac

2272 868 2490 940 divitiis
2521 869 2891 940 constitutos,
2921 873 3162 940 repente
3185 869 3258 923 de
3271 869 3628 924 summoilto
3651 871 3934 940 potentia

2274 939 2502 1007 fastigio
2535 939 2870 994 concidisse
2901 955 2913 1004 ;
2947 939 3000 994 et
3029 956 3132 995 eos
3161 941 3265 1011 qui
3307 945 3538 995 tumore
3572 939 3734 1006 elati,
3777 941 3934 995 aliud

2272 1011 2565 1082 quiddam
2619 1026 2805 1082 quam
2833 1011 3132 1082 homines
3162 1027 3290 1066 esse
3323 1027 3386 1065 se
3419 1012 3746 1081 putabant,
3781 1012 3934 1066 exitu

2277 1081 2516 1136 tandem
2537 1097 2648 1154 suo
2667 1081 2946 1154 docuisse
2961 1097 3071 1154 nos
3093 1083 3236 1154 quid
3255 1083 3465 1137 fuerint
3489 1085 3500 1136 !
3519 1083 3674 1148 Quid
3699 1083 3866 1154 enim
3881 1083 3934 1154 in

2275 1154 2388 1208 hoc
2421 1153 2648 1208 mundo
2679 1152 2888 1208 stabile
2915 1151 2940 1205 ?
2965 1151 3130 1224 quid
3145 1169 3285 1209 vero
3317 1155 3560 1208 firmum
3609 1160 3702 1208 est
3733 1153 3762 1206 εἶ
3793 1153 3936 1224 quid

2273 1239 2453 1294 porro
2479 1240 2600 1278 non
2633 1225 2811 1278 breve
2829 1229 2882 1279 et
2899 1225 3210 1286 incertum.
3235 1229 3292 1279 et
3310 1225 3472 1280 casui
3493 1241 3615 1280 non
3635 1224 3938 1280 serviens?

2273 1296 2446 1366 quale
2471 1294 2626 1367 istud
2661 1295 2889 1367 bonum
2913 1301 3020 1358 est,
3055 1296 3220 1367 quod
3251 1312 3486 1367 semper
3513 1297 3734 1352 timeas
3767 1297 3936 1350 amit-

2275 1365 2413 1430 tere,
2445 1365 2610 1437 quod
2641 1366 2734 1420 vel
2759 1365 3152 1422 auferendum
3185 1367 3291 1422 abs
3319 1365 3668 1430 te'metnas,
3707 1369 3864 1421 vela
3889 1375 3937 1422 te

2273 1437 2734 1508 relinquendum
2757 1439 2908 1492 scias
2928 1439 2955 1491 ?
2979 1441 3122 1493 Nam
3139 1439 3244 1493 emi
3271 1438 3434 1494 nullo
3460 1439 3936 1508 eripiatur-casu,

2276 1509 2366 1563 vel
2422 1514 2610 1563 morte
2640 1513 2794 1562 certe
2825 1508 3200 1576 perdendum
3231 1514 3336 1564 est.
3371 1511 3436 1565 Et
3489 1511 3538 1564 si
3575 1511 3694 1566 vita
3729 1515 3940 1564 nostra

2275 1579 2554 1635 tendatur
2575 1595 2680 1650 per
2705 1581 2863 1634 mille
2895 1597 3106 1645 annos,
3127 1586 3182 1635 et
3203 1581 3276 1636 ad
3307 1588 3638 1635 extremum
3657 1581 3940 1634 illnmto-

2277 1652 2580 1723 tiusdiem
2612 1652 2796 1723 aetatis
2826 1653 3178 1722 quotidiana
3237 1653 3588 1708 deliciarum
3621 1651 3936 1723 voluptate

2277 1721 2621 1789 veniamus;
2646 1721 2824 1795 quale
2846 1721 2986 1785 hoc,
3010 1724 3346 1795 quiesmdiu
3373 1723 3662 1794 est,quod
3697 1721 3822 1778 ﬁne
3836 1723 3936 1776 de-

2277 1795 2455 1848 letur?
2469 1798 2571 1848 aut
2585 1793 2717 1864 quis
2731 1794 2887 1866 illius
2903 1793 3223 1863 voluptatis
3242 1795 3463 1850 fructus
3483 1793 3708 1866 est.qui
3725 1795 3932 1850 statim

2275 1869 2338 1918 ut
2367 1867 2704 1928 cessaverit,
2738 1865 3034 1920 videbitur
3066 1866 3166 1920 tibi
3207 1881 3327 1922 non
3361 1866 3541 1922 fuisse
3571 1869 3598 1916 εἴ
3624 1865 3780 1936 lege,
3809 1867 3935 1936 jam

2275 1939 2639 2008 transactum
2665 1937 2792 1990 vitae
2815 1941 2926 1992 tum
2955 1942 3191 2008 tempus
3213 1938 3416 1992 animo
3437 1937 3694 1992 revolve.
3727 1940 3935 1992 Nonne

2273 2007 2566 2079 videbitur
2587 2007 2684 2062 tibi
2701 2008 2914 2063 umbra
2930 2007 3208 2078 quaedam
3230 2008 3600 2079 fuisse,quod
3619 2009 3936 2068 transiit.et

2273 2077 2459 2132 instar
2480 2080 2692 2132 somnii
2721 2080 2909 2134 tenuis
2931 2077 3221 2135 incertum
3248 2097 3381 2135 esse
3399 2077 3580 2134 omne
3603 2079 3776 2150 quod
3789 2080 3937 2134 vide-

2275 2150 2404 2204 tur?
2432 2153 2545 2203 Hoc
2567 2150 2724 2204 idem
2741 2155 2794 2205 et
2816 2152 3151 2220 decrepitus
3169 2167 3350 2205 senex
3377 2152 3596 2206 sentire
3613 2151 3934 2220 potestzcui

2273 2221 3250 2292 convenitdicerecumpropbeta:
3285 2223 3414 2276 Dies
3441 2223 3548 2276 mei
3569 2225 3716 2276 sicut
3745 2223 3932 2275 umbra

2273 2291 2699 2358 declinaverunt,
2730 2300 2778 2346 et
2825 2309 2914 2362 ego
2928 2291 3078 2347 sicut
3106 2295 3288 2362 fenmn
3317 2295 3449 2347 arui
3487 2293 3666 2362 (Psal.
3701 2309 3776 2360 CI,
3813 2295 3924 2356 1'2).

2347 2363 2567 2434 CAPUT
2589 2364 2749 2434 ΧΧΧ.
2789 2395 2846 2403 -
2879 2365 3048 2429 Quod
3069 2365 3113 2418 si
3138 2365 3259 2419 haec
3281 2367 3456 2419 etiam
3485 2365 3581 2418 hic
3611 2379 3933 2434 possumus

2274 2432 2598 2496 dicere,ubi
2623 2435 2900 2504 quamvis
2925 2437 3138 2500 brevis,
3167 2443 3362 2491 tamen
3379 2435 3475 2505 qui
3489 2453 3516 2488 a
3535 2432 3812 2502 praesens
3827 2441 3932 2498 est,

2274 2505 2395 2559 vita
2428 2505 2536 2559 ista
2565 2507 2789 2578 magni
2819 2507 3134 2576 penditur;
3194 2509 3340 2578 quid
3371 2507 3428 2560 in
3483 2506 3694 2560 futuro
3721 2505 3930 2560 dicturi

2275 2592 2506 2638 sumus,
2541 2577 2640 2629 ubi
2673 2577 2884 2646 majori
2919 2577 3264 2632 aeternitatis
3295 2577 3640 2648 praesentia,
3673 2585 3930 2631 transac-

2275 2650 2399 2701 tum
2431 2663 2609 2700 omne
2633 2663 2741 2716 pro
2775 2649 2952 2702 nihilo
2975 2657 3062 2703 est
3086 2655 3111 2702 ‘t
3145 2649 3278 2702 Haec
3302 2655 3358 2703 tu
3387 2655 3580 2703 tecum
3619 2648 3930 2714 diligenter

2273 2718 2603 2792 revolvens,
2631 2719 3052 2792 etbrevitatem
3073 2721 3199 2774 vine
3221 2719 3402 2792 hujus
3423 2720 3782 2774 aeternitatis
3805 2735 3932 2772 con-

2275 2789 2659 2863 temptatione
2677 2789 3242 2863 despiciens,ipsum
3257 2789 3498 2863 quoque
3513 2797 3932 2863 contemptum

2275 2861 2484 2915 mundi
2519 2861 2732 2929 majori
2765 2863 2946 2916 animi
2975 2866 3184 2917 virtute
3208 2861 3543 2926 contemne,
3567 2869 3626 2916 et
3655 2863 3736 2916 ad
3775 2861 3932 2916 illum

2277 2935 2502 3004 tantum
2538 2931 2692 3004 diem
2729 2949 2874 3001 para
2897 2933 3034 2995 te,in
3065 2949 3186 3004 quo
3211 2934 3416 2988 mundi
3443 2934 3640 3000 gloria
3671 2935 3938 2987 ﬁnienda

2275 3008 2360 3057 est
2389 3022 2400 3068 ;
2435 3003 2622 3067 illum,
2657 3003 2923 3075 inquam,
2958 3003 3140 3068 diem,
3189 3021 3370 3075 quem
3405 3006 3686 3058 Salvator
3711 3005 3934 3058 diluvio

2273 3075 2665 3144 comparavit,
2695 3075 2796 3144 qui
2817 3075 3032 3130 mullos
3056 3075 3249 3130 fallaci
3281 3076 3596 3130 securitate
3631 3076 3934 3144 deceptos,

2273 3144 2506 3217 furtivo,
2545 3149 2606 3201 ut
2637 3146 2716 3200 ait
2769 3147 3104 3216 Apostolus.
3165 3147 3644 3217 comprehendet
3675 3147 3936 3202 adventu

2273 3216 2320 3289 _(l
2358 3217 2534 3271 Thess.
2569 3233 2620 3278 v,
2645 3217 2720 3289 2),.
2757 3219 2944 3282 Quem
2969 3217 3180 3272 beatus
3207 3216 3449 3289 quoque
3477 3219 3696 3271 Petrus
3725 3219 3938 3272 descri-

2271 3286 2420 3341 bens
2467 3289 2565 3352 ait,
2619 3287 2881 3342 Adveniet
2911 3297 3090 3342 autem
3139 3286 3248 3342 dies
3281 3286 3506 3343 Domini
3555 3298 3704 3358 sicut
3735 3289 3938 3359 [iugis

2271 3375 2373 3428 qua
2387 3359 2512 3412 σαξΖὶ
2527 3376 2716 3428 magno
2733 3361 2930 3429 impetu
2949 3361 3126 3413 transi
3131 3359 3550 3424 bunt,elementa
3577 3378 3706 3413 vero
3717 3377 3753 3412 α
3769 3361 3940 3413 calore

2272 3429 2630 3483 resolventur.
2669 3433 2800 3484 Cum
2837 3432 3016 3499 igitur
3046 3431 3156 3486 huic
3181 3433 3363 3485 omnia
3417 3431 3778 3484 dissoluenda
3811 3435 3936 3486 sint.

2271 3501 2454 3570 quales
2481 3507 2693 3570 oportet
2743 3519 2834 3554 nos
2863 3519 2966 3556 esse
3011 3503 3070 3555 in
3099 3502 3302 3556 sanctis
3351 3503 3868 3556 conversationibus
3895 3509 3938 3555 et

2271 3572 2563 3641 pietatibus
2587 3580 2949 3642 exspectantes
2978 3579 3026 3627 et
3057 3581 3407 3642 properantes
3433 3575 3492 3626 in
3519 3573 3824 3628 adventum
3839 3573 3940 3626 diri

2273 3643 2516 3715 Dom-ini,
2550 3646 2720 3712 inquo
2741 3645 3119 3698 cmliardentes
3138 3645 3431 3708 solventur,
3459 3652 3509 3698 et
3523 3646 3794 3698 elementa
3809 3647 3942 3715 ignis

2271 3713 2466 3768 ardore
2497 3715 2756 3768 tabescent
2786 3716 2856 3786 (Il
2881 3715 3030 3770 Petr.
3063 3733 3136 3778 Ill,
3175 3720 3238 3770 I0
3269 3717 3358 3784 t2)
3386 3715 3414 3770 ΞΡ
3445 3719 3678 3770 Recens
3715 3713 3938 3771 factum

2271 3791 2377 3846 est.
2412 3791 2466 3839 et
2487 3787 2648 3856 quod
2683 3789 2814 3856 ipsa
2841 3787 3080 3850 audisti,
3101 3803 3234 3840 cum
3253 3787 3326 3842 ad
3351 3787 3624 3841 stridulae
3651 3788 3928 3841 buccinae

2273 3873 2510 3919 sonum,
2537 3858 2986 3928 Gotliorumque
3011 3857 3358 3920 clamorem,
3377 3859 3616 3928 lugubri
3649 3874 3942 3929 oppressa

2273 3935 2432 3982 metu
2459 3929 2705 3983 domina
2724 3929 2889 3983 orbis
2917 3932 3100 3984 Roma
3121 3931 3498 3984 contremuit.
3529 3929 3640 3985 t'bi
3673 3937 3822 3984 tunc
3849 3947 3944 3983 no-

2273 3999 2511 4054 bilitatis
2537 4000 2686 4054 ordo
2715 3999 2742 4053 ?
2773 4001 2867 4054 ubi
2893 4001 3034 4055 certi
3067 4006 3120 4054 et
3141 4001 3398 4056 distincti
3429 4001 3610 4056 ullius
3629 4001 3942 4070 dignitatis

2273 4070 2497 4138 gradus
2523 4071 2548 4118 ‘t
2583 4071 2876 4127 Permixta
2902 4073 3105 4126 omnia
3129 4079 3184 4125 et
3209 4072 3420 4126 timore
3441 4071 3708 4126 confusa
3731 4091 3746 4132 ;
3779 4073 3942 4126 omni

2271 4141 2477 4196 domui
2499 4141 2793 4211 planctus,
2817 4149 2872 4196 et
2895 4143 3143 4214 aequalis
3167 4143 3274 4198 fuit
3298 4159 3399 4212 per
3430 4151 3689 4198 cunctos
3711 4160 3942 4214 pavor:

2273 4229 2460 4268 unum
2492 4219 2616 4268 erat
2633 4229 2838 4268 servus
2860 4220 2914 4268 et
2933 4214 3177 4280 nobilis;
3195 4214 3406 4270 eadem
3427 4230 3526 4268 om
3539 4215 3944 4278 nibusimago

2271 4285 2499 4340 mortis.
2527 4284 2649 4355 Nisi
2676 4286 2820 4355 quia
2855 4286 3047 4352 magis
3078 4301 3212 4340 eam
3247 4285 3536 4340 timebant
3569 4285 3676 4350 illi,
3711 4289 3944 4352 quibus

2269 4355 2461 4410 fuerat
2484 4354 3014 4424 vitajucundior.Si
3035 4357 3115 4412 ita
3139 4356 3722 4412 mortalestimemus
3739 4357 3946 4412 hostes

2271 4432 2324 4481 et
2345 4428 2672 4500 humanam
2699 4443 2976 4492 manum,
3003 4427 3148 4500 quid
3181 4429 3466 4500 faciemus
3491 4444 3630 4500 cum
3653 4429 3944 4486 clangore

2273 4497 2513 4553 terribili
2549 4499 2694 4570 tuba
2715 4500 2986 4554 intonare
3014 4497 3087 4552 de
3118 4499 3268 4554 cmlo
3297 4499 3562 4570 cceperit,
3595 4505 3656 4553 et
3679 4501 3758 4554 ad
3783 4501 3942 4554 illam

2273 4569 2622 4637 Archangeli
2673 4587 2880 4626 vocem
2936 4571 3098 4624 omni
3133 4571 3387 4624 buccina
3418 4570 3746 4625 clariorem
3785 4579 3944 4626 totus

2271 4640 2448 4694 simul
2475 4641 2762 4709 remugiet
2787 4641 3244 4698 mundus?Cum
3271 4641 3597 4696 viderimus
3619 4659 3819 4712 super
3843 4659 3944 4696 nos

2269 4727 2390 4766 non
2423 4727 2604 4767 manu
2631 4712 2786 4768 facta
2811 4729 2981 4768 arma
3031 4713 3285 4777 concuti,
3317 4713 3418 4767 sed
3453 4718 3508 4766 et
3539 4713 3806 4768 virtutes
3837 4729 3944 4768 cce-

2267 4783 2462 4836 lorum
2486 4785 2872 4848 commoveri,
2891 4784 3048 4838 sicut
3069 4784 3360 4853 propheta
3378 4783 3540 4847 dicit,
3561 4786 3705 4838 Cum
3735 4787 3944 4838 venerit

2269 4853 2532 4908 Domi-nus
2559 4871 2750 4924 ponere
2798 4856 2977 4909 orbem
3016 4863 3180 4910 terra;
3233 4855 3518 4914 desertum.
3554 4861 3606 4909 et
3639 4867 3946 4922 peccatores

2267 4925 2564 4998 perderem
2576 4943 2632 4980 eo
2654 4926 2823 4997 ,'quis
2841 4933 2979 4981 tunc
2993 4927 3164 4981 nobis
3183 4941 3388 4998 pavor,
3413 4942 3550 4998 quas
3573 4926 3946 4998 culmoque:

2269 4997 2544 5064 tenebrae,
2603 5013 2737 5051 cum
2773 5013 2880 5052 nos
2909 4999 3127 5066 saepius
3159 5013 3226 5051 ac
3260 4997 3428 5052 toties
3473 4997 3866 5058 admonitos,
3899 5007 3946 5050 et

2267 5073 2468 5124 tamen
2483 5069 2808 5137 imparatos
2821 5068 2944 5123 dies
2959 5069 3052 5122 ille
3065 5068 3373 5138 repererit"?
3389 5069 3944 5140 Tunc,inquit.ptas-

2267 5147 2388 5209 gent
2409 5156 2627 5208 super-se
2639 5157 2814 5194 omnes
2833 5140 3008 5194 tribus
3021 5149 3187 5194 terrae
3205 5157 3222 5192 .·
3241 5146 3287 5193 et
3309 5140 3560 5194 videbunt
3571 5141 3753 5208 ﬁlium
3771 5141 3944 5194 horni-

2269 5212 2356 5264 nis
2369 5213 2660 5265 venientem
2677 5211 2734 5265 in
2768 5212 2994 5266 nubibus
3031 5211 3150 5266 creti
3161 5229 3282 5265 cum
3313 5213 3516 5266 virtute
3549 5211 3730 5265 niulta
3745 5221 3798 5266 et
3831 5229 3942 5265 ma-

2261 5283 2476 5352 jestate.
2511 5282 2657 5336 Tunc
2686 5283 2862 5338 dicent
2911 5281 3197 5348 montibus,
3263 5283 3456 5336 Cadite
3513 5299 3682 5352 super
3731 5291 3944 5346 stos;et

2273 5353 2508 5411 coitibus.
2532 5355 2745 5423 Ope-rite
2759 5371 2882 5418 nos;
2912 5363 2960 5408 et
2977 5355 3166 5424 petris,
3188 5355 3412 5423 Aperite
3439 5371 3524 5407 vos
3543 5353 3704 5408 nobis
3725 5354 3940 5414 (Matth.

2273 5440 2432 5488 xxxv,
2467 5425 2554 5488 30,
2588 5432 2636 5477 et
2669 5425 2799 5480 Luc.
2825 5441 2988 5488 xxm,
3022 5425 3132 5495 30).
3167 5427 3378 5480 Verum
3407 5425 3532 5480 haec
3554 5439 3772 5480 eorum
3809 5429 3936 5482 sint.

2275 5495 2370 5566 qui
2397 5495 2577 5549 variis
2603 5497 2778 5566 hujus
2809 5497 3018 5550 mundi
3039 5495 3260 5551 detenti
3288 5497 3464 5560 curis,
3483 5495 3557 5549 de
3581 5497 3796 5550 mundi
3829 5511 3940 5550 non

2277 5569 2540 5634 cogitant
2567 5567 2701 5620 line.
2735 5571 2814 5620 'l‘u
2843 5584 2983 5622 vero
3005 5568 3094 5622 cui
3129 5567 3422 5621 adventus
3457 5567 3670 5622 Christi
3709 5569 3936 5622 dierum

2279 5639 2664 5710 noctiumque
2699 5639 3002 5694 meditatio
3034 5644 3138 5710 est,
3167 5638 3262 5694 cui
3297 5655 3405 5709 pro
3425 5639 3824 5694 conscientia!
3849 5655 3936 5707 pu-

2277 5710 2448 5767 ritate
2479 5709 2715 5767 Domini
2739 5715 2825 5776 est
2845 5709 3114 5783 optanda
3127 5711 3466 5783 praesentia,
3493 5725 3634 5782 qum
3659 5725 3940 5768 consum-
