4138 6172
228 162 371 235 Ηὲδ

227 299 388 357 tibus
408 295 856 370 eorumanimee
883 308 1036 370 pene
1047 311 1081 370 a
1112 295 1460 370 corporibus
1489 295 1877 370 exhalabant.

231 369 556 442 Stupet‘acti
572 368 743 442 illico
756 367 1059 442 omnesilli
1078 367 1376 425 elevantes
1404 370 1632 435 oculos,
1659 367 1879 423 caelum

227 440 438 506 totum,
490 440 712 496 aethera
754 444 811 495 et
850 440 1057 494 omnia
1086 456 1223 511 quae
1250 456 1458 496 eorum
1504 441 1880 497 continentur

226 512 757 584 ambitu,quadam
776 511 1184 565 videruntluce
1198 513 1412 584 septies
1426 512 1708 568 solisluce
1732 525 1880 582 pras-

223 583 854 641 clariores’clarescere
879 598 892 646 ;
925 597 997 636 ex
1016 597 1138 646 qua
1158 583 1432 639 omnium
1461 585 1718 639 odorum
1750 597 1880 636 aro-

222 664 390 712 mata
414 654 832 725 erumpebant.
864 654 994 707 Haec
1017 653 1095 707 illi
1119 661 1237 709 tam
1255 655 1526 711 miranda
1547 659 1875 717 cernentes,

222 729 409 782 Deum
435 729 824 781 exoraverunt
844 725 1140 793 precibus,
1172 731 1233 780 ut
1252 741 1356 781 eos
1384 742 1488 782 cur
1506 725 1643 782 talia
1672 725 1879 780 ﬁerent

220 815 346 854 non
379 799 601 854 lateret.
627 795 858 861 Quibus
886 811 1002 849 vox
1024 796 1098 850 de
1120 797 1270 851 caelo
1298 798 1540 852 veniens
1566 795 1872 852 istadixit:

218 870 401 926 Nulla
428 886 516 924 vos
546 874 754 923 moveat
772 865 1094 932 admiratio,
1135 884 1229 922 nec
1252 868 1396 922 vobis
1432 868 1685 922 videatur
1702 866 1877 920 admi-

220 942 419 1004 rabile,
445 942 495 995 si
523 939 664 995 talia
689 947 737 992 et
765 937 954 992 videtis
980 944 1029 991 et
1056 939 1285 993 auditis.
1319 939 1490 993 Hodie
1520 940 1662 993 enim
1690 954 1876 1009 regum

219 1022 396 1076 rex,et
410 1012 675 1066 Dominus
689 1010 839 1064 domi
844 1008 1373 1073 nantium,Christus
1388 1011 1647 1065 Dominus
1657 1009 1878 1065 exeunti

217 1085 285 1139 de
309 1085 401 1138 hoc
425 1099 649 1153 nequam
689 1082 888 1153 saeculo
912 1085 1112 1153 animae
1148 1080 1531 1151 gloriosissimi
1560 1080 1879 1153 Hieronymi

213 1151 521 1227 presbyteri
551 1155 612 1207 in
642 1152 944 1227 Bethlehem
957 1151 1116 1206 Iuda:
1136 1156 1535 1219 commorantis,
1560 1151 1876 1227 totus/esti-

222 1225 321 1281 vus
345 1226 555 1280 obviam
584 1225 726 1279 venit
748 1230 811 1278 ut
832 1240 945 1277 eam
969 1240 1086 1293 prae
1106 1227 1317 1278 caeteris
1347 1229 1495 1280 tanto
1516 1225 1872 1294 honoriﬁcen-

219 1300 354 1360 tius,
371 1305 522 1352 tanto
542 1301 591 1349 et
605 1295 956 1349 excellentius
970 1294 1323 1351 etsublimius
1340 1297 1409 1349 ad
1432 1312 1535 1351 sua
1562 1296 1873 1351 introducat

215 1386 410 1439 regna,
424 1374 629 1439 quanto
640 1383 756 1439 prae
776 1366 1336 1439 caeterissublimioris
1360 1375 1412 1422 et
1431 1369 1723 1422 sanctioris
1745 1368 1875 1439 vita?

218 1437 655 1511 meritis'fubget.
674 1437 845 1491 Hodie
864 1438 1101 1511 omnium
1124 1438 1451 1508 Angelos-um
1471 1437 1876 1511 ordinesea‘sul-

220 1519 414 1573 tantes,
444 1508 499 1566 et
530 1508 730 1565 talibus
763 1508 980 1564 vocibus
1007 1510 1321 1565 alternatim
1348 1515 1528 1565 cuncti
1546 1510 1877 1565 concinentes

219 1600 318 1638 suo
364 1583 472 1637 civi
501 1581 798 1635 sociantur.
851 1580 1028 1633 Hodie
1056 1582 1293 1635 omnium
1339 1582 1795 1636 Patriarcharum
1825 1587 1873 1635 et

217 1655 619 1725 Prophetarum
647 1657 850 1725 caelus,
884 1651 1040 1705 hodie
1086 1651 1463 1725 Apostolorum
1498 1660 1546 1707 et
1564 1651 1875 1725 Discipulo-

221 1722 350 1779 rum
388 1725 602 1788 chorus,
641 1722 796 1776 hodie
828 1738 1006 1794 omnes
1033 1726 1208 1777 sancti
1231 1724 1522 1794 Martyres,
1557 1724 1710 1778 hodie
1742 1724 1876 1794 Gon-

221 1797 473 1868 fessores,
516 1794 678 1868 hodie
695 1793 928 1868 gloriosa
956 1794 1058 1868 Dei
1082 1794 1368 1868 Geuitrim,
1388 1793 1605 1849 sanctis
1631 1793 1875 1868 omnibus

219 1864 478 1922 comitata
526 1864 857 1935 Virginibus,
890 1864 1040 1919 hodie
1083 1869 1319 1920 omnium
1351 1865 1625 1921 beatorum
1674 1867 1873 1919 animae

222 1937 551 1995 lzetabundae
582 1943 632 1991 et
643 1936 852 2006 [estivze
867 1943 1262 1991 suooccurrunt
1284 1938 1651 2007 compatriotaa
1667 1945 1714 1991 et
1743 1936 1870 1990 civi.

222 2010 325 2065 His
339 2009 556 2064 auditis
569 2024 682 2062 vox
700 2007 991 2071 siluit,scd
1009 2010 1213 2062 tamen
1236 2008 1334 2063 lux
1349 2015 1407 2062 et
1422 2015 1630 2064 cantus
1648 2012 1705 2062 et
1723 2007 1876 2062 odor

224 2096 329 2153 per
359 2082 571 2153 horam
592 2081 986 2153 postmodum
1026 2078 1418 2153 perdurantes
1437 2150 1446 2153 Α
1467 2084 1871 2153 cessaverunt.

222 2150 429 2222 itaque
457 2150 690 2222 liquido
703 2155 866 2222 patet
890 2150 1092 2220 ipsum
1114 2150 1187 2204 de
1210 2150 1659 2222 sublimioribus
1681 2154 1738 2203 et
1752 2165 1875 2205 ma-

222 2168 307 2207 lta
358 2168 429 2207 ue
457 2168 690 2222 nquiuo
747 2168 866 2205 ειιει
890 2168 1092 2220 ipsum
1114 2168 1187 2204 ue
1210 2168 1659 2205 SUDlImlOI‘lDllS
1681 2168 1738 2203 et.
1752 2168 1875 2205 ma-

217 2168 1877 2295 jortibmscivibusgore:quoetmagnusetmirabilisest,et

222 2293 778 2363 metuendussuper
790 2307 941 2363 pene
954 2308 1165 2346 omnes
1186 2299 1447 2357 sanctos,
1470 2294 1550 2348 ob
1572 2293 1680 2347 sibi
1699 2293 1876 2346 tradi-

224 2374 349 2423 tam
379 2370 791 2438 postestatem.
818 2363 1057 2418 Nullisit
1081 2363 1452 2438 dubium,ita
1484 2380 1604 2434 prae
1623 2365 1872 2438 caeteris,

221 2454 357 2509 qua:
378 2436 500 2493 vult
522 2451 697 2509 posse
723 2437 924 2509 ipsum
950 2436 1208 2509 assequi,
1223 2436 1370 2509 sicut
1389 2450 1507 2509 prae
1521 2436 1749 2509 eteteris
1765 2450 1877 2490 sua

217 2506 723 2564 voluntasdivinae
739 2507 926 2575 magis
939 2506 1877 2562 cohaeretvoluntati.Nullusvero

222 2597 322 2658 me
348 2587 526 2658 tantae
559 2577 827 2658 audacia:
841 2582 1023 2658 putet",
1040 2583 1102 2658 u_t
1115 2577 1299 2658 fatear
1319 2578 1451 2658 ipsa
1461 2595 1515 2632 [ll
1530 2581 1755 2658 Joanne
1772 2577 1879 2658 Ba-

220 2652 399 2724 ptista
413 2652 831 2724 (quo,testante
847 2647 1515 2724 ipso_Salvatore,nullu_s
1529 2648 1714 2719 major
1728 2648 1879 2724 inter

224 2720 401 2779 natos
425 2720 741 2777 mulierum
771 2720 1067 2790 surrexit),
1087 2722 1250 2775 Petro
1281 2727 1337 2775 et
1366 2721 1539 2776 Paulo
1567 2729 1621 2775 et
1652 2720 1878 2774 caeteris

224 2795 546 2849 duodecim
561 2792 880 2864 Apostolis,
894 2792 1001 2864 qui
1015 2790 1092 2845 ab
1106 2792 1236 2862 ipso
1257 2792 1483 2864 Christo
1497 2792 1664 2864 electi
1679 2797 1879 2845 etsan-

222 2865 464 2921 ctiticati
485 2862 646 2930 sunt,
678 2863 967 2933 majorem
989 2862 1211 2917 habere
1241 2863 1531 2931 gloriam:
1559 2863 1658 2917 sed
1680 2871 1879 2917 tamen

223 2937 332 2992 etsi
367 2934 683 3007 prohibeat
709 2933 881 2997 ratio,
914 2934 1114 3007 ipsum
1146 2933 1257 2988 illis
1292 2935 1577 3007 majorem
1611 2934 1879 3007 obtinere

225 3005 479 3079 gloriam
503 3006 704 3079 inqcaeli
734 3019 939 3079 regno,
956 3005 1218 3079 aliquem
1250 3006 1471 3079 audere
1484 3005 1877 3079 conﬁrmare;

224 3076 427 3135 tamen
478 3077 672 3132 nullas
720 3077 891 3131 video
924 3076 1203 3139 rationes,
1254 3091 1359 3130 cur
1384 3076 1458 3130 sit
1489 3076 1654 3131 nefas
1685 3078 1881 3130 dicere

225 3151 524 3223 aequalem
541 3150 656 3204 illis
670 3148 725 3202 in
744 3148 1371 3223 gloriailieronymum
1388 3148 1528 3223 fore,
1545 3146 1880 3223 dummodo

222 3218 338 3279 illis
354 3222 415 3276 in
434 3220 568 3276 vitm
588 3219 899 3275 sanctitate
914 3219 1142 3273 discors
1162 3218 1280 3273 non
1303 3219 1497 3283 fuerit,
1515 3234 1649 3273 cum
1668 3233 1786 3273 non
1807 3218 1883 3273 sit

222 3308 621 3367 personarum
649 3297 926 3367 acceptor
954 3293 1125 3367 Deus,
1151 3290 1256 3367 sed
1280 3289 1884 3367 singulorummerita

225 3360 580 3428 decernens,
613 3368 667 3417 et
697 3360 953 3417 reddens
969 3360 1468 3432 unicuiquequod
1486 3361 1714 3416 meruit.
1749 3360 1882 3415 Atsi

225 3437 513 3507 cuiquam
536 3433 803 3488 videatur
820 3432 1110 3507 minorem
1132 3433 1362 3507 Joanne
1375 3439 1430 3507 et
1450 3432 1743 3507 Apostolis
1760 3432 1882 3486 llie-

226 3504 574 3578 ronymum,
589 3520 804 3578 parum
820 3504 1088 3578 videatur
1101 3504 1392 3578 minorem
1409 3505 1602 3578 ipsum
1619 3504 1883 3578 obtinere

228 3574 647 3648 gloriarmcum
664 3582 719 3630 et
733 3575 883 3629 illius
897 3574 1464 3648 sanctitatismerita,
1482 3574 1885 3648 illius,labor_is

228 3645 443 3720 gratia,
479 3648 639 3703 illius
685 3648 1000 3720 Scripturie
1033 3651 1089 3720 et
1120 3646 1447 3720 verissima:
1478 3645 1884 3720 translationis

230 3716 542 3792 utriusque
598 3716 954 3792 Testamenti
994 3716 1452 3792 ofﬁciorumque
1492 3716 1886 3792 ordinationis

230 3788 462 3847 fructus
491 3805 609 3846 non
635 3789 828 3845 solum
860 3788 1274 3860 praesentibus,
1310 3788 1413 3860 sed
1443 3789 1620 3860 etiam
1654 3788 1882 3843 futuris.

230 3863 653 3935 perspicicater
673 3859 905 3935 cernat;
927 3860 1108 3935 paulo
1133 3862 1329 3914 minus
1348 3859 1473 3917 fore
1496 3859 1594 3914 nili
1613 3875 1787 3935 psum
1807 3859 1886 3913 ab

232 3930 462 3990 eisdem
489 3934 547 3987 in
595 3933 784 4001 gloria
823 3930 1181 3994 discordem,
1217 3946 1424 3985 verum
1466 3936 1647 3985 testor
1681 3933 1886 3996 Deum,

231 4010 384 4078 puto
418 4000 729 4078 judicabit.
789 4005 965 4078 _Porro
1001 4017 1075 4078 ne
1118 4002 1418 4078 aliquibus
1465 4001 1777 4078 deridendi
1806 4000 1889 4078 la-

237 4071 466 4149 queum
490 4076 721 4130 initiare
747 4074 972 4149 _vid_ear,
1006 4072 1150 4149 dum
1178 4071 1390 4129 Joanni
1419 4071 1803 4149 et__z_\postolis
1827 4073 1888 4127 in

239 4144 555 4202 sanctitate
603 4151 661 4201 et
706 4145 895 4213 gloria
940 4144 1237 4216 mqualem
1293 4160 1421 4199 esse
1464 4145 1891 4216 Hieronymum

238 4218 682 4274 sanctissimum
713 4217 902 4272 fateor
922 4215 1147 4287 ;runum
1171 4217 1330 4286 quod
1352 4216 1601 4287 expletis
1618 4215 1887 4269 nondum

240 4290 461 4347 diebus
475 4294 734 4359 quatuor
756 4288 816 4343 in
847 4286 1073 4342 visione
1094 4287 1232 4359 vidi,
1248 4286 1565 4359 enarrabo,
1589 4291 1653 4341 ut
1674 4287 1892 4341 veritas

237 4376 362 4418 non
383 4357 561 4416 lateat
583 4365 658 4415 :et
679 4358 899 4429 nequis
915 4374 1008 4412 me
1030 4359 1139 4413 has
1159 4357 1370 4413 laudes
1387 4363 1645 4413 retexere
1667 4358 1889 4423 credat,

237 4432 335 4488 vel
358 4448 559 4487 amore
584 4430 832 4494 carnali,
856 4446 977 4499 quo
1000 4429 1182 4484 homo
1204 4445 1240 4485 a
1272 4431 1524 4485 veritatis
1555 4430 1894 4499 cognitione

246 4446 335 4488 vel
358 4448 559 4487 amore
584 4446 832 4494 carnali,
902 4446 977 4483 uo
1002 4446 1182 4484 nomo
1204 4446 1240 4485 a
1272 4446 1524 4485 vernans
1555 4446 1892 4499 cognitione

246 4503 510 4559 maxime
540 4502 762 4567 deviat,
796 4446 893 4556 ve?
922 4517 1157 4557 vesanae
1195 4502 1408 4558 mentis
1433 4502 1751 4573 imperitia,
1801 4499 1892 4573 _vel

242 4575 761 4646 aliaquacumque
774 4588 960 4628 causa
981 4588 993 4637 ;
1011 4573 1232 4646 mehoc
1248 4574 1399 4628 sciat
1413 4570 1622 4646 nonab
1651 4570 1893 4646 homine

239 4642 620 4711 intellexisse,
635 4642 739 4700 scd
768 4660 873 4716 per
886 4644 1326 4716 revelationem,
1347 4659 1533 4714 quam
1563 4642 1727 4716 dedit
1743 4644 1894 4716 Deus

243 4717 655 4789 omnipotens,
677 4711 785 4788 qui
810 4731 952 4771 suos
982 4714 1201 4769 exaltat
1223 4711 1484 4789 sanctos,
1509 4711 1895 4789 etexaltando

242 4783 610 4858 magniﬁcat.
632 4783 851 4852 Quarta
872 4792 1367 4858 praeeuntenocte
1388 4785 1529 4839 mihi
1552 4783 1899 4858 avidecogi-

243 4856 411 4923 tanti,
438 4859 582 4932 quid
605 4859 820 4917 laudis,
844 4856 1063 4928 quidve
1090 4857 1308 4932 debita:
1332 4857 1670 4932 reverentiae
1704 4856 1898 4932 Hiero-

243 4932 411 5001 nymi
424 4927 481 4985 in
497 4930 659 4985 brevi
673 4927 1894 5001 retexe’remepistola,revelavithocmodo.

248 4996 402 5058 Uum
428 5002 652 5073 itaque,
675 5007 737 5056 ut
758 5001 906 5065 dixi,
930 4996 1257 5073 disponens
1272 5000 1429 5073 hanc
1455 4997 1767 5073 epistolam
1793 4996 1898 5052 tibi

246 5069 884 5140 scribere,'cogitarem
917 5069 1119 5143 aptam
1148 5070 1345 5143 laudis
1377 5070 1690 5125 materiam
1728 5069 1898 5123 inve-

244 5146 394 5212 nire,
417 5145 565 5201 hora
584 5145 934 5199 adveniente
960 5142 1155 5197 noctis
1178 5142 1404 5204 mediae,
1421 5156 1515 5195 me
1533 5152 1781 5212 somnus
1794 5154 1899 5211 op-

246 5210 469 5289 pressit
495 5239 525 5289 :_
550 5223 606 5271 et
630 5232 779 5289 ecce
824 5213 1086 5289 maxima
1126 5213 1268 5268 mihi
1319 5212 1505 5289 affuit
1534 5210 1897 5289 A‘ngelorum

246 5282 590 5352 multitudo,
625 5288 776 5359 inter
811 5285 1310 5359 quosufulgentes
1330 5284 1462 5355 plus
1492 5282 1897 5359 inﬁnitousole

246 5360 370 5414 duo
401 5366 568 5414 erant
591 5358 720 5423 viri,
744 5353 1069 5413 ita-similes
1098 5361 1154 5412 et
1184 5353 1532 5418 uniformes,
1570 5353 1807 5410 utnulla
1836 5354 1899 5410 in

247 5430 336 5487 eis
358 5431 654 5486 videretur
672 5429 1022 5493 diﬂ'erentia,
1043 5444 1165 5498 qua
1182 5427 1326 5482 alter
1341 5427 1420 5482 ab
1448 5426 1632 5482 altero
1663 5424 1900 5498 differre

246 5506 470 5583 posset,
488 5502 602 5583 nisi
622 5502 788 5583 quod
804 5501 925 5583 tria
936 5497 1095 5582 serta
1114 5498 1345 5583 forebat
1370 5513 1524 5583 unus
1542 5499 1600 5552 in
1612 5497 1808 5583 gapite
1829 5511 1900 5583 ex

249 5567 399 5656 auro
420 5567 788 5656 etlapid‘ibus
806 5571 1096 5656 pretiosis,
1120 5570 1268 5656 alter
1292 5584 1433 5625 vero
1444 5569 1585 5625 duo.
1605 5569 1676 5656 .Ηὶ
1702 5567 1905 5656 candi-

248 5644 513 5701 dissimis
546 5640 739 5701 induti
778 5640 1063 5714 colobiis,
1092 5640 1359 5714 undique
1379 5656 1537 5714 _auro
1566 5645 1622 5696 et
1648 5640 1904 5714 gemmis

248 5716 563 5785 contextis,
586 5721 765 5775 tantae
784 5711 1443 5790 erant'pulchritudinis,
1462 5716 1527 5770 ut
1541 5726 1663 5770 non
1682 5711 1906 5769 valeret

1740 142 2125 227 APPENDIX.

3492 164 3635 232 nec

1978 290 2298 369 quispiam
2324 291 2666 370 imaginari,
2709 291 3073 370 Accedentes
3107 292 3308 370 itaque
3335 295 3414 352 illi
3447 300 3631 356 ambo

1991 378 2177 437 prope
2203 380 2321 437 me,
2339 366 2452 437 sub
2477 364 2711 423 silentio
2735 365 3041 437 paulisper
3063 364 3367 423 steterunt.
3410 371 3632 427 Deinde

1990 435 2084 489 ille
2115 435 2216 501 qui
2249 437 2357 491 tria
2388 435 2615 492 ferebat
2657 435 2837 501 serta,
2865 435 2956 491 his
2989 451 3083 491 me
3112 438 3310 494 verbis
3341 440 3634 497 allocutus

1990 522 2054 584 es
2063 514 2098 560 t:
2120 507 2408 584 cogitas,A
2418 509 2682 584 ugustine,
2698 509 2827 578 quid
2839 508 3015 584 laudis
3026 507 3213 584 debeas
3231 509 3293 563 de
3311 511 3632 584 Hieronymo

1990 579 2049 631 in
2061 579 2289 650 veritate
2311 581 2580 649 proferre.
2596 580 2668 635 Et
2694 586 2834 634 certe
2845 580 2948 634 diu
2968 580 3205 650 cogitans
3214 582 3448 636 nondum
3469 579 3627 650 nosti,

1987 648 2080 721 sed
2101 648 2201 703 huc
2239 650 2392 704 ambo
2421 652 2679 717 venimus,
2706 659 2766 705 ut
2796 651 2908 721 ejus
2937 648 3042 705 tibi
3057 652 3293 719 gloriam
3314 648 3628 709 indicemus;

1988 718 2093 797 Hic
2116 727 2257 797 certe
2276 737 2420 775 meus
2444 723 2781 797 sociusquem
2811 718 2975 797 vides,
2999 718 3355 797 Hieronymus
3386 726 3494 796 ipse
3521 733 3634 797 est;

1987 791 2080 860 qui
2106 791 2246 867 sicut
2280 792 2506 867 aequalis
2528 791 2668 867 mihi
2694 794 2755 847 in
2792 795 2920 848 vitae
2947 791 3233 848 sanctitate
3259 791 3506 865 fuitfita
3529 791 3630 867 per

1986 862 2166 916 omnia
2194 864 2252 916 in
2275 863 2453 939 gloria
2465 864 2782 939 _tequalisest
2802 880 2826 920 .·
2853 871 2901 939 et
2921 862 3631 939 quee_possuni,ipsepoteitt;

1987 938 2043 1010 et
2064 949 2183 1010 qua
2213 936 2346 1005 volo,
2379 942 2428 989 et
2452 934 2562 1010 ipse
2590 936 2724 1000 vult,
2757 943 2822 1010 et
2842 936 3007 1010 sicuti
3032 936 3200 991 Deum
3238 934 3407 1010 video,
3429 934 3482 993 et
3520 934 3630 1010 ipse

1985 1004 2152 1069 videt,
2184 1011 2236 1058 et
2263 1004 2539 1077 cognoscit,
2564 1014 2614 1061 et
2641 1006 2919 1077 intelligit.
2953 1006 3021 1061 In
3045 1024 3146 1077 quo
3173 1009 3345 1063 omnis
3370 1004 3556 1065 nostrd
3581 1019 3630 1066 et

1983 1083 2289 1150 sanctorum
2326 1079 2565 1150 omnium
2602 1078 2856 1150 consistit
2880 1078 3154 1150 beatitudo
3196 1087 3246 1132 et
3281 1081 3480 1150 gloria.
3521 1082 3632 1137 Nec

1986 1146 2137 1201 habet
2156 1149 2409 1219 majorem
2436 1148 2786 1204 velminorem
2804 1149 3035 1219 gloriam
3058 1149 3199 1205 alter
3208 1146 3464 1206 ab'altero
3483 1169 3634 1207 sanc-

1984 1224 2186 1292 torum,
2202 1222 2311 1273 nisi
2334 1220 2390 1274 in
2416 1226 2675 1290 quantum
2686 1222 2856 1292 magis
2878 1228 2927 1274 et
2951 1221 3380 1277 minusdivinam
3408 1232 3635 1279 contem-

1978 1289 2542 1365 platur‘speciem’sive
2570 1289 2846 1362 cognoscit.
2871 1293 3092 1347 Sertum
3110 1309 3233 1347 vero
3258 1295 3476 1349 tertium
3497 1296 3634 1365 quod

1981 1360 2107 1431 plus
2130 1360 2237 1435 illo
2253 1360 2647 1435 fero,aureola
2678 1364 3066 1435 martyriiest,
3095 1364 3232 1435 quod
3255 1366 3423 1419 vitam
3450 1360 3634 1435 ﬁnivit

1981 1434 2375 1508 corporis-quia
2393 1434 2631 1508 isteetsii
2635 1436 2876 1505 nmundo
2887 1434 3093 1489 labores
3099 1436 3192 1505 plu
3200 1437 3426 1508 rimoslet
3436 1434 3634 1492 aerum-

1982 1520 2101 1578 nas,
2129 1505 2469 1578 a/ﬂictiones,
2496 1505 2739 1570 verbera,
2770 1507 3136 1578 contumelias,
3166 1514 3216 1561 et
3244 1505 3519 1563 hominum
3542 1526 3635 1578 opa

1977 1574 2227 1650 probria,
2252 1583 2301 1630 et
2327 1576 2904 1650 derisiones,etceetera
2918 1577 3069 1650 valde
3096 1578 3287 1647 gravia
3314 1579 3393 1632 ita
3420 1574 3633 1650 paci/tce

1978 1647 2216 1719 pertulit
2240 1653 2289 1699 et
2320 1649 2398 1719 ita
2420 1648 2718 1716 gaudenter
2745 1656 2964 1718 propter
2991 1649 3183 1712 Deum,
3212 1657 3270 1703 ut
3303 1652 3362 1703 in
3396 1647 3633 1719 inﬁrmi-

1986 1717 2185 1770 tatibus
2209 1717 2525 1791 exsultat-et,
2544 1725 2593 1773 et
2614 1734 2770 1791 verus
2793 1717 3003 1789 martyr
3013 1721 3307 1791 exstiterit,
3332 1727 3380 1773 et
3401 1717 3634 1791 praemia

1984 1789 2251 1860 mortarii
2278 1790 2654 1860 nonamiserit
2670 1810 2693 1859 ;
2736 1796 2914 1843 tamen
2952 1790 3082 1859 quia
3109 1790 3291 1860 gladio
3318 1789 3488 1845 vitam
3526 1809 3634 1847 non

1980 1858 2490 1932 ﬁnivit,_aureolam
2515 1876 2632 1930 quae
2664 1877 2723 1932 in
2765 1858 2976 1930 signum
3001 1858 3168 1914 datur
3196 1864 3475 1932 martyrii,
3502 1864 3634 1917 talis

1982 1947 2087 1984 non
2117 1929 2288 1985 habet.
2331 1931 2487 1985 Serta
2515 1929 2638 1985 vero
2665 1931 2769 1985 duo
2791 1929 2925 1995 alia,
2952 1949 3068 2001 quae
3100 1929 3369 1997 habemus,
3399 1935 3632 1989 aureolis

1980 2008 2107 2073 sunt
2136 2018 2253 2073 quae
2281 2002 2448 2056 solum
2483 2001 2789 2073 virginibus
2814 2008 2863 2056 et
2895 2002 3199 2057 doctoribus
3226 2003 3452 2073 dantur,
3492 2014 3549 2059 ut
3568 2006 3634 2059 ab

1981 2072 2112 2126 aliis
2135 2072 2536 2128 discernantur.
2578 2072 2672 2127 ’Ad
2717 2073 2864 2135 hinc,
2902 2081 2963 2129 ut
3005 2074 3150 2128 mihi
3192 2076 3519 2140 videbatur,
3551 2077 3636 2132 ita

1980 2144 2302 2214 respondi:
2333 2146 2473 2209 Quis
2502 2144 2658 2199 enim
2682 2159 2764 2208 es,
2789 2144 3033 2199 domine
3060 2144 3187 2199 mi?
3217 2148 3281 2201 Et
3303 2146 3397 2200 ille
3426 2163 3439 2200 :
3471 2147 3638 2201 Joan-

1981 2212 2095 2277 nes,
2122 2212 2333 2286 inquit,
2361 2215 2613 2286 Baptista
2626 2232 2715 2286 ego
2727 2232 2864 2279 sum,
2886 2217 2982 2286 qui
3006 2215 3106 2270 huc
3129 2216 3199 2271 ad
3226 2223 3272 2271 te
3289 2216 3554 2281 descendi,
3573 2224 3636 2273 ut

1981 2288 2290 2359 nuntiarem
2320 2286 2425 2359 tibi
2434 2287 2753 2359 Hieronymi
2760 2287 3014 2358 gloriam,
3040 2295 3300 2358 quatenus
3319 2291 3490 2359 ipsam
3501 2306 3633 2359 gen-

1983 2356 2124 2411 tibus
2147 2361 2379 2430 nunties.
2398 2356 2657 2412 Hocenini
2674 2356 2902 2421 noveris,
2925 2356 3236 2430 quia—honor
3259 2365 3309 2414 et
3326 2356 3635 2415 reverentia

1982 2445 2099 2552 gum
2127 2428 2673 2498 singulissanctm'um
2684 2428 2987 2495 exhibetur,
3008 2430 3634 2486 cwterisomnibusexhi-

2016 2507 2153 2552 etur.
2189 2516 2255 2552 ne
2288 2507 2437 2552 putes
2464 2502 2601 2552 quod
2636 2502 2696 2552 in
2730 2504 2859 2552 caelo
2891 2504 2964 2552 sit
3009 2501 3200 2552 aliaue
3229 2502 3445 2552 invidia
3484 2509 3544 2552 ut
3573 2503 3634 2552 in

2016 2507 2153 2560 etur,
2189 2516 2255 2554 ne
2285 2507 2437 2570 putes
2464 2502 2601 2570 quod
2636 2502 2696 2554 in
2730 2504 2859 2558 caelo
2891 2504 2964 2555 sit
3009 2501 3200 2571 aliqua
3229 2502 3445 2557 invidia
3484 2509 3544 2557 ut
3573 2503 3635 2557 in

1985 2571 2198 2625 mundo.
2223 2572 2382 2626 Sicut
2407 2575 2549 2626 enim
2576 2573 2635 2625 in
2662 2572 2856 2626 mundo
2878 2572 3101 2628 cuilibet
3123 2574 3395 2628 hominum
3420 2575 3635 2628 caeteris

1982 2658 2206 2716 praeesse
2235 2643 2415 2716 potius
2442 2643 2593 2716 vellet
2624 2659 2782 2713 quam
2807 2643 3045 2716 subesse,
3072 2644 3150 2697 ita
3177 2646 3234 2716 in
3254 2646 3379 2700 caelo
3416 2652 3637 2716 propter

1984 2712 2307 2787 charitatem
2342 2712 2687 2787 ineffabilem,
2713 2730 2817 2784 qua
2845 2731 2899 2769 se
2928 2715 3154 2769 invicem
3185 2712 3430 2787 diligunt
3472 2712 3634 2771 beata:

1984 2785 2202 2851 animm,
2251 2784 2475 2857 quilibet
2504 2793 2811 2857 sanctorum
2848 2786 2926 2839 ita
2956 2786 3190 2839 alterius
3219 2784 3394 2857 gloria
3419 2789 3634 2857 gaudet,

1984 2857 2126 2929 sicut
2148 2872 2267 2908 sua.
2297 2855 2443 2929 Quin
2455 2862 2503 2929 et
2532 2856 2681 2909 vellet
2703 2858 2920 2929 quisque
2936 2858 3126 2927 major,
3145 2865 3204 2911 ut
3222 2855 3637 2929 ‘qaisqueminor

1984 2925 2092 2979 sibi
2115 2926 2514 2999 esseta’qualis,
2546 2930 2597 2980 et
2633 2925 2764 2999 pene
2794 2925 2988 2999 major,
3020 2925 3149 2997 quia
3177 2925 3288 2995 ejus
3307 2925 3485 2999 gloria
3509 2936 3637 2983 esset

1985 3014 2083 3068 sua
2110 3011 2133 3052 .·
2162 3005 2210 3051 et
2233 2998 2313 3051 ita
2338 3000 2516 3051 minor
2538 2997 2767 3068 majoris
2794 2998 2972 3065 gloria
3010 2999 3224 3066 gaudet,
3256 2997 3424 3053 sicuti
3449 3000 3498 3053 si
3522 3017 3637 3054 eam

1987 3067 2204 3122 haberet
2233 3083 2255 3122 .·
2277 3084 2369 3122 nec
2401 3068 2556 3122 vellet
2576 3084 2692 3122 eam
2721 3068 2915 3123 habere
2938 3076 2997 3123 ut
3024 3069 3117 3122 ille
3140 3085 3241 3122 non
3267 3070 3500 3134 haberet,
3530 3071 3639 3124 imo
3706 3088 3711 3095 ‘

1984 3140 2164 3222 potius
2191 3138 2254 3193 de
2281 3139 2479 3222 ειμικεί
2498 3141 2584 3222 [as
2611 3146 2766 3222 esset,
2792 3139 3123 3222 impertiret.
3159 3139 3306 3221 _Unde
3328 3141 3505 3222 gloria
3529 3142 3639 3222 sint

1986 3210 2236 3282 gulorum
2260 3217 2335 3264 est
2363 3210 2543 3280 gloria
2570 3218 2908 3275 cunctorum,
2940 3218 2987 3264 et
3018 3211 3203 3280 gloria
3226 3210 3542 3267 cunctorum
3562 3219 3638 3267 est

1986 3284 2167 3353 gloria
2188 3282 2542 3351 singulorum.
2577 3283 2673 3336 His
2702 3282 2895 3346 dictis,
2916 3285 3173 3337 societas
3191 3283 3502 3338 omnisilla
3521 3285 3642 3338 dis-

1988 3355 2184 3408 cessit.
2216 3353 2890 3424 EXpergefactusitaque
2912 3369 2949 3407 a
2973 3368 3208 3417 somno,
3239 3360 3435 3410 tantos
3460 3354 3519 3409 in
3547 3370 3643 3410 me

1992 3424 2190 3479 subito
2222 3425 2382 3479 sensi
2407 3424 3265 3496 charitatisardores,quantos
3297 3427 3465 3480 inme
3496 3441 3644 3480 nun-

1989 3511 2514 3568 quamsenseram.
2543 3498 2687 3568 Nam
2712 3496 2995 3565 deinceps
3011 3498 3299 3568 hactenus
3328 3511 3642 3568 nunquam

1991 3567 2336 3638 aliqualisin
2364 3583 2457 3621 me
2491 3567 2849 3638 velinvidiie,
2880 3567 2969 3638 vel
3004 3567 3323 3638 superbiae,
3343 3569 3465 3623 sive
3482 3567 3645 3624 arro-

1992 3638 2209 3705 gantiae
2240 3638 2348 3692 fuit
2386 3637 2687 3710 appetitus
2716 3638 2807 3693 vel
2836 3637 3138 3706 cogitatio.
3169 3640 3351 3695 Testis
3373 3639 3533 3696 enim
3555 3643 3646 3695 est:

1995 3713 2168 3782 Deus,
2243 3709 2345 3780 qui
2387 3709 2593 3782 omnia
2648 3715 2975 3782 antequam
3033 3710 3198 3774 fiant,
3251 3712 3434 3782 novit,
3483 3712 3645 3782 quod

1991 3780 2208 3835 deinde
2239 3786 2435 3834 tantus
2465 3780 2526 3834 in
2558 3795 2652 3835 me
2681 3781 2901 3836 exstitit
2922 3781 3225 3836 charitatis
3239 3781 3452 3849 fervor,
3479 3780 3645 3849 quod

1992 3852 2128 3923 plus
2153 3850 2349 3923 alieno
2377 3852 2542 3923 bono
2563 3852 2820 3923 gaudeo,
2846 3866 3033 3923 quam
3068 3867 3238 3914 meo;
3274 3852 3407 3923 plus
3431 3850 3646 3909 affecto

1992 3922 2276 3978 omnibus
2299 3922 2765 3994 subesse,quam
2794 3938 2977 3994 supra
2996 3939 3145 3978 esse.
3169 3922 3298 3979 Haec
3318 3924 3538 3979 idcirco
3560 3923 3647 3980 di-

1994 3995 2202 4066 xerim,
2236 3998 2450 4066 nonut
2480 3994 2677 4049 laudis
2706 3994 2987 4049 humanae
3025 3994 3338 4066 acquiram
3375 3996 3641 4063 famam;

1995 4065 2099 4139 sed
2133 4064 2347 4139 utquis
2374 4064 2645 4139 hrecnon
2674 4070 2837 4136 putet
2858 4080 3015 4120 vana
3039 4064 3223 4139 fuisse
3248 4067 3648 4139 somnia,qui-

1994 4136 2109 4192 bus
2135 4151 2293 4209 saepe
2317 4136 2799 4209 deluditurmens
2824 4138 3233 4209 nostra.Stepe
3255 4139 3476 4194 etenim
3497 4136 3649 4194 Deus

1997 4207 2350 4264 abscondita
2380 4212 2437 4262 et
2464 4207 2724 4279 maxima
2750 4222 2855 4279 per
2886 4210 3125 4264 somnia
3155 4207 3397 4265 reserat.
3427 4210 3651 4278 Magni-

1996 4279 2244 4335 ﬁcemus
2274 4293 2416 4349 ergo
2462 4278 2779 4334 Dominum
2809 4280 2868 4334 in
2897 4286 3104 4335 sancto
3143 4296 3274 4345 suo,
3303 4282 3648 4350 magniﬁce-

2000 4368 2134 4407 mus
2165 4366 2349 4421 opera
2375 4367 2503 4413 sua,
2535 4351 2823 4422 quoniam
2851 4351 3111 4422 perfecta
3143 4358 3301 4415 sunt,
3334 4367 3444 4406 nec
3473 4358 3561 4407 est
3587 4354 3649 4408 in

2000 4420 2396 4493 eisiniquitas.
2417 4420 2698 4476 Sanctum
2727 4420 2956 4475 Domini
2978 4422 3396 4494 Hieronymum
3413 4427 3650 4494 propter

2002 4491 2365 4565 Daumicum
2385 4506 2508 4561 quo
2534 4497 2763 4565 regnat,
2779 4504 2986 4565 secure
3007 4491 3488 4565 magniﬁcemiis,
3503 4491 3651 4565 quo-

2000 4564 2162 4619 niam
2179 4563 2236 4616 in
2255 4563 2377 4616 vita
2393 4577 2503 4616 sua
2519 4563 2835 4633 magniﬁce
2853 4561 3006 4628 fecit,
3021 4562 3077 4616 in
3095 4561 3282 4617 morte
3297 4579 3406 4618 sua
3422 4561 3650 4633 magni-

2001 4636 2115 4689 ﬁca
2137 4633 2758 4704 recepit.Quapr0pter
2773 4647 3029 4701 magnus
3042 4638 3129 4687 est
3147 4633 3205 4688 in
3227 4634 3425 4689 medio
3439 4637 3648 4701 nostri,

2000 4712 2055 4760 et
2072 4710 2314 4759 sanctus
2338 4710 2392 4759 et
2417 4704 2687 4759 excelsus
2711 4704 2769 4758 in
2791 4704 2927 4759 vitae
2953 4704 3463 4761 excellentissimus
3484 4722 3652 4762 sanc-

2002 4777 2187 4841 titate;
2204 4781 2724 4847 magnussanctus
2738 4780 2791 4829 et
2808 4775 3080 4831 excelsus
3104 4775 3163 4830 in
3183 4776 3492 4847 sapientiae
3509 4778 3652 4834 inef-

2002 4847 2200 4904 fabilis
2226 4846 2657 4919 profunditate;
2692 4862 2949 4919 magnus
2981 4852 3225 4902 sanctus
3250 4846 3307 4904 et
3327 4850 3651 4919 praeexcel-

2003 4937 2106 4975 sus
2130 4920 2185 4973 in
2214 4918 2637 4989 majorisnunc
2664 4918 2865 4987 glorias
2890 4920 3255 4989 quantitate;
3287 4918 3571 4976 mirabilis
3593 4925 3652 4976 et

2002 4988 2321 5047 laudabilis
2342 4996 2395 5045 et
2417 4988 2713 5058 gloriosus
2734 4989 2792 5044 in
2820 4988 3108 5061 prddigiis
3126 4991 3349 5057 invisis,
3366 4991 3651 5047 inauditis

2003 5069 2059 5117 et
2087 5062 2360 5133 insuetis;
2383 5060 2757 5127 metuendus,
2781 5060 3071 5116 celendus
3095 5067 3161 5133 et
3174 5062 3550 5118 venerandus
3571 5063 3652 5119 ob

2006 5133 2117 5189 sibi
2139 5132 2417 5189 traditam
2440 5148 2475 5188 a
2502 5133 2752 5189 Domino
2764 5137 3135 5205 potestatem,
3152 5132 3438 5189 honorem
3457 5140 3514 5189 et
3531 5134 3655 5205 glo-

2004 5206 2155 5261 riam
2194 5204 2643 5273 sempiternam.
2686 5203 3132 5265 Magniticemus
3174 5219 3338 5273 ergo,
3378 5203 3650 5272 obsecro,

2005 5293 2164 5340 eum,
2181 5292 2254 5330 ne
2277 5281 2609 5339 taceamus;
2626 5275 3131 5347 quoniamimajor
3152 5278 3413 5347 estomni
3436 5276 3647 5332 laude:

2004 5354 2178 5404 notas
2209 5347 2501 5401 faciamus
2527 5347 2583 5400 in
2617 5345 2853 5416 populis
2883 5345 3086 5413 glorise
3118 5362 3240 5401 suae
3267 5346 3494 5403 laudes.
3525 5352 3651 5405 Non

2008 5420 2252 5474 miretur
2283 5419 2464 5473 homo
2497 5415 2540 5470 si
2574 5415 2733 5480 eum,
2756 5432 2943 5488 quem
2979 5419 3131 5471 Deus
3165 5419 3568 5488 magniﬁcavit
3598 5425 3656 5477 et

2006 5490 2205 5546 coluit.
2228 5489 2575 5551 laudemus;
2600 5503 2718 5560 non
2752 5487 3056 5560 hominem
3080 5487 3285 5560 pigeat
3307 5492 3572 5547 venerari
3599 5497 3656 5549 et

2006 5562 2217 5635 colere,
2245 5562 2606 5635 quempeus
2626 5557 2808 5635 _coluit
2839 5563 2897 5613 et
2924 5557 3243 5635 veneratus
3265 5566 3372 5635 est.
3389 5564 3515 5619 Non
3542 5579 3658 5635 pu-

2007 5638 2087 5691 tet
2106 5630 2639 5705 quispiam_loa_n_ni
2660 5635 2716 5685 et
2732 5630 3031 5705 Apostolis
3058 5631 3117 5686 in
3143 5631 3333 5705 gloria
3361 5637 3419 5689 et
3440 5630 3655 5691 sancti-

2012 5700 2146 5763 tate'
2174 5700 2475 5778 aequando
2521 5700 2969 5776 Hieronymum,
2995 5700 3214 5761 Joanhi
3253 5709 3312 5762 et
3356 5706 3657 5781 Apostolis
