4140 6174
0 1787 4 1914 l

0 1983 4 2114 ἶ

0 2151 4 2292 l

0 3895 60 4420 ί..

23 5321 30 5402 ἓ

17 5411 30 5544 l

495 169 520 222 1
533 168 636 222 127
2009 157 2147 216 APP

2257 157 2390 216 DIX.

491 304 764 346 exercere
789 285 1072 358 injuriam
1091 305 1101 353 ;
1122 285 1410 358 quoniam
1434 284 1635 354 ipsum
1657 283 2067 358 illisprzestare
2083 287 2137 337 et

491 363 681 432 gloria
705 365 761 417 et
781 355 1088 432 sanctitate
1110 355 1161 411 si
1177 360 1438 426 possent,
1463 356 1954 432 optarent.Gloria
1972 355 2137 432 enim

493 425 548 490 Et
577 432 881 488 beatitudo
915 430 1060 498 ejus,
1093 425 1300 482 eorum
1349 433 1436 482 est
1475 425 1700 496 gloria;
1734 433 1791 482 et
1829 425 2158 498 beatitudo

491 521 700 562 eorum
727 511 812 557 est
843 497 972 554 sua.
1027 499 1242 562 Honor,
1274 499 1404 553 laus
1441 506 1496 553 et
1531 498 1859 552 reverentia
1899 513 1932 553 a
1965 497 2138 552 nobis

492 575 756 632 exhibita
783 575 1174 642 Hyeronymo,
1199 586 1408 624 eorum
1435 569 1685 636 singulis
1709 569 2054 642 exhibetur;
2085 573 2140 623 et

491 665 626 718 quae
655 645 765 718 illis
789 641 1136 718 singillatim
1165 643 1490 718 exhibetpr,
1521 642 1875 718 Hieronymo
1901 641 2140 718 extube-

493 710 607 773 t'ur.
629 717 686 771 Si
711 731 854 784 ergo
881 715 1049 784 cupis
1072 713 1718 784 JoannemBaptistam
1741 710 1802 767 et
1822 710 2138 781 Apostolos

491 783 990 854 venerari,'simu’l
1017 799 1298 839 venerare
1329 783 1527 855 illum;
1559 785 1846 855 quoniam
1871 784 2014 855 ipsis
2037 797 2142 855 per

491 861 699 916 omnia
727 853 818 913 est
842 855 1108 928 aequalis.
1142 859 1359 911 Secura
1389 853 2010 928 igitur'menteLOmni
2043 853 2142 906 de-

492 933 680 1003 pulsa,
709 926 1041 998 formidine,
1074 929 1364 1003 Joannem
1409 926 1731 1003 Baptistam
1777 926 2141 1003 Hieronymo

492 995 806 1074 {aqualem
837 1004 894 1054 et
925 995 1042 1074 non
1075 995 1694 1074 ma_jorem,quoniam
1716 997 1923 1074 nullus
1951 995 2143 1065 major

495 1067 748 1128 sui-rexit
782 1071 944 1125 omni
985 1070 1298 1124 devotione
1347 1074 1402 1123 et
1440 1067 1770 1123 reverentia
1805 1067 2140 1132 fateamur;

494 1146 782 1218 quoniam
807 1143 856 1196 si
877 1140 1726 1218 minoremfaeimus,Joannis
1747 1137 1948 1218 gloriae
1975 1138 2144 1218 dero-

493 1209 727 1284 gamus,
769 1221 824 1268 et
873 1215 1064 1284 magis
1111 1211 1358 1279 injurias
1392 1225 1740 1284 exercemus
1785 1211 1864 1266 ad
1906 1209 2139 1284 laudes.

495 1281 676 1350 liuius
710 1285 822 1339 mei
854 1283 1104 1353 imperiti
1141 1283 1434 1336 sermonis
1465 1297 1621 1352 opus
1655 1295 2030 1353 quanquam
2057 1281 2143 1353 in-

495 1359 871 1413 sufticienter.
889 1350 1240 1425 quanquam
1267 1350 1936 1424 vilissime,quanquatn
1957 1350 2141 1416 nihili,

495 1439 690 1486 tamen
720 1429 930 1482 devote
971 1431 1026 1480 et
1057 1435 1390 1478 reverenter
1419 1425 1741 1493 extiiletum,
1776 1425 1848 1478 ad
1885 1430 1936 1478 te
1970 1438 2144 1476 vene-

495 1501 694 1556 rabilis
727 1505 912 1568 pater,
947 1513 1096 1568 puro
1136 1497 1335 1568 corde,
1371 1501 1426 1548 et
1471 1511 1688 1568 magna
1729 1496 1913 1568 animi
1945 1493 2140 1568 devoti

496 1567 804 1628 affectione
837 1567 1062 1638 dirigo;
1093 1567 1440 1638 supplicans
1474 1574 1532 1620 ut
1563 1567 1844 1638 ingenioli
1876 1567 1992 1638 mci
2021 1581 2144 1638 ver-

494 1645 658 1707 bula,
689 1659 823 1712 quae
860 1641 933 1693 de
955 1636 1464 1712 i'nezeimperiti'ce
1505 1641 1786 1712 pauperie
1831 1637 1890 1690 in
1931 1636 2142 1712 laudes

495 1707 1060 1780 eximii'Hieronymi
1091 1709 1301 1780 obtuli.
1333 1723 1455 1780 non
1486 1707 1832 1780 derideudo,
1873 1707 1976 1762 sed
2003 1707 2146 1762 cha-

491 1789 662 1840 ritate
689 1783 886 1838 debita
913 1777 1325 1850 aequanimiter
1357 1777 1664 1834 tolerando
1689 1779 1853 1848 legas
1882 1795 1894 1843 ;
1928 1785 1982 1832 et
2009 1794 2143 1849 quae

495 1857 696 1912 minus
724 1853 928 1907 debita
953 1851 1072 1906 dixi
1103 1851 1179 1905 ad
1215 1852 1353 1904 tanti
1387 1851 1492 1903 viri
1525 1850 1735 1903 laudes
1768 1859 1824 1904 et
1851 1865 1998 1904 mete
2031 1865 2146 1903 im-

493 1933 662 2000 pates
681 1925 758 1978 im
769 1924 986 2000 peritia?
999 1929 1056 1976 et
1081 1922 1338 2000 epistolae
1359 1921 1520 2000 brevi
1533 1921 1651 1987 tati,
1673 1927 1729 2000 et
1743 1922 1793 1992 ej
1807 1939 1871 2000 us
1895 1920 2144 2000 landum

489 1991 800 2054 immensas
833 1991 1218 2064 immensitati
1251 2009 1264 2046 :
1293 1993 1576 2064 quoniam
1605 1998 1759 2064 certe
1776 1991 1837 2046 ’si
1871 1994 2142 2047 omnium

495 2068 836 2125 mortalium
869 2065 1088 2134 linguas
1121 2063 1327 2118 solum
1359 2063 1486 2132 ejus
1529 2063 1740 2118 laudes
1783 2068 2142 2134 promerent,

495 2142 697 2196 minus
721 2137 919 2192 debito
943 2133 1082 2191 satis
1107 2141 1281 2190 esset.
1301 2137 1401 2190 Mei
1426 2139 1768 2204 peccatoris,
1789 2133 2148 2190 venerabilis

497 2219 682 2284 pater,
697 2213 822 2264 esto
858 2207 1358 2284 memor,_t_tt_dum
1384 2205 1442 2259 in
1471 2205 1570 2284 illo
1595 2207 1820 2284 steteris
1851 2207 2002 2284 loco,
2027 2220 2147 2284 quo

497 2277 642 2338 illud
667 2297 905 2336 sacrum
953 2278 1148 2333 eximii
1191 2277 1533 2347 Hieronymi
1571 2277 1830 2333 cadaver
1876 2279 2147 2349 quiescit,

497 2355 636 2426 ejus
657 2350 1308 2426 meinterventionibtis
1337 2350 1833 2426 recommendes;
1857 2349 2148 2426 quoniam

497 2419 640 2480 n'ulli
672 2423 924 2478 dubium
954 2427 1060 2482 est,
1093 2419 1258 2491 quod
1289 2434 1359 2474 ea
1388 2435 1525 2491 quas
1557 2425 1716 2490 Optet
1749 2420 2149 2491 idem_Hiero-

497 2512 740 2566 nymus,
789 2498 980 2566 potest
1019 2487 1324 2566 continuo
1351 2487 1638 2566 obtinere.
1668 2494 1793 2546 Non
1839 2487 2000 2546 enim
2041 2505 2150 2544 suo

505 2561 836 2637 aliqualiter
853 2563 1264 2637 defraudatur
1291 2561 1606 2637 desiderio.

501 2630 862 2708 Dea-tiCyrilli
879 2631 1250 2708 (falsotitulo)
1267 2633 1342 2686 ad
1357 2637 1632 2708 sanctum
1654 2631 2068 2708 Augustinum,
2085 2630 2152 2685 de

563 2703 865 2763 miraculis
877 2707 1030 2760 beati
1049 2703 1386 2773 Hieronymi
1411 2703 1737 2772 presbyteri
1755 2708 2151 2774 postmorlem

572 2777 902 2833 celebratis.

1082 2845 1416 2900 EPISTOLA
1447 2845 1576 2897 XIX.

503 2917 830 2976 Venerabili
863 2917 992 2972 viro
1023 2917 1306 2987 episc0po
1338 2914 1553 2987 eximio
1591 2917 1908 2970 Ancusrmo
1942 2916 2156 2986 Hippo-

557 2993 740 3046 ‘ncnsi
755 2986 1843 3060 praesuli,(lvau.i.usJercsolyinitanus
1867 2989 2150 3060 pontifex,

571 3057 908 3118 etomnium
929 3061 1308 3114 sacerdotum
1329 3057 1590 3122 intimus,
1611 3058 2012 3129 illiusinseqni
2029 3075 2154 3112 ves-

571 3136 733 3200 tigia,
755 3134 924 3200 cujus
951 3131 1008 3185 in
1039 3131 1205 3184 terﬂs
1225 3130 1517 3200 sanctitas
1531 3129 1763 3182 radiare
1789 3145 1906 3184 non
1939 3135 2152 3185 cessat.

572 3198 794 3261 CAPUT
827 3198 1366 3257 PRIMUM.—-Illius
1397 3198 1617 3254 scilicet
1656 3201 1992 3270 Hieronymi
2036 3201 2156 3270 glo-

499 3277 658 3340 riosi,
676 3277 766 3344 cuj
780 3291 845 3328 us
862 3274 1148 3344 memoria
1162 3274 1218 3325 in
1235 3271 1727 3344 benedictionem
1755 3273 2039 3326 saeculum
2057 3288 2158 3326 sae-

503 3348 642 3415 culi,
665 3341 764 3418 qui
785 3343 1164 3418 quantussit,
1194 3349 1248 3418 et
1271 3349 1330 3396 tu
1357 3341 1626 3418 similiter
1651 3341 1802 3418 bene
1825 3345 1999 3407 nesti,
2025 3345 2153 3418 ejus

501 3413 647 3472 usus
673 3413 934 3472 maxime
951 3415 1262 3496 colloquiis
1279 3419 1338 3496 _et
1352 3413 1656 3496 doctrinis,
1674 3415 1748 3496 de
1762 3430 1884 3496 quo
1902 3429 1994 3468 me
2011 3413 2154 3494 velle

497 3490 956 3554 disserere,cum
971 3487 1082 3540 sim
1099 3485 1386 3556 reprobus
1399 3484 1456 3539 in
1472 3488 1593 3539 toto
1605 3484 2154 3556 etindignus,quasi

501 3569 713 3632 reputo
729 3558 1044 3632 audaciam
1057 3599 1070 3613 .
1090 3558 1414 3632 Sedtameu
1431 3557 1572 3627 quia
1588 3561 1690 3632 tua
1705 3556 2155 3632 mecogitdilec-

504 3627 603 3697 tio,
633 3639 694 3686 ut
728 3632 828 3686 tibi
859 3629 1060 3700 aliqua
1087 3628 1455 3700 scribamide
1489 3628 1772 3700 prodigiis
1807 3627 2153 3700 hominibus

501 3703 767 3767 insuetis,
795 3717 928 3771 quae
955 3716 1058 3770 per
1079 3699 1318 3753 illumin
1335 3699 1548 3771 diebus
1574 3699 1788 3753 nostris
1810 3699 2154 3753 fecitDomi-

501 3790 634 3838 nus,
662 3780 724 3828 ut
753 3769 892 3826 eum
919 3769 1212 3826 celebrem
1243 3771 1300 3824 in
1327 3769 1556 3824 mundo
1587 3772 1822 3838 faceret,
1847 3775 1899 3824 et
1931 3771 2154 3824 cunctis

503 3846 848 3902 hominibus
863 3843 1187 3914 gloriosum
1206 3860 1218 3897 :
1239 3847 1430 3896 tamen
1459 3843 1569 3896 tuis
1589 3842 1855 3914 confisus
1877 3842 2154 3914 orationi-

499 3919 634 3982 bus,
669 3933 822 3987 opus
855 3913 1188 3987 aggrediar,
1227 3919 1284 3987 ut
1315 3919 1412 3967 tua
1437 3913 1626 3987 poscit
1655 3913 1912 3987 devotio,
1944 3917 1999 3987 et
2027 3913 2154 3968 bre-

499 3983 771 4060 viloquio
801 3985 1192 4060 perstilligam
1217 3984 1290 4060 de
1335 3983 1534 4038 multis
1571 3999 1785 4054 pauca.
1819 3984 2153 4039 Gloriosum

501 4057 684 4127 hujus
719 4058 825 4112 viri
858 4058 1106 4121 obitum,
1143 4057 1552 4126 visionemque
1585 4071 1803 4121 meam,
1837 4071 2066 4110 necnon
2099 4061 2152 4109 et

505 4131 752 4184 miriﬁca
771 4133 912 4181 tunc
929 4127 1210 4197 temporis
1227 4131 1464 4195 peracta
1486 4133 1534 4180 te
1557 4142 1728 4180 nosse
1748 4142 1866 4181 non
1885 4128 2150 4194 ambigo.

507 4204 651 4255 Nam
670 4201 755 4251 vir
771 4198 970 4266 utique
985 4197 1346 4266 reverendus
1359 4201 1412 4248 et
1425 4197 1726 4251 memorite
1739 4197 2022 4252 oblivioni
2035 4213 2152 4252 non

505 4272 744 4333 dandae,
765 4265 1053 4322 Eusebius
1076 4265 1295 4338 nobilis
1311 4266 1722 4338 Cremonensis
1742 4269 1870 4337 ejus
1891 4269 2155 4338 discipu-

503 4343 617 4410 lus,
653 4343 710 4396 in
745 4355 865 4411 quo
907 4337 1172 4408 magistri
1201 4336 1427 4411 refulsit
1459 4336 1830 4411 sanctitaset
1858 4336 2150 4402 doctrina,

505 4415 676 4485 cujus
699 4409 1053 4485 sapientiam
1089 4415 1142 4485 et
1165 4409 1521 4485 probitatem
1537 4409 2013 4485 etexcellentiam
2033 4425 2154 4485 non

500 4481 784 4552 ignoras,
809 4483 910 4553 qui
953 4487 1085 4552 post
1121 4481 1408 4534 biennum
1451 4486 1742 4553 arnOstrze
1784 4481 2155 4536 mortalitatis

503 4553 746 4612 miseria
785 4552 1042 4624 ereptus,
1087 4552 1894 4624 suiturpraedilectissimum
1936 4553 2156 4618 magis-

506 4637 659 4683 trum
675 4623 1080 4694 Hieronynum
1098 4625 1156 4677 in
1171 4623 1301 4678 coeli
1317 4623 1510 4694 patria
1523 4629 1608 4678 est
1623 4631 1880 4689 secutus,
1903 4629 1962 4679 ut
1979 4625 2154 4679 nobis

505 4693 916 4764 indicanteius
933 4695 1140 4752 crebra
1157 4693 1460 4760 miracula,
1477 4696 1549 4748 de
1572 4695 1791 4765 quibus
1805 4697 1984 4750 etiam
2011 4695 2155 4752 infe-

504 4771 625 4825 rius
639 4765 1713 4838 aliqualiterpet-tractabo,reverendo
1729 4767 1880 4836 patri
1900 4770 2154 4823 Damaso

502 4837 803 4896 Portuensi
819 4839 1186 4908 episcotio,et
1199 4837 1544 4908 Theodonio
1559 4839 1963 4892 Romanorum
1980 4854 2150 4894 sena-

507 4914 612 4969 tori
650 4912 777 4982 ejus
807 4907 970 4964 fratri
999 4911 1234 4982 Severo,
1259 4907 1632 4982 probissimo
1664 4909 1810 4982 viro,
1841 4910 2155 4982 Eustochio

505 4979 891 5039 sanctissimae
907 4979 1404 5042 mulieri,ettibiet
1419 4979 1614 5034 multis
1631 4980 1942 5050 aliis,quos
1960 4981 2156 5050 singilo

504 5057 671 5112 latim
687 5053 980 5109 nominari
997 5067 1116 5106 non
1137 5055 1432 5118 eget;tunc
1449 5053 1726 5121 temporis
1744 5067 1846 5120 per
1859 5050 2149 5106 suaslitte-

504 5143 601 5182 ras
617 5126 795 5182 totius
809 5126 938 5194 ejus
951 5123 1147 5178 obitus
1161 5121 1374 5194 seriem
1389 5121 1678 5194 intimayit
1696 5143 1706 5174 :
1726 5122 1883 5178 unde
1894 5139 1991 5194 am
2003 5123 2156 5194 plius

505 5215 574 5254 ea
592 5215 726 5268 quae
747 5191 924 5260 nosti,
941 5192 1380 5268 reiterareforet
1399 5191 1790 5268 superﬂuum,
1805 5191 2158 5268 etdicendo-

506 5265 641 5326 rum
675 5267 1192 5340 impedimentum.
1213 5265 1306 5318 His
1342 5280 1484 5340 ergo
1501 5265 1762 5340 omissis,
1788 5266 1862 5340 ad
1886 5265 2156 5335 ejusdem

508 5359 640 5408 quae
656 5335 1024 5394 noncessant
1039 5339 1316 5392 continue
1331 5335 2082 5408 clareremiraculamoster
2095 5353 2155 5391 se

511 5407 676 5467 stilus
699 5413 906 5476 vertat,
930 5416 991 5464 ut
1021 5414 1123 5464 tua
1157 5408 1346 5478 poscit
1372 5407 1707 5462 devotio.Et
1727 5409 1920 5476 primo
1943 5407 2020 5462 ab
2053 5411 2157 5462 Eu-

511 5483 676 5536 sebio
695 5484 815 5537 viro
831 5479 1214 5536 sanctissimo
1227 5478 1494 5546 ejusdem
1513 5479 1848 5551 Hieronymi
1867 5479 2156 5534 sanctissi-

513 5553 592 5608 mi
624 5553 919 5620 discipulo
948 5557 1148 5606 sumat
1174 5551 1428 5604 initiutn.

585 5623 954 5678 CAPUTII.—
971 5622 1282 5678 Postobitu
1294 5637 1349 5676 m
1369 5621 1608 5689 gloriosi
1633 5619 2158 5693 Hieronymi,quae-

511 5695 655 5760 dam
687 5693 1016 5759 haeresisad
1029 5693 1461 5759 est,sectainter
1483 5693 1720 5749 Graecos
1743 5693 2156 5766 surrexit,qua3

3779 159 3928 214 119.8

2245 280 2323 336 ad
2357 279 2591 351 Latinos
2623 293 2809 351 usque
2839 277 3097 351 devenit,
3125 295 3261 350 qua:
3307 279 3432 334 suis
3473 282 3752 336 nefandis
3797 283 3923 336 nite

2245 351 2422 408 batur
2460 349 2792 407 rationibus
2830 350 3106 422 probare,
3147 349 3312 422 quod
3340 353 3554 407 animae
3589 353 3922 409 beatorum

2248 438 2437 494 usque
2460 423 2536 478 ad
2562 421 3124 495 universalisjudicii
3149 421 3393 495 diem,iu
3411 441 3530 495 quo
3549 441 3760 480 eorum
3783 439 3922 480 cor-

2245 495 2495 564 poribus
2519 503 2690 548 erunt
2715 494 2924 565 iterum
2953 494 3408 565 conjungendaz,
3433 494 3662 550 visione
3689 501 3750 551 et
3771 512 3920 565 cog-

2246 566 2470 620 nitione
2491 565 2714 636 divina,
2731 564 2786 618 in
2806 581 2928 636 quo
2957 564 3078 620 tota
3116 567 3386 620 consistit
3409 567 3718 621 beatitudo
3741 564 3922 622 sanc-

2249 635 3388 706 torum,privabuntur,etdamnatorum
3402 639 3622 693 animus
3641 639 3920 693 similiter

2249 723 2438 780 usque
2470 708 2548 762 ad
2580 709 2739 780 diem
2771 707 2936 780 illum
2983 707 3161 762 nullis
3203 710 3636 764 cruciabuntur
3689 711 3918 780 poenis.

2247 777 2511 852 Quorum
2537 779 2687 852 ratio
2717 777 2856 852 talis
2879 783 3004 852 erat
3039 795 3051 832 :
3079 781 3240 834 Sicut
3271 781 3474 835 anima
3501 797 3640 835 cum
3659 777 3921 852 corpore

2250 851 2465 924 meruit
2497 850 2586 904 vel
2620 849 2905 920 peccavit,
2939 850 3182 924 itacum
3205 853 3728 924 corporerecipiet
3763 849 3922 924 prte-

2248 923 2372 976 mia
2400 923 2520 976 sive
2551 937 2776 992 poenas.
2811 921 3170 992 Asserebant
3199 923 3376 977 etiam
3405 923 3555 977 illius
3589 921 3784 978 s'ectze'
3809 939 3924 978 ne-

2248 991 2822 1066 quissimi,’nullum
2875 991 3000 1066 fore
3053 995 3378 1063 purgatorii
3419 995 3642 1058 locum,
3673 995 3738 1048 in
3793 1011 3922 1066 quo

2249 1063 2464 1138 animae
2487 1063 3344 1138 nondumdesuispeccatisin
3391 1066 3618 1120 mundo
3661 1063 3922 1138 plenam

2247 1137 2508 1206 egissent
2553 1134 2985 1208 paenitentiam.
3026 1141 3446 1206 purgarentur.
3483 1139 3614 1201 Qua
3656 1134 3918 1208 quidem

2248 1211 2412 1262 secta
2438 1206 3156 1276 pestiferacrebrescente,
3194 1212 3390 1261 tantus
3419 1208 3476 1261 in
3497 1224 3605 1262 nos
3631 1206 3812 1263 dolor
3839 1209 3924 1263 ir-

2248 1277 2384 1343 ruit,
2415 1283 2479 1334 ut
2505 1293 2625 1348 nos,
2655 1277 2914 1347 amplius
2941 1277 3168 1348 pigeret
3195 1279 3410 1332 vivere.
3439 1279 3736 1342 Quocirca
3763 1281 3922 1334 meis

2251 1349 2476 1404 cunctis
2509 1347 2905 1419 suﬂ‘raganeis
2934 1347 3250 1420 episcopis,
3285 1356 3338 1404 et
3371 1349 3498 1404 aliis
3536 1351 3672 1406 viris
3698 1351 3922 1406 catho-

2249 1420 2377 1474 licis
2401 1423 2769 1482 convocatis,
2803 1421 2885 1474 eis
2919 1419 3151 1492 jejunia’
3173 1425 3230 1492 et
3267 1423 3565 1492 orationes
3605 1422 3820 1486 indixi,
3853 1427 3922 1477 ut

2254 1507 2427 1545 suam
2459 1491 2540 1544 sic
2572 1491 2781 1558 agitari
2815 1491 3136 1546 Ecclesiam
3162 1491 3369 1546 divina
3391 1509 3510 1547 non
3543 1495 3928 1562 permitteret

2252 1562 2510 1635 bonitas.
2546 1565 2680 1616 Mira
2704 1579 2814 1635 res,
2839 1563 3070 1635 etforte
3096 1563 3232 1635 huic
3259 1562 3467 1635 similis
3488 1579 3813 1635 nunquam
3835 1565 3926 1620 vi-

2250 1649 2335 1688 sa.
2365 1633 2572 1688 Tribus
2588 1633 2834 1704 expletis
2859 1633 3068 1688 diebus
3085 1633 3922 1704 jejuniorumfetorationum,

2252 1703 2642 1778 subsequenti
2675 1711 2843 1778 nocte
2873 1703 3166 1778 gloriosus
3197 1706 3591 1778 Hieronymus
3625 1723 3740 1762 suo
3771 1722 3926 1778 prte-

2251 1775 2634 1830 dilectissimo
2685 1775 2807 1830 tilio
2843 1777 3093 1830 Eusebio
3123 1775 3495 1832 orationibus
3529 1775 3920 1833 incumbenti

2253 1847 2563 1901 manifeste
2607 1862 2924 1919 apparens,
2955 1847 3336 1919 benignaque
3365 1864 3502 1902 eum
3549 1849 3922 1904 allocutione

2253 1919 2597 1990 confortans
2629 1921 2679 1972 ei
2728 1918 2876 1973 dixit
2909 1937 2920 1973 :
2969 1919 3035 1972 In
3065 1919 3162 1974 hac
3203 1918 3342 1974 secta
3387 1921 3658 1990 pestifera
3689 1923 3924 1975 minime

2250 1989 2510 2059 formida,
2551 2006 2668 2043 cum
2697 1989 2803 2044 sibi
2831 1991 2958 2060 ﬁnis
2977 1993 3098 2060 jam
3145 1990 3498 2060 imponendus
3534 1989 3683 2046 ierit.
3719 1993 3926 2056 Quem

2255 2061 2547 2115 Eusebius
2573 2061 2757 2115 nimio
2786 2059 3108 2129 fulgentem
3123 2059 3460 2132 splendore,
3485 2063 3564 2116 ita
3589 2069 3654 2117 ut
3681 2064 3742 2117 in
3779 2079 3924 2118 eum

2255 2133 2441 2206 oculis
2457 2132 2740 2206 humanis
2757 2135 3020 2206 aspicere
3035 2147 3163 2206 non,
3183 2132 3422 2206 valeret,
3439 2133 3716 2206 intuitus,
3739 2135 3920 2206 quasi

2253 2203 2328 2258 de
2355 2203 2522 2271 gravi
2549 2219 2760 2258 somno
2791 2205 3097 2274 evigilans,
3131 2205 3335 2259 dulces
3381 2219 3490 2274 per
3520 2205 3738 2260 oculus
3759 2203 3920 2260 Tun-

2255 2275 2402 2328 dens
2456 2273 2774 2345 lacrymas,
2825 2273 2909 2330 ita
2945 2281 3005 2330 ut
3037 2291 3188 2345 pene
3227 2273 3487 2330 formare
3535 2291 3754 2331 vocem
3790 2291 3916 2332 non

2257 2351 2481 2416 posset,
2537 2353 2828 2416 quantum
2893 2351 3120 2412 poterat
3175 2345 3435 2402 clamare
3490 2347 3924 2414 ccepitzPater

2257 2433 2406 2471 meus
2435 2416 2794 2487 Hieronymus
2816 2435 2867 2471 es
2892 2418 2918 2472 ‘I
2941 2417 3118 2482 Quare
3141 2435 3306 2472 meam
3336 2419 3634 2472 societatem
3663 2420 3922 2482 spernis?

2260 2489 2414 2560 Certe
2447 2494 2590 2560 teneo
2613 2495 2679 2552 te,
2707 2505 2800 2542 nec
2828 2488 3102 2543 dimittam
3133 2506 3148 2554 ;
3181 2506 3272 2544 nec
3295 2490 3410 2543 sine
3442 2496 3552 2553 tuo,
3593 2507 3748 2560 quem
3781 2490 3922 2544 dile-

2257 2559 2411 2632 eisti,
2425 2559 2950 2632 ﬁtiogractieristAd
2967 2577 3142 2632 quem
3159 2561 3454 2632 gloriOsus
3479 2559 3887 2632 Hieronymus
3903 2579 3922 2614 :

2259 2629 2382 2703 Non
2411 2630 2962 2703 te,ﬁt_i_ditectissime,
2990 2629 3232 2686 deseram
3261 2649 3280 2684 :
3303 2631 3613 2702 con/crtare
3639 2655 3660 2694 ,-
3691 2629 3922 2703 namque

2260 2701 2504 2774 vicesimo
2527 2701 2614 2755 die
2636 2703 3001 2774 mesequeris,
3025 2710 3072 2756 et
3093 2703 3260 2757 simul
3287 2703 3343 2756 in
3360 2701 3555 2774 gaudio
3581 2701 3924 2770 permanebi-

2261 2789 2378 2844 mus
2403 2771 2524 2844 rsine
2553 2773 2676 2842 ﬁne.
2709 2771 3037 2842 Sett‘Cyritto
3063 2771 3376 2844 cunctisque
3395 2775 3676 2844 [ratribus
3699 2777 3922 2839 nuntia,

2259 2851 2319 2898 ut
2349 2843 2435 2896 die
2452 2845 2694 2898 crastina
2712 2847 2878 2914 juxta
2897 2861 3131 2916 praesepe
3161 2843 3401 2908 Domini,
3426 2846 3520 2900 ubi
3543 2863 3722 2900 meinn
3745 2849 3926 2916 quies-

2261 2916 2336 2969 cit
2373 2931 2562 2985 corpus
2603 2931 2778 2970 omnes
2817 2918 2873 2970 in
2921 2933 3086 2971 unum
3127 2919 3464 2982 conveniant,
3517 2923 3627 2970 tam
3663 2916 3930 2972 catholici

2260 3003 2416 3059 quam
2447 2987 2779 3059 etiamillius
2806 2995 2956 3040 seetse
2973 2989 3103 3041 viri.
3137 2989 3202 3042 Et
3236 2995 3294 3042 tu
3307 2989 3482 3042 trium
3499 2988 3806 3056 hominum,
3831 3007 3928 3059 qui

2263 3061 2320 3110 in
2351 3057 2445 3110 hac
2465 3064 2588 3111 sunt
2619 3058 2751 3112 urbe
2780 3059 2874 3113 hac
2895 3066 3044 3114 nocte
3071 3059 3610 3128 defuncti,cnduvera
3633 3057 3930 3114 inhumata

2265 3129 2322 3182 in
2353 3128 2542 3191 locum,
2577 3129 2636 3181 in
2665 3145 2766 3199 quo
2805 3147 2979 3184 meum
3009 3136 3084 3183 est
3113 3132 3390 3185 humatum
3419 3147 3630 3200 corpus,
3661 3131 3838 3200 facies
3863 3131 3926 3184 de

2262 3200 2482 3263 portari
2501 3201 2890 3272 :superquibus
2905 3201 3106 3255 saicum
3129 3219 3228 3272 quo
3253 3202 3458 3266 utebar,
3490 3219 3713 3272 ponens,
3735 3205 3926 3256 statim

2261 3272 2388 3343 citae
2409 3272 2664 3343 pristinae
2696 3271 2920 3334 redditi,
2939 3271 3348 3327 hancradicitus
3373 3271 3622 3327 Itzeresim
3653 3275 3934 3343 exstirpa-

2263 3341 2411 3415 bunt.
2430 3342 2528 3395 Cui
2547 3344 2879 3415 valedicens
2896 3345 3184 3410 gloriosus
3202 3347 3596 3415 Hieronymus
3617 3343 3678 3397 di
3697 3341 3928 3414 paruit.

2261 3414 2429 3467 Mane
2447 3419 2645 3486 autem
2669 3413 2847 3486 facito,
2873 3416 2946 3468 ad
2971 3431 3083 3478 me,
3109 3415 3214 3486 qui
3237 3413 3568 3470 ltethlehem
3591 3413 3734 3470 tunc
3755 3431 3930 3471 eram

2267 3484 2618 3540 venerabilis
2637 3485 2926 3540 Eusebius
2951 3484 3219 3552 veniens,
3245 3493 3478 3553 cuncta,
3501 3502 3638 3557 quae
3663 3487 3932 3550 viderat,

2262 3557 2580 3611 enarravit.
2623 3557 2750 3620 Quo
2783 3557 3005 3622 audito,
3049 3557 3376 3612 immensas
3405 3557 3660 3614 Creatori
3697 3561 3934 3627 gratias

2261 3641 2468 3700 agens,
2496 3635 2550 3682 et
2572 3627 2830 3695 glorioso
2845 3629 3522 3700 Hieronymo,omnibus
3551 3629 3610 3682 in
3637 3629 3934 3700 praedicto

2259 3698 2413 3762 loco,
2451 3699 2508 3751 in
2541 3714 2662 3769 quo
2694 3715 2800 3769 pro
2830 3699 3001 3754 nobis
3032 3699 3105 3754 de
3135 3700 3488 3756 intemerata
3517 3698 3765 3770 Virgine
3799 3701 3930 3756 Sel-

2263 3774 2431 3823 vator
2459 3777 2631 3824 natus
2657 3777 2760 3830 est.
2787 3777 2842 3824 et
2869 3770 2968 3825 ubi
3007 3771 3187 3826 etiam
3217 3771 3696 3826 sacratissimum
3729 3773 3934 3826 Hiero-

2259 3841 2426 3910 nymi
2459 3841 2714 3913 cadaver
2743 3843 3058 3896 humatum
3093 3848 3198 3905 est,
3232 3843 3630 3910 congregatis,
3663 3844 3932 3913 priedic-

2262 3917 2455 3966 torum
2491 3912 2908 3968 defunctorum
2941 3915 3236 3970 cadavera
3267 3915 3478 3968 deferri
3507 3912 3740 3970 fecitiO
3773 3917 3934 3969 mira

2260 3997 2420 4058 erga
2458 3982 2731 4058 homines
2775 3985 2867 4038 Dei
2927 3985 3264 4058 miserantis
3306 3985 3674 4058 dispensatio
3713 3985 3723 4038 Ξ
3775 3991 3934 4058 quot

2263 4053 2550 4128 medis__in
2590 4070 2650 4108 se
2678 4063 2977 4128 sperantes
3007 4057 3113 4111 scit
3134 4057 3346 4126 juvare
3371 4053 3661 4128 liquentis
3693 4063 3748 4109 et
3775 4053 3934 4128 quot

2263 4072 2458 4108 monis
2491 4072 2550 4108 in
2590 4072 2650 4108 se
2678 4072 2977 4126 sperantes
3007 4072 3113 4111 scit
3134 4072 3384 4126 juvat-ei
3463 4072 3661 4111 uanus
3693 4072 3748 4109 et
3775 4072 3932 4128 quot

2259 4125 2589 4180 honoribus
2618 4141 2758 4180 suos
2787 4127 3005 4182 exultat
3031 4133 3269 4182 sanctos
3305 4131 3316 4184 !
3353 4072 3550 4183 Figbat
3587 4129 3816 4182 interea
3851 4129 3932 4182 ab

2262 4195 2420 4252 illius
2437 4205 2610 4269 secta:
2630 4197 2957 4253 cultoribus
2975 4198 3210 4264 derisio,
3238 4199 3616 4254 credentibus
3637 4199 3804 4269 quod
3847 4199 3934 4253 ΐο-

2261 4273 2349 4341 ret
2368 4268 2666 4341 exinanita
2691 4285 2902 4323 manus
2933 4271 3186 4324 Domini.
3216 4268 3692 4341 Lteteturitaque
3723 4271 3932 4324 omnis

2263 4338 2530 4412 fidelium
2571 4347 2776 4403 coetus,
2809 4346 2864 4395 et
2895 4343 3011 4395 Deo
3053 4341 3110 4395 in
3144 4357 3285 4396 voce
3315 4338 3728 4396 exsultationis
3761 4341 3930 4412 psale

2263 4410 2386 4482 lant
2415 4429 2426 4476 ;
2459 4412 2746 4482 quoniam
2773 4412 3148 4482 suscepimus
3181 4412 3652 4467 misericordiam
3685 4410 3926 4468 Domini

2265 4481 2552 4554 inmedio
2585 4482 2786 4553 templi
2821 4481 2970 4553 ejus.
3000 4484 3300 4538 Accedens
3335 4499 3598 4554 namque
3631 4483 3718 4536 vir
3753 4499 3924 4537 rene-

2263 4553 2466 4606 rabilis
2525 4554 2814 4608 Eusebius
2865 4554 2942 4609 ad
2993 4555 3362 4624 singulorum
3397 4553 3718 4617 cadavera.
3755 4555 3924 4609 ﬂexis

2264 4624 2534 4692 genibus,
2573 4625 2972 4695 manibusque
3025 4627 3083 4680 in
3115 4626 3338 4681 caelum
3368 4627 3651 4688 extensis,
3693 4627 3924 4680 cunctis

2264 4695 2644 4750 audientibus
2668 4696 2750 4750 sic
2767 4697 2954 4751 oravit
2981 4717 2991 4751 :
3027 4697 3188 4758 Deus,
3208 4697 3300 4751 cui
3321 4697 3550 4751 m’hitest
3569 4697 3923 4767 impossibile,

2263 4767 2412 4838 nihit
2436 4783 2625 4834 grave,
2651 4767 2865 4822 invicta;
2909 4768 3256 4837 fortitudinis
3289 4775 3337 4822 et
3369 4768 3615 4830 virtutis,
3663 4769 3760 4838 qui
3789 4769 3924 4834 locis

2263 4837 2474 4891 rabilia
2491 4855 2682 4906 magna
2697 4838 2857 4902 solus,
2875 4847 2922 4892 et
2951 4840 3157 4894 nullum
3189 4841 3250 4893 in
3277 4847 3324 4894 te
3343 4837 3684 4910 sperantiunt
3711 4839 3925 4910 spernis

2265 4925 2410 4982 uuae
2446 4918 2856 4982 precestuorum
2886 4911 3086 4964 exaudi
3121 4911 3380 4982 ﬁdelium,
3425 4918 3474 4965 et
3521 4917 3581 4964 ut
3611 4919 3732 4974 tua,
3765 4927 3928 4980 quam

2265 4979 2490 5043 dedisti,
2502 4980 2629 5050 ﬁdes
2643 4982 2964 5036 intemerata
2987 4979 3348 5052 invictamque
3367 4999 3464 5052 per
3479 4983 3673 5036 sa’cula
3685 4979 3928 5046 moueat,

2263 5068 2324 5104 ac
2345 5054 2506 5105 etiam
2529 5059 2588 5105 ut
2616 5052 2994 5124 horumierror
3019 5061 3278 5124 appareat
3311 5070 3408 5122 per
3433 5053 3645 5124 merita,
3671 5060 3722 5106 et
3757 5055 3930 5106 inter-

2263 5125 2518 5195 cessiones
2542 5124 2772 5195 gloriosi
2793 5123 3106 5195 Hieronymi
3131 5123 3314 5178 dilecti
3336 5125 3438 5188 tui,
3465 5123 3716 5178 introduc
3737 5125 3796 5178 in
3815 5125 3930 5178 hac

2264 5194 2528 5280 cadavera
2565 5194 2797 5275 animus,
2829 5212 2972 5280 'guas
3003 5194 3085 5276 ide
3125 5196 3260 5280 ipsis
3289 5195 3474 5267 egredi
3505 5195 3760 5280 potuisti.
3797 5197 3932 5260 Qua

2265 5266 2511 5336 quidem
2542 5267 2810 5321 oratione
2823 5265 3008 5332 ﬁnita,
3027 5265 3399 5335 singulorum
3415 5265 3710 5322 cadavera
3723 5283 3930 5333 sacco,

2265 5351 2387 5408 quo
2418 5352 2601 5406 supra
2623 5353 2880 5410 carnem,
2897 5338 3190 5406 gloriosus
3207 5339 3598 5410 Hieronymus
3623 5337 3932 5410 utebatur,

2265 5409 2840 5480 tangens,protinus
2867 5409 2926 5463 in
2960 5425 3032 5464 ea
3064 5410 3190 5464 vitae
3215 5409 3538 5480 spirituum
3568 5409 3932 5464 introduxit.

2267 5479 2374 5543 Qui
2407 5479 2682 5534 homines
2705 5481 2925 5552 apertis
2953 5480 3138 5536 oculis
3155 5479 3558 5552 omnibusque
3577 5481 3706 5534 vita;
3737 5481 3935 5550 signis

2268 5553 2546 5618 ostensis,
2567 5555 2704 5606 sunt
2729 5551 2984 5623 perfecte
2997 5551 3352 5617 resuscitati,
3383 5551 3768 5622 eieceperunt
3795 5553 3936 5609 bea-

2267 5626 2460 5677 tarum
2495 5622 2836 5679 animarum
2867 5622 3144 5695 gloriam,
3195 5627 3251 5678 et
3281 5628 3662 5695 peccatorum
3707 5639 3931 5695 poenas

2269 5695 2392 5751 tam
2432 5695 2760 5767 purgatorii
2798 5711 2980 5768 quam
3012 5694 3224 5752 inferni
3251 5694 3416 5752 clara
3460 5708 3608 5751 voce
3639 5694 3930 5752 omnibus
