4140 6174
535 210 671 265 1135

537 350 681 391 casu
714 332 1054 388 deciderent
1080 329 1154 383 ad
1179 326 1421 399 pejora;
1456 324 2189 399 noctequadamformam

539 406 728 462 sancti
751 404 1135 463 virisumens,
1154 397 1394 453 cuidam
1420 397 1647 453 mulieri
1665 398 2191 466 nobilissimazjaiu

539 481 598 534 in
627 481 810 530 strato
836 471 1162 544 quiescenti
1190 470 1488 541 apparuit,
1522 476 1574 523 et
1607 485 1668 544 se
1700 470 1773 524 ad
1823 485 1957 544 eam
1999 469 2192 544 illieite

538 547 821 604 accedere
853 540 1108 611 fingens,
1146 540 1507 597 conSensum
1532 541 1619 594 sui
1646 540 1912 612 corporis
1936 540 2191 612 require—

539 621 662 675 bat.
698 618 783 671 Ad
816 616 980 687 quod
1011 612 1580 687 perterritamulier,
1615 613 1723 687 viri
1756 615 2039 687 ignorans
2063 627 2191 681 spe-

538 692 712 753 ciem,
745 683 890 742 dum
918 702 979 741 se
1011 683 1148 741 cum
1178 684 1419 739 homine
1450 684 1639 740 solam
1680 684 1737 737 in
1776 683 2039 738 thalamo
2069 699 2195 738 cer-

540 766 729 829 neret,
764 774 869 813 nec
926 757 1072 829 quid
1100 757 1347 829 faceret
1394 754 1781 829 sciret,_diras
1814 757 1991 825 ccepit
2020 770 2194 829 voces

541 826 825 891 emittere.
862 826 1033 884 ita—ut
1062 827 1425 883 clamoribus
1453 826 1715 881 assiduis
1740 842 1949 881 omnes
1975 827 2191 880 excita-

540 907 747 961 rentur
774 901 1156 963 dormientes,
1194 904 1387 953 etnon
1422 898 1615 951 solum
1647 897 1721 951 de
1746 897 1845 951 illa
1867 897 2066 961 domo,
2088 897 2194 952 sed

542 977 721 1032 etiam
755 971 1050 1028 convicini
1082 986 1092 1025 :
1123 971 1223 1042 qui
1255 985 1465 1042 omnes
1494 969 1571 1023 ad
1598 968 1899 1042 praedictae
1928 968 2194 1023 mulieris

540 1047 873 1103 thalamum
890 1041 1433 1112 accurrentes,quid
1450 1041 1563 1112 hoc
1579 1041 2196 1112 esset,interrogavere

543 1118 827 1191 pavidam
844 1132 899 1169 m
912 1111 1667 1191 ulierem.lnterﬁeapallidus
1682 1127 1925 1182 serpens
1942 1111 2055 1191 sub
2070 1118 2195 1191 toro

545 1184 608 1247 se
640 1204 867 1260 ponens
889 1184 1282 1266 cmpitlatere.
1318 1184 1425 1266 Qui
1444 1188 2067 1266 autemeccurrerant,
2084 1184 2197 1238 hoc

544 1254 875 1323 audientes,
899 1254 1037 1329 quis
1063 1255 1159 1310 hic
1177 1254 1581 1329 homofuerit,
1610 1255 1827 1326 ubique
1854 1254 2197 1329 perquirere

544 1325 937 1403 incmperunt'.
965 1329 1180 1403 verum
1211 1327 1289 1403 illi
1304 1325 1425 1403 _diu
1456 1325 1920 1403 perscrutantes,
1952 1325 2196 1403 tandem

545 1405 621 1462 ad
653 1397 852 1458 locum
883 1400 1184 1454 venientes
1215 1397 1315 1452 ubi
1348 1397 1587 1467 pestifer
1637 1397 1908 1453 latitabat
1955 1398 2195 1467 anguis,

545 1477 742 1534 aliena
756 1472 949 1545 specie
977 1470 1337 1545 occultatum
1359 1468 1668 1545 hominem
1702 1469 2199 1545 invAenerunt.Qui

545 1540 826 1604 eumdem
852 1542 1117 1598 candelis
1148 1541 1416 1602 accensis
1439 1541 1756 1604 intuentes,
1782 1540 2085 1596 Silvanum
2110 1556 2200 1596 ar-

547 1619 996 1689 chiepiscopum
1022 1612 1517 1689 credid_erunt.Ad
1538 1612 1931 1689 quodomnes
1946 1612 2048 1689 qui
2064 1612 2200 1689 ade:

547 1683 703 1753 rant,
737 1683 1048 1757 stupefacti
1066 1683 1324 1757 et-veluti
1353 1690 1619 1757 amentes
1636 1683 2199 1755 etIecti,quasiquid

548 1766 811 1830 agerent,
836 1754 1057 1830 quidve
1088 1754 1746 1830 dicerentjgnorabant,
1781 1758 2029 1830 scientes
2047 1754 2200 1830 ejus-

548 1824 687 1888 dam
723 1824 1049 1884 sanctitatis
1076 1840 1316 1897 nomen.
1343 1824 1688 1897 thuiahoc
1712 1830 1832 1880 tam
1851 1826 2198 1882 detestabile

548 1899 1036 1974 inopinabileque
1050 1896 2199 1974 cernebant,euminterrogaveruntmur

549 1967 745 2030 tantas
778 1967 1073 2040 nequitias
1100 1973 1515 2040 perpetrasset:
1546 1970 1617 2040 At
1646 1967 1959 2040 ille,Quid,
1984 1969 2198 2040 inquit,

547 2045 684 2100 male
705 2044 832 2114 feci,
875 2038 921 2094 si
944 2039 1142 2114 mulier
1175 2039 1283 2093 haec
1299 2056 1376 2114 me
1403 2039 1472 2092 ad
1497 2038 2089 2114 hujusmpdinegotiuni
2112 2038 2200 2095 in?-

547 2110 739 2172 vitavit
764 2116 790 2170 ?
818 2112 984 2178 Quod
1000 2110 1213 2165 mulier
1242 2111 1511 2175 audiens,
1545 2126 1680 2165 eum
1700 2110 1822 2167 fore
1844 2112 2198 2167 mendacem

549 2189 895 2258 lacrymans
915 2182 1236 2258 respondit.
1266 2183 1427 2258 Tunc
1444 2181 1556 2258 ille,
1573 2186 1636 2237 ut
1654 2183 1928 2237 homines
1943 2199 2087 2258 erga
2102 2185 2201 2239 Dei

550 2253 745 2316 viru'm
777 2257 851 2312 ad
886 2253 1083 2323 majus
1127 2253 1327 2307 odium
1360 2254 1655 2320 incitaret,
1705 2258 2003 2324 quatenus
2033 2255 2198 2311 illum

549 2332 726 2388 citius
756 2327 1157 2389 diffamarant,
1189 2323 1327 2380 talia
1357 2325 1553 2395 ccepit,
1587 2330 1639 2379 et
1667 2323 1786 2379 tam
1818 2325 2203 2383 abhorrenda

549 2402 735 2458 verba
762 2399 893 2463 fari,
920 2397 1083 2470 quod
1116 2395 1313 2470 nullus
1335 2411 1457 2467 prae
1488 2395 1821 2470 turbatione
1837 2398 2083 2453 auribus
2101 2414 2203 2470 po-

549 2479 700 2530 terat
721 2466 1032 2541 sustine're.
1056 2468 1489 2541 Quocircaeum
1506 2466 1877 2541 contumeliis
1903 2474 1959 2523 et
1984 2466 2202 2541 ppp'm-

550 2545 694 2601 briis
718 2540 1161 2605 exacerbantes,
1178 2538 1231 2593 vi
1248 2545 1415 2592 extra
1431 2538 1797 2610 domicilium
1824 2538 2198 2610 expulerunt.

550 2620 718 2672 Mane
741 2619 936 2668 autem
955 2611 1108 2665 facto
1121 2625 1257 2679 quae
1272 2616 1437 2677 gesta
1464 2608 1700 2663 fuerant
1716 2608 2201 2677 enarrantes,Sil-

550 2701 777 2741 vanum
801 2681 1339 2751 archiepiscopum,
1371 2679 1748 2750 hypocritam
1772 2688 1828 2736 et
1848 2681 2095 2750 dignum
2111 2684 2204 2738 in-

550 2756 763 2813 cendio
786 2752 1223 2809 acclamabant.
1255 2752 1382 2815 Qua
1399 2754 1473 2805 de
1487 2767 1547 2805 re
1560 2752 1734 2815 quasi
1759 2756 1879 2808 tota
1891 2760 1980 2808 est
1994 2755 2201 2811 civitas

549 2826 836 2885 Nazareth
866 2826 1167 2878 commota
1180 2821 1460 2895 adversus
1478 2821 1993 2895 archiepiscopum
2005 2865 2019 2889 ,
2042 2826 2125 2881 ita
2139 2831 2202 2882 ut

550 2897 852 2956 audiendo
882 2896 1010 2966 ejus
1041 2908 1262 2948 nomen
1284 2892 1535 2964 quilibet
1565 2892 2029 2965 blasphemaret.
2060 2898 2201 2955 Mira

548 2971 728 3039 hujus
744 2969 854 3023 viri
878 2966 1177 3039 patientia,
1200 2967 1259 3039 et
1279 2980 1521 3039 magnae
1540 2967 2197 3039 sanctitatisindicium.

548 3035 715 3098 Volat
742 3041 818 3095 ad
848 3035 1075 3095 innoxii
1090 3035 1368 3091 antistitis
1382 3052 1554 3090 aures
1572 3038 1716 3091 tanti
1729 3037 1891 3093 fama
1912 3041 2197 3107 criminis,

547 3130 615 3169 os
632 3118 832 3168 tamen
854 3125 978 3166 non
1006 3113 1276 3163 movetur
1290 3108 1367 3162 ad
1400 3108 1665 3177 injurias.
1684 3107 2201 3176 Intertotadversa

549 3201 651 3240 cor
686 3189 888 3238 manet
918 3179 1248 3255 immobile,
1280 3179 1354 3232 ad
1389 3179 1613 3235 nullam
1646 3195 1707 3234 se
1738 3187 1975 3255 vertens
2006 3184 2201 3255 impa-

548 3256 835 3311 tientiam.
871 3251 1099 3309 Gratias
1130 3249 1780 3321 divinosemperagens
1809 3254 2060 3321 nomini,
2090 3249 2199 3312 sua

546 3327 677 3382 haec
708 3326 1021 3381 confitetur
1066 3322 1247 3395 noxia
1294 3322 1609 3395 meruisse.
1652 3324 1771 3377 Heu
1805 3326 1949 3395 quid
1976 3326 2196 3391 dicam,

546 3399 873 3468 Augustine
897 3396 924 3449 ‘I
953 3391 1300 3468 nonsolum
1323 3392 1571 3468 injurias
1598 3400 1648 3468 et
1660 3391 2005 3468 _oppr'obria
2024 3397 2194 3464 ferre,

550 3477 615 3525 ut
644 3463 923 3541 possum,
979 3465 1164 3541 fugio,
1196 3463 1304 3541 sed
1331 3464 1512 3541 etiam
1551 3463 1889 3541 quibusque
1939 3463 2197 3525 verbulis

547 3536 675 3595 fran
686 3555 792 3609 gor
812 3555 826 3605 ;
842 3536 1090 3611 praemia
1106 3540 1268 3607 opto,
1290 3550 1398 3611 nec
1411 3536 1478 3590 de
1500 3536 1989 3611 laboribuscuro,
2007 3556 2193 3611 quan-

548 3608 731 3683 quam
746 3608 920 3683 sciam
936 3609 1007 3663 ad
1024 3623 1207 3683 regna
1225 3608 1501 3683 caelorum
1518 3624 1636 3683 non
1655 3608 2196 3683 aliterquempiam,

547 3678 661 3738 nisi
683 3682 958 3737 laborum
973 3685 1028 3734 et
1042 3678 1434 3751 afﬂictionum
1463 3680 1694 3735 tramite
1709 3678 2199 3751 pervenirelouid

547 3754 704 3808 enim
739 3752 899 3808 aliud
927 3751 1118 3805 debeo
1143 3749 1436 3819 judicare,
1468 3767 1606 3806 cum
1632 3749 1724 3806 me
1756 3769 1791 3807 a
1823 3756 2051 3810 sanctis
2079 3771 2202 3811 mo-

545 3825 711 3881 ribus
743 3830 797 3880 et
828 3825 948 3879 vita
970 3821 1307 3877 discordem
1337 3822 1597 3886 invenio,
1630 3823 1742 3877 nisi
1773 3828 1829 3879 et
1858 3825 2200 3882 discordem

544 3898 605 3953 in
638 3901 826 3952 morte
853 3900 909 3950 et
936 3893 1186 3967 praemio
1207 3892 1492 3967 reperiri?
1512 3892 1747 3949 Flebilia
1766 3902 1819 3951 et
1836 3897 2040 3967 gravia
2056 3897 2199 3953 mihi

545 3968 839 4033 adsunt,si
858 3965 1205 4021 sanctorum
1230 3965 1412 4019 vitam
1429 3970 1482 4019 et
1507 3980 1701 4020 meam
1725 3965 2199 4025 recordorzmiro

546 4041 769 4112 quippe
798 4038 1002 4094 auditu
1019 4041 1363 4112 sanctorum
1379 4041 1542 4112 gesta
1561 4037 1880 4094 revolvunt
1905 4040 2197 4111 homines,

547 4106 631 4164 uti
658 4106 813 4179 ego;
850 4116 901 4163 et
935 4115 1133 4163 tamen
1165 4107 1248 4160 nil
1274 4106 1391 4180 ipsi
1447 4108 1655 4180 volunt
1684 4125 1987 4180 peragere.
2019 4106 2201 4168 Porro

547 4182 662 4235 hoc
694 4181 771 4234 ad
809 4195 1007 4233 meam
1033 4178 1434 4248 detegendam
1464 4178 1869 4248 insipientiam
1896 4189 2000 4248 est,
2035 4183 2198 4248 quod

547 4251 769 4305 dicam.
798 4249 1018 4304 Pluries
1050 4265 1144 4303 me
1176 4247 1251 4302 ab
1284 4247 1553 4317 ejusdem
1586 4247 1811 4306 Silvani
1837 4268 1938 4308 ore
1960 4247 2201 4311 audisse

548 4324 689 4387 scio,
725 4337 1040 4394 nunquam
1074 4325 1198 4394 tam
1233 4318 1560 4394 sefelicem
1589 4320 1797 4394 fuisse,
1846 4339 2029 4394 quam
2062 4342 2200 4383 cum

548 4412 611 4451 se
627 4394 703 4449 ab
736 4390 1079 4449 hominibus
1096 4390 1321 4462 despici
1345 4396 1398 4446 et
1420 4392 1755 4448 conculcari
1779 4390 2201 4453 cerneret.Cre-

546 4468 625 4540 vit
651 4467 712 4540 in
740 4471 973 4540 tantum
989 4464 1119 4534 ejus
1142 4463 1406 4540 infamia,
1439 4463 1603 4534 quod
1626 4466 1675 4536 ej
1689 4481 1757 4540 u_s
1784 4467 1987 4540 opinio
2010 4485 2201 4540 usque

547 4539 622 4594 ad
653 4537 1095 4600 Alexandriam,
1159 4536 1438 4605 Cyprum,
1470 4540 1523 4589 et
1555 4551 1653 4606 per
1683 4536 1948 4593 civitates
1989 4536 2199 4595 afﬁnes

547 4624 699 4680 pene
718 4626 817 4664 ore
850 4608 1239 4680 omniumest
1259 4606 1473 4663 delata.
1496 4607 1669 4677 Atqui
1687 4608 1865 4664 limen
1879 4612 2095 4667 domus
2119 4613 2201 4667 in~

548 4677 713 4735 hoxit
739 4679 1016 4735 antistitis
1055 4677 1187 4733 calx
1227 4681 1466 4747 tangere
1492 4693 1610 4732 non
1649 4680 1926 4737 audebat.
1963 4686 2200 4739 Manens

549 4751 705 4806 enim
727 4753 782 4806 in
812 4747 1083 4821 supernis
1117 4749 1402 4821 Dominus
1420 4754 1719 4821 spectator
1738 4754 2031 4817 omnium,
2062 4771 2201 4810 suos

551 4822 689 4876 sinit
706 4822 821 4877 labi
842 4819 944 4875 san
957 4821 1148 4875 ctosin
1174 4819 1622 4891 tribulationum
1637 4837 1960 4890 aerumnas,
1984 4832 2043 4880 ut
2060 4832 2200 4881 tunc

550 4893 755 4949 fideles
777 4893 1062 4963 patientia
1076 4907 1179 4947 eos
1201 4892 1448 4963 reddat;
1469 4893 1571 4963 sed
1595 4908 1695 4947 eos
1708 4895 1977 4959 exigente
2000 4913 2202 4953 neces-

548 4966 715 5020 sitate
740 4964 799 5019 in
822 4964 1114 5035 pressuris
1137 4962 1773 5035 minimederelinquit.
1796 4968 2079 5023 Revoluto
2097 4969 2196 5026 ita-

550 5054 665 5108 que
681 5034 839 5091 anno
854 5052 974 5107 quo
988 5034 1213 5108 diaboli
1227 5034 1443 5089 astutia
1458 5034 1597 5089 talia
1611 5034 1752 5108 erga
1775 5038 1873 5093 Dei
1890 5039 2198 5096 hominem

549 5105 1010 5181 perpetravérat,
1043 5105 1338 5181 civitaiem
1374 5106 1676 5181 Nazareth,
1705 5113 1767 5161 ut
1794 5108 2025 5181 illarum
2055 5127 2200 5181 gen-

550 5176 695 5235 tium
712 5178 1047 5251 aliqualiter
1060 5176 1344 5251 scandalu
1357 5194 1407 5251 ni
1429 5178 1838 5251 mitigaret,vir
1864 5183 1958 5236 Dei
1973 5176 2198 5239 occulte

549 5249 851 5326 deserens,
884 5252 956 5306 ad
985 5249 1325 5326 ecclesiam,
1354 5249 1405 5301 in
1435 5265 1556 5319 qua
1587 5250 1823 5326 gloriosi
1856 5255 2197 5326 Hieronymi

549 5324 863 5396 humatum
895 5322 1143 5396 quiescit
1172 5335 1409 5396 corpus,
1429 5326 1715 5396 tanquam
1734 5322 1807 5376 ad
1838 5324 2046 5395 refugii
2067 5322 2196 5396 por-

549 5400 674 5449 tum
710 5392 973 5459 veniens,
1004 5409 1064 5447 se
1096 5393 1152 5447 in
1187 5392 1504 5463 sepultura:
1528 5392 1657 5447 loco
1681 5392 2194 5463 posuitoratu'rus.

551 5467 677 5529 Quo
700 5481 805 5537 per
827 5466 1083 5537 duarum
1110 5465 1391 5537 horarum
1416 5465 1676 5537 spatium
1699 5465 2095 5537 sicmanente,
2118 5470 2198 5524 vir

548 5534 795 5609 quidam
811 5535 1087 5608 nequitiae
1101 5535 1303 5607 spiritu
1340 5534 1839 5609 inﬂammatus,in
1856 5534 2196 5609 praedictam

551 5606 862 5683 ecclesiam
890 5606 1558 5683 i‘ntrans,sanctu_mque
1580 5606 1881 5683 reperiens
1910 5628 2193 5683 superse-

551 5676 853 5748 pulturam
886 5680 941 5733 in
970 5680 1239 5732 oratione
1266 5676 1546 5748 positum,
1580 5676 1659 5733 ad
1679 5694 1815 5734 eum
1835 5676 2194 5740 velut-draco

552 5748 828 5811 cucurrit,
850 5750 899 5802 ei
916 5749 1331 5819 improperans
1344 5750 1506 5822 quod
1528 5750 1844 5807 mulierum
1867 5759 2096 5812 mentes
2113 5755 2193 5812 ad

2056 198 2437 267 APPENDIX.

3830 197 3961 253 H36

2302 322 2675 380 labidinosas
2704 337 2844 377 suas
2871 320 3207 392 voluptates
3239 320 3512 376 continue
3530 322 3840 379 incitaret.
3871 324 3966 377 Cui

2302 397 2477 465 ignus
2506 397 2794 449 innocens
2826 392 3101 448 Silvanus
3136 408 3196 446 se
3245 392 3468 465 despici
3514 394 3821 463 gaudens,
3858 395 3964 448 hu-

2302 464 2547 522 militate
2580 465 2770 530 solita,
2808 470 2868 519 ut
2894 465 3007 519 ista
3033 479 3193 535 saepe
3226 466 3277 519 ei
3303 464 3545 529 diceret,
3577 465 3834 521 blandis
3854 466 3963 521 col-

2300 537 2516 610 loquiis
2547 537 2855 610 invitabat.
2879 534 3046 600 Quod
3071 536 3367 610 pessimus
3387 536 3481 610 ille
3504 536 3658 610 latro,
3684 537 3963 610 audiens,

2302 608 2584 680 gladium
2602 624 2675 664 ex
2702 608 2920 677 vagina
2944 623 3054 662 suo
3086 608 3381 680 pendente
3428 608 3597 680 lateri
3645 609 3965 679 impudica

2305 678 2541 736 trahens
2555 679 3048 751 dextera,ipsum,
3069 678 3200 733 utin
3218 679 3438 751 Silvani
3461 678 3755 751 antistitis
3768 685 3971 749 guttur

2302 754 2700 822 immergeret,
2733 750 3004 822 elevavit.
3039 751 3291 805 Cuicum
3312 750 3425 806 hoc
3439 750 3718 815 verbum,
3740 751 3973 806 Succur-

2301 839 2379 889 re,
2412 821 2733 894 Hieronyme
2760 821 3005 892 gloriose,
3030 821 3415 894 venerandus
3429 823 3677 877 antistes
3705 838 3968 894 Oppone-

2303 901 2388 949 ret
2408 908 2429 965 ;
2444 894 2502 948 in
2519 892 2721 964 guttur
2733 895 3041 965 proprium
3055 892 3350 948 elevatum
3365 892 3635 962 gladium
3650 892 3963 959 immersit,

2302 967 2412 1021 viri
2442 966 2596 1039 illius
2626 965 2869 1039 dextera
2897 966 3969 1039 retroversa:_etsic,utdecebat,seip-

2303 1053 2438 1092 sum
2460 1038 2550 1091 vir
2574 1036 2981 1107 nequissimus
2998 1036 3313 1102 interemit,
3338 1040 3480 1091 utin
3500 1037 3706 1092 lacum
3732 1036 3971 1094 caderet

2303 1124 2484 1180 quem
2518 1107 2826 1180 eﬂ'oderat.
2851 1107 3221 1180 Admirabile
3246 1108 3378 1180 hoc,
3397 1109 3502 1163 sed
3520 1124 3644 1163 non
3662 1111 3876 1164 minus
3890 1117 3969 1164 est

2307 1179 2579 1235 mirabile
2612 1180 2671 1234 id
2703 1179 2868 1251 quod
2919 1185 3113 1252 restat.
3147 1181 3301 1252 Casu
3331 1179 3728 1252 itaquealius
3766 1196 3969 1252 super-

2305 1252 2546 1307 veniens
2577 1252 2666 1305 vir
2695 1250 3271 1323 nequissimuSLhoc
3300 1250 3465 1323 quod
3498 1250 3732 1307 ultione
3764 1250 3974 1308 divina

2303 1327 2712 1396 perpetratum
2735 1321 2944 1396 fuerat,
2974 1326 3037 1396 ut
3057 1321 3509 1396 vidit,_pr0tinus
3529 1323 3815 1392 gladium
3834 1327 3974 1379 arri-

2305 1393 2494 1466 piens,
2529 1394 2698 1466 aDei_
2719 1394 2843 1449 viro
2873 1393 3183 1466 hominem
3222 1393 3388 1449 illum
3440 1396 3757 1450 aestimans
3793 1398 3975 1450 inter-

2306 1464 2598 1531 emptum,
2626 1464 2932 1521 Silvanum
2954 1464 3280 1520 interﬁcere
3302 1466 3659 1523 conabatur.
3676 1470 3760 1523 Ne
3784 1468 3976 1523 nimia

2306 1536 2485 1618 gerba
2509 1537 2740 1618 loquar,
2770 1537 2830 1618 id
2855 1538 3014 1618 quod
3032 1536 3228 1618 primo
3256 1537 3574 1618 acciderat,
3596 1538 3738 1594 huic
3751 1541 3972 1618 evenit.

2308 1608 2461 1674 Quin
2488 1610 2758 1664 nondum
2774 1609 2860 1663 vir
2873 1608 2979 1662 iste
2993 1608 3295 1663 secundus
3324 1608 3384 1664 in
3407 1614 3631 1664 terram
3648 1611 3974 1675 ceciderat,

2306 1697 2442 1736 cum
2458 1681 2581 1735 duo
2592 1679 2688 1735 alii
2707 1679 2811 1734 viri
2825 1679 3132 1735 ecclesiam
3155 1680 3582 1750 intravere:qui
3597 1682 3657 1736 id
3676 1683 3975 1747 videntes,

2305 1751 2487 1824 divini
2501 1752 2693 1824 ignari
2700 1750 3051 1824 judicii,hoc
3067 1755 3300 1806 tantum
3317 1751 3495 1808 fuisse
3510 1759 3840 1824 peractum
3856 1770 3980 1809 sce-

2305 1823 2398 1897 lus
2428 1840 2465 1879 a
2497 1825 2594 1878 Dei
2624 1822 2871 1897 homine
2893 1826 3271 1897 putaverunt.
3307 1822 3576 1897 Quorum
3603 1825 3852 1897 unusid
3866 1841 3979 1897 pre

2308 1894 2424 1951 alio
2439 1909 2614 1963 grave
2626 1894 3001 1960 ferens,furia
3014 1895 3269 1950 vesaniae
3286 1895 3552 1966 undique
3567 1894 3975 1953 inﬂammatus

2308 1966 2475 2047 latro,
2502 1968 2985 2047 ccepitquanmm
3004 1966 3976 2047 poteratexelameregpsquequo

2310 2043 2410 2093 tua
2424 2039 2578 2097 viget
2595 2036 2954 2093 inalitia?Tu
2970 2036 3246 2092 mulieres
3259 2038 3336 2093 ad
3352 2036 3874 2096 tuaslibidindsas
3885 2036 3976 2097 co—

2309 2111 2398 2190 gis
2415 2108 3120 2190 voluptates,ethomines
3134 2108 3414 2190 interﬁcis
3432 2110 3491 2190 in
3505 2111 3795 2169 occulto!
3817 2113 3976 2168 Certe

2310 2180 2425 2235 tua:
2437 2180 2615 2254 hodie
2630 2180 2909 2251 nequitiae
2928 2180 3062 2235 ﬁnis
3078 2180 3225 2254 erit;
3254 2186 3311 2236 et
3325 2181 3525 2254 subito
3549 2198 3666 2254 pro
3684 2199 3871 2254 posse
3882 2200 3974 2239 cu-

2311 2253 2729 2315 currit,uteum
2744 2254 3143 2321 exstingueret
3155 2252 3384 2308 vibrato
3395 2257 3453 2308 et
3468 2252 3798 2311 denudato
3816 2271 3972 2310 ense.

2311 2327 2383 2378 At
2412 2323 2515 2378 ubi
2538 2324 2810 2396 Silvanus
2833 2338 2998 2396 more
3012 2323 3503 2396 solito,Succurre,
3519 2326 3769 2396 gloriose
3795 2326 3977 2382 Hiero-

2311 2411 2482 2466 nyme,
2517 2394 3004 2468 exclamavitgvir
3028 2394 3143 2468 ille,
3168 2396 3364 2451 utduo
3378 2394 3584 2468 primi,
3608 2412 3676 2452 se
3704 2414 3895 2453 manu
3926 2408 3975 2453 et

2312 2482 2451 2521 ense
2475 2467 3033 2542 propriointerfecit.
3050 2467 3146 2521 Vir
3157 2473 3357 2542 autem
3368 2467 3545 2542 alius,
3563 2471 3674 2541 qui
3692 2486 3837 2525 cum
3851 2472 3975 2542 ipso

2310 2542 2577 2603 venerat,
2611 2538 2725 2593 hoc
2741 2539 3000 2602 intuens,
3030 2538 3554 2595 tremebundusob
3578 2538 3889 2597 visionem
3902 2544 3971 2597 ad

2312 2609 2572 2664 ecclesiae
2596 2609 2750 2665 fores
2768 2610 3043 2665 cucurrit.
3060 2610 3168 2674 Qui
3196 2610 3253 2665 id
3280 2610 3525 2682 quidem
3548 2613 3974 2670 maleﬁciisfa-

2311 2686 2467 2757 etum
2494 2687 2733 2751 putans,
2762 2686 3058 2757 quantum
3090 2685 3339 2757 poterat,
3368 2682 3720 2757 exclamare
3754 2687 3935 2757 caepit
3961 2702 3971 2739 :

2311 2753 2431 2807 Huc
2453 2767 2663 2807 omnes
2693 2752 2983 2809 accurrite
3010 2768 3023 2817 ;
3057 2767 3193 2808 ecce
3223 2753 3530 2809 maleﬁcus
3574 2752 3873 2811 Silvanus
3894 2772 3979 2812 ar-

2310 2822 2727 2898 chiepiscopus
2741 2839 2859 2898 non
2888 2823 3085 2898 solum
3114 2824 3389 2898 mulieres
3414 2830 3679 2898 stuprat,
3715 2829 3827 2883 sed
3858 2827 3977 2883 suis

2310 2896 2488 2969 etiam
2516 2896 3017 2969 incantationibus
3039 2896 3644 2969 necathominesioto
3668 2915 3881 2969 posse.
3900 2902 3975 2955 Fit

2307 2965 2399 3021 his
2422 2966 2640 3021 auditis
2654 2966 2874 3022 nimius
2893 2966 3153 3023 virorum
3177 2973 3232 3023 et
3257 2966 3579 3023 mulierum
3595 2965 3970 3027 concursus:

2306 3037 2629 3093 verberant
2644 3054 2841 3093 aerem
2861 3053 3057 3102 voces,
3074 3038 3492 3096 combustione
3504 3040 3655 3110 dign
3666 3059 3777 3097 um
3800 3042 3973 3098 Silva-

2310 3125 2455 3164 num
2490 3110 3005 3181 archiepiscopum
3037 3111 3477 3182 nequissimum
3525 3112 3971 3169 acclamantes.

2308 3184 2439 3257 Haec
2461 3182 2538 3236 ad
2563 3197 2729 3236 meas
2754 3186 2970 3237 sonant
2990 3183 3398 3257 aures.Tristis
3410 3197 3523 3252 ego
3542 3190 3604 3238 et
3620 3185 3973 3257 lacrymans

2307 3252 2382 3308 ad
2403 3257 2632 3309 tantum
2665 3269 2847 3324 pergo
2875 3257 3233 3308 monstrum.
3267 3254 3472 3310 Stabat
3492 3270 3700 3323 agnus
3720 3252 3975 3313 interlu-

2307 3339 2417 3395 pos
2446 3324 2846 3379 atrocissimas
2878 3325 3285 3395 saevientesut
3303 3341 3484 3380 canes
3507 3326 3786 3384 famelici
3816 3328 3973 3385 rabie

2306 3394 2426 3451 non
2448 3394 2721 3471 minima,
2746 3396 3096 3471 mitissimus
3116 3394 3367 3471 elluatus
3390 3402 3696 3471 tanquam
3718 3400 3974 3471 fungens

2304 3467 2718 3543 pro_speris,nil
2745 3467 2953 3523 dicens
2973 3467 3134 3543 aliud
3162 3467 3296 3543 nisi,
3312 3467 3973 3543 ﬂoejuktepatiorfquia

2303 3540 2363 3592 in
2393 3540 2566 3594 Deum
2583 3554 2753 3594 meum
2782 3539 2993 3609 peccavi
3018 3539 3291 3610 graviter.
3312 3539 3679 3597 Verberatur
3692 3544 3794 3599 vir
3815 3539 3973 3599 inno-

2304 3625 2463 3683 cens,
2498 3610 2731 3681 capitur
2760 3611 2838 3666 ab
2859 3612 3161 3683 omnibus,
3187 3616 3250 3683 ut
3282 3610 3358 3683 ad
3374 3612 3969 3683 suppliciatantolw

2304 3681 2436 3746 tior,
2469 3686 2698 3763 quanto
2713 3697 2885 3763 pcena
2908 3682 3169 3763 gravior,
3192 3681 3545 3763 deducatur.
3574 3686 3654 3763 At
3680 3686 3845 3742 dum
3867 3702 3965 3763 ego

2304 3752 2501 3833 manu
2531 3752 2834 3834 silentium
2866 3753 3118 3834 populo,
3152 3754 3282 3824 ejus
3321 3755 3859 3834 optansfurorem
3890 3752 3966 3813 rii-

2304 3825 2494 3879 mium
2538 3825 2830 3893 mitigare,
2862 3825 3123 3890 insinuo,
3153 3841 3224 3881 eo
3245 3826 3501 3881 amelius
3548 3826 3891 3886 iracundia
3916 3838 3965 3884 et

2304 3894 2501 3975 furore
2546 3895 2806 3975 populus
2833 3896 3262 3975 inflammatur.
3296 3897 3567 3975 Cumque
3586 3900 3730 3975 jam
3765 3908 3967 3975 captus

2304 3966 2581 4043 Silvanus
2606 3966 2772 4023 extra
2798 3968 3109 4043 ecclesiam
3141 3966 3483 4043 duceretur;
3502 3966 3725 4043 subito
3761 3966 3967 4043 glorio-

2303 4054 2403 4116 eus
2430 4038 2850 4110 Hieronymus,
2873 4038 3279 4116 utvisumest,
3308 4038 3383 4116 de
3406 4039 3541 4116 loco
3564 4041 3633 4098 in
3654 4038 3795 4114 quo
3821 4046 3967 4116 jace-

2304 4109 2409 4186 bat
2441 4109 2888 4186 surgens,tanto
2919 4109 3783 4186 circumfususlumine,quod
3798 4109 3971 4173 radiis

2306 4181 2365 4236 in
2394 4197 2534 4237 eum
2566 4183 2920 4237 intuentium
2958 4183 3113 4238 oculi
3144 4181 3708 4251 reverberarentur,
3748 4190 3973 4244 cunctis

2304 4253 2584 4323 apparuit
2606 4270 2717 4310 suo
2742 4253 3132 4310 devotissimo
3171 4254 3411 4310 antistiti
3450 4256 3689 4313 auxilia
3719 4259 3973 4316 donatu-

2304 4339 2405 4401 rus
2428 4340 2442 4379 :
2468 4324 2570 4401 qui
2585 4342 2695 4401 sua
2720 4325 2965 4401 dextera
2974 4324 3196 4381 Silvani
3212 4327 3541 4401 venerandi
3555 4329 3830 4401 capiens
3850 4333 3973 4387 dex-

2303 4395 2515 4460 teram,
2546 4395 2638 4451 his
2658 4396 2771 4469 qui
2787 4396 3070 4469 eumdem
3094 4402 3341 4469 captum
3364 4395 3716 4456 retinebant
3746 4403 3973 4458 antisti-

2304 4470 2457 4546 tem;
2476 4483 2621 4546 voce
2641 4467 2883 4546 terribili
2912 4474 2975 4546 ut
3005 4467 3286 4546 eumdem
3300 4468 3693 4546 dimiiterent,
3713 4472 3969 4546 impera-

2304 4540 2404 4627 vit:
2417 4541 2617 4627 Tantae
2636 4538 3200 4627 autemfuitvirtutis
3215 4540 3343 4627 haec
3357 4542 3527 4627 visio,
3551 4538 3967 4627 utanteq'uam

2306 4609 2572 4683 ﬁniretur
2585 4626 2699 4683 vox
2725 4611 2875 4680 talis,
2894 4626 3103 4683 omnes
3116 4617 3355 4683 repente
3368 4609 3569 4668 tantus
3586 4615 3782 4671 timor
3810 4609 3965 4672 inva-

2304 4681 2463 4754 serit.
2487 4682 2828 4753 quodomni
2860 4682 3059 4752 vigore
3079 4681 3347 4754 corporis
3360 4683 3626 4741 destituti
3646 4687 3715 4742 in
3752 4695 3969 4744 terram

2307 4753 3200 4830 velutmortuicaderentxlnter’
3220 4755 3345 4811 haec
3369 4756 3583 4830 mulier
3615 4760 3909 4830 quaedam
3940 4775 3970 4813 ε

2298 4823 2560 4903 nefando
2592 4825 2804 4903 spiritu
2827 4825 3210 4903 obumbrata,
3234 4828 3454 4903 catenis
3468 4823 3697 4903 vincta,
3728 4846 3966 4903 compe-

2302 4896 2866 4970 dibusmanicisque
2880 4897 3081 4970 ferreis
3094 4898 3631 4970 alligata,plurium
3647 4896 3865 4959 homin
3874 4896 3971 4957 am

2303 4968 2607 5032 manibus,
2649 4968 3016 5024 liberationis
3058 4968 3399 5028 obtinenda:
3432 4986 3645 5035 causa,
3677 4974 3763 5028 ad
3796 4975 3973 5029 eccle-

2304 5042 2457 5113 siam
2485 5040 2849 5113 deportatur.
2873 5045 2944 5095 At
2970 5040 3064 5095 ubi
3083 5040 3350 5096 mulieris
3372 5057 3477 5113 pes
3492 5044 3973 5113 tangitecclesia-

2302 5111 2788 5187 limen,ululatus
2806 5116 2863 5168 et
2880 5111 3677 5187 vocesterribilem—Miserere
3692 5119 3842 5183 mei,
3855 5118 3973 5187 glo-

2302 5184 2455 5261 riose
2478 5184 2852 5261 Hieronyme,
2887 5198 3029 5239 nam
3050 5191 3230 5261 perte
3268 5185 3497 5261 crucigr
3522 5193 3667 5241 ante
3695 5184 3967 5261 tempus.

2301 5253 2585 5331 diabolus
2595 5253 2861 5331 emittere
2876 5253 3974 5331 noncessabat.CuiHieronymusglo-

2299 5326 2500 5382 riosus
2527 5326 2821 5397 :Ne/ande,
2838 5326 3052 5398 inquit,
3074 5327 3307 5396 spiritus
3323 5326 3837 5398 abhacexifdmula
3850 5333 3967 5389 Da.

2300 5398 2671 5470 ettuasdetege
2698 5414 2969 5469 quaserga
3005 5398 3287 5453 Silvanum
3315 5401 3582 5454 strue-isti
3599 5401 3889 5470 fallacias,
3916 5408 3969 5457 ἐι

2300 5469 2522 5543 Silvani
2535 5470 2713 5540 forma
2725 5470 2973 5543 omnibus
2997 5470 3445 5526 tedemonstrans.
3468 5469 3638 5528 Tunc
3663 5474 3967 5543 diabolus,

2301 5546 2371 5614 ut
2386 5541 2676 5610 gloriosus
2700 5541 3015 5614 Hieronym
3028 5542 3465 5614 usjusserat,ita
3480 5547 3546 5597 ut
3562 5544 3646 5600 ab
3671 5541 3965 5603 omnibus

2301 5612 2574 5685 Silvanus
2623 5612 2941 5685 episcopus
2996 5612 3323 5685 putaretur,
3366 5617 3674 5685 apparuit.
3732 5625 3796 5674 et
3840 5635 3965 5674 rem

2297 5699 2481 5755 quam
2505 5683 2724 5739 fecerat
2755 5690 2817 5739 ut
2856 5684 3123 5740 infamen
3171 5683 3459 5742 redderet
3492 5687 3595 5742 Dei
3630 5688 3969 5753 famulum,

2296 5756 2615 5814 enarravit.
2647 5757 2741 5811 His
2764 5756 2957 5823 dictis,
2979 5756 3125 5812 diris
3147 5756 3514 5815 clamoribus
3539 5764 3598 5816 et
3623 5760 3970 5822 ululatibus
