4140 6174
566 156 702 222 M39

562 288 765 355 verba,
786 289 995 359 captos
1012 283 1353 359 eosdemad
1368 281 1665 359 pradium
1682 284 1977 359 conantur
1994 280 2213 359 ducere

564 352 931 416 festinanter.
956 361 1088 413 Post
1103 357 1217 412 hoc
1239 356 1312 410 de
1329 352 1746 427 pradio,quod
1770 357 1846 409 ad
1864 354 2107 427 eosdem
2130 352 2212 427 vi;

563 448 663 487 ros
689 430 918 502 justitia
946 444 1069 502 non
1100 423 1430 502 spectabat,
1458 423 2120 502 cum'accusationibus
2136 423 2215 479 ad

567 496 1288 571 Constantinopolita'uum
1314 500 1623 571 dominum
1647 498 1809 571 capti
1817 500 2065 571 juvenes
2088 496 2216 550 des-

566 574 849 629 tinantur.
868 572 932 625 Et
951 567 1024 625 ne
1047 572 1226 626 nimis
1244 571 1460 640 longus
1483 570 1627 624 ﬁam
1651 567 1874 635 verbis;
1894 567 2058 639 quod
2095 582 2215 640 non

566 646 1285 714 fecerant,tormentorum
1308 638 1501 714 rigore
1511 640 1839 714 juvenibus~
1846 638 2218 714 jamcont'esf

568 717 668 781 sis,
694 714 973 786 adjicitur
987 730 1152 769 more
1176 713 1348 786 solito
1364 710 1654 786 sententia
1673 711 2031 786 decollandi.
2058 712 2177 766 Heu
2203 710 2215 765 l

566 788 746 859 quale
762 785 863 859 Cor
881 786 1184 859 audiendo
1199 785 1553 859 totlamenta
1566 785 2152 859 in_nocentium,quos
2166 787 2221 836 et

561 855 891 929 juventutis
915 863 971 912 et
989 856 1448 929 pulchritudinis
1470 855 1738 910 maxima
1762 861 2040 929 venustas
2054 858 2109 909 et
2129 868 2219 929 or-

566 924 661 985 tus
691 924 1103 985 nobilissimus
1134 927 1521 997 decorabant,
1557 930 1755 997 posset
1784 942 1843 979 se
1874 942 1910 981 a
1939 924 2221 997 lacrymis

568 1001 905 1071 continere?
924 1000 1149 1055 Flentes
1162 1000 1361 1071 itaque
1371 999 1390 1069 j
1402 995 1925 1071 uve'nes,gravibu_s
1940 995 2221 1068 lacrymis

568 1073 824 1145 pallidas
866 1070 1052 1126 facies
1083 1069 1416 1140 irrigautes,
1453 1069 1730 1145 ululatus,
1760 1069 2138 1145 gemitusque
2165 1071 2221 1145 et

569 1139 830 1215 suspiria
850 1158 1123 1215 promere
1145 1139 1265 1197 nan
1289 1146 1588 1215 cessantes
1610 1156 1622 1196 :
1650 1139 2220 1215 Gtcriosedicebant,

568 1209 1011 1284 Hieronymemoc
1039 1215 1219 1268 talene
1242 1220 1317 1268 est
1342 1212 1633 1284 praemium
1665 1211 1802 1282 quod
1826 1209 2223 1284 obsequentibns

570 1286 677 1341 tibi
696 1282 951 1357 praestas?
970 1294 1045 1341 est
1065 1286 1171 1340 tate
1193 1284 1331 1355 quod
1343 1282 1530 1339 labore
1550 1285 1635 1338 tui
1656 1285 1953 1357 meruimus
1974 1282 2224 1357 itineris?

570 1352 953 1414 Heu'Romana
983 1356 1113 1411 urbs
1140 1352 1316 1410 nostri
1333 1356 1543 1411 conscia
1565 1362 1737 1419 ortus,
1753 1371 1859 1408 non
1880 1354 1958 1409 sic
1980 1360 2026 1407 te
2047 1352 2224 1407 crede-

574 1432 759 1484 bamus
776 1429 1006 1484 nesciam
1018 1434 1217 1483 nostra
1229 1429 1355 1498 ﬁnis
1369 1428 1387 1481 Ι
1400 1427 1485 1482 Ad
1499 1427 1698 1498 locum
1718 1426 1837 1497 itaq
1848 1442 1917 1481 ue
1932 1427 2072 1480 tanti
2084 1439 2224 1496 sup-

570 1501 751 1572 plicii,
768 1501 993 1556 ibidem
1018 1497 1680 1572 gentiumimultitudine
1701 1498 1963 1572 mexima
1984 1512 2227 1572 exspee-

571 1568 983 1641 tante,innoxii
1002 1572 1249 1641 juvenes
1272 1569 1640 1625 ducuntur.0
1658 1568 1976 1641 ineffabilis
1999 1568 2223 1622 miseri-

574 1640 777 1699 cordia
797 1644 893 1698 Dei
914 1640 1121 1708 noStri,
1144 1658 1268 1713 qua
1286 1644 1502 1697 calum
1521 1640 1818 1713 redundat
1843 1647 1898 1695 et
1926 1645 2101 1713 terra,
2117 1654 2225 1713 nec

574 1715 752 1770 ullius
782 1714 859 1769 ad
900 1730 960 1768 se
988 1710 1279 1768 currentis
1310 1712 1675 1767 obliviscitur
1698 1711 1965 1765 misereri
1991 1711 2003 1765 1
2040 1710 2225 1765 Flexis

574 1786 635 1863 in
673 1785 985 1863 loco,_quo
1025 1784 1319 1863 plectendi
1366 1788 1550 1863 erant,
1586 1782 1877 1863 genibus,
1904 1783 1962 1836 in
2005 1782 2225 1837 calum

574 1857 807 1928 utrique
828 1853 1384 1928 juvenesmanibus
1411 1853 1650 1909 elevatis
1674 1876 1687 1908 :
1722 1853 1979 1928 Gloriose,
2003 1868 2226 1928 magna

575 1924 1047 1998 voce'inquiunt,
1078 1926 1426 1998 Hieronyme,
1456 1924 1892 1998 nostrasalutis
1931 1931 1983 1979 et
2022 1924 2227 1998 auxilii

614 2005 791 2061 ortus,
811 1995 1110 2067 nostraeque
1138 1998 1257 2067 spei
1279 1996 1514 2051 anchora
1543 1995 1902 2051 saluberrima
1935 2002 1983 2050 et
2011 1995 2223 2061 vitalis,

644 2087 671 2125 c
700 2069 908 2125 inclina
937 2069 1071 2123 hora
1104 2069 1306 2123 nostris
1336 2068 1575 2138 indignis
1603 2067 2080 2138 supplicationibus
2109 2068 2228 2137 pias

571 2158 753 2210 aures;
773 2146 829 2195 ut
849 2141 900 2195 si
918 2141 1030 2205 hoc,
1036 2157 1136 2211 pro
1155 2158 1255 2212 quo
1267 2157 1377 2210 pun
1388 2140 1729 2203 imur,scelus
1742 2156 1847 2212 non
1866 2138 2224 2212 f_ecimus,tuas

575 2212 915 2267 liberationis
924 2209 1254 2283 opespi'etate
1265 2209 1427 2265 solita
1438 2209 1907 2283 sentiamus.Quod
1918 2210 2222 2283 sifecimtts,

572 2285 812 2355 exigente
825 2281 1490 2355 justitia’condemnemur.
1516 2285 1643 2355 Hac
1660 2282 1758 2355 ubi
1773 2282 2065 2355 dixerunt,
2075 2281 2227 2355 colla

573 2351 897 2411 extendunt
927 2353 1305 2410 carniﬁcibus
1343 2354 1629 2418 ferienda,
1660 2354 1739 2407 nil
1767 2353 2029 2408 dicentes
2061 2351 2225 2408 aliud

574 2442 784 2499 quam,
812 2426 1094 2499 Succurre,
1121 2441 1394 2499 succurre,
1428 2425 1751 2499 Hieronyme
1782 2424 2045 2495 gloriose!
2073 2424 2227 2499 Quid

575 2496 816 2563 mirum,
833 2499 878 2551 si
903 2504 984 2553 tot
1008 2497 1291 2570 lacrymis
1307 2502 1661 2552 cunctorum
1678 2496 1753 2551 ad
1778 2512 1838 2570 se
1862 2497 2224 2570 currentium

574 2570 913 2626 misericors
938 2565 1559 2639 opifex'Hieronymus
1587 2584 1649 2623 se
1676 2584 1715 2639 a7
1737 2565 2076 2639 miserando
2103 2581 2224 2622 non

572 2641 774 2712 potuit
795 2638 1112 2712 abstinere,
1147 2655 1283 2712 cum
1315 2638 1831 2712 circumstantium
1863 2638 2138 2693 omnium
2171 2642 2227 2712 et

576 2709 929 2767 carnificum
960 2710 1144 2766 corda
1179 2709 1257 2765 ad
1287 2710 1774 2779 compassionem
1800 2709 2226 2765 moverentur?

574 2782 829 2837 Elevatis
849 2780 1147 2852 siquidem
1165 2781 1725 2852 ensibus,juvenum
1748 2780 2052 2836 carniﬁces
2074 2780 2227 2837 colla

574 2853 810 2925 feriunt,
845 2852 953 2925 sed
982 2852 1138 2925 colla
1162 2853 1616 2925 percussionum
1652 2853 1842 2920 signa,
1870 2852 2046 2925 quasi
2078 2868 2226 2925 por-

571 2924 862 2997 phyretici
886 2924 1118 2995 lapides
1147 2924 1669 2997 forentrecipiunt.
1683 2924 1969 2997 Mirantur
1990 2924 2225 2979 carniﬁ-

571 2994 689 3061 ces,
722 2994 1030 3051 credentes
1062 3011 1123 3050 se
1155 2996 1306 3052 ictus
1340 2994 1631 3063 fefellisse,
1664 2995 1864 3050 denuo
1895 2995 2128 3051 elevant
2162 3000 2226 3050 ut

570 3067 709 3149 plus
732 3072 984 3149 possunt
1012 3082 1207 3133 enses,
1236 3073 1291 3123 et
1318 3066 1533 3149 feriunt
1559 3085 1571 3135 ;
1598 3066 1709 3149 sed.
1730 3067 2223 3149 tamennut‘prius

570 3137 941 3195 insen'sibilia
966 3138 1257 3208 juvenum
1290 3137 1443 3193 colla
1472 3142 1736 3193 manent.
1775 3143 1845 3194 At
1881 3138 1962 3193 illi
2009 3138 2224 3193 iterum

571 3215 751 3283 atque
774 3210 988 3265 iterum
1016 3209 1234 3283 feriunt
1255 3210 1387 3283 ;7sed
1410 3225 1585 3283 enses
1606 3209 1775 3283 quasi
1800 3214 1997 3283 essent
2013 3210 2223 3281 palea,

562 3280 817 3354 juvenes
839 3296 1152 3354 nunquam
1167 3280 1409 3337 ladunt.
1428 3280 1621 3354 Oritur
1638 3296 1710 3336 ex
1728 3281 1841 3336 hoc
1860 3280 2225 3337 interastan-

573 3360 658 3409 tes
691 3353 1028 3418 admiratio,
1061 3358 1117 3408 et
1158 3358 1365 3423 stupor
1402 3353 1971 3407 vehementissimus
2012 3368 2225 3408 omnes

572 3424 1052 3495 capit.Hincinde
1080 3423 1443 3495 gentiumad
1462 3428 1582 3479 tam
1603 3423 1900 3479 insuetam
1930 3423 2223 3479 visionem

571 3494 819 3552 conﬂuit
850 3494 1191 3550 multitudo.
1220 3494 1393 3550 Audit
1417 3494 1531 3550 hoc
1558 3500 1613 3549 et
1638 3496 1763 3565 ipse
1799 3496 2103 3551 sententia
2134 3496 2222 3551 la-

571 3571 680 3631 tor.
716 3572 771 3623 et
801 3568 1053 3623 accurrit
1098 3582 1112 3622 :
1154 3566 1324 3637 jubet
1355 3566 1569 3621 iterum
1602 3565 2005 3632 carniﬁcibus,
2042 3572 2122 3630 ut,
2158 3584 2220 3621 se

572 3638 828 3703 vidente,
856 3638 1058 3693 denuo
1088 3638 1327 3705 feriant;
1352 3643 1407 3692 et
1433 3642 1635 3693 tamen
1660 3638 2007 3694 omnimode
2036 3637 2221 3694 illasa

568 3709 862 3781 juvenum
883 3709 1035 3765 colla
1056 3716 1320 3765 manent.
1347 3710 1599 3779 Stupens
1620 3710 1897 3781 magisac
1920 3710 2112 3779 magis
2128 3710 2220 3781 ju-

570 3780 981 3852 dex,tantique
996 3782 1240 3850 ignarus
1257 3781 1637 3848 miraculi,nil
1662 3780 1945 3836 scitaliud
1966 3798 2071 3836 cur
2091 3780 2220 3837 hac

566 3852 737 3925 ﬁant,
761 3852 1254 3925 quamveneﬁcia
1278 3853 1559 3923 cogitare.
1581 3854 1861 3925 Pracepit
1884 3854 2082 3925 itaque
2113 3853 2219 3908 mi-

565 3923 961 4006 nistris’omni
989 3940 1158 4006 mora
1188 3925 1537 4006 postposita,
1570 3924 1766 3979 nudos
1798 3925 1945 4006 tradi
1978 3923 2219 4006 arsuros

561 3996 971 4077 juvenesrogi
984 3995 1581 4077 ﬂemmisﬂircailloe
1607 4012 1748 4051 mox
1763 3996 2042 4077 cOpiosus
2063 3996 2217 4065 ignis

567 4065 934 4133 accenditur,
958 4067 1290 4123 infunditur
1310 4067 1486 4138 lignis
1507 4067 1705 4122 oleum
1724 4072 1780 4123 et
1798 4065 1917 4138 pix,
1934 4072 2215 4123 uteorum

564 4138 688 4191 vita
718 4137 1275 4209 citiusdestruatur.
1310 4137 1460 4209 Quid
1488 4139 1852 4203 mirandum,
1888 4139 1934 4193 si
1965 4155 2215 4209 compos

563 4207 913 4280 protegendi
928 4207 1007 4280 ab
1018 4208 1258 4262 ensibus
1272 4208 1568 4280 gloriosus
1583 4210 1894 4280 Hieronym
1906 4226 2036 4275 us,a
2049 4207 2216 4265 ﬂam-

562 4278 839 4352 mis_s__uos
862 4294 925 4332 se
946 4279 1285 4352 invocantes
1319 4279 1538 4352 sedulis
1567 4278 1817 4335 vocibus
1842 4282 2084 4349 iuvenes
2113 4298 2215 4352 po-

564 4349 935 4405 tuitliberare
950 4349 1239 4407 ?Sursum
1262 4350 1486 4419 ignium
1501 4349 1762 4406 ﬂamma
1778 4351 1834 4405 in
1850 4349 2214 4409 immensum

562 4421 896 4487 scandunt;
930 4426 988 4478 at
1012 4422 1261 4492 juvenes
1294 4421 1407 4477 sub
1439 4422 1549 4478 alis
1583 4424 1976 4479 consistentes
2008 4423 2209 4479 Hiero-

559 4494 728 4563 nymi
751 4493 1017 4562 gloriosi,
1035 4493 1736 4563 salubriterpermanent,
1760 4494 1932 4550 veluti
1955 4496 2013 4549 in
2030 4511 2214 4551 amoe-

557 4578 657 4636 no_
681 4564 726 4619 si
769 4563 1146 4636 quiescerent
1186 4564 1467 4636 viridario
1508 4572 1561 4620 et
1597 4566 1887 4635 jucundo.
1921 4567 2053 4622 Post
2086 4568 2212 4622 hac

553 4634 738 4703 judex
762 4634 960 4691 utrum
981 4635 1095 4691 hoc
1117 4635 1545 4693 ascribendum
1575 4634 1874 4693 miraculis
1896 4654 1972 4693 an
1993 4638 2209 4694 veneti-

557 4706 682 4772 ciis,
719 4707 935 4763 certius
971 4707 1218 4777 cupiens
1254 4707 1530 4834 experiri,
1564 4715 1627 4764 ut
1661 4710 1709 4764 si
1742 4709 1804 4763 hi
1834 4709 2045 4763 diebus
2075 4716 2209 4766 octo

557 4779 1254 4834 susnensiviverent.auo
1267 4795 1337 4834 ve
1363 4779 1730 4834 lentabirent
1753 4782 1929 4834 soluti
1947 4780 2206 4834 etliberi.

556 4780 830 4850 suspensi
845 4779 1254 4850 viverent.quo
1267 4779 1482 4834 vellent
1497 4779 1730 4835 abirent
1753 4782 1929 4835 soluti
1947 4780 2206 4845 etliberi,

552 4848 805 4923 censuit.
832 4848 1371 4923 Suspensisitaque
1398 4850 1527 4923 illis,
1557 4867 1695 4907 mox
1723 4852 2061 4923 Hieronymi
2086 4853 2203 4919 glo-

550 4919 1027 4994 riosiprasentia
1049 4919 1300 4994 minime
1324 4922 1650 4993 defuit,qui
1675 4923 1909 4994 plantas
1925 4919 2207 4979 manibus

552 4992 758 5047 tenens
779 4992 1024 5063 pedum,
1045 4992 1256 5049 illaesos
1277 4998 1333 5048 et
1354 4992 1587 5049 vivaces
1610 4992 1839 5050 statutis
1862 4994 2075 5049 diebus
2102 4996 2206 5051 mi-

546 5063 813 5119 rabiliter
830 5065 1482 5120 conservaviLCurrunt
1498 5065 1899 5134 igituroctavo
1917 5066 2011 5120 die
2028 5067 2204 5121 totius

546 5135 796 5207 civitatis
826 5142 881 5191 et
912 5136 1547 5207 circumadjacentium
1571 5137 1847 5192 villarum
1873 5137 1998 5203 viri,
2022 5139 2206 5195 currit

543 5210 600 5280 et
619 5206 825 5280 judex.
843 5210 1101 5264 Cernunt
1121 5206 1276 5263 clare
1301 5208 1627 5277 gloriosum
1647 5209 2025 5274 miraculum,
2044 5216 2201 5280 pate-

538 5277 898 5352 facientibus
924 5295 1058 5352 qua
1091 5280 1386 5352 viderunt,
1413 5280 1516 5351 qui
1549 5281 1625 5335 ad
1657 5277 2083 5336 custodiendos
2110 5282 2199 5352 ju-

538 5364 721 5406 venes
735 5350 971 5407 fuerant
1000 5350 1288 5421 deputati.
1314 5350 1594 5408 Mirantur
1623 5368 1853 5417 omnes,
1872 5350 2197 5408 vocibusin

536 5421 783 5495 excelsis
800 5421 1009 5479 laudes
1033 5428 1328 5495 peragunt
1350 5422 2054 5495 CreatorietHieronymo
2078 5423 2197 5493 glo-

534 5492 859 5567 rioso.Mox
880 5495 954 5567 de
982 5494 1236 5567 equuleo
1263 5495 1759 5567 innoxiifjuvenes
1788 5492 2192 5566 deponuntur,

534 5567 591 5617 et
617 5566 895 5621 maximis
920 5566 1219 5622 honorum
1238 5566 1535 5637 exsequiis
1564 5567 1641 5622 ab
1663 5568 1826 5622 omni
1850 5568 2071 5637 populo
2102 5583 2196 5622 ve-

531 5640 843 5710 nerantur.
873 5639 1086 5710 Verum
1115 5639 1221 5710 qui
1252 5638 1311 5694 in
1347 5638 1556 5694 urbem
1586 5638 2188 5709 Constantinopolita-

531 5718 675 5761 nam
690 5707 847 5779 capti
869 5723 1009 5765 cum
1031 5707 1235 5767 dolore
1256 5710 1777 5768 vehementissimo
1800 5707 2185 5779 intraverant,

2077 124 2464 233 APPENDIX.

3836 150 3977 225 1149

2323 276 2493 335 liberi
2521 275 2845 335 honoriﬁce
2869 283 3089 334 etcum
3116 275 3346 348 gaudio
3375 276 3660 335 ineffabili
3691 277 3983 341 exierunt.

2326 355 2382 407 et
2410 350 2651 406 tandem
2670 354 2971 405 annuente
3005 352 3122 406 Deo
3150 365 3184 404 a
3211 349 3411 405 multis
3437 349 3985 421 Constantinopoli-

2327 422 2451 478 tani
2480 421 2686 493 populi
2717 421 2983 477 comitati
3012 421 3356 477 Bethlehem
3390 421 3783 490 attingentes,
3817 438 3985 478 vene-

2326 494 2556 549 ratione
2582 493 2786 548 debita
2817 493 3059 565 gloriosi
3092 494 3434 565 Hieronymi
3472 493 3764 565 reliquias
3797 495 3990 549 visrta-

2328 570 2497 631 runt;
2517 567 2839 635 statimque
2853 564 3126 636 deposita
3140 564 3514 636 saecularium
3532 564 3813 621 omnium
3830 580 3989 631 cura,

2328 636 2672 718 canobium
2706 636 2766 718 in
2799 635 3424 718 quovixit‘gloriosus
3452 637 3881 718 Hieronymus,
3912 639 3994 692 in-

2329 714 2661 780 traverunt;
2688 713 3052 780 etevacantes
3084 708 3180 763 die
3206 713 3505 778 noctuque
3533 711 3911 780 pauitantia
3942 716 3997 763 et

2328 779 2724 842 orationibus,
2750 778 3049 852 incalibe
3068 780 3189 834 vita
3215 778 3549 835 sanctitatis
3571 782 3919 852 perspicua
3942 782 3994 835 in

2331 851 2618 924 praedicto
2645 850 2921 924 canobio
2953 849 3155 911 adhuc
3185 856 3449 924 manent.

2403 923 2628 977 CAPUT
2654 923 2791 976 Vill.
2819 952 2886 962 —
2915 924 3142 994 Magna
3169 920 3607 985 admirationis,
3640 921 3885 994 gaudii,
3907 921 3994 976 de-

2330 994 2705 1065 votionisque
2732 993 3080 1065 pracedens
3108 994 3399 1065 juvenum
3431 993 3801 1049 miraculum
3834 996 3996 1048 exsti-

2333 1064 2416 1129 tit,
2447 1064 2550 1120 sed
2581 1064 2780 1120 multa
2811 1064 3141 1120 formidinis
3162 1070 3398 1121 constat
3428 1065 3795 1136 sequens,in
3820 1067 3997 1120 sacris

2331 1136 2641 1208 ordinibus
2691 1136 2951 1208 maxime
2992 1136 3346 1192 constitutis.
3388 1135 3562 1208 Apud
3620 1136 3997 1207 superiorem

2329 1207 2691 1263 Thebaidem
2715 1207 3025 1278 quoddam
3056 1207 3446 1263 dominarum
3470 1208 3659 1263 fuisse
3687 1214 3834 1263 ante
3852 1209 3997 1262 duos

2333 1295 2525 1336 annos
2546 1279 2760 1333 dicitur
2776 1279 3061 1334 eximium
3084 1286 3141 1335 et
3162 1280 3326 1335 dives
3355 1280 3998 1344 monasterium,omni

2334 1349 3206 1423 pulchritudineetexcellentia
3225 1351 3608 1423 decoratum:
3627 1351 3685 1406 in
3704 1367 3837 1422 quo
3856 1366 3998 1423 pene

2332 1421 2603 1477 ducenta
2623 1421 2885 1477 domina
2910 1421 3040 1477 vita
3061 1422 3324 1478 honesta
3349 1424 3462 1478 sub
3483 1421 3799 1491 religionis
3822 1421 3999 1478 reda.

2334 1494 2499 1566 sione
2530 1494 2813 1566 continua
2839 1494 3191 1566 decorisque
3224 1493 3492 1549 moribus
3521 1494 3990 1565 permanebant.

2332 1564 2576 1645 Adboc,
2597 1564 2963 1645 quiadsunt,
2986 1564 3176 1645 figant
3196 1581 3392 1645 aures,
3416 1581 3491 1621 ne
3516 1564 3683 1645 quod
3711 1581 3844 1621 una
3860 1566 3995 1621 hau.

2333 1635 2473 1691 serit
2496 1635 2782 1709 auricula,
2798 1635 3010 1692 fundat
3023 1635 3414 1709 altera.Navis
3427 1635 3999 1709 quantumcumque

2335 1723 2487 1780 sana
2513 1708 2587 1780 sit
2615 1714 2671 1763 et
2700 1708 2951 1779 integra,
2984 1708 3311 1771 modicum,
3347 1708 3487 1774 imo,
3525 1708 3607 1763 nil
3651 1710 3926 1780 prodest,
3958 1709 3999 1763 si

2334 1779 2455 1852 alta
2477 1778 2681 1834 volens
2699 1778 2905 1852 secare
2923 1781 3131 1852 maria,
3156 1796 3414 1852 parvum
3437 1780 3604 1852 quod
3627 1778 3829 1852 fundo
3852 1781 3999 1835 inest

2334 1850 2605 1906 foramen
2632 1850 2947 1920 relinquat,
2964 1854 3028 1906 ut
3052 1850 3183 1907 dira
3209 1850 3524 1920 naufragia
3545 1867 3672 1907 non
3699 1851 3995 1907 admittat.

2336 1923 2449 1979 Cur
2479 1922 2608 1995 hac
2643 1922 2966 1995 simefatus,
3001 1923 3310 1995 prasentis
3344 1923 3714 1978 narrationis
3754 1923 3999 1979 historia

2334 1994 2640 2066 reserabit.
2671 1993 2861 2066 Multis
2891 1993 3091 2065 itaque
3120 1993 3351 2066 pollens
3377 1996 3741 2066 pradictum
3771 2010 4001 2050 monas-

2334 2064 2905 2138 teriumevirtutibus,
2932 2064 3634 2138 unum—pessimum,quo
3656 2066 3803 2133 ruit,
3826 2066 4004 2121 simo-

2334 2136 2449 2191 nia
2470 2136 2673 2191 vitium
2697 2136 3007 2192 retinebat.
3023 2136 3171 2193 Nam
3191 2138 3511 2206 instigante
3527 2136 3791 2193 diabolo
3818 2139 3879 2193 in
3898 2142 4003 2193 eis-

2334 2208 2473 2262 dem
2517 2208 2884 2263 dominabus
2929 2208 3052 2263 hac
3092 2209 3527 2265 observabatur
3569 2208 3821 2275 abusio,
3857 2216 3921 2265 ut
3958 2209 3999 2263 si

2333 2295 2519 2352 quam
2534 2278 2830 2352 vellentin
2854 2280 3176 2336 monialem
3199 2280 3481 2352 recipere,
3498 2296 3623 2335 non
3650 2286 3897 2337 tantum
3922 2281 4002 2336 in-

2335 2350 2487 2434 tuitu
2501 2350 2804 2434 charitatis
2816 2356 2871 2407 et
2884 2350 3829 2434 mis_ericordia,recipiendaque
3839 2352 4003 2434 boni-

2334 2425 2474 2503 tate,
2500 2428 2799 2503 quantum
2828 2423 3193 2503 recipiebant
3218 2423 3487 2495 respectu
3515 2423 4002 2503 pecunia.Nul_la

2334 2494 2494 2549 enim
2517 2494 2577 2549 in
2606 2494 3034 2568 monasterium
3058 2495 3278 2550 intrare
3305 2494 3593 2552 mansura
3614 2504 3879 2568 poterat,
3896 2496 4001 2550 nisi

2334 2570 2493 2620 certa
2524 2565 3125 2638 pecuniaquantitas
3158 2582 3363 2622 secum
3395 2568 3525 2623 iret.
3554 2565 3633 2621 In'
3656 2567 3780 2622 hoc
3806 2568 4000 2638 itaque

2334 2640 2460 2692 erat
2495 2637 2857 2710 monasterio
2889 2638 3363 2710 sanctimonialis
3392 2638 3685 2710 quadam
3728 2637 3999 2703 domina,

2334 2712 2505 2781 atate
2527 2708 2868 2781 grandaeva,
2883 2725 3018 2781 qua
3032 2709 3110 2764 ab
3123 2709 3374 2765 infantia
3396 2708 3507 2765 sua
3521 2709 3602 2781 jej
3615 2709 3787 2764 uniis
3803 2717 3862 2765 et
3879 2727 4002 2765 ora-

2332 2779 2598 2835 tionibus
2626 2780 2887 2835 serviens
2906 2779 3081 2836 omni
3104 2780 3368 2837 resoluta
3388 2779 3735 2848 cano,'Deo
3757 2782 4002 2843 vixerat.

2333 2866 2467 2922 qua
2496 2851 2706 2923 vitium
2732 2850 2878 2906 illud
2904 2867 3088 2923 quam
3119 2852 3445 2923 plurimum
3475 2853 3884 2908 abhorrebat.
3907 2852 4003 2909 Cui

2332 2921 2506 2995 nocte
2524 2921 2814 2994 quadam,
2831 2928 2893 2979 ut
2912 2921 3039 2979 erat
3054 2921 3244 2991 solita,
3264 2924 3322 2979 in
3342 2925 3611 2980 oratione
3626 2924 4003 2995 posita,glo-

2331 2994 2526 3066 riosus
2543 2994 2929 3066 Hieronymus
2951 3010 3274 3066 apparens,
3298 2994 4004 3052 locumillumimmenso

2330 3064 2591 3121 lustrans
2622 3064 2869 3139 lumine,
2887 3064 3085 3139 eidem
3101 3069 3403 3139 pracepit,
3416 3073 3479 3123 ut
3499 3068 3578 3122 ad
3607 3068 4004 3123 Abbatissam

2332 3142 2694 3212 caterasque
2714 3136 2871 3212 illius
2901 3136 3156 3212 canobii
3188 3136 3477 3212 moniales
3502 3154 3690 3194 mane
3710 3145 4004 3212 pergeret,

2331 3208 2639 3276 nuntians,
2671 3208 2835 3278 quod
2868 3208 2976 3264 nisi
3011 3225 3047 3263 a
3072 3216 3322 3280 peccato
3351 3210 3479 3280 jam
3506 3208 3862 3267 inveterato
3894 3228 4003 3267 ma-

2330 3296 2477 3335 num
2505 3280 3207 3353 extraherent,_ultionem
3238 3281 3503 3337 divinam
3528 3283 3737 3353 subito
3769 3298 4002 3353 exspec-

2333 3356 2541 3407 tarent.
2564 3352 2660 3406 His
2672 3352 2843 3406 dictis
2864 3351 3490 3423 disparuit.Perterrita
3510 3352 3755 3409 visione
3776 3351 4003 3411 insueta

2337 3422 3109 3496 sanctimonialisdomina,
3131 3425 3267 3496 quis
3292 3423 3387 3479 hic
3415 3423 3589 3480 fuerit
3612 3425 3857 3493 jubens
3878 3427 4002 3481 talia

2336 3494 2616 3559 nuntiari,
2649 3494 2708 3549 in
2748 3494 2942 3567 seipsa
2972 3494 3566 3567 avide—pertractans,
3598 3502 3805 3553 totam
3850 3497 3997 3554 illam

2333 3571 2569 3638 noctem
2605 3568 2832 3637 peregit
2866 3565 3228 3638 insomnem.
3259 3567 3625 3638 Crepusculo
3658 3570 3790 3624 diei
3822 3570 4001 3624 adve-

2332 3637 2551 3710 niente,
2583 3652 2795 3692 omnes
2827 3638 2885 3691 in
2917 3637 3173 3710 capitulo
3204 3637 3495 3694 moniales
3521 3640 3778 3710 pulsato
3815 3642 3996 3695 tintin-

2332 3708 2554 3783 nabula
2581 3710 2983 3783 congregavit.
3019 3709 3247 3783 Quibus
3273 3708 3721 3783 admirantibus
3748 3712 3832 3766 ad
3872 3727 3996 3783 qua

2331 3779 2523 3837 forent
2537 3785 2700 3852 tanta
2714 3780 3087 3852 festinatione
3106 3782 3163 3835 in
3178 3780 3442 3852 capitulo
3456 3791 3824 3838 convocata
3841 3800 3854 3847 ;
3873 3779 3995 3838 san-

2330 3851 2683 3927 ctimonialis
2699 3851 2947 3927 domina
2963 3868 3034 3907 ex
3055 3851 3266 3927 earum
3284 3869 3607 3927 assurgens
3628 3854 3994 3927 medioque:

2330 3922 2561 3995 viderat
2585 3928 2641 3978 et
2668 3923 2956 3995 audierat,
2986 3924 3270 3979 omnibus
3299 3922 3594 3995 patefecit.
3623 3926 3722 3981 Fit
3752 3922 3912 3981 illico
3930 3941 3993 3980 ex

2329 3994 2441 4049 hoc
2473 3993 2836 4049 monialibus
2862 3995 3088 4049 cunctis
3110 3993 3336 4061 irrisio;
3359 3996 3515 4051 hanc
3538 3997 3895 4053 exclamant
3921 3997 3995 4051 fa-

2328 4070 2516 4132 tuam,
2550 4064 2875 4136 multisque
2894 4066 3163 4134 garriunt
3192 4066 3594 4123 derisionibus
3620 4068 3828 4134 ;hanc
3853 4069 3989 4125 forte

2330 4136 2428 4193 illa
2442 4137 2627 4211 nimia
2640 4137 2919 4211 ebrietate
2941 4138 3298 4195 somniasse.
3317 4138 3424 4194 Illa
3436 4156 3574 4194 vero
3587 4146 3995 4211 acceptacon-

2327 4208 2590 4283 t_umelia,
2610 4209 2905 4283 patientia
2927 4215 3093 4283 scuto
3114 4226 3178 4283 se
3207 4211 3501 4283 muniens,
3518 4212 3593 4283 de
3620 4208 3850 4267 earum
3873 4212 3994 4283 qui-

2326 4279 2464 4355 dem
2496 4280 2822 4355 pertinacia
2850 4281 3104 4355 nimium
3128 4280 3358 4355 dolens,
3377 4282 3484 4337 sed
3509 4282 3585 4337 de
3611 4299 3733 4338 sua
3754 4279 3996 4355 despec-

2323 4351 2484 4426 tione
2502 4353 2798 4419 gaudens,
2815 4351 2891 4426 ad
2907 4351 3012 4406 soli
3024 4351 3992 4426 tasrediitorationes,suppliéans

2324 4424 2630 4487 continuo,
2652 4439 2728 4496 ne
2744 4423 2866 4496 suis
2887 4423 3269 4496 monialibus,
3289 4426 3454 4496 quod
3477 4423 3783 4489 audierat,
3804 4428 3993 4481 eveni-

2322 4495 2766 4569 ret.Transac_tis
2782 4494 3186 4569 igiturdiebus
3198 4494 3609 4569 decem,nocte
3622 4497 3838 4569 media
3851 4515 3990 4569 pra-

2322 4566 2494 4640 dicta
2523 4566 2958 4640 sanctimoniali
2979 4565 3365 4640 dominahac
3386 4584 3493 4640 pro
3520 4584 3584 4623 re
3600 4565 3990 4625 devotis'ora-

2325 4638 2583 4712 tionibus
2624 4636 3012 4712 incumbenti,
3071 4636 3403 4712 gloriosus'
3432 4639 3653 4695 iterum
3709 4644 3991 4712 apparuit

2321 4709 2741 4782 Hieronymus,
2770 4709 2965 4782 eidem
2994 4714 3057 4764 ut
3083 4709 3225 4782 qua
3257 4711 3423 4782 prius
3450 4709 3846 4768 nuntiaverat
3876 4729 3991 4768 mo-

2319 4780 2596 4845 nialibus,
2649 4781 2848 4835 denuo
2899 4780 3190 4851 intrepide
3247 4780 3568 4846 nuntiaret,
3621 4782 3989 4840 allocutione

2318 4851 2943 4926 mandavitbenigna.
2978 4852 3064 4926 Ad
3094 4869 3276 4926 quem
3313 4852 3414 4909 illa
3443 4872 3454 4909 :
3488 4855 3640 4919 Quis,
3668 4855 3897 4926 inquit,
3924 4874 3986 4920 es,

2315 4923 2542 4997 domine,
2560 4923 2697 4997 talia
2712 4924 2845 4978 mihi
2868 4922 3173 4997 mandans?
3192 4924 3575 4996 Hieronymus,
3592 4922 3821 4997 inquit,
3846 4945 3987 4992 sua;

2316 4995 2470 5051 etab
2493 4995 2764 5065 ejusdem
2780 4995 3015 5050 evanuit
3037 4996 3241 5051 oculis.
3261 4996 3365 5053 llla
3389 4995 3521 5052 vero
3550 4995 3749 5052 scieus
3776 5016 3985 5054 earum

2313 5066 2618 5133 duritiem,
2649 5066 2794 5134 quid
2838 5070 3062 5138 ageret,
3104 5067 3320 5138 quidve
3371 5068 3610 5133 diceret,
3643 5071 3983 5125 nesciebat.

2313 5138 2581 5213 Tandem
2609 5138 2897 5213 malensa
2926 5138 3287 5213 monialibus
3311 5140 3529 5213 insana
3546 5140 3793 5196 etebria
3812 5159 3985 5213 repu-

2313 5210 2643 5286 _tari,quam
2671 5210 2886 5286 divinis
2917 5210 3217 5286 contraire
3240 5212 3576 5286 praeceptis,
3594 5210 3981 5286 eongregatis

2310 5281 2523 5353 iterum
2553 5282 2929 5343 monialibus.
2960 5297 3097 5353 qua
3129 5281 3353 5337 viderat
3382 5289 3437 5337 et
3464 5283 3764 5349 audierat,
3800 5281 3979 5341 voluit

2309 5352 2601 5409 intimare.
2622 5356 2727 5407 Ast
2758 5352 3325 5426 uteam'assurgere
3354 5355 3651 5409 moniales
3682 5358 3981 5426 pestifera

2308 5423 2961 5499 cquspexeruntﬂivini
2984 5423 3429 5499 ne‘scia'judicii
3455 5426 3565 5481 sibi
3593 5423 3979 5499 de'proximo

2307 5494 2569 5558 affuturi,
2602 5502 2925 5568 antequam
2943 5495 3127 5568 verba
3159 5494 3461 5567 inciperet,
3488 5513 3518 5551 e
3539 5494 3819 5568 capitulo
3844 5517 3974 5555 cum

2306 5567 2541 5635 magnis
2571 5566 3132 5622 cachinnationibus
3158 5566 3446 5623 exierunt.
3471 5566 3631 5634 Quin
3651 5572 3976 5627 transactis

2303 5639 2548 5708 insuper
2575 5638 2787 5694 diebus
2829 5638 3361 5710 tribusgdorrnienti
3400 5639 3705 5710 praedicta
3750 5645 3977 5699 sancti-

2303 5710 2547 5767 moniali
2591 5710 2852 5769 domina
2894 5708 3189 5782 gloriosus
3232 5708 3630 5785 Hieronymus
3678 5714 3975 5775 ineffabili
