4138 6172
261 165 417 225 51115

257 287 856 361 .verba,videntibus
895 289 952 342 et
992 288 1371 361 stupentibus
1427 293 1676 361 cunctis,
1728 311 1865 353 mox
1893 313 1925 353 e

277 363 430 420 caelo
471 360 694 415 fulmen
730 360 972 416 veniens
1002 359 1321 417 interemit.

345 432 577 504 CAPUT,
606 431 757 485 XVI.
801 462 866 504 έ-
909 430 1118 485 Tribus
1154 432 1285 486 aliis
1317 433 1378 488 in
1400 436 1547 504 Tyro
1578 435 1925 494 ludentibus

268 506 385 562 hoc
417 503 631 559 accidit
670 503 837 573 quod
868 518 1103 557 enarro.
1139 506 1284 558 Cum
1312 503 1469 559 enim
1500 506 1578 561 illi
1602 524 1779 564 suum
1808 511 1923 565 vel-

270 578 390 632 lent
420 575 680 645 incipere
705 575 936 637 ludum,
961 581 1022 627 ut
1053 575 1088 627 ii
1109 576 1210 645 qui
1245 592 1304 630 se
1333 576 1447 632 hoc
1471 579 1547 633 ab
1570 580 1796 635 eisdem
1822 597 1922 636 au-

267 649 448 711 disse,
483 652 540 701 et
575 652 757 701 totam
787 645 866 699 rei
901 646 1113 699 seriem
1143 647 1326 701 etiam
1367 664 1428 702 se
1458 649 1676 704 vidisse
1703 652 1921 716 fantur,

267 727 325 776 et
363 719 644 791 referunt,
679 718 762 772 sic
794 716 1112 791 dixeruni:
1150 718 1544 791 Quamcumque
1569 729 1714 791 potes
1743 741 1921 780 exsere

267 791 398 855 vim,
431 790 788 859 Hieronyme;
821 789 956 858 quia
980 794 1028 842 te
1056 789 1228 843 invito
1267 789 1634 846 ludum’i'stum
1661 794 1922 851 alacriter

268 864 537 938 ﬁniemus.
555 862 655 938 His
674 863 749 915 ita
774 860 944 938 dictis
968 875 1144 938 suum
1161 860 1778 938 incmperuntludum,
1799 884 1922 938 quo

265 931 514 1007 quidem
541 931 1144 1007 pr_imordi_ato,quasi
1170 948 1290 1007 uno
1312 934 1516 1007 elapso
1551 931 1837 1002 instanti;
1860 955 1922 995 se

268 1002 426 1062 terra
455 1002 752 1076 aperiens,
785 1002 1146 1076 illosrsolum
1169 1002 1494 1070 absorbuit,
1533 1007 1617 1062 ita
1650 1015 1710 1064 ut
1739 1011 1821 1064 nil
1849 1026 1920 1066 ex

265 1079 348 1133 eis
379 1074 642 1144 amplius
683 1074 857 1130 fuerit
885 1075 1100 1128 visum.

346 1145 574 1204 CAPUT
603 1147 772 1201 XVII.
810 1175 877 1185 —-
914 1144 1084 1209 Quod
1113 1145 1240 1200 visu
1285 1149 1569 1214 noscitur,
1613 1151 1920 1206 verissimo

273 1216 1101 1293 testimonio‘comprobatur.
1137 1217 1366 1293 Idcirco
1401 1219 1701 1293 quaeﬁdico
1733 1238 1920 1293 quan-

265 1307 454 1362 quam
483 1289 681 1345 multis
721 1295 962 1362 possent
992 1289 1369 1362 comprobari
1411 1289 1680 1360 testibus,
1717 1289 1918 1348 tamen

265 1360 362 1418 me
386 1362 517 1433 ipso
544 1367 709 1424 teste,
739 1361 842 1432 qui
871 1376 938 1415 ea
971 1360 1200 1433 visione
1237 1362 1478 1433 propria
1524 1363 1728 1429 didici,
1761 1382 1920 1420 com-

266 1432 562 1506 probabo.
596 1435 777 1506 luxta
802 1447 996 1486 meam
1031 1432 1089 1506 in
1116 1447 1238 1501 qua
1270 1432 1329 1506 in
1355 1434 1684 1506 Jerusalem
1712 1437 1918 1492 habito

265 1501 483 1568 eadem,
514 1503 921 1558 nobilissimus
943 1501 1194 1574 quidam
1212 1503 1382 1557 miles
1412 1504 1540 1572 fuit,
1566 1508 1916 1563 transitoriis

265 1577 512 1650 nimium
529 1574 830 1650 locuples,
858 1576 1233 1650 quiunicum
1262 1574 1496 1630 habens
1525 1577 1732 1644 tilium,
1767 1580 1920 1650 ejus-

265 1649 403 1704 dem
431 1647 761 1702 stultissimi
793 1646 1017 1701 amoris
1039 1646 1298 1701 caecitate
1317 1662 1656 1718 percussus,
1685 1646 1916 1706 non'so-

261 1721 396 1776 lum
444 1735 476 1774 a
521 1718 717 1789 pravis
749 1734 888 1773 eum
921 1733 1039 1771 non
1076 1719 1392 1786 corrigere,
1432 1720 1535 1774 sed
1568 1723 1746 1776 etiam
1779 1739 1916 1776 eum

265 1793 522 1863 ipsemet
548 1805 735 1863 prava
767 1790 1054 1863 instruere
1086 1790 1431 1844 conabatur.
1465 1794 1740 1848 Parentes
1769 1793 1914 1848 fatui

265 1861 318 1918 et
344 1862 442 1917 isti
461 1861 699 1923 similes,
725 1861 960 1924 mentis,
985 1876 1210 1931 quaiso,
1233 1865 1442 1916 oculos
1467 1863 1583 1917 huc
1611 1864 1914 1928 inclinent,

266 1942 330 1990 ut
359 1934 486 2005 quis
517 1932 652 1986 finis
685 1933 937 2005 eveniat,
972 1948 1091 1986 non
1123 1933 1413 2000 ignorent.
1442 1935 1598 1989 Multi
1627 1937 1784 1990 enim
1815 1937 1918 1991 ho-

267 2003 458 2062 mines
478 2019 734 2072 magnas
765 2003 982 2058 anima:
1015 2005 1916 2074 etcorporisincideruntruinas

267 2078 344 2133 ob
391 2091 711 2148 pravorum
769 2082 1086 2148 parentum
1149 2077 1575 2145 insipientiam.
1636 2080 1916 2133 Crescens

268 2145 537 2218 namque
566 2147 720 2201 illius
743 2145 953 2218 militis
972 2146 1162 2218 Vtilius,
1194 2149 1420 2218 cunctis
1442 2148 1715 2203 moribus
1744 2150 1917 2204 bonis

267 2217 601 2281 destitutus,
625 2218 699 2272 de
720 2217 814 2272 die
841 2217 898 2271 in
925 2217 1083 2271 diem
1111 2217 1459 2286 pejerando,
1485 2225 1716 2274 tantum
1740 2239 1914 2276 suum

262 2297 497 2365 tempus
513 2289 790 2365 amittens
809 2289 866 2342 in
881 2288 1039 2342 ludis
1060 2294 1114 2341 et
1132 2288 1548 2358 blasphemiis,
1565 2295 1916 2365 cunctisque

265 2361 681 2422 immunditiis,
709 2366 875 2429 patre
906 2365 1212 2425 causante,
1246 2376 1472 2415 annum
1507 2364 1738 2428 attingit
1768 2361 1918 2419 duo-

263 2435 419 2489 denu
431 2433 626 2497 m.Qui
647 2431 912 2503 quodam
933 2431 1462 2503 advesperascente
1475 2433 1568 2487 die
1583 2434 1764 2488 solitis
1777 2452 1915 2490 cum

265 2509 431 2578 patre
460 2503 616 2578 ludis
663 2501 964 2578 insistens,
995 2501 1470 2578 ludumeodem,
1507 2509 1566 2559 ut
1605 2505 1912 2578 gliscebat,

266 2574 388 2631 non
447 2577 720 2638 habente,
754 2576 949 2642 primo
991 2574 1268 2643 prorupit
1305 2575 1363 2628 in
1404 2576 1534 2629 haec
1578 2577 1758 2632 verba
1791 2594 1804 2632 :
1860 2574 1918 2631 Si

262 2648 394 2719 quid
425 2647 515 2701 ille
555 2653 721 2716 potest
749 2645 1143 2719 Hieronymus,
1176 2649 1271 2715 qui
1313 2645 1463 2719 ludos
1499 2647 1770 2717 prohibet,
1799 2651 1915 2719 jam

266 2717 477 2773 exserat
498 2741 520 2789 ;
551 2735 673 2772 nam
698 2734 748 2790 se
777 2717 946 2771 invito
976 2717 1100 2771 hinc
1128 2734 1234 2771 non
1261 2718 1374 2771 nisi
1404 2720 1578 2772 victor
1599 2717 1907 2790 exsurgam.

268 2788 650 2845 Verum'haac
697 2788 988 2843 duntaxat
1024 2791 1156 2858 ipso
1204 2795 1620 2860 prosequente.
1656 2788 1916 2860 nequam

267 2863 507 2932 spiritus
525 2861 796 2914 teterrimi
812 2861 1060 2914 hominis
1078 2861 1292 2932 specie,
1311 2861 1540 2932 cunctis
1559 2861 1917 2929 videntibus,

264 2931 462 2988 lucum
487 2933 680 3001 inquo
705 2932 946 2985 ludebat
971 2931 1152 2984 veloci
1177 2931 1365 2998 gradu
1393 2931 1919 2996 adiens,eumdem

313 3020 520 3058 uerum
545 3003 836 3056 infelicem
861 3001 1201 3070 rapuit.Sed
1221 3017 1343 3072 quo
1365 3018 1500 3056 eum
1529 3004 1919 3068 detulit,nulli

310 3080 557 3146 actenus
571 3073 890 3146 hominum
907 3079 992 3127 est
1014 3080 1380 3146 compertum
1394 3113 1406 3125 .
1427 3074 1662 3142 Verum,
1682 3080 1744 3129 ut
1758 3083 1922 3146 puto,

263 3163 403 3202 eum
423 3144 628 3200 detulit
652 3144 709 3198 in
732 3143 1048 3198 infernum.
1078 3144 1294 3198 Eadem
1324 3160 1587 3215 namque
1610 3143 1922 3203 hora—casu

269 3218 346 3274 ad
371 3216 706 3288 quamdam
728 3215 1119 3288 metedomus
1147 3215 1489 3283 fenestram,
1513 3233 1646 3287 quae
1684 3219 1836 3284 loco,
1866 3221 1924 3275 in

269 3285 406 3362 quo
425 3287 698 3344 ludentes
729 3285 1027 3354 degebant
1056 3293 1224 3357 pater
1254 3292 1310 3342 et
1335 3288 1508 3352 ﬁlius,
1534 3285 1610 3344 “ex
1651 3291 1928 3362 opposito

272 3360 384 3416 sita
419 3364 524 3421 est,
558 3374 654 3413 me
689 3373 1028 3426 posueram,
1075 3374 1143 3412 ex
1175 3375 1296 3430 quo
1327 3376 1422 3414 me
1462 3362 1661 3416 videre
1693 3360 1802 3416 fuit
1831 3379 1928 3417 ne-

271 3448 440 3487 cesse
475 3431 713 3484 veritate
759 3430 1079 3499 perspicua
1119 3430 1329 3484 seriem
1379 3438 1496 3485 tam
1530 3432 1928 3490 formidandis

265 3504 344 3558 rei
375 3509 579 3571 gestae.
612 3502 849 3555 Discant
878 3516 1019 3572 ergo
1047 3501 1297 3570 juvenes
1327 3503 1383 3556 in
1411 3505 1734 3572 juventutis
1765 3512 1916 3560 tem-

267 3590 430 3645 pore,
477 3571 924 3645 quodic’aeteris
974 3579 1076 3645 est
1113 3571 1515 3645 praestantius,
1565 3578 1912 3645 expetendis

268 3643 536 3716 inoribus
568 3661 628 3698 se
652 3643 875 3705 fulcire,
901 3658 974 3716 ne
1006 3643 1222 3698 vilibus
1255 3645 1618 3716 caducisque
1644 3643 1914 3702 moribus

260 3715 541 3787 juvenilis
568 3717 805 3770 animus
832 3715 1206 3787 informatus.
1241 3722 1460 3771 statum
1491 3715 1549 3772 in
1575 3719 1787 3773 canitie
1817 3736 1916 3774 ne-

265 3786 444 3859 queat
475 3795 832 3859 permutare.
866 3786 1036 3859 Quod
1073 3789 1228 3840 enim
1263 3803 1434 3842 novae
1463 3793 1679 3844 chartae
1707 3791 1917 3847 inscri-

263 3857 439 3927 bitur,
466 3860 539 3931 de
573 3857 726 3913 facili
757 3857 1150 3931 nondeletur.
1169 3859 1406 3931 Discant
1432 3861 1605 3915 etiam
1637 3869 1914 3931 parentes

267 3932 410 3986 fatui
458 3930 612 3984 ﬁlios
655 3929 1122 3984 correctionibus
1172 3936 1228 3984 et
1276 3929 1913 3998 verberibus—erudire,

266 4018 374 4057 nec
406 4002 677 4056 vitiorum
710 4001 907 4056 sinant
933 4016 1143 4071 vepres
1173 4001 1400 4056 radices
1425 4003 1602 4071 ﬁgere
1624 4020 1744 4059 non
1777 4005 1916 4059 faci-

268 4074 397 4129 liter
425 4073 867 4141 evellendas,ne
897 4072 1078 4126 flendi
1107 4078 1158 4128 et
1185 4073 1279 4128 hic
1307 4080 1361 4128 et
1392 4075 1452 4128 in
1479 4075 1676 4131 futuro
1702 4077 1917 4131 cedant

268 4151 534 4200 eventus.
569 4147 737 4208 Nam,
773 4144 881 4197 nisi
930 4144 1121 4208 fallor,
1155 4144 1232 4199 ad
1271 4150 1625 4201 aeternorum
1673 4148 1918 4214 gaudio-

268 4232 401 4271 rum
432 4216 684 4286 patriam
718 4216 1070 4270 deveniendi
1093 4217 1448 4279 arctissima,
1483 4224 1536 4273 et
1568 4219 1694 4273 sine
1725 4219 1920 4274 ambi-

270 4289 490 4357 guitate
517 4287 719 4357 aliqua
766 4302 801 4340 a
850 4286 1222 4356 paucissimis
1261 4293 1415 4342 certe
1455 4292 1694 4357 cognita
1724 4296 1919 4345 exstat

270 4361 368 4413 via
394 4359 601 4413 :eundi
629 4359 702 4412 ad
737 4357 1129 4428 perditionem
1161 4359 1266 4413 iter
1289 4359 1664 4425 latissimum,
1689 4369 1745 4416 et
1769 4362 1920 4417 mul-

272 4431 339 4485 tis
370 4431 490 4484 imo
521 4446 670 4500 pene
717 4429 960 4483 inﬁnitis
989 4430 1276 4484 limitibus
1313 4431 1550 4500 plenum
1587 4434 1708 4488 fore
1739 4450 1917 4489 cons-

270 4507 373 4557 tat.
426 4501 741 4565 Quodlibet
797 4502 956 4556 enim
1010 4502 1350 4557 mortalium
1403 4512 1780 4572 peccatorum
1843 4504 1916 4558 ad

270 4573 662 4643 perditionem
695 4589 866 4644 suum
903 4574 1196 4628 tramitem
1234 4573 1405 4628 struit
1436 4591 1450 4626 :
1483 4591 1604 4644 quo
1630 4579 1774 4628 dum
1809 4576 1915 4629 ho-

274 4645 501 4698 minum
535 4660 652 4698 non
684 4643 875 4697 solum
905 4645 1307 4711 Paganorum,
1338 4645 1438 4697 sed
1473 4643 1649 4700 etiam
1681 4645 1917 4700 illorum

272 4731 424 4786 quos
446 4717 592 4769 sacri
622 4714 1000 4785 Baptismatis
1034 4716 1194 4786 unda
1215 4715 1355 4769 lavit
1379 4715 1541 4782 (nam
1570 4717 1643 4770 de
1664 4717 1920 4785 Paganis

273 4785 434 4842 nulla
481 4788 664 4841 oritur
699 4786 954 4857 quaestio
1002 4785 1158 4857 quin,
1196 4786 1579 4857 damnentur)
1631 4789 1918 4857 majorem

272 4857 392 4912 fore
442 4857 625 4928 liquet
661 4856 985 4912 numerum
1022 4856 1472 4929 imultiplicibus
1521 4856 1919 4914 insistentium

272 4929 526 4999 ﬂagitiis,
560 4945 817 5000 quorum
851 4929 1012 4983 nulla
1057 4944 1208 4998 pene
1244 4943 1509 4999 unquam
1541 4932 1924 4998 cognoscitur

272 5001 610 5073 emendatio
645 5019 656 5052 :
686 5000 1330 5073 quinimotrespective
1361 5001 1606 5071 quidem
1639 5003 1796 5072 dico)
1824 5019 1920 5073 pa-

273 5072 411 5126 riter
448 5073 618 5126 bonis
651 5080 706 5126 et
753 5072 927 5125 malis
969 5072 1316 5126 hominibus
1359 5073 1768 5137 consideratis,
1801 5072 1921 5128 non

273 5149 357 5198 est
383 5144 483 5213 qui
519 5143 695 5198 faciat
725 5143 1108 5206 bonum,non
1141 5149 1227 5197 est
1259 5159 1447 5214 usque
1479 5144 1554 5198 ad
1590 5161 1794 5206 unum,
1816 5146 1920 5200 sed

273 5230 482 5269 omnes
511 5221 641 5284 post
673 5231 812 5268 suas
842 5214 1152 5284 improbas
1185 5221 1240 5268 et
1289 5216 1578 5284 pessimas
1610 5217 1926 5271 ambulant

271 5285 623 5356 voluptates.
648 5285 1093 5356 Consequenter
1118 5285 1392 5340 concludi
1421 5287 1614 5351 debet,
1649 5289 1811 5356 quod
1847 5289 1923 5342 ad

273 5363 507 5412 aeterna:
541 5357 925 5412 beatitudinis
963 5357 1182 5424 gaudia
1218 5358 1498 5411 rarissimi
1538 5357 1914 5422 gradiantur.

277 5428 538 5493 lnﬁnitaa,
556 5429 824 5496 quinimo
843 5445 1051 5483 omnes
1076 5444 1225 5497 pene
1249 5445 1431 5483 sacrae
1446 5429 1762 5500 Scriptura:
1789 5447 1924 5485 auc-

275 5500 539 5554 toritates
572 5501 684 5555 hoc
713 5505 1020 5555 testantur.
1059 5500 1289 5554 lntinita
1322 5500 1620 5570 siquidem
1649 5502 1926 5571 exempla

275 5587 592 5642 possemus
624 5572 1042 5642 perspicaciter
1063 5572 1273 5624 intueri
1301 5572 1375 5625 ad
1410 5573 1754 5637 hujusmodi
1779 5575 1926 5628 veri-

275 5648 452 5698 tatem
482 5643 869 5698 sufficientius
901 5644 1457 5698 demonstrandam.
1482 5647 1596 5699 Hoc
1628 5660 1698 5699 ex
1726 5646 1925 5699 omni-

273 5715 389 5772 bus
435 5731 623 5772 unum
665 5714 893 5772 censeri
929 5714 1119 5779 decet,
1154 5730 1262 5770 nec
1305 5715 1382 5772 ab
1431 5715 1544 5772 hoc
1576 5716 1922 5789 discrepare

1781 167 2174 229 ΑΡΡΕΝΒῘΧ.

3539 165 3685 228 1M5

2032 300 2244 368 potest,
2270 295 2502 352 nullum
2531 293 2748 368 scilicet
2769 293 3090 368 adaeterna
3111 292 3294 351 modo
3317 293 3516 368 aliquo
3547 311 3682 365 per-

2030 365 2237 424 venire
2260 384 2439 438 posse
2469 367 2713 436 gaudia,
2749 365 2863 438 nisi
2892 367 3172 421 omnibus
3203 382 3323 422 non
3364 367 3680 438 particula-

2031 441 2186 506 riter,
2223 437 2324 494 sed
2355 441 2612 495 totaliter
2655 437 2808 492 vitiis
2841 438 3204 507 exstirpatis,
3235 437 3519 493 virtutum
3555 444 3682 493 stu-

2029 513 2167 566 deat
2196 512 2401 566 itinere
2433 511 2730 565 festinare.
2775 509 2870 563 His
2895 509 3020 578 jam
3053 510 3169 563 fine
3209 509 3370 577 dato,
3404 510 3682 580 exempla

2028 589 2084 637 et
2112 583 2383 653 prodigia
2408 583 2689 654 quaedam
2717 581 2841 650 jam
2874 581 3054 650 hujus
3085 584 3280 652 operis
3305 581 3409 654 fini
3443 583 3678 654 propin-

2029 652 2186 726 quus
2212 652 2466 709 breviter
2492 653 2894 726 introducam.
2923 655 2987 726 Et
3017 652 3467 726 duopraacipue
3495 652 3682 706 admi-

2029 722 2240 792 fanda,
2285 741 2419 796 qua:
2468 741 2504 779 a
2547 723 2869 778 venerabili
2923 722 3332 796 viroﬂNicolao
3391 725 3680 796 Cretensis

2030 797 2239 851 insulae
2259 795 2708 866 archiepiscopo
2727 795 3223 866 referentedidici,
3239 797 3432 864 primo
3455 795 3675 849 dicam.

2103 871 2326 922 CAPUT
2345 865 2528 923 XVlll.
2547 899 2615 908 —
2631 866 2990 920 Venerabilis
3014 865 3170 920 idem
3192 866 3680 936 archiepiscopus

2026 938 2218 1064 pridie
2237 940 2476 1008 gloriosi
2502 938 2848 1008 Hieronymi
2889 939 3206 992 devotione
3239 938 3421 991 nimia
3462 939 3680 992 Bethle-

2072 1027 2164 1064 em
2180 1011 2451 1064 veniens.
2486 1015 2552 1063 ut
2581 1009 2850 1064 eiusdem
2879 1008 3106 1063 cunctis
3128 1008 3458 1062 honoribus
3487 1009 3678 1063 colen-

2072 1027 2164 1064 em
2180 1011 2451 1076 veniens,
2486 1015 2552 1063 ut
2581 1009 2850 1079 ejusdem
2879 1008 3106 1063 cunctis
3128 1008 3458 1062 honoribus
3487 1009 3678 1063 colen-

2028 1081 2137 1136 das
2173 1082 2455 1152 reliquias
2483 1082 2766 1147 visitaret,
2811 1085 2872 1134 ut
2904 1086 3058 1135 totus
3091 1080 3372 1135 charitate
3392 1080 3676 1152 fervidus,

2028 1153 2217 1208 redire
2257 1151 2655 1208 noluitdonec
2687 1167 2782 1206 me
2813 1169 2920 1206 sua
2961 1152 3300 1219 gratissima
3348 1151 3679 1206 visitatione

2029 1225 2259 1279 eximiis
2286 1224 2500 1279 laetitiis
2532 1223 2906 1294 adimpleret.
2930 1223 3039 1290 Qui
3074 1224 3176 1289 (uti
3208 1223 3680 1292 donatorpraeci-

2028 1298 2211 1366 puus)
2246 1301 2308 1350 ut
2333 1297 2677 1365 gratissima
2705 1294 2850 1348 mihi
2881 1295 3131 1349 donaria
3184 1294 3676 1366 superabundan-

2026 1365 2249 1422 iissime
2277 1383 2441 1423 more
2471 1367 2642 1422 solito
2673 1366 3016 1437 impertiret,
3044 1382 3134 1420 me
3163 1366 3399 1420 visitare
3432 1365 3678 1420 minime

2028 1444 2358 1506 contentus,
2398 1455 2633 1492 mecum
2662 1439 2940 1506 dignatus
2981 1444 3067 1491 est
3094 1439 3218 1507 jam
3252 1437 3465 1491 diebus
3501 1437 3680 1507 pluri-

2027 1510 2141 1565 bus
2171 1510 2530 1565 commorari
2561 1515 2652 1572 :et
2682 1511 2861 1564 etiam
2896 1509 3094 1563 adhuc
3119 1513 3340 1572 manet,
3381 1508 3539 1579 quod
3567 1508 3675 1563 uti-

2026 1597 2167 1636 nam
2203 1589 2468 1651 tempore
2508 1581 2690 1650 longo
2741 1581 2930 1634 duret.
2985 1581 3046 1632 In
3081 1580 3325 1651 Christo
3391 1595 3674 1651 namque,

2026 1650 2358 1718 Augustine
2387 1652 2758 1714 charissime,
2790 1650 3318 1706 venerabilisidem
3336 1650 3599 1720 pontifex
3628 1656 3680 1705 te

2029 1724 2265 1778 salutat.
2297 1725 2487 1788 Quam
2505 1723 2726 1792 pluries
2745 1723 2918 1791 igitur
2934 1723 3076 1775 mihi
3093 1737 3341 1776 suorum
3357 1721 3680 1775 verborum

2029 1795 2207 1849 avido
2234 1794 2589 1849 venerabilis
2619 1794 2775 1848 idem
2812 1793 3074 1864 pontifex
3098 1792 3414 1856 enarravit,
3434 1792 3548 1846 hoc
3568 1793 3681 1846 tale

2026 1867 2086 1920 in
2105 1866 2340 1920 civitate
2364 1865 2589 1920 Candia
2604 1865 2940 1933 contigisse.
2957 1864 3247 1918 Sacerdos
3270 1865 3517 1934 quidam
3538 1881 3680 1917 suus

2027 1954 2150 1991 suae
2174 1937 2419 2005 majoris
2449 1936 2706 1991 ecclesiae
2726 1941 2944 2003 custos,
2963 1935 3329 2005 impudicus,
3356 1935 3602 1988 luxuriae
3627 1939 3680 1989 et

2027 2009 2296 2063 ebrietati
2323 2007 2581 2071 deditus,
2614 2007 2886 2061 nondum
2910 2005 3206 2076 completo
3239 2021 3399 2060 anno
3444 2006 3518 2059 de
3565 2006 3678 2060 hoc

2028 2079 2242 2134 saeculo
2275 2079 2574 2145 migravit.
2604 2079 2782 2146 Cujus
2808 2093 3057 2147 corpore
3090 2078 3149 2130 in
3209 2083 3559 2131 caaterorum
3598 2092 3680 2130 se-

2027 2151 2195 2222 pulto
2233 2150 2519 2205 barathro
2547 2152 2947 2222 sacerdotum,
2982 2154 3043 2203 ut
3072 2150 3207 2218 ejus
3237 2149 3469 2222 punitio
3497 2163 3677 2201 cunc-

2027 2220 2100 2277 tis
2123 2223 2515 2276 innotesceret
2540 2221 2617 2275 ad
2645 2221 3009 2290 exemplum,
3063 2220 3454 2290 subsequenti
3506 2225 3678 2274 nocte

2028 2298 2227 2348 tantus
2254 2292 2314 2347 in
2337 2292 2863 2363 ecclesia,ejusque
2881 2291 3349 2363 cmmeteriisfuit
3373 2291 3676 2363 strepitus,

2025 2364 2190 2436 quod
2224 2380 2457 2418 rumore
2481 2365 2665 2436 nimio
2685 2364 2742 2417 in
2768 2362 2914 2436 urbe
2935 2362 3032 2417 illa
3062 2367 3503 2436 commorantes
3528 2362 3676 2436 exci-

2027 2433 2152 2500 tati,
2185 2451 2408 2506 pavore
2439 2435 2663 2503 ingenti
2698 2435 2856 2489 velut
2889 2438 3190 2506 amentes,
3224 2435 3298 2488 ad
3363 2433 3679 2506 ecclesiam

2026 2505 2434 2562 cucurrerunt.
2480 2510 2644 2562 Stant
2674 2507 2873 2576 itaque
2898 2521 3110 2560 omnes
3143 2505 3299 2560 circa
3332 2505 3671 2564 ecclesiam.

2025 2577 3532 2650 strepitusvehementes,campanarum_quesonitus
3577 2590 3678 2633 au-

2027 2647 2281 2704 dientes.
2301 2649 2569 2704 Divinam
2587 2649 2830 2719 quidem
2847 2653 3095 2702 exorant
3125 2647 3680 2719 clementiam,qua-

2028 2728 2197 2776 tenus
2226 2738 2330 2775 cur
2367 2722 2476 2776 ista
2501 2718 2670 2785 fiant,
2703 2720 2920 2775 debeat
2967 2719 3266 2782 revelare;
3303 2720 3406 2773 sed
3450 2718 3676 2773 nullum

2029 2792 2430 2847 exauditionis
2495 2791 2755 2844 sentiunt
2795 2792 3180 2860 adjuvamen.
3246 2789 3509 2845 Diluculo
3564 2789 3679 2845 hoc

2029 2869 2557 2926 cessante,cuneta
2583 2878 2717 2931 quae
2750 2861 2981 2915 fuerant
3013 2863 3070 2915 in
3097 2861 3346 2916 ecclesia
3377 2861 3678 2930 reperiunt

2030 2935 2314 2989 revoluta.
2343 2939 2398 2987 et
2421 2933 2596 3002 quasi
2615 2933 2875 3004 undique
2893 2932 3154 2985 ﬂammis
3170 2933 3397 3004 ignium
3425 2932 3669 2987 violata.

2029 3006 2115 3061 Ad
2130 3005 2244 3060 hoc
2262 3008 2611 3058 memoratus
2625 3003 2888 3074 pontifex
2901 3003 3481 3058 orationesindicens
3495 3019 3683 3073 popu-

2031 3078 2109 3142 lo,
2139 3076 2285 3148 quid
2301 3077 2566 3146 sequenti
2586 3074 2821 3148 eveniat
2850 3079 3020 3148 nocte
3042 3074 3308 3148 pi'tecipit
3325 3075 3678 3148 exspectari.

2032 3152 2111 3204 Ne
2143 3145 2318 3202 nimis
2342 3145 2735 3201 succumbam
2750 3146 2960 3209 verbis,
2979 3145 3245 3217 sequenti
3269 3152 3440 3200 nocte
3458 3145 3678 3217 duplex

2033 3219 2311 3290 strepitus
2329 3225 2383 3272 et
2406 3219 2644 3288 pavoris
2670 3217 2966 3290 tribulatio
2997 3215 3317 3290 estisecuta.
3345 3219 3473 3280 Qua
3498 3215 3571 3270 de
3593 3232 3676 3290 re,

2032 3288 2293 3361 repletus
2308 3290 2568 3360 populus
2583 3288 2982 3361 amaritudine
2997 3288 3540 3361 etdolore,cernens
3556 3288 3682 3341 nul-

2033 3359 2156 3418 lum
2173 3363 2283 3417 sibi
2307 3359 2594 3416 aDomino
2608 3362 2702 3432 adj
2716 3360 2963 3432 utorium
2980 3359 3680 3432 evenire.sicutvulnera-

2036 3435 2074 3488 ti
2091 3437 2190 3505 qui
2206 3435 2264 3488 in
2278 3431 3290 3505 monumentis'projectidormiunt,
3308 3431 3676 3505 existebant.

2023 3501 2128 3560 Die
2147 3512 2346 3560 autem
2376 3501 2770 3568 illucescente,
2798 3504 3079 3558 omnibus
3114 3504 3171 3556 in
3202 3501 3448 3557 ecclesia
3463 3501 3537 3556 ad
3553 3517 3682 3555 ora-

2021 3578 2212 3632 tiones
2246 3578 2641 3644 congregatis,
2701 3575 2994 3641 gloriosus
3037 3573 3435 3645 Hieronymus
3486 3572 3681 3627 subito

2023 3649 2239 3718 septies
2257 3648 2378 3701 sole
2394 3646 2760 3717 splendidior
2776 3647 2834 3700 in
2849 3645 3158 3700 ecclesiam
3178 3645 3512 3718 veniens_ad
3537 3646 3680 3698 alta-

2022 3716 2203 3790 reque
2218 3719 2494 3784 gradiens
2508 3718 2733 3772 cunctis
2750 3718 3082 3772 videntibus
3118 3723 3169 3770 et
3186 3716 3561 3790 mirantibus,
3577 3730 3682 3790 per

2023 3787 2228 3846 horam
2243 3790 2360 3845 fere
2378 3790 2490 3844 sub
2508 3790 2737 3844 silentio
2755 3805 3025 3854 manens,
3053 3788 3392 3858 obstupenti
3428 3787 3674 3857 populo,

2020 3862 2132 3917 hoc
2158 3868 2397 3932 propter
2415 3861 2909 3916 sacerdotisillius
2924 3860 3207 3914 miserum
3227 3860 3332 3914 cad
3343 3874 3482 3932 aver
3495 3858 3681 3913 sacris

2022 3879 2132 3917 HOC
2158 3879 2265 3932 pI‘O
2315 3879 2397 3916 [BP
2415 3879 2909 3916 SBCBI‘OOIISUHUS
2924 3879 3207 3914 miserum
3227 3879 3681 3914 CBQﬂVBI‘SﬂCI‘lS

2022 3879 2421 4002 indignefocis
2447 3932 2753 3987 conditum
2774 3932 2850 3986 ad
2866 3937 3144 3986 terrorem
3158 3930 3529 4002 peccantium
3545 3943 3685 3982 con-

2022 4000 2529 4073 tigisseintimavit
2544 4005 2735 4073 :eique
2751 4003 3048 4058 mandans
3064 4003 3394 4056 utcadaver
3409 4000 3680 4073 miserum

2022 4071 2290 4132 tartareis
2322 4081 2456 4146 post
2480 4071 2955 4129 resurrectionem
2991 4073 3252 4128 omnium
3278 4071 3685 4146 mansionibus

2023 4143 2866 4216 deputandum,dissepultum
2889 4146 3145 4199 ﬂammis
3177 4145 3475 4200 traderent
3506 4143 3684 4216 proti-

2023 4214 2137 4274 nus
2169 4214 2681 4273 concremandum
2719 4217 2984 4287 alioquin
3043 4217 3304 4284 incoepta
3347 4214 3685 4287 pestilentia

2025 4305 2147 4345 non
2188 4290 2564 4345 abiret.Etsic
2583 4289 2659 4343 ab
2699 4288 3052 4343 intuentium
3087 4289 3273 4343 oculis
3309 4292 3396 4341 est
3435 4287 3681 4341 invisus.

2027 4363 2194 4426 Quod
2228 4367 2288 4415 ut
2311 4361 2709 4422 ordinaverat,
2742 4359 3122 4414 laetabundus
3141 4358 3401 4428 populus
3417 4357 3684 4428 protinus

2027 4432 2399 4509 adimplevit,
2418 4435 2600 4509 Deoet
2619 4431 2795 4509 beato
2825 4431 3204 4509 Hieronymo
3228 4427 3451 4482 laudes
3476 4427 3682 4509 prisci-.-

2028 4519 2180 4572 puas
2199 4498 2601 4572 persolvendo
2642 4516 2653 4552 :
2697 4507 2752 4554 et
2791 4499 2871 4553 sic
2904 4498 3087 4570 pestis
3134 4500 3232 4554 illa
3262 4498 3536 4553 cessavit.
3573 4498 3683 4572 Qui

2027 4570 2306 4642 deinceps
2328 4573 2731 4626 beatissimum
2768 4572 3190 4641 Hieronymum
3224 4585 3433 4642 omnes
3474 4570 3682 4625 unani-

2029 4641 2524 4700 miterdevotione
2545 4643 2809 4698 maxima
2845 4643 3214 4713 incmperunt
3243 4641 3456 4696 colere.

2101 4715 2634 4770 CAPUTXIX.—In
2663 4715 2874 4768 eadem
2897 4711 3141 4783 insuper
3161 4714 3393 4768 civitate
3437 4711 3684 4782 quidam

2028 4787 2467 4856 pulcherrimus
2506 4785 2728 4840 exstitit
2752 4786 3008 4857 juvenis,
3041 4786 3196 4840 Titus
3228 4783 3678 4857 nomine,_hone-

2032 4855 2134 4913 stis
2150 4858 2415 4913 moribus
2430 4857 2440 4908 1
2454 4855 3017 4919 uculentus,carnali
3031 4873 3150 4912 non
3166 4855 3497 4922 ignobiliori
3512 4860 3682 4908 natus

2029 4928 2638 5000 progenie.pra3dives
2655 4928 2844 4989 valde,
2863 4932 3048 5000 totam
3068 4945 3220 4997 pene
3234 4927 3613 5000 devotionem
3629 4929 3685 4980 et

2030 4996 2632 5056 ﬁduciamliabensin
2648 4999 2822 5054 beato
2841 4996 3226 5070 Hieronymo.
3256 4999 3354 5052 Hic
3385 4996 3680 5068 siquidem

2025 5073 2264 5143 juvenis
2281 5073 2549 5141 virgineo
2567 5072 3054 5133 nitenscandore,
3085 5072 3141 5143 in
3175 5070 3679 5143 eiiisrtemsancta‘.

2031 5141 2380 5210 virginitatis
2412 5144 2716 5215 proposito
2733 5159 2920 5268 usque
2960 5143 3035 5198 ad
3078 5141 3426 5196 vicesimum
3451 5154 3680 5193 annum

2031 5215 2382 5268 nrohisvitee
2402 5216 2671 5268 moribus
2696 5230 2800 5268 per
2851 5215 3066 5268 uravit.
3095 5213 3222 5268 Ouo
3247 5212 3488 5266 tandem
3540 5215 3680 5264 tem-

2030 5215 2382 5285 prohisvitaa
2402 5212 2671 5270 moribus
2696 5212 3066 5285 perduravit.
3095 5213 3222 5280 Quo
3247 5212 3488 5285 tandem
3540 5215 3681 5264 tem-

2032 5283 2170 5358 pore
2185 5287 2504 5358 completo,
2524 5288 2614 5341 sui
2632 5283 2822 5341 fratris
2837 5284 3096 5339 nefando
3111 5283 3362 5340 consilio
3377 5283 3680 5358 incitatus,

2032 5353 2243 5430 spretis
2276 5353 2399 5414 tam
2427 5358 2811 5430 nobilissimis
2835 5357 3186 5430 virginitatis
3243 5355 3518 5430 gemmis,
3553 5353 3680 5408 auri

2031 5427 2531 5500 pretiosissimum
2563 5429 2868 5484 metallum
2896 5428 3157 5492 calcans,
3186 5427 3260 5482 ad
3277 5427 3681 5500 car_nis__spur-

2031 5497 2200 5556 citias
2225 5508 2280 5556 et
2305 5502 2492 5556 lutum
2527 5517 2596 5555 ac
2628 5501 2870 5554 fetorem
2913 5500 3291 5554 vehementer
3348 5497 3677 5564 declinans,

2033 5573 2292 5642 puellam
2322 5574 2650 5644 quamdam
2673 5571 2837 5644 omni
2854 5570 3295 5644 pulchritudine
3318 5568 3583 5644 corporis
3597 5584 3683 5644 re-

2032 5641 2316 5700 nitentem
2333 5641 2442 5699 sibi
2459 5645 2514 5698 in
2532 5643 2914 5698 matrimonio
2927 5643 3245 5713 copulavit.
3264 5641 3441 5710 Cujus
3457 5641 3678 5696 amoris

2031 5716 2256 5773 retibus
2280 5717 2361 5773 ita
2383 5731 2443 5773 se
2456 5716 2716 5788 capiens,
2749 5714 2914 5787 quod
2933 5714 3093 5771 aliud
3115 5719 3329 5786 praeter
3356 5713 3551 5785 ipsam
3576 5727 3678 5782 po-
