4140 6174
417 147 560 214 11η

422 278 574 331 terat
603 273 852 331 minime
875 275 1158 345 cogitare,
1192 274 1266 330 de
1293 274 1387 330 die
1408 273 1471 330 in
1502 274 1851 346 diemcmpit
1876 272 2082 330 divina

428 347 718 418 obsequia
748 347 1034 402 oblivisci.
1078 348 1147 401 At
1184 347 1328 419 quia
1355 347 1536 402 miser
1567 346 1878 419 dereliquit
1911 346 2080 419 justi-

432 417 615 478 tiam,’
632 418 855 473 oblitus
887 419 995 473 fuit
1027 417 1219 474 Deum
1263 419 1520 473 alentem
1552 435 1612 473 se
1650 434 1663 483 ;
1693 417 1912 473 oblitus
1971 417 2078 473 fuit

428 491 542 545 sibi
577 490 1178 562 Dominusmisereri.
1215 491 1521 561 Completo
1574 506 1839 562 namque
1894 505 2076 553 anno,

425 578 546 634 quo
582 577 717 634 cum
750 561 947 634 puella
969 562 1205 630 juvenis
1234 563 1574 617 insensatus
1590 561 1849 634 steterat,
1882 567 2082 634 nonut

425 631 807 687 matrimonio
841 633 1210 703 fungeretur,
1242 634 1346 688 sed
1363 650 1546 688 causa
1563 631 2078 703 explendaslibidi-

431 705 521 758 nis
548 703 882 772 copulatus,
913 712 1264 772 suggerente
1296 705 1598 760 diabolica
1629 707 1867 771 astutia,
1911 705 2080 774 juve-

426 776 519 830 nis
551 774 727 848 frater
744 776 1323 848 puellasillaqueatus
1352 793 1573 838 amore,
1593 777 1763 832 avide
1789 775 1891 831 diu
1917 792 2079 848 quaa-

424 862 562 900 rens
589 847 717 919 ejus
742 847 1268 913 amplexibusfrui,
1302 849 1544 904 tandem
1574 848 1740 919 quod
1772 847 2077 918 optaverat

422 924 510 973 est
530 917 808 990 adeptus.
838 919 961 973 Huc
984 924 1301 975 accurrant
1325 917 1659 990 juvenes,et
1682 917 1954 990 exemplo
1980 920 2080 988 ju-

424 989 596 1044 venis
620 991 736 1044 sint
753 990 1182 1060 experti.Fiunt
1209 989 1792 1061 notajuvenipuellaa
1813 989 2077 1060 virojam

425 1065 685 1132 peracta.
702 1064 923 1116 Tacens
955 1063 1114 1118 idem
1130 1065 1351 1130 cogitat
1364 1063 1670 1132 avidequo
1688 1062 1879 1117 valeat
1895 1063 2077 1117 modo

426 1079 685 1132 peracra.
713 1079 923 1116 iacens
955 1079 1114 1118 luem
1130 1079 1536 1130 cognatavnue
1596 1079 1670 1117 uo
1688 1079 2076 1117 valeatmouo

426 1133 509 1187 rei
524 1133 923 1187 certitudinem
940 1136 1532 1204 reperire.Exspectat
1548 1079 1760 1189 diebus
1777 1134 2076 1204 aliquotse

427 1204 719 1258 simulans
741 1204 854 1259 hoc
877 1207 1121 1260 nescire.
1138 1205 1315 1261 Atdie
1329 1206 1595 1276 quodam
1615 1205 2075 1260 ordinaturbem

426 1276 704 1331 deserens
723 1292 964 1346 peregre
979 1277 1290 1347 proﬁcisci.
1311 1280 1371 1330 Et
1392 1278 1581 1332 latens
1609 1293 1713 1348 per
1725 1277 1884 1331 diem
1904 1277 1962 1330 in
1995 1277 2074 1330 ci-

424 1348 622 1410 vitate,
639 1355 808 1402 nocte
830 1348 1026 1404 media
1046 1349 1298 1404 domum
1316 1348 1863 1413 veniens,reseratis
1878 1349 2021 1403 seris
2040 1364 2076 1403 a

427 1418 937 1491 puellaservitrice
965 1420 1140 1488 clam,
1175 1426 1237 1474 ut
1260 1421 1423 1490 prius
1449 1420 1625 1475 simul
1652 1419 2078 1474 ordinaverant

427 1490 630 1554 ambo,
652 1507 837 1562 usque
853 1492 927 1545 ad
948 1492 1280 1546 thalamum
1297 1491 1352 1545 in
1368 1508 1488 1562 quo
1502 1493 1549 1560 ej
1563 1508 1630 1546 us
1644 1491 1821 1546 frater
1833 1498 1888 1546 et
1926 1506 2075 1546 uxor

426 1563 485 1617 in
515 1561 666 1634 lecto
683 1561 943 1625 stabant,
968 1563 1302 1634 procedens
1330 1561 1439 1617 sibi
1463 1562 2069 1633 postulataperiri.Mi-

428 1633 749 1698 ranturilli,
785 1640 838 1687 et
861 1633 1069 1689 timOre
1101 1635 1390 1705 perterriti
1424 1635 1777 1698 vehementi,
1808 1633 2074 1705 pulsanti

427 1705 964 1775 negliguntostium
984 1705 1551 1761 reserare.Tandem
1581 1706 1900 1761 confractis
1931 1706 2075 1759 seris

427 1775 696 1838 thalami,
720 1776 960 1846 juvenis
990 1778 1074 1831 ira
1096 1783 1150 1832 et
1175 1777 1370 1832 furore
1398 1777 1584 1832 nimio
1602 1778 1860 1832 fornacis
1886 1777 2077 1831 instar

427 1847 699 1928 ardentis
713 1847 976 1928 undique
1008 1848 1441 1928 inflammatus,
1473 1850 2076 1928 uiroremprimoeva-

425 1918 628 1991 ginato
647 1918 846 1991 gladio
875 1918 1164 1975 interfecit
1191 1920 1433 1991 ;deinde
1460 1920 1574 1974 sub
1606 1918 2075 1991 toro’prOprium

425 1989 756 2045 latitantem
771 1988 1011 2044 fratrem
1033 1990 1344 2047 inveniens
1365 1991 1674 2046 interemit.
1694 1988 2072 2061 Hisitagestis

425 2077 497 2133 ex
529 2061 764 2133 civitate
797 2061 1022 2126 exiens,
1068 2062 1255 2117 multo
1311 2067 1576 2133 tempore
1627 2079 1733 2133 per
1777 2062 2073 2118 mundum

425 2132 540 2187 huc
563 2131 821 2204 illucque
849 2148 1073 2198 errans,
1106 2150 1244 2188 cum
1295 2131 1662 2204 quibusdam
1711 2134 1842 2189 aliis
1899 2134 2074 2204 coepit

426 2204 719 2277 quosdam
739 2210 1106 2277 transeuntes
1125 2205 1184 2259 in
1211 2204 1418 2261 itinere
1436 2205 1792 2277 deprmdari,
1811 2222 1880 2261 ac
1895 2207 2074 2261 etiam

422 2275 720 2347 jugulare.
741 2275 1116 2331 Permanenti
1148 2277 1348 2346 itaque
1373 2275 1566 2332 eidem
1592 2278 1716 2332 Tito
1733 2293 1836 2347 per
1865 2277 2072 2333 decem

427 2362 620 2420 annos
648 2346 863 2401 talibus
911 2347 1163 2420 negotiis
1218 2349 1543 2420 implicato,
1603 2346 2074 2418 gloriosissimus

428 2418 824 2491 Hieronymus
842 2419 1082 2474 salubre
1102 2418 1398 2491 refugium
1423 2419 1687 2488 etvitale,
1703 2421 1796 2475 die
1812 2420 2072 2491 quadam

422 2489 550 2559 jam
582 2490 1120 2560 advesperascente
1153 2490 1303 2556 luce,
1342 2492 1400 2546 in
1435 2491 1684 2546 modum
1731 2489 2076 2547 mercatoris

428 2577 488 2615 se
505 2562 879 2626 monstravit,
896 2578 969 2616 ne
990 2561 1083 2616 ille
1099 2562 1479 2618 solummodo
1497 2563 1714 2617 habitis
1745 2563 2076 2618 devotionis

425 2632 691 2704 praemiis
719 2633 1073 2700 privaretur.
1096 2636 1238 2687 Nam
1256 2633 1348 2687 ille
1361 2640 1808 2704 quanquamtot
1831 2642 1885 2688 et
1911 2639 2074 2689 tanta

427 2704 569 2757 vitia
583 2702 963 2758 abhorrenda
977 2704 1256 2758 continue
1273 2702 1797 2769 exerceret,tamen
1824 2706 1879 2759 in
1895 2705 2073 2760 beato

428 2774 788 2846 Hieronymo
809 2774 1204 2846 devotionem
1237 2776 1502 2846 aliquam
1560 2777 1870 2841 retinebat,
1901 2778 1981 2832 ita
2013 2782 2076 2831 ut

428 2845 621 2917 eidem
653 2845 919 2916 quotidie
947 2862 1010 2900 se
1032 2845 1492 2912 commendans,
1526 2847 1660 2901 boni
1695 2847 1920 2917 aliquid
1950 2849 2075 2904 die-

427 2916 544 2972 bus
576 2917 826 2984 singulis
853 2917 927 2973 ad
960 2918 1088 2987 ejus
1140 2918 1431 2973 honorem
1489 2919 1679 2974 facere
1735 2916 2074 2974 nullatenus

426 2989 846 3060 postponebat.
882 2992 1138 3044 Cernens
1167 2990 1367 3060 itaque
1439 2991 1596 3045 Titus
1652 2997 2070 3056 mercatorem,

425 3059 696 3132 nefandis
722 3060 894 3114 sociis
926 3061 1004 3114 ad
1029 3059 1193 3115 solita
1216 3059 1490 3132 nequitias
1506 3078 1688 3132 opera
1707 3064 2070 3127 convocatis,

427 3130 820 3186 concitocum
852 3132 1077 3186 eisdem
1106 3130 1357 3202 pergens
1388 3130 1566 3187 cursu
1591 3133 1828 3188 vibratis
1848 3134 2072 3189 lanceis

426 3203 791 3274 Hieronymo
820 3204 1163 3258 mercatoris
1189 3206 1375 3258 instar
1397 3204 1599 3259 obviat
1624 3206 1902 3260 venienti.
1923 3209 2073 3262 Mox-

427 3289 546 3348 que
585 3275 812 3348 in‘eum
843 3275 1181 3348 insurgens,
1210 3276 1454 3348 asociis
1484 3277 1765 3331 eumdem
1797 3278 2078 3348 praecepit

423 3345 680 3418 retineri,
711 3345 904 3400 donec
935 3348 1062 3415 ejus
1099 3347 1267 3402 lateri
1295 3347 1528 3418 gladius
1560 3345 1865 3417 inﬁgatur.
1899 3345 2074 3404 Dei-n-

425 3417 499 3471 de
527 3432 775 3472 manum
801 3418 994 3472 elevat
1025 3417 1413 3474 interﬁciendi
1433 3419 1704 3487 gladium
1722 3422 2071 3476 retinentem

426 3493 490 3542 ut
520 3488 959 3561 scelustantum
977 3489 1172 3544 valeat
1196 3489 1322 3555 jam
1354 3491 1608 3561 explere.
1643 3491 1728 3544 Ad
1763 3491 1890 3546 haec
1942 3493 2071 3546 Hie-

423 3560 1063 3634 ronymusggloriosus
1115 3562 1392 3634 :_Amore,
1433 3560 1667 3634 ’inquit,
1725 3563 2068 3634 Hieronymi,

425 3648 578 3701 quem
607 3637 665 3685 tu
683 3632 894 3700 diligis,
923 3632 1107 3701 aliqua
1141 3632 1389 3702 loquendi
1445 3633 1624 3688 brevis
1679 3634 1904 3688 licentia
1937 3632 2074 3688 inihi

425 3703 624 3775 detur:
649 3703 974 3770 postmodum
1000 3703 1318 3765 sivolueris,
1347 3706 1514 3775 facito
1544 3705 1602 3758 id
1630 3705 1766 3774 quod
1794 3713 1959 3775 optas.
1985 3707 2072 3760 Ad

427 3774 804 3846 bteceti'lritus
835 3791 848 3828 :
880 3776 1098 3840 Amore,
1131 3774 1483 3846 inquit,ejus
1506 3793 1656 3846 quem
1675 3774 1988 3840 nominasti,
2025 3786 2073 3833 et

428 3844 673 3915 loquendi
700 3852 747 3900 et
775 3845 991 3900 vivendi
1008 3844 1228 3901 licentia
1246 3847 1371 3907 tibi,
1391 3844 1466 3902 fut
1511 3844 1772 3918 postulas,
1827 3849 2073 3904 conceda-

425 3922 520 3990 tur
544 3923 940 3990 (tantumque:
964 3926 1149 3988 portas
1192 3919 1542 3973 mercimonia
1577 3921 1696 3990 jam
1753 3920 1970 3988 depone.
2006 3922 2074 3975 At

426 3988 723 4061 gloriosus
758 3988 1154 4059 Hieronymus
1191 4008 1202 4045 :
1240 3991 1352 4059 Ego
1378 3993 1485 4060 ipse
1540 3988 1656 4045 sum
1696 3991 2069 4061 Hieronymus,

424 4061 517 4129 qui
551 4060 650 4113 huc
677 4068 899 4130 propter
921 4067 1064 4115 tuam
1099 4062 1477 4117 liberationem
1505 4063 1649 4126 veni,
1693 4079 1752 4116 ne
1792 4064 1928 4117 mihi
1955 4081 1989 4117 a
2026 4072 2073 4118 te

427 4131 666 4205 impensa
703 4131 950 4205 obsequia
972 4133 1028 4185 in
1060 4150 1286 4186 vacuum
1313 4134 1689 4202 praeterirent.
1722 4135 1790 4188 Te
1820 4142 1914 4196 tot,
1955 4152 2072 4205 qua

423 4202 666 4275 gessisti,
684 4203 1042 4275 peccaminum
1054 4204 1170 4272 jam
1196 4205 1473 4273 paeniteat,
1501 4205 1570 4257 ad
1591 4206 1817 4274 teipsum
1848 4202 2072 4275 redeas,-

427 4290 492 4327 ne
501 4272 758 4345 formides
785 4288 805 4327 .'
818 4273 1083 4344 hucusque
1094 4291 1172 4328 me
1197 4272 1411 4328 noveris
1424 4282 1645 4345 propter
1661 4272 1817 4329 tuam
1843 4272 2071 4331 salutem

427 4353 476 4400 et
508 4344 708 4398 animae
734 4348 782 4398 et
801 4347 1045 4414 corporis
1073 4346 1377 4416 supplicem
1408 4344 1534 4415 pro,
1561 4354 1616 4400 te
1666 4347 1812 4410 apud
1871 4348 2073 4403 iratam

425 4417 669 4471 divinam
686 4417 963 4486 justitiam
993 4419 1277 4484 exstitisse,
1310 4434 1376 4472 ne
1389 4419 1448 4472 in
1479 4425 1525 4472 te
1554 4419 1746 4488 dignas
1773 4418 1876 4473 tibi
1920 4421 2071 4475 savi-

430 4490 537 4562 tias
561 4497 854 4543 exerceret.
889 4489 975 4542 Ad
999 4490 1332 4558 pwnitentiae
1347 4490 1520 4560 igitur
1541 4507 1698 4560 quam
1726 4491 1894 4546 citius
1919 4509 2075 4562 perge

425 4559 632 4627 callem,
665 4567 1085 4632 etipeccatorum
1115 4579 1280 4616 onera
1300 4559 1416 4632 jam
1438 4559 1632 4629 depone
1663 4580 1674 4616 :
1704 4559 1948 4632 alioquin
1997 4559 2076 4618 me

429 4633 513 4685 tui
555 4631 821 4686 custodem
858 4640 904 4687 et
934 4632 1079 4702 apud
1125 4631 1311 4687 Deum,
1348 4633 1634 4702 supplicem
1693 4651 1798 4688 non
1828 4631 2066 4690 habebis.

427 4702 527 4774 His
553 4702 724 4757 dictis
747 4703 1142 4774 Hieronymus
1175 4705 1468 4770 gloriosus
1502 4705 1580 4760 ab
1616 4704 1856 4760 illorum
1888 4706 2075 4761 oculis

426 4773 840 4843 disparuit.Ad
865 4773 977 4830 hoc
1008 4775 1374 4846 stupefactus
1402 4776 1567 4831 Titus
1595 4776 1791 4846 (etqui
1817 4793 1950 4830 cum
1978 4777 2075 4832 illo

430 4846 843 4913 erant)timore
867 4851 923 4900 et
952 4845 1347 4901 admiratione
1381 4845 1737 4914 tamingenti
1761 4847 1837 4902 ad
1855 4853 2074 4904 terram

430 4917 765 4986 procidens,
797 4934 902 4987 per
933 4918 1139 4973 horam
1169 4935 1287 4973 non
1312 4918 1760 4987 potuitelevari.
1793 4921 1952 4974 Tunc
1982 4937 2077 4975 su-

427 4987 547 5043 bito
578 4990 636 5042 in
662 4989 873 5050 Titum.
903 4995 958 5044 et
989 4990 1089 5059 qui
1119 4990 1369 5044 cumillo
1400 4995 1587 5052 erant,
1607 4991 1855 5055 Spiritus
1882 4993 2072 5046 sancti

429 5061 620 5130 gratia
644 5066 726 5114 est
760 5061 966 5125 effusa,
997 5066 1054 5116 et
1093 5060 1191 5115 lux
1211 5077 1312 5116 eos
1345 5061 1573 5116 caelitus
1604 5062 1934 5117 illustravit.
1966 5063 2076 5128 Qui

431 5131 768 5203 protinusin
793 5133 944 5185 viros
978 5133 1329 5202 alterosjam
1356 5133 1587 5198 mutati,
1617 5134 1827 5203 spretis
1846 5135 2074 5189 cunctis

431 5202 740 5276 spurcitiis
759 5203 1054 5276 vitiorum,
1073 5204 1149 5260 ad
1180 5204 1538 5276 pmnitentiae
1561 5202 1866 5276 tramitem
1895 5206 2078 5260 redie-

431 5291 531 5331 re:
564 5274 781 5330 deinde
829 5275 905 5330 ad
959 5274 1294 5332 cremorum
1338 5281 1509 5331 antra
1537 5275 1714 5331 devia
1772 5282 1826 5331 et
1874 5276 2078 5339 ignota

430 5348 920 5417 properantes,in
945 5347 1180 5417 magnis
1203 5363 1264 5401 se
1291 5362 1610 5416 corporum
1627 5348 2074 5419 asperitatibus,

431 5424 488 5473 et
517 5419 633 5473 vita
662 5418 1038 5474 sanctissima
1067 5419 1453 5474 tradiderunt.

506 5488 732 5570 CHAPUT
747 5491 1284 5570 XX.:—_Miracu‘lum
1305 5489 1467 5570 aliud
1485 5490 1648 5570 quod
1674 5490 2074 5570 veridicorum

433 5560 770 5633 testimonio
786 5561 1138 5617 solidissime
1153 5563 1212 5617 in
1228 5560 1634 5633 superioribus
1651 5562 1885 5633 [Egypti
1902 5565 2076 5633 parti-

432 5630 548 5687 bus
560 5630 2079 5704 peractumintellexi,quatenushominibus—etmaxi-

435 5719 534 5759 me
552 5701 873 5774 juvenibus
895 5701 1454 5778 quantmncumque
1478 5705 1659 5762 castis
1684 5707 1991 5779 proveniat
2019 5707 2081 5763 in

1922 145 2316 206 .APPENDIX.

3701 145 3843 202 1148

2187 270 2528 343 exemplum
2561 270 2639 328 ad
2687 268 3039 343 evitandum
3100 267 3434 343 periculum
3488 269 3841 339 mulierum,

2189 340 2547 414 praecedenti
2578 342 2868 398 miraculo
2894 340 3117 397 addere
3170 342 3366 414 cogito
3411 340 3534 414 fore
3573 349 3845 410 gratum.

2189 413 2512 472 Monachus
2540 414 2791 487 quidam
2814 413 3054 483 juvenis
3085 419 3143 468 et
3183 413 3463 487 decorus,
3515 413 3838 471 honestate

2189 485 2850 558 praecipuus,"moribus
2878 492 3186 558 maturus,‘
3199 485 3308 558 qui
3335 499 3516 539 senex
3529 487 3844 557 virginalis

2187 555 2487 630 pudicitiae
2518 564 2742 622 custos,
2771 557 3121 628 cunctisque
3153 555 3315 630 illius
3334 555 3682 630 monasterii
3715 574 3849 613 mo-

2185 628 2397 686 nachis
2429 630 2742 701 speculum
2771 630 3122 701 sanctitatis,
3171 628 3591 701 gloriosissimi
3641 631 3850 701 Hiero-

2185 703 2353 774 nymi
2385 699 2615 758 amator
2644 699 3073 774 devotissimus
3101 699 3229 763 fuit,
3263 699 3583 774 duodecim
3611 700 3848 770 degens

2186 770 2360 830 annis
2387 776 2446 828 in
2480 773 2862 840 monasterio,
2886 772 3166 827 continue
3197 770 3564 826 orationibus
3595 788 3847 837 vacans,

2184 851 2241 900 et
2263 846 2458 900 studio
2471 845 2930 916 Scripturarum.
2949 844 3048 898 Hic
3061 857 3267 916 amore
3297 844 3584 916 castitatis
3602 845 3848 909 timens,

2185 932 2259 972 ne
2293 932 2396 972 cor
2435 914 3058 987 aliqualitergviolaret,
3097 914 3598 987 mulierumvisus
3627 916 3854 971 inetia-

2181 987 2376 1044 biliter
2392 985 2856 1053 abhdrrebat,ita
2878 991 3161 1042 utearum
3183 985 3534 1041 memoriam
3551 986 3824 1045 formida
3852 1022 3863 1028 -

2184 1060 2440 1114 ret.Huic
2469 1060 2768 1130 proposito
2789 1058 3062 1130 diabolus
3088 1057 3373 1129 antiquus
3393 1073 3641 1128 serpens
3665 1065 3724 1114 et
3742 1060 3854 1116 ho-

2184 1133 2416 1186 minum
2443 1129 3192 1196 inimicus,‘invidens,suas
3215 1130 3853 1199 nequitiaainveteratas

2183 1208 2385 1258 contra
2406 1219 2544 1258 eum
2565 1202 2735 1257 dolos
2753 1208 2808 1256 et
2830 1210 2984 1257 artes
3007 1200 3364 1272 multiplices
3387 1200 3678 1266 incitavit,
3702 1218 3855 1258 con-

2183 1275 2341 1329 tinue
2363 1273 2793 1340 cogitationum
2812 1272 3072 1329 stimulis
3087 1271 3374 1342 juvenem
3396 1274 3699 1342 pessimus
3727 1281 3856 1330 ten-

2182 1350 2338 1401 tator
2363 1345 2762 1415 afﬂigens,die
2785 1351 3080 1470 noctuque
3096 1359 3131 1399 a
3149 1344 3573 1399 tentationibus
3597 1346 3852 1401 duobus

2184 1417 2493 1470 mensibus
2519 1432 2635 1470 non
2668 1417 2938 1470 cessavit.
3007 1414 3211 1470 uvenis
3233 1430 3374 1469 vero
3398 1415 3687 1470 providus
3713 1433 3852 1470 sese

2184 1414 2635 1472 mensibus’non
2668 1417 2938 1471 cessavit.
2967 1414 3211 1470 Juvenis
3233 1430 3374 1469 vero
3398 1415 3687 1486 providus
3713 1433 3853 1473 sese

2185 1489 2415 1544 Domini
2434 1495 2488 1543 et
2506 1488 2664 1544 beati
2687 1487 3051 1559 Hieronymi,
3073 1486 3243 1556 cujus
3265 1486 3602 1559 dilectionis
3625 1489 3849 1544 ardore

2183 1557 3205 1625 fervebat,commendans'custodiee
3224 1557 3438 1612 victrici
3455 1564 3851 1622 ,tentamenta

2182 1632 2484 1689 diabolica
2503 1631 2750 1702 jejuniis
2769 1637 2823 1684 et
2840 1629 3216 1685 orationibus
3239 1629 3668 1700 triumphabat.
3700 1634 3851 1687 Con-

2182 1703 2370 1759 ﬂuant
2391 1704 2761 1773 buc,quaaso,
2780 1703 3035 1773 juvenes
3052 1709 3231 1773 atque
3253 1717 3445 1773 senes,
3468 1705 3750 1772 etquanti
3773 1706 3853 1758 sit

2182 1791 2358 1830 casus
2390 1772 2710 1830 mulierum
2738 1772 2915 1828 fallax
2940 1772 3342 1843 pulchritudo,
3366 1772 3462 1827 hic
3485 1775 3846 1837 doceantur,

2185 1848 2442 1901 maxime
2465 1862 2570 1918 per
2596 1844 3226 1918 exemplum.Cer_nens
3251 1859 3312 1898 se
3329 1846 3556 1918 asperis
3575 1845 3851 1916 perﬁdus

2182 1915 2528 1973 diabolus‘a
2551 1915 2785 1986 juvene
2817 1916 3107 1986 superari,
3153 1921 3442 1986 tanquam
3471 1915 3848 1985 leo’rugiens

2182 1990 2514 2044 subtiliores
2529 1987 2779 2043 nocendi
2805 1995 2958 2042 artes
2978 1989 3157 2057 cmpit
3173 2002 3458 2059 quaerere,
3480 1993 3537 2042 ut
3553 1987 3848 2057 juvenem

2182 2062 2516 2116 devoraret.
2543 2061 2625 2114 Fit
2657 2060 2858 2130 itaque
2889 2060 3038 2113 inter
3067 2075 3167 2112 eos
3200 2073 3404 2129 pugna
3445 2060 3668 2127 gravis.
3700 2060 3850 2115 Hinc

2183 2133 2413 2188 astutiis
2435 2132 2733 2187 consuetis
2776 2136 2974 2186 castra
3003 2130 3298 2185 adversus
3343 2130 3632 2200 juvenem
3669 2133 3851 2187 struit

2183 2203 2769 2274 pessimusinimicus
2787 2219 2799 2268 ;
2816 2203 2981 2272 hincj
2994 2202 3196 2257 uvenis
3213 2204 3511 2257 orationes
3525 2208 3581 2256 et
3596 2201 3847 2272 gloriosi

2183 2276 2519 2346 Hieronymi
2533 2275 2819 2345 profectio
2832 2278 3162 2346 castrorum
3179 2274 3845 2346 sternuntimunitiones,

2182 2353 2241 2402 et
2263 2345 2418 2402 vires
2441 2362 2650 2402 eorum
2671 2345 2976 2416 triumpho
3001 2345 3186 2401 nobili
3210 2345 3848 2416 vilipendunt.lnterea

2184 2419 2466 2487 genitoris
2489 2418 2568 2474 ad
2596 2423 2844 2472 mortem
2862 2415 3221 2486 aegrotantis
3273 2415 3633 2472 visitationis
3662 2433 3849 2472 causa

2182 2493 2589 2559 ingruente,ex
2619 2490 2980 2544 monasterio
3006 2489 3065 2542 in
3096 2488 3392 2542 civitatem
3415 2488 3493 2542 ad
3525 2494 3848 2559 paternam

2183 2559 2374 2617 aedem
2409 2562 2608 2615 venire
2629 2560 2870 2629 juvenis
2900 2567 2990 2614 est
3020 2559 3548 2630 compulsus.Nam
3586 2576 3649 2614 se
3674 2566 3848 2630 pater

2183 2633 2386 2688 dolore
2410 2633 2594 2687 nimio
2615 2632 2987 2695 moriturum,
3005 2631 3051 2684 si
3071 2629 3293 2685 visione
3314 2629 3699 2686 frustraretur
3722 2632 3844 2696 ﬁlii,

2183 2705 2404 2760 crebris
2425 2703 2789 2759 clamoribus
2809 2702 3204 2758 acclamabat.
3229 2702 3317 2758 Ob
3330 2702 3443 2756 hoc
3469 2702 3688 2757 dolens
3721 2721 3851 2759 mo-

2184 2776 2433 2842 nachus,
2458 2776 2674 2830 timens
2700 2790 2773 2828 ne
2815 2772 3130 2828 mulierum
3165 2774 3290 2827 visu
3319 2789 3419 2827 cor
3450 2775 3758 2830 mundum
3796 2781 3848 2830 et

2184 2847 2451 2916 virgineo
2473 2846 2734 2901 candore
2765 2845 3019 2900 nitidum
3049 2844 3312 2909 violaret,
3347 2845 3548 2916 potius
3573 2846 3711 2913 (nisi
3736 2847 3849 2901 fra-

2186 2925 2337 2974 trum
2355 2919 2443 2973 sui
2459 2917 2713 2973 caanobii
2727 2916 2936 2971 fuisset
2951 2917 3488 2988 supplicationibus
3504 2917 3846 2987 inclinatus)

2182 3006 2325 3059 erga
2341 2996 2568 3061 patrem
2585 2988 2995 3061 crudelitatem
3012 2988 3248 3061 volebat
3265 2989 3844 3061 propterDominum

2183 3059 2666 3128 exercere,quam
2694 3059 3225 3116 eideminfirmanti
3254 3059 3514 3128 compati
3541 3075 3576 3112 a
3605 3075 3849 3114 monas-

2183 3133 2331 3189 terio
2354 3131 2706 3188 recedendo.
2729 3132 2959 3188 Sciebat
2983 3131 3142 3186 enim
3171 3131 3467 3185 monacho
3499 3131 3580 3186 nil
3605 3137 3728 3186 tam
3743 3147 3845 3186 no-

2185 3222 2361 3260 cuum
2376 3203 3304 3273 ,detestabile,etmortale,quam
3325 3203 3484 3258 vicos
3497 3208 3552 3256 et
3569 3204 3843 3258 civitates

2183 3283 2239 3333 et
2260 3277 2524 3346 gentium
2551 3275 2990 3330 multitudinem
3009 3273 3524 3346 circumire.Nulla
3540 3281 3697 3329 certe
3711 3289 3844 3346 per-

2185 3345 2387 3404 manet
2411 3348 2469 3402 in
2499 3347 2742 3402 homine
2773 3347 2943 3417 quies
2977 3345 3212 3417 mentis,
3235 3345 3337 3417 qui
3365 3345 3690 3400 multorum
3716 3345 3844 3400 ver-

2183 3419 2543 3475 bositatibus
2565 3425 2620 3473 et
2645 3416 3000 3488 vaniloquiis
3015 3416 3371 3488 implicatur.
3394 3417 3561 3482 Quod
3582 3433 3749 3488 aqua
3764 3417 3845 3487 pi-

2180 3490 2722 3556 scibus,monachis
2737 3487 2890 3543 idem
2905 3487 3201 3560 praecipue
3216 3487 3516 3543 silentium
3532 3487 3843 3560 operatur.

2181 3565 2242 3617 In
2262 3568 2513 3634 paterna
2527 3562 2722 3633 itaque
2736 3559 2992 3634 manens
3006 3559 3130 3634 aede
3147 3559 3732 3634 monachus,diebus
3754 3561 3849 3614 tri-

2179 3631 2484 3690 bustredio
2498 3631 2643 3689 tam'
2661 3631 2992 3688 vehementi
3009 3631 3254 3686 affectus
3269 3637 3374 3696 est,
3409 3631 3572 3701 quod
3603 3632 3718 3686 sibi
3738 3647 3844 3702 po-

2181 3707 2295 3760 tius
2313 3705 2624 3760 videbatur
2643 3705 2802 3758 tetris
2821 3720 2881 3758 se
2902 3703 3024 3758 fore
3042 3703 3378 3757 carceribus
3404 3703 3842 3772 mancipatum.

2183 3777 2491 3848 Completo
2523 3776 2616 3831 die
2641 3775 2980 3848 tertio,dum
2998 3789 3136 3848 eum
3154 3791 3298 3848 cum
3329 3789 3532 3848 sorore
3558 3790 3672 3829 sua
3697 3790 3850 3845 qua-

2181 3845 2814 3920 dam'pulchritudinis
2838 3845 3510 3920 i_naudita5,int_irmitatis
3531 3861 3721 3901 causa
3743 3862 3850 3920 pa-

2183 3920 2286 3976 tris
2316 3915 2488 3974 crura
2508 3919 2682 3974 simul
2706 3918 3075 3986 contingeret
3096 3915 3593 3976 confricare,casu
3623 3919 3850 3972 sororis

2180 3993 2424 4046 dextera
2455 3991 2724 4061 ejusdem
2755 3993 3032 4058 tangente
3051 3989 3511 4061 dexteram,tam
3536 3988 3682 4061 diris
3714 3989 3852 4044 libi-

2181 4058 2689 4132 dinisetejusdem
2713 4061 2931 4116 sororis
2949 4061 3164 4130 ineptae
3184 4058 3680 4132 etabominabilis
3706 4076 3850 4114 con-

2183 4131 2558 4205 cupiscentiae
2572 4133 2682 4188 fuit
2703 4131 3127 4205 subitojaculis
3147 4147 3248 4187 cor
3269 4131 3541 4205 ejusdem
3558 4133 3848 4205 monachi

2182 4203 2501 4275 instigante
2533 4205 2774 4260 diabolo
2800 4204 3195 4266 vulneratum,
3225 4203 3387 4274 quod
3415 4218 3569 4274 pene
3595 4219 3736 4275 eam
3770 4203 3848 4257 ad

2184 4273 2463 4342 illicita,et
2487 4277 2736 4332 omnino
2769 4276 2847 4331 ab
2894 4273 3255 4330 hominibus
3281 4273 3685 4338 abhOrrenda,
3729 4275 3848 4328 nisi

2183 4351 2503 4404 exstitisset
2530 4348 2704 4403 timor
2739 4346 3138 4411 verecundiae,
3177 4345 3619 4401 invitabat.Heu
3649 4346 3662 4399 ι
3696 4346 3845 4415 quid

2182 4421 2380 4476 dicam
2400 4420 2427 4474 ‘t
2447 4436 2584 4492 quae
2613 4418 2934 4492 monachis
2950 4417 3652 4492 illisineritobservantia
3674 4417 3849 4492 casti-

2183 4493 2340 4557 tatis,
2375 4487 2781 4563 quicontinue
2800 4489 3132 4563 mulierum
3167 4489 3406 4563 visibus
3426 4487 3737 4563 potiuntur
3763 4491 3848 4563 i_n-

2184 4563 2361 4618 simul
2389 4560 2818 4632 colloquendo‘l
2837 4563 2929 4618 Sic
2959 4565 3155 4615 manet
3178 4560 3236 4614 in
3264 4560 3535 4614 castitate
3551 4560 3741 4614 homo
3767 4560 3849 4615 fa-

2185 4636 2330 4691 ciem
2367 4637 2603 4689 intuens
2639 4634 2881 4687 assidue
2907 4632 3401 4696 mulierum,sicut
3433 4635 3636 4685 manet
3671 4632 3851 4701 palea

2185 4714 2350 4761 stans
2376 4707 2432 4760 in
2459 4704 2818 4775 igne.Fallax
2842 4709 2996 4759 certe
3028 4704 3284 4758 etruinaa
3313 4704 3574 4775 maxime
3601 4704 3852 4775 propin-

2183 4795 2340 4849 quus
2372 4773 2571 4840 casus,
2604 4776 3062 4847 inevitabileque
3120 4774 3453 4849 periculum
3484 4779 3572 4849 est
3603 4773 3852 4849 femina:

2184 4845 2582 4921 pulchritudo.
2598 4849 2808 4921 Timor
2827 4845 3305 4921 certemonacho
3331 4846 3542 4908 evenit,
3563 4861 3750 4921 quem
3781 4847 3852 4900 ti-

2188 4916 2407 4982 mebat;
2423 4926 2478 4974 et
2498 4920 2611 4973 sibi
2626 4917 3016 4989 acciditquod
3033 4922 3193 4989 tanto
3209 4923 3326 4972 tem
3337 4916 3820 4989 poreverebatur
3837 4933 3850 4972 :

2187 5008 2294 5048 nec
2310 4992 2433 5046 sine
2447 4991 2723 5060 exemplo
2740 4987 3001 5044 maximo
3019 4988 3428 5054 aliorum,non
3445 4987 3591 5060 illud
3605 4989 3624 5057 j
3637 5005 3782 5060 nssu
3795 5005 3853 5043 m

2186 5069 2271 5120 est
2294 5059 2635 5131 parentibus
2654 5060 2984 5124 obedire,in
3005 5076 3125 5131 quo
3144 5061 3357 5114 animae
3377 5059 3711 5128 periculum
3737 5059 3856 5114 for-

2188 5135 2520 5190 midatur.A
2555 5133 2915 5188 monasterio
2940 5131 3118 5186 invite
3143 5131 3477 5186 monachus
3494 5131 3812 5199 egreditur
3842 5147 3854 5192 ;

2188 5207 2291 5262 sed
2317 5207 2527 5260 ardore
2552 5205 2820 5260 libidinis
2843 5210 2964 5258 tam
2989 5203 3266 5257 nefandm
3295 5201 3853 5264 corinﬂammante,

2189 5278 2268 5333 nil
2288 5277 2450 5332 aliud
2468 5293 2653 5349 quam
2679 5275 2901 5349 sororis
2926 5276 3037 5349 hoc
3065 5272 3380 5349 nescientis
3403 5271 3596 5349 scelus
3633 5273 3853 5349 faciem

2187 5345 2814 5419 improbis’oculorum
2842 5346 3068 5401 visibus
3083 5345 3284 5419 videre
3311 5345 3856 5419 cogitans,nullum

2188 5416 2336 5490 pene
2355 5436 2621 5490 unquam
2642 5419 2819 5473 fuisse
2845 5417 3271 5490 monasterium
3291 5416 3859 5490 recorda_t_ur.Sana-

2188 5487 2526 5548 turinterim
2545 5497 2714 5562 pater
2736 5507 2748 5555 ;
2768 5487 3858 5562 atmonachusex‘cusationibusadin-

2187 5564 2376 5618 ventis
2409 5559 2599 5618 tardat
2642 5564 2714 5617 de
2762 5562 2858 5616 die
2906 5562 2966 5616 in
2998 5561 3157 5615 diem
3187 5559 3262 5614 ad
3287 5559 3729 5614 monasterium
3763 5577 3859 5615 re-

2189 5651 2408 5690 meare.
2471 5638 2738 5690 Manente
2780 5632 2992 5687 eodem
3053 5631 3113 5685 in
3158 5637 3410 5703 paterna
3437 5630 3626 5685 domo
3659 5632 3860 5687 tribus

2187 5706 2663 5772 mensibus,hinc
2680 5703 3180 5771 monachos,hinc
3196 5707 3427 5777 patrem
3443 5703 3720 5760 maxima
3736 5721 3862 5761 mo-
