4138 6172
284 129 447 209 ,1169

304 256 390 314 vit
414 253 759 321 admiratio,
784 268 1152 327 omnemque
1178 253 1491 324 familiam,
1516 270 1621 312 cur
1635 256 1815 313 istum
1838 261 1962 314 tam

305 329 629 385 vehemens
657 328 961 399 irrepserit
988 327 1259 392 mutatio,
1295 333 1351 382 et
1369 328 1639 399 alteratio
1673 328 1961 385 inaudita.

302 401 589 472 Ignorant
617 398 917 472 siquidem
936 402 1017 472 rei
1036 399 1535 463 eausam,ideirco
1558 398 1835 472 effectum
1861 417 1965 472 eos

302 471 597 542 contingit
618 470 1007 542 ignorare.Ad
1023 472 1454 527 monasterium
1474 488 1608 526 cum
1623 471 1864 527 duobus
1886 470 1963 527 ad

301 559 364 599 se
392 559 465 599 ex
498 541 869 598 monasterio
896 543 1205 597 destinatis
1256 544 1571 599 monachis
1604 544 1841 599 tandem
1874 560 1966 599 re-

299 613 728 688 vertitur,illud
749 613 1010 688 referens
1032 613 1275 688 taedium
1292 614 1783 688 redeundo,quod
1796 616 1961 686 prius

300 686 597 743 detulerat
617 684 915 741 exeundo.
942 685 1129 756 Cmpit
1146 686 1348 756 itaque
1374 687 1432 741 in
1447 684 1812 741 monasterio
1838 703 1965 742 cor-

300 775 417 832 pus
447 760 664 832 degere
685 754 991 832 mcnachi,
1024 754 1126 832 cier
1157 754 1313 832 vero
1338 773 1374 812 a
1398 773 1601 832 sorore
1631 757 1965 829 aliqualiter

301 826 425 887 non
451 826 696 885 recedit.
731 830 851 884 Hoc
880 826 995 882 sibi
1026 827 1380 900 ﬁtstudium
1412 826 1870 900 Scripturarum,
1902 835 1965 885 ut

303 901 557 971 attingat
585 901 854 972 pessima
892 914 1029 970 quas
1060 897 1336 972 allectat;
1364 899 1491 955 haec
1537 897 1962 972 contemplatio

301 970 751 1039 divinarummt
769 975 1150 1044 peccatorum
1177 970 1427 1044 modum
1449 972 1713 1044 inveniat
1728 970 1965 1043 eiplen-

299 1045 543 1100 dorum.
572 1042 901 1114 Percut—itur
930 1042 1158 1114 alienus
1185 1042 1299 1114 sui,
1329 1051 1384 1097 et
1413 1060 1447 1097 a
1478 1043 1739 1099 veritatis
1764 1042 1965 1114 cogni-

303 1116 464 1172 tione
480 1115 694 1171 devius
717 1112 1001 1186 continue
1021 1129 1056 1170 a
1080 1112 1344 1186 diabolo,
1369 1114 1539 1186 cujus
1567 1114 1714 1186 jugo
1736 1112 1963 1184 gravis-

300 1188 457 1243 simo
474 1186 771 1245 imbecille
789 1185 1011 1241 collum
1034 1184 1315 1242 submisit
1333 1184 1597 1241 libidinis
1618 1202 1789 1242 novae
1816 1187 1960 1242 telis.

301 1260 464 1315 Sicut
487 1257 691 1313 fumus
711 1256 997 1313 deﬁciunt
1018 1256 1144 1311 dies
1169 1256 1218 1327 ej
1230 1273 1318 1323 us,
1338 1256 1794 1325 confringuntur
1814 1258 1963 1314 sicut

302 1331 364 1409 in
388 1328 972 1409 frixoriolossacjus,‘
989 1334 1051 1409 let
1071 1327 1412 1409 infirmatur
1438 1328 1502 1409 in
1515 1328 1826 1409 doloribus
1846 1331 1963 1409 vita

298 1402 430 1474 ejus
463 1418 476 1467 ;
508 1399 905 1474 irrationabili
939 1400 1005 1454 fit
1036 1399 1249 1474 similis
1280 1399 1549 1454 animali.
1585 1400 1964 1474 Obliviscitur

303 1470 365 1529 in
399 1477 520 1528 toto
552 1472 813 1527 divinam
846 1470 1222 1526 clementiam
1250 1486 1512 1542 exorare,
1536 1477 1657 1528 tota
1677 1472 1772 1527 die
1796 1474 1963 1542 cogi-

303 1544 599 1614 tans,quis
625 1544 843 1599 modus
867 1550 1148 1613 appareat
1167 1541 1403 1614 nabilis,
1426 1548 1487 1596 ut
1505 1543 1785 1614 poculum
1806 1541 1960 1600 mor-

304 1615 378 1673 tis
410 1612 972 1686 vaieatdegustare;
1030 1616 1148 1686 Heu
1183 1612 1195 1668 i
1237 1629 1425 1686 quam
1475 1612 1614 1669 sunt
1665 1616 1876 1686 inopes
1906 1620 1962 1670 et

305 1685 530 1767 miseri,
564 1692 618 1741 et
646 1684 1137 1767 omnibus‘benis
1158 1684 1482 1767 egenteset
1509 1684 1897 1767 exsules—qui
1926 1703 1962 1742 a

306 1758 560 1815 Domino
589 1773 653 1812 se
683 1757 966 1825 elongant
991 1760 1000 1813 l
1027 1760 1211 1812 Tanto
1236 1755 1296 1811 ﬁt
1323 1756 1495 1827 pejus
1516 1758 1707 1813 brutis
1729 1755 1959 1813 anima-

302 1829 463 1887 libus
492 1829 580 1901 vir
600 1828 659 1884 in
679 1829 960 1901 peccatis,
994 1827 1215 1901 quibus
1236 1828 1314 1883 ab
1344 1829 1549 1901 anima
1574 1832 1723 1883 Deus
1745 1829 1960 1900 majori

309 1902 501 1973 spatio
521 1898 1039 1970 elongatur,quam
1068 1899 1124 1954 id
1146 1915 1268 1973 quo
1292 1898 1509 1973 emtum
1528 1916 1561 1955 a
1588 1905 1741 1955 terra
1761 1898 1958 1965 distat,

306 1970 365 2029 et
398 1973 596 2028 oriens
625 1972 703 2027 ab
724 1987 965 2043 occasu,
991 1986 1175 2043 quam
1205 1970 1528 2043 ableisdem
1554 1976 1960 2043 prmstat,cum

306 2043 515 2101 divina
545 2044 736 2112 gratia
757 2050 844 2098 est
869 2042 1129 2097 fulcitus.
1154 2042 1444 2110 Cogitanti
1469 2042 1728 2113 denique
1756 2057 1963 2098 mona-

307 2116 438 2180 cho,
469 2115 727 2170 veritatis
748 2113 995 2170 luminis
1021 2113 1703 2178 nescio,ncfandissimas
1724 2115 1963 2170 etaudi-

306 2187 388 2242 tui
422 2185 721 2243 horribilis
755 2185 1077 2257 voluptatis
1106 2184 1509 2257 adipiscenda;
1538 2187 1962 2257 reperiremo-

305 2257 474 2323 dum,
498 2257 639 2315 mali
658 2254 1237 2313 consilii'seminator
1257 2254 1558 2321 diabolus,
1582 2254 1697 2312 hoc
1714 2256 1824 2311 sibi
1848 2257 1961 2312 tale

304 2328 462 2386 insin
474 2329 905 2385 uatconsilium
928 2328 1160 2383 occulto
1185 2328 1541 2396 cogitamine
1566 2328 1702 2383 vani
1728 2328 1958 2394 cordis;

309 2405 372 2456 ut
396 2401 618 2456 scilicet
647 2401 1019 2471 intempesta
1070 2400 1262 2454 noctis
1295 2398 1518 2471 medio,
1535 2469 1542 2471 Α
1566 2400 1792 2454 cunctis
1821 2400 1958 2455 dor-

312 2473 654 2543 mientibus,
688 2469 853 2528 veste
882 2470 1157 2542 deposita
1192 2469 1547 2543 monachali
1598 2478 1962 2543 sumptoque

305 2542 513 2600 habitu
535 2543 750 2608 laicali,
785 2559 855 2598 ex
878 2542 1243 2598 monasterio
1259 2542 1483 2607 exiens,
1505 2542 1785 2613 paternas
1806 2542 1960 2598 clam

307 2615 482 2671 adeat
512 2616 873 2679 mansiones,
910 2618 968 2669 et
999 2614 1248 2669 domum
1280 2615 1631 2685 crepusculo
1662 2614 1851 2670 noctis
1880 2614 1962 2670 la-

311 2692 497 2741 tenter
523 2686 753 2742 intrans
782 2686 895 2740 sub
925 2690 1055 2741 toro
1083 2685 1304 2741 sororis
1356 2685 1557 2751 lateat,
1589 2687 1782 2741 donec
1831 2686 1961 2741 dor-

309 2758 529 2830 miente
570 2759 702 2830 ipsa
731 2757 809 2812 ad
840 2757 1115 2830 eamdem
1174 2756 1442 2830 accedat,
1485 2772 1607 2812 suae
1639 2757 1960 2830 voluptatis

306 2827 977 2899 libidines'expleturus.
1000 2829 1193 2884 Placet
1217 2829 1447 2883 insanae
1470 2828 1686 2883 mentis
1720 2828 1959 2898 imperi-

310 2902 402 2955 tia;
421 2900 734 2955 consilium
751 2906 1085 2971 erogatum,
1102 2899 1626 2971 studetqueipsum
1640 2904 1763 2955 toto
1781 2914 1961 2971 posse

307 2986 494 3043 quam
527 2976 720 3043 potest
746 2969 986 3043 breVius
1006 2969 1239 3043 effectui
1258 2969 1625 3043 mancipare.
1648 2969 1961 3043 Sequentis

309 3040 489 3111 igitur
510 3040 847 3097 advenienti
864 3042 1055 3097 noctis
1074 3041 1293 3107 medio,
1317 3041 1429 3096 sub
1452 3041 1684 3097 silentio
1708 3040 1783 3098 ad
1804 3040 1961 3097 fores

309 3112 571 3169 ccenobii
602 3112 797 3185 claves
830 3128 1039 3183 gerens
1073 3113 1353 3185 manibus
1383 3114 1848 3185 preperatglsed
1883 3113 1961 3169 ad

309 3185 466 3241 ostia
489 3184 754 3250 veniens,
788 3199 894 3255 per
919 3189 1103 3240 totam
1119 3183 1284 3239 illam
1306 3183 1543 3240 noctem
1563 3185 1681 3241 huc
1702 3184 1960 3255 illucque

305 3256 672 3324 discurrens,
705 3271 827 3382 quo
862 3256 979 3310 sint
1016 3256 1077 3311 in
1129 3255 1263 3311 loco
1321 3256 1536 3327 posita,
1567 3272 1689 3312 non
1717 3256 1959 3312 invenit.

308 3329 559 3382 Stunore
591 3334 644 3381 et
677 3343 711 3382 a
759 3328 1075 3382 miratione
1106 3329 1467 3382 perterritus.
1532 3343 1637 3382 cur
1692 3327 1821 3382 haec
1846 3327 1959 3382 sint

308 3329 559 3398 Stupore
591 3334 644 3381 et
677 3327 1075 3383 admiratione
1106 3329 1467 3398 perterritus,
1532 3343 1637 3383 cur
1692 3327 1821 3383 haec
1846 3327 1962 3384 sint

307 3397 866 3470 nescienslintueri,
920 3399 1046 3469 jam
1109 3397 1442 3454 matutinali
1474 3414 1598 3470 qua
1645 3398 1721 3454 ad
1751 3398 1959 3455 laudes

306 3469 552 3541 debitas
582 3468 917 3525 dominicas
956 3470 1235 3525 monachi
1286 3468 1680 3535 excubabant,
1712 3471 1960 3541 propin-

305 3539 707 3613 quantehora,
726 3541 1100 3613 compellitur
1113 3541 1205 3596 ille
1227 3541 1303 3597 ad
1318 3541 1590 3598 cellulam
1608 3539 1954 3610 retrogredi.

305 3613 494 3667 Manet
524 3612 584 3667 in
613 3612 824 3668 cellula
868 3612 978 3684 ille
1026 3613 1336 3669 admirans
1387 3628 1493 3684 per
1545 3613 1703 3669 diem
1748 3612 1955 3679 illum;

304 3684 585 3764 proponit
610 3683 1078 3764 seque‘nti‘nocte
1105 3685 1297 3739 facere
1323 3683 1486 3764 quod
1511 3701 1631 3741 non
1658 3684 1791 3764 fecit
1814 3702 1828 3750 ;
1854 3701 1950 3764 au-

303 3755 403 3809 det
424 3754 737 3811 imbecillis
767 3756 1011 3811 dextera
1041 3772 1173 3826 quae
1194 3772 1311 3810 non
1334 3754 1566 3827 potest;
1594 3761 1792 3826 sperat
1818 3756 1957 3811 stul-

302 3831 431 3899 tum
459 3842 641 3899 pecus
676 3832 893 3899 contra,
915 3827 1148 3899 leonem
1208 3843 1483 3896 pugnans
1514 3827 1796 3899 triumphi
1837 3828 1957 3899 glo-

299 3896 753 3970 riam’adipisci.
790 3897 966 3970 Quid,
992 3899 1316 3959 insensate,
1346 3899 1490 3954 reris
1517 3897 1545 3952 ?
1574 3896 1750 3970 putas
1780 3896 1955 3968 agere

302 3967 411 4042 vile
444 3967 645 4042 pecus,
662 3985 798 4040 quae
829 3970 918 4023 leo
934 3968 1294 4042 fortissimus
1310 3967 1704 4042 Hieronymus
1726 3967 1954 4026 contra-

300 4037 480 4110 dicit?
508 4037 949 4107 Cessat—imagini
965 4040 1377 4109 gloriosissimi
1394 4037 1734 4110 Hieronymi
1757 4057 1955 4110 genua

301 4058 441 4094 dicit
456 4058 478 4093 ἵ
508 4058 686 4096 Cassa
703 4058 949 4107 imagini
965 4058 1377 4109 gIOI‘IOSlSSlml
1394 4058 1601 4097 meron
1656 4059 1734 4096 m1
1757 4058 1953 4110 genua

301 4109 556 4185 ﬂectere,
580 4113 776 4183 ipsum
810 4112 1054 4185 ulterius
1076 4127 1195 4168 non
1220 4113 1460 4185 salutes,
1485 4118 1542 4169 et
1567 4058 1670 4168 tibi
1694 4119 1953 4185 potestas

300 4183 572 4256 protinus
604 4183 988 4256 concedetur,
1024 4189 1091 4256 ut
1126 4184 1311 4240 cadas
1364 4185 1425 4239 in
1470 4183 1715 4256 lfoveam
1765 4201 1949 4256 quam

300 4252 534 4329 eﬁodis,
562 4260 623 4309 ut
654 4255 786 4311 dira
816 4254 1138 4329 naufragia
1157 4256 1286 4325 jam
1316 4255 1624 4329 admittas.
1655 4252 1954 4328 Non'pos-

302 4332 441 4379 sunt
472 4326 746 4396 impensa
792 4326 1245 4399 gloriosissimo
1296 4328 1654 4399 Hieronymo
1686 4326 1949 4395 servitia,

300 4411 547 4468 quoquo
573 4399 755 4454 modo
778 4397 940 4463 ﬁant,
970 4398 1347 4454 mercedibus
1370 4397 1951 4456 vacuari.Hetinebat

299 4466 595 4538 siquidem
628 4470 687 4524 in
706 4469 919 4525 cellula
940 4469 1273 4525 monachus
1299 4470 1392 4525 ille
1414 4471 1622 4525 devius
1644 4476 1699 4525 et
1721 4488 1946 4534 errans,

297 4543 351 4610 et
381 4538 678 4596 diabolieo
717 4540 985 4595 dominio
1019 4542 1416 4610 mancipatus,
1473 4542 1794 4610 imaginem
1827 4542 1947 4609 glo-

298 4607 439 4682 riolsi
468 4611 811 4682 Hieronymi
836 4612 1036 4667 tabula
1065 4607 1432 4680 insignitam,
1464 4614 1556 4666 cui
1588 4607 1801 4666 diebus
1833 4607 1948 4667 Sin-

297 4680 720 4754 gulisantiqua
752 4682 1180 4738 consuetudine
1194 4683 1437 4754 ﬂectens
1452 4682 1943 4754 genua,seeidem

294 4751 514 4823 pluries
532 4751 1021 4810 commendabat.
1040 4754 1266 4807 Idcirco
1286 4758 1349 4809 ut
1370 4753 1498 4823 ejus
1520 4753 1671 4808 mira
1686 4754 1948 4809 clemen-

297 4821 375 4878 tia
406 4826 635 4880 cunctis
666 4826 1079 4894 innotesceret,
1117 4823 1219 4879 illo
1250 4821 1514 4879 eum'die
1542 4826 1833 4881 retinebat
1871 4841 1944 4881 ne

294 4895 937 4968 malumffacerethuod
954 4895 1213 4968 volebat.
1235 4900 1522 4966 lgnorans
1548 4896 1828 4968 verohmc
1850 4895 1945 4951 ille

292 4967 646 5038 monachus,
679 4966 1068 5038 subsequenti
1103 4972 1271 5023 nocte
1313 4969 1385 5023 ad
1412 4967 1687 5023 eosnobili
1730 4968 1943 5023 iterum

290 5036 447 5111 fores
478 5040 688 5111 pergit.
725 5040 838 5095 Sed
861 5036 1024 5110 quod
1054 5038 1409 5111 praecedenti
1426 5044 1607 5111 nocte
1640 5038 1942 5111 fecerat,id

288 5108 403 5165 hac
427 5108 583 5167 fecit.
609 5114 687 5167 Ne
715 5108 894 5177 igitur
913 5108 1241 5166 inhaéream
1271 5110 1806 5177 verbis,perunum
1822 5110 1942 5167 fere

290 5196 559 5237 mensem
575 5183 823 5252 singulis
838 5181 1113 5238 noctibus
1130 5183 1412 5237 continuo
1428 5180 1541 5237 hoc
1555 5182 1944 5239 evenit.Com-

288 5252 446 5324 pleto
478 5253 701 5323 itaque,
731 5258 793 5309 ut
818 5259 982 5324 puto,
1018 5253 1241 5309 mensis
1297 5252 1541 5317 circulo,
1596 5254 1652 5309 in
1708 5253 1939 5309 somnis

282 5321 495 5379 beatus
510 5321 907 5396 Hieronymus
924 5326 1300 5380 sanctissimo
1314 5325 1551 5380 cuidam
1571 5324 1723 5380 illius
1739 5341 1944 5382 mona-

283 5396 440 5451 sterii
462 5398 770 5469 monacho
795 5396 1142 5469 apparuitin
1169 5400 1352 5469 strato
1367 5412 1476 5451 suo
1493 5396 1942 5469 quiescentino-

282 5473 391 5532 cte,
422 5468 615 5523 eidem
651 5467 966 5524 revelando
988 5467 1130 5539 quid
1168 5468 1279 5523 iste
1305 5468 1638 5539 monachus
1666 5467 1935 5533 faciebat,

282 5539 704 5611 mandansque
761 5539 839 5594 illi
900 5544 964 5594 ut
1009 5538 1227 5593 debeat
1274 5538 1469 5594 eidem
1502 5539 1801 5611 monacho
1854 5539 1936 5595 sic

283 5611 500 5666 erranti
524 5609 846 5676 declarare,
861 5611 1168 5682 quomodo
1189 5611 1314 5682 ipse
1335 5626 1472 5667 eum
1486 5609 1565 5666 ob
1579 5611 1687 5666 sibi
1711 5612 1938 5681 impen-

1802 194 1815 207 _
1825 130 2218 207 serenum.

3564 136 3731 195 £1150

2068 258 2398 386 cogitatum
2420 257 2890 331 perpetrandum
2916 258 3110 315 scelus
3143 276 3159 326 ;
3191 266 3247 315 et
3275 261 3438 332 quod
3466 261 3586 318 nisi
3616 263 3730 321 sibi

2069 347 2140 386 ve
2166 348 2241 386 0x
2262 331 2337 386 de
2368 331 2641 386 inemptis
2668 330 3073 386 subsequatur
3094 332 3453 386 emendatio.
3491 349 3618 386 sese
3650 336 3725 386 de

2069 330 2241 410 velcx
2262 331 2337 387 de
2368 330 2641 410 inemptis
2668 330 3079 410 subsequatur
3094 330 3453 410 emendatio,
3491 349 3618 410 sese
3650 336 3725 391 de

2070 402 2257 475 ipsius
2284 404 2555 459 custodia
2585 402 2918 475 removebit
2947 422 2965 473 ;
3022 403 3415 475 discessitque
3454 407 3727 475 protinus

2070 474 2149 530 ab
2174 476 2408 530 eodem.
2451 477 2617 531 Mane
2648 479 2847 530 autem
2880 473 3055 537 facto,
3087 492 3221 545 quae
3252 473 3480 530 viderat
3517 478 3726 533 mona-

2071 546 2241 611 chus,
2278 546 2444 618 alteri
2475 545 2775 618 monacbo
2797 548 3109 618 enarravit.
3144 549 3213 599 At
3237 546 3331 601 ille
3354 564 3437 610 se,
3461 549 3604 618 quid
3631 549 3727 604 hic

2070 618 2249 682 dicat,
2283 633 2404 673 non
2434 616 2757 689 intelligere
2772 617 3041 687 pluribus
3061 618 3363 673 detestans
3386 616 3724 675 sacramen-

2073 689 2164 754 tis,
2198 689 2375 759 ccepit
2423 688 2641 743 dicere
2665 694 2907 759 propter
2936 689 3161 743 cerebri
3214 690 3571 744 vacuitatem
3596 690 3727 747 haec

2073 760 2311 816 somnia
2342 760 2632 815 evenisse.
2667 763 2841 815 Tacet
2891 761 3224 815 monachus
3254 766 3310 815 et
3338 761 3583 817 recedit.
3618 764 3718 818 Hic

2071 830 2342 901 gaudens
2372 832 2651 903 proponit
2672 836 2844 887 nocte
2879 833 3171 902 sequenti,
3204 832 3428 887 nullam
3461 833 3727 903 amplius

2070 903 2360 958 exhibens
2417 903 2652 958 solitam
2706 903 3065 974 Hieronymo
3109 904 3518 967 reverentiam,
3572 906 3726 961 ostia

2048 975 2410 1030 .monasterii
2434 976 2511 1029 ad
2543 990 2808 1044 nequam
2838 991 2993 1045 opus
3021 974 3185 1046 quod
3220 975 3449 1030 tamdiu
3482 974 3728 1031 affecta-

2070 1053 2237 1101 verat
2266 1048 2700 1116 peragendum,
2729 1046 2806 1101 ad
2856 1062 3033 1101 suum
3062 1046 3296 1101 libitum
3344 1062 3627 1102 reserare.
3659 1050 3728 1104 Ut

2068 1117 2323 1173 breviter
2351 1117 2572 1189 dicam,
2606 1117 2769 1189 quod
2788 1117 2965 1171 miser
2992 1116 3095 1171 diu
3117 1116 3532 1189 hiantilanimo
3563 1118 3727 1187 cogi-

2070 1193 2314 1256 taverat,
2348 1188 2508 1244 mala
2525 1188 2814 1260 operandi
2842 1189 3272 1260 aHieronymo,
3303 1188 3726 1260 honoresolito

2070 1261 2321 1332 privato,
2348 1260 2456 1332 sibi
2487 1259 3041 1332 tra’ditapotestate,
3066 1259 3128 1314 ut
3159 1260 3343 1315 voluit
3367 1261 3451 1315 sic
3483 1259 3674 1315 eﬁecit
3708 1277 3721 1316 :

2070 1331 2170 1387 Sed
2202 1337 2401 1387 tamen
2430 1331 2487 1385 in
2519 1332 2638 1386 ﬁne
2669 1331 3439 1402 gloriosissimiHieronymi
3467 1332 3725 1387 clemen-

2069 1403 2149 1459 tia
2167 1418 2289 1458 non
2314 1402 2545 1458 defecit.
2570 1403 2873 1459 Recedens
2900 1403 3099 1473 itaque
3131 1402 3225 1458 ille
3254 1402 3328 1458 de
3360 1404 3723 1459 monasterio

2069 1479 2363 1530 nocturna
2414 1474 2583 1538 hora,
2616 1474 2813 1530 alieno
2865 1474 3089 1545 habitu
3131 1474 3485 1537 occultatus,
3538 1476 3723 1545 patris

2069 1546 2323 1601 domum
2354 1545 2679 1601 adveniens
2708 1561 2815 1617 per
2846 1545 3004 1600 diem
3039 1544 3203 1617 illum
3238 1545 3503 1616 undique
3536 1546 3724 1600 circu-

2070 1617 2257 1688 mivit.
2291 1619 2561 1688 Cumque
2586 1616 2775 1672 noctis
2792 1617 3144 1686 crepusculo
3157 1616 3721 1688 domumintrasset,

2069 1687 2377 1759 adlectum
2401 1687 2597 1759 in’quo
2616 1689 2783 1757 virgo
2810 1704 2978 1759 soror
3003 1689 3308 1759 quiescere
3323 1692 3462 1759 tunc
3476 1687 3723 1753 solebat,

2068 1758 2222 1814 clam
2248 1758 2602 1830 procedens,
2620 1759 2851 1814 tamdiu
2871 1758 2986 1814 sub
3002 1758 3215 1813 eodem
3237 1758 3723 1829 latitavit,quam-

2068 1831 2175 1886 diu
2208 1846 2479 1886 sororem
2502 1830 2773 1902 dormire
2796 1831 2987 1902 potuit
3016 1830 3336 1902 aestimare.
3378 1831 3724 1902 Tuncidem

2070 1903 2293 1969 exiens,
2309 1901 2654 1972 exspoliatis
2671 1900 2931 1957 vestibus
2960 1900 3182 1955 sororis
3209 1916 3270 1955 se
3293 1901 3535 1955 dextero
3552 1900 3724 1956 lateri

2069 1973 2410 2044 applicavit.
2428 1973 2513 2026 Ad
2534 1972 2662 2027 haec
2689 1972 2977 2028 sororlevi
3005 1987 3226 2044 somno
3242 1972 3548 2044 dormiens
3565 1972 3723 2044 exci-

2069 2042 2247 2108 tatur,
2277 2048 2336 2098 et
2364 2044 2557 2099 virum
2579 2044 2756 2115 juxta
2787 2059 2849 2098 se
2879 2058 3065 2115 manu
3083 2042 3365 2115 sentiens,
3386 2042 3722 2115 admodum

2069 2131 2499 2185 expavescens,
2527 2113 2669 2170 diris
2682 2116 2918 2171 emissis
2944 2113 3311 2185 clamoribus
3325 2113 3403 2168 ad
3418 2129 3482 2167 se
3512 2129 3723 2169 omnes

2068 2184 2289 2258 pariter
2336 2186 2622 2243 evocavit.
2684 2189 2965 2258 Currunt‘
2993 2184 3071 2241 ad
3125 2185 3342 2258 puellas
3383 2185 3720 2258 thalamum

2069 2256 2266 2314 cuncti
2298 2274 2434 2313 cum
2462 2258 2708 2322 lumine,
2743 2262 2799 2313 et
2828 2256 3071 2313 tandem
3119 2256 3179 2311 in
3231 2256 3384 2312 lecto
3414 2256 3724 2313 inveniunt

2069 2330 2230 2386 hunc
2246 2330 2569 2400 jacentem.
2604 2331 2887 2385 Mirantur
2916 2332 3196 2399 parentes
3223 2332 3279 2383 et
3305 2332 3566 2400 stupent,
3600 2343 3721 2400 cer-

2068 2405 2222 2457 nunt
2249 2398 2364 2456 hoc
2393 2400 2587 2456 cuncti
2614 2402 2717 2472 qui
2745 2398 3148 2472 cucurrerant,
3172 2404 3227 2453 et
3256 2398 3601 2455 condolent.
3632 2399 3720 2454 In-

2069 2476 2333 2542 terrogat
2355 2488 2391 2528 a
2420 2472 2541 2527 ﬁlio
2571 2471 2739 2543 pater
2758 2471 3120 2543 discriminis
3146 2472 3294 2526 tanti
3312 2486 3722 2543 causam,rea-

2069 2549 2195 2600 tum
2228 2541 2405 2599 suum
2436 2541 2597 2599 ﬁlius
2656 2544 2886 2599 silentio
2917 2542 3247 2598 conﬁtetur.
3286 2545 3356 2597 Ut
3380 2543 3539 2597 enim
3573 2541 3718 2610 dixi,

2070 2614 2252 2671 voluit
2282 2615 2580 2685 gloriosus
2609 2616 3000 2686 Hieronymus
3032 2615 3193 2686 hunc
3212 2629 3383 2668 suam
3409 2612 3721 2686 stultitiam

2069 2684 2342 2758 experiri,
2386 2692 2449 2742 ut
2476 2687 2535 2741 in
2558 2684 2868 2758 posterum,
2886 2685 3169 2758 humilior
3199 2690 3251 2758 et
3285 2686 3533 2741 astutior
3553 2684 3721 2740 ﬁeret

2068 2756 2527 2821 ad‘cavendum,
2561 2762 2617 2812 et
2642 2758 2702 2812 in
2734 2757 2935 2827 praelio
2958 2773 3020 2811 se
3050 2756 3341 2812 tuendum
3379 2761 3474 2822 ;et
3503 2771 3576 2811 ne
3599 2772 3723 2811 am-

2070 2829 2224 2901 plius
2256 2828 2532 2899 exemplo
2560 2844 2668 2883 suo
2692 2829 2839 2901 Aquis
2872 2828 2945 2901 de
2980 2830 3291 2901 sanctitate
3318 2827 3643 2901 confideret
3670 2832 3728 2883 et

2070 2898 2594 2972 speraret.0uanto
2608 2899 2766 2972 enim
2788 2899 2982 2972 major
3000 2898 3151 2972 inest
3168 2898 3723 2972 hominisanetitas,

2068 2968 2212 3027 dum
2234 2972 2293 3026 in
2322 2971 2469 3027 mari
2483 2969 2889 3041 mundihujus
2906 2968 3255 3041 procelloso,
3270 2969 3722 3041 etinimicorum

2068 3042 2415 3112 agminibus
2429 3039 3129 3114 pleno,imbecilli‘carnis
3144 3039 3421 3114 navicula
3440 3040 3685 3114 navigat
3704 3055 3720 3107 ;

2067 3111 2230 3171 tanto
2252 3111 2446 3184 major
2474 3119 2563 3168 est
2592 3112 2767 3168 timor
2796 3118 2854 3169 et
2873 3113 3097 3184 astutia
3119 3127 3183 3166 se
3204 3111 3427 3184 tuendi.
3452 3111 3721 3184 Inﬁnilas

2067 3181 2369 3258 pessimus
2403 3185 2497 3241 ille
2541 3188 2797 3240 tentator
2839 3183 3131 3258 diabolus
3172 3182 3427 3258 nocendi
3453 3181 3723 3258 possidet

2068 3254 2360 3322 artes.Qui
2385 3258 2658 3327 incautus
2689 3255 2901 3327 pergit,
2929 3254 3501 3327 levissimecapitur.
3529 3254 3638 3318 Qui
3658 3254 3720 3308 in

2068 3329 2295 3386 cunctis
2349 3330 2533 3392 timet,
2572 3326 2650 3383 ab
2692 3324 2980 3383 burnibus
3023 3324 3279 3381 diabolis
3317 3324 3414 3380 hic
3456 3326 3717 3379 timetur.

2068 3404 2232 3458 Certe
2252 3399 2385 3471 plus
2411 3399 2492 3455 nil
2516 3404 2923 3471 nocet,quam,
2944 3403 3144 3471 spreto
3165 3396 3418 3471 aliorum
3444 3396 3716 3471 consilio,

2070 3478 2134 3528 ut
2162 3467 2407 3543 propria
2434 3471 2716 3527 voluntas
2732 3467 3040 3543 'praseipit,
3073 3467 3406 3543 ambulare.
3448 3468 3569 3543 _Qui
3597 3483 3722 3521 sum

2069 3538 2302 3600 tantum
2332 3542 2624 3598 voluntati
2654 3538 2911 3596 creditin
2938 3538 3327 3611 cunctisque:
3347 3538 3505 3603 facit,
3537 3538 3720 3611 ﬁnem

2067 3613 2754 3690 odibilem_adinveniet.
2796 3615 3042 3690 Magnus
3078 3607 3721 3690 _exeinplojamﬁnito

2067 3687 2245 3742 timor
2273 3684 2681 3747 defragilitate
2705 3689 2907 3739 nostra.
2929 3684 3219 3747 maxima,
3253 3687 3309 3737 et
3325 3681 3722 3736 de’diabolica

2068 3758 2388 3814 calliditate
2419 3757 2708 3811 etastutia
2733 3755 2909 3810 nobis
2931 3754 3215 3810 omnibus
3231 3753 3679 3808 demonstratur
3704 3769 3718 3819 ;

2066 3844 2292 3902 magna
2323 3834 2529 3899 etspes
2560 3828 2744 3883 veniae
2761 3824 3564 3902 peccatoribusdeclaratur.
3590 3822 3721 3902 C_er-

2064 3893 2214 3956 nens
2244 3893 2507 3971 namque
2541 3914 2605 3953 se
2638 3893 2973 3971 monachus
3004 3897 3087 3950 sic
3110 3912 3145 3951 a
3167 3894 3410 3971 diabolo
3437 3893 3718 3971 deturba-

2064 3976 2214 4036 tum,
2258 3965 2556 4034 delusum,
2591 3986 2660 4025 ac
2692 3970 2871 4025 etiam
2901 3970 2960 4023 in
2992 3971 3157 4023 tanta
3191 3967 3426 4022 miseria
3459 3965 3721 4037 captiva-

2063 4048 2213 4111 tum,
2243 4044 2513 4115 protinus
2534 4040 2850 4115 _suﬁ‘ragiis
2882 4038 3299 4115 gloriosissimi
3356 4037 3719 4115 Hieronymi,

2063 4108 2770 4182 cujus-semperdevotu's
2784 4111 3108 4174 exstiterat,
3137 4126 3310 4165 suam
3340 4108 3645 4182 miseriam
3664 4112 3721 4164 et

2061 4188 2303 4257 culpam
2323 4181 2911 4257 vehementissimam
2934 4182 3439 4257 recognoscensin
3456 4181 3721 4257 seipsum

2061 4251 2254 4323 rediit,
2290 4262 2345 4314 et
2393 4258 2467 4313 de
2500 4255 2710 4312 eadem
2766 4260 3018 4326 paterna
3076 4251 3277 4326 exiens
3308 4252 3516 4326 domo,
3546 4251 3717 4307 omni

2059 4330 2460 4385 retardatione
2492 4328 2745 4396 abjecta,
2770 4323 3001 4391 lugens
3024 4332 3085 4396 _et
3134 4324 3347 4396 dolens
3380 4323 3456 4377 ad
3492 4323 3719 4378 fontem

2061 4400 2419 4473 paenitentiae
2451 4394 2815 4473 properavit.
2858 4394 3079 4473 Deinde
3133 4408 3284 4473 vero_
3326 4394 3387 4473 in
3438 4408 3551 4473 suo
3588 4408 3717 4449 mo-

2058 4463 2320 4527 nasterio
2344 4463 2666 4539 per'annos
2687 4467 2844 4522 duos
2870 4466 2926 4520 in
2942 4471 3123 4539 _tanta
3142 4480 3204 4539 se
3228 4463 3607 4539 abstinentiae
3623 4480 3719 4519 as-

2057 4542 2240 4614 perita
2253 4547 2304 4596 te
2331 4534 2632 4614 afﬂixit,ut
2653 4539 2800 4593 foret
2827 4536 3201 4614 cor-hominis
3224 4534 3594 4614 insufficiens
3620 4551 3720 4614 co-

2055 4606 2240 4684 gitare
2271 4630 2282 4668 :
2314 4610 2688 4684 etcompleto
2711 4607 3293 4684 annorumduorum
3329 4606 3542 4684 spatio,
3570 4613 3717 4684 ante

2055 4678 2185 4740 dies
2222 4682 2494 4739 modicos
2526 4678 2597 4737 ex
2613 4680 2728 4736 hoc
2760 4680 2979 4736 saeculo
3010 4678 3255 4734 feliciter
3285 4678 3630 4748 exspiravit.

2127 4757 2348 4811 CAPUT
2361 4749 3182 4810 XXI.—VenerabilisDamasi
3209 4750 3546 4805 Portuensis
3570 4749 3724 4821 epis-

2055 4828 2189 4909 copi
2221 4826 2411 4909 pridie
2436 4823 3101 4909 re_ceptislittris,aliqua
3126 4822 3223 4909 eis.
3236 4822 3522 4909 inscripta
3540 4820 3721 4909 corde

2053 4892 2236 4954 avido
2250 4892 2670 4967 intellexi,qua3
2703 4895 2782 4951 ob
2810 4896 2939 4967 ejus
2961 4892 3351 4967 reverentiam
3376 4908 3497 4948 non
3522 4892 3719 4967 dimit-

2055 4974 2197 5025 tam.
2218 4972 2417 5025 Homae
2449 4964 2769 5023 cardiuatis
2800 4964 3047 5028 quidam
3075 4965 3421 5021 Coelestinus
3452 4964 3716 5028 nomine,

2054 5041 2391 5113 Hieronymi
2407 5035 2915 5113 gloriosiaamulus
2928 5035 3451 5113 etdetractor.dum
3464 5035 3559 5113 die
3571 5051 3720 5107 quo-

2052 5112 2255 5169 damin
2268 5106 2567 5169 conventu
2580 5111 2836 5165 existens
2851 5106 3718 5173 cardinalium,moresolitdore

2051 5183 2264 5240 audaci
2296 5188 2353 5239 et
2388 5182 2701 5239 temerario
2731 5180 2792 5235 in
2816 5180 3089 5252 ejusdem
3120 5178 3559 5252 injuriasverba
3583 5193 3719 5252 pro-

2050 5262 2373 5326 rumperet,
2401 5254 2604 5326 dolore
2635 5252 2833 5308 subito
2850 5249 3158 5326 'viscerum
3174 5249 3516 5326 impellente
3530 5249 3604 5326 ad
3620 5265 3720 5305 oc-

2050 5321 2209 5383 culta
2224 5333 2451 5382 naturas
2464 5325 2596 5381 loca
2606 5339 2960 5396 properans,
2973 5324 3202 5396 viscera
3220 5321 3425 5377 omnio
3439 5321 3713 5396 protinus

2049 5399 2374 5463 emanavit,
2399 5404 2453 5452 et
2475 5392 2800 5468 antequam
2839 5394 3000 5450 illinc
3035 5393 3331 5468 recederet
3362 5392 3712 5468 exspiravit.

2123 5470 2349 5528 CAPUT
2375 5470 2529 5525 XXII.
2558 5464 2808 5523 --'Alius
2822 5482 3063 5539 quoque
3077 5464 3714 5539 presbytercardinalis

2048 5541 2313 5596 Andreas
2335 5539 2599 5603 nomine,
2629 5535 2858 5595 istinon
2891 5535 3121 5603 similis,
3163 5535 3268 5591 sed
3297 5535 3713 5600 gloriosissimi

2047 5612 2373 5685 Hieronymi
2388 5611 2993 5685 devotissimusatque
3006 5606 3406 5685 cultor,pridie
3425 5608 3481 5663 in
3498 5607 3607 5685 ead
3617 5624 3712 5685 em

284 5696 417 5739 sam
446 5684 840 5742 reverentiam
857 5680 1433 5749 custodivit,utostia
1454 5697 1577 5740 non
1610 5680 1832 5741 videret
1856 5683 1935 5741 ad
2042 5680 2315 5743 Romana
2344 5684 2492 5742 urbe
2522 5682 2723 5742 multis
2745 5680 2969 5740 circum
2999 5680 3335 5740 astantibus
3359 5680 3699 5753 exspiravit,
