4138 6172
259 182 410 240 1153.

328 306 555 363 CAPUT
583 305 734 359 XXV.
754 334 821 343 —
848 305 1121 373 Magnam
1134 304 1755 375 putabas,Augustine
1768 306 1909 362 cha-

256 380 512 441 rissime,
531 376 835 447 aliquibus
876 376 1335 432 admirationem
1353 376 1655 441 inducere,
1676 377 1849 432 veluti
1864 377 1912 433 si

252 450 642 523 quidnovum
660 455 715 523 et
732 448 1066 503 inauditum
1086 450 1592 523 eisproponens,d
1603 466 1701 504 um
1717 451 1773 504 in
1798 449 1912 504 tuis

252 518 904 595 pristinislitterisquas
922 520 1138 590 recepi,
1153 518 1368 595 Joanni
1386 522 1657 592 Baptistae
1680 526 1912 595 etcaste-

248 590 639 678 risAp'ostolis
655 590 1527 678 Hieronymumusanctissiinu'm
1542 591 1835 678 aequalem
1851 592 1913 647 in

252 660 565 721 sanctitate
577 660 1198 731 etgloria,rationibus
1213 662 1337 717 sine
1350 662 1532 719 dubio
1546 660 1911 732 efﬁcacibus,

253 736 657 793 etvisionibus
672 732 934 787 miriﬁcis
949 735 1400 804 comprobabas.
1414 736 1575 791 Certe
1590 751 1698 790 non
1710 734 1914 790 estali-

252 808 453 881 qualis
465 805 1169 881 ambiguitas,verissima
1191 811 1244 859 et
1260 805 1634 881 omniﬁde‘et
1648 806 1912 881 devotio-

255 874 331 935 ne
344 875 827 950 dignissimahtec
841 877 923 931 ita
934 874 1077 950 fore.
1090 880 1201 931 Nec
1217 881 1358 947 puto
1372 876 1674 950 aliquibus
1686 878 1735 948 ej
1749 895 1817 932 us
1832 878 1889 932 vi

253 957 380 1007 tam
407 948 872 1012 sanctissimam,
892 952 946 1019 et
958 948 1085 1019 ejus
1101 953 1269 1003 tanta
1280 949 1555 1019 prodigia
1566 950 1913 1005 hominibus

252 1022 623 1092 insuetanon
651 1018 1088 1092 ignorantibus,
1117 1018 1915 1092 admirationisaliquideve-

251 1095 403 1173 nire.
436 1091 549 1173 Sed
572 1090 1021 1173 quoniamtales
1044 1097 1158 1146 tuae
1172 1090 1703 1173 fueruntrationes,
1727 1092 1805 1173 ad
1826 1108 1912 1173 ve-

251 1166 492 1221 ritatem
512 1162 613 1233 huj
626 1162 862 1235 usmodi
884 1162 1334 1235 declarandam,
1358 1164 1524 1235 quod
1550 1179 1719 1218 meas
1746 1164 1913 1219 levis-

254 1237 443 1317 simas
460 1240 519 1290 et
539 1234 1031 1317 imperitasnunc
1047 1233 1163 1315 illis
1183 1233 1633 1317 opponerenon
1655 1236 1911 1303 deceret,

249 1308 409 1372 ideo,
440 1305 1004 1379 omissisomnibus,
1034 1305 1323 1379 visionem
1347 1306 1701 1379 mirabilem,
1726 1323 1911 1379 quam

254 1378 616 1435 venerabilis
641 1378 730 1432 vir
757 1376 1008 1449 Cyrillus
1039 1377 1357 1449 episcopus
1386 1376 1824 1433 Alexandrinus
1852 1394 1913 1433 se

255 1451 480 1507 vidisse
501 1449 624 1505 suis
645 1449 722 1506 ad
747 1447 840 1521 me
866 1448 1078 1521 diebus
1100 1447 1521 1521 plurimisjam
1543 1449 1765 1521 elapsis
1778 1450 1913 1504 des-

255 1523 456 1579 tinatis
470 1521 675 1577 litteris
701 1518 1063 1585 afﬁrmabat,
1096 1518 1351 1575 breviter
1371 1518 1916 1577 introducamJ’ost

254 1594 416 1651 beati
432 1591 778 1663 Hieronymi
803 1590 1030 1663 obitum
1048 1590 1385 1663 gloriosum
1403 1607 1564 1647 anno
1590 1594 1911 1663 completo,

255 1668 319 1722 in
343 1666 438 1721 die
468 1664 793 1736 nativitatis
817 1662 1230 1736 gloriosissimi
1250 1664 1493 1736 Joannis
1522 1662 1915 1736 Dominipraa-

257 1740 542 1816 cursoris,
550 1735 839 1816 laudibus
853 1733 1099 1816 expletis
1114 1735 1439 1816 matutinis,
1461 1735 1605 1816 dum
1620 1733 1916 1816 memora-

259 1815 356 1866 tus
377 1806 640 1881 pontifex
663 1820 827 1860 more
844 1805 1017 1881 solito
1040 1805 1099 1881 in
1122 1805 1371 1881 ecclesia
1393 1808 1555 1881 scius
1574 1813 1715 1881 ante
1730 1806 1914 1881 altare

257 1876 524 1952 ejusdem
539 1877 924 1952 praecursoris
936 1876 1167 1952 Domini
1184 1876 1619 1952 gloriosi,ﬂexis
1633 1877 1910 1952 genibus,

258 1947 449 2022 ipsius
470 1947 721 2022 gloriam
743 1955 800 2004 et
820 1948 1228 2022 excellentiam
1258 1947 1445 2004 multa
1464 1947 1705 2022 spiritus
1718 1949 1916 2004 dulce-

258 1968 273 2007 ι
326 1968 449 2006 stus
470 1967 721 2022 διοτιᾶω
743 1967 800 2004 θι
820 1967 1228 2004 excellentiam
1258 1967 1445 2004 murta
1464 1967 1705 2020 Spll‘llus
1718 1967 1912 2004 (10108-

257 1967 401 2102 siina
420 2020 925 2102 contemplaretur
950 2035 964 2085 ;
994 2020 1310 2102 repentino
1332 2035 1550 2102 somno
1580 2020 1912 2102 aliquantu-

257 2094 386 2151 lum
400 2091 762 2151 obdormivit
791 2095 1026 2163 :etecce
1057 2092 1116 2147 in
1142 2091 1557 2163 ecclesiam(ut
1578 2091 1688 2146 sibi
1714 2091 1917 2146 claris-

259 2167 411 2222 sime
443 2163 774 2233 videbatur)
807 2162 1062 2218 binatim
1094 2162 1520 2234 quorumdam
1557 2163 1917 2234 speciosissi-

262 2252 501 2294 morum
531 2232 846 2291 hominum
901 2235 1051 2289 ultra
1092 2232 1425 2290 humanam
1457 2232 1916 2291 aestimationem

259 2314 473 2365 cantus
504 2305 840 2363 alternatim
870 2305 1257 2360 suavissimos
1284 2306 1726 2361 concinentium
1745 2305 1919 2362 turba

260 2378 789 2436 vehementissima
803 2376 954 2432 miro
967 2377 1175 2432 ordine
1188 2377 1483 2432 veniebat.
1502 2377 1722 2432 Deinde
1752 2376 1918 2433 bina-

264 2453 368 2508 tim
400 2466 611 2507 omnes
625 2448 902 2505 adaltare
930 2448 1344 2518 procedentes,
1363 2448 1655 2505 etibidem
1677 2448 1921 2504 ﬂecten-

263 2529 349 2580 tes
364 2522 666 2593 genua,ad
681 2519 1003 2593 sedendum
1018 2520 1231 2589 singuli
1245 2536 1306 2575 se
1319 2520 1689 2593 poneban_t._C
1698 2536 1839 2593 umq
1850 2535 1920 2575 ue

265 2590 505 2651 illorum
552 2592 868 2649 hominum
895 2590 1024 2661 jam
1056 2596 1209 2646 esset
1230 2590 1483 2663 ecclesia
1512 2591 1689 2647 valds
1720 2590 1917 2663 plena,

266 2670 403 2737 post
431 2680 642 2720 omnes
673 2664 795 2718 duo
826 2662 934 2717 viri
949 2662 1379 2737 eminentiores
1409 2664 1666 2737 caeteris,
1707 2662 1769 2718 in
1801 2667 1921 2737 toto

266 2733 700 2817 similes‘atque
722 2748 917 2815 pares,
946 2733 1245 2817 inﬁnities.
1262 2735 1385 2790 sole
1404 2734 1740 2817 lucidiores,
1770 2734 1921 2815 stola

266 2808 461 2864 induti
495 2805 893 2869 lucidisSima,
925 2805 1373 2877 candidissima.
1404 2822 1551 2860 auro
1584 2813 1639 2861 et
1668 2807 1923 2877 gemmis

268 2879 536 2951 undique
561 2877 936 2951 ineﬂabiliter
960 2876 1255 2951 rutilante,
1286 2878 1585 2951 venientes
1610 2876 1924 2951 ecclesiam

268 2947 887 3023 paritérintraverunt.
911 2947 1000 3002 Ad
1030 2963 1288 3023 quorum
1306 2948 1611 3023 introitum
1638 2948 1922 3023 om‘nesin

272 3016 523 3078 ecclesia
548 3020 897 3083 residentes,
924 3016 1194 3089 protinus
1221 3016 1392 3073 ﬂexis
1422 3018 1676 3087 genibus
1697 3018 1924 3073 eisdem

275 3107 578 3160 summam
620 3090 1012 3146 reverentiam
1038 3089 1465 3160 persolverunt.
1499 3093 1661 3146 Tunc
1691 3091 1813 3145 duo
1843 3090 1925 3145 illi

270 3159 383 3220 viri
411 3168 548 3218 ante
569 3161 755 3217 altare
782 3160 860 3215 ab
885 3159 1114 3216 eisdem
1157 3161 1487 3216 reverentia
1539 3160 1821 3225 exhibita,
1863 3162 1925 3216 in

270 3234 515 3292 duabus
546 3231 841 3303 cathedris
870 3231 1067 3287 aureis
1085 3230 1926 3303 miralapidumpretiosorum

272 3307 558 3363 varietate
579 3310 644 3376 et
676 3302 1071 3376 pulcherrime
1102 3302 1419 3369 decoratis,
1472 3302 1582 3376 sibi
1614 3320 1649 3360 a
1675 3304 1925 3376 quibus-

275 3378 417 3435 dam
433 3375 851 3449 pulcherrimis
874 3375 1195 3449 juvenibus
1218 3375 1592 3449 praeparatis,
1615 3375 1796 3449 ambo
1820 3391 1929 3447 pa-

274 3451 416 3506 riter
434 3446 864 3511 ‘consederunt,
888 3446 1045 3519 etsic
1066 3446 1305 3519 silentes
1334 3446 1772 3519 aliquantulum
1801 3446 1929 3519 per-

276 3522 643 3578 manserunt.
677 3518 917 3574 Interim
941 3518 1094 3591 inter
1124 3517 1254 3573 illos
1276 3517 1509 3591 silentio
1540 3518 1715 3591 facto,
1749 3517 1931 3591 cdepit

276 3592 422 3649 alter
446 3607 649 3647 eorum
678 3591 939 3646 duorum
960 3589 1211 3662 alterum
1241 3590 1543 3662 impellere
1568 3590 1645 3646 ad
1682 3589 1929 3662 loquen-

276 3664 447 3719 dum.
462 3662 733 3734 Cumque
758 3662 939 3730 longa
960 3661 1038 3717 ad
1060 3661 1312 3734 invicem
1331 3661 1638 3717 altercatio
1658 3661 1929 3728 oriretur,

275 3735 417 3807 quis
430 3732 653 3807 ,primo'
668 3733 953 3807 inciperet
983 3732 1329 3807 praedicare,
1360 3738 1669 3807 coeperunt
1690 3734 1931 3807 singuli,

276 3804 343 3861 ut
374 3804 773 3877 Hieronymus
796 3804 1048 3877 Joannis
1080 3804 1274 3875 (cujus
1301 3808 1428 3860 erat
1445 3805 1553 3877 die
1583 3805 1682 3861 illa
1713 3806 1931 3860 solem-

275 3876 454 3948 nitas)
490 3874 697 3948 laudes
724 3882 779 3931 et
807 3874 1282 3948 magniﬁcentius
1322 3875 1664 3948 explicaret,
1696 3877 1931 3946 magnis

274 3946 529 4005 vocibus
559 3946 910 4003 acclamare.
942 3947 1104 4002 Tunc
1134 3963 1288 4002 unus
1319 3946 1556 4002 illorum
1589 3964 1930 4004 sermonem

276 4036 421 4075 mox
434 4020 723 4090 incipiens
740 4018 948 4090 laudes
962 4017 1289 4074 beatissimi
1305 4021 1687 4089 praecursoris
1699 4020 1934 4075 Domini

278 4095 448 4147 tanta
473 4089 723 4162 loquelae
754 4089 1092 4156 dulcedine,
1113 4094 1396 4161 tantoque
1417 4090 1733 4146 verborum
1765 4107 1937 4147 orna-

277 4169 363 4242 tu,
391 4176 626 4217 necnon
662 4164 725 4242 et
749 4162 1055 4242 sementim
1086 4162 1373 4242 gravitate
1403 4163 1933 4242 ‘coptexuitLquod

275 4233 365 4291 fas
397 4249 519 4288 non
576 4237 732 4288 esset
771 4232 988 4301 linguae
1036 4233 1349 4288 hominum
1383 4232 1709 4289 declarare.
1744 4232 1933 4291 Finito

276 4306 481 4377 itaque
493 4319 769 4377 sermone
782 4303 1288 4377 illo,valter(quem
1299 4304 1591 4377 Joannem
1608 4305 1932 4377 Baptistam

276 4374 479 4433 cuncti
499 4374 889 4448 quiaderant,
916 4374 1332 4448 nominabant)
1353 4375 1548 4448 eidem
1570 4374 1769 4448 grates
1792 4376 1934 4432 refe-

277 4463 419 4504 rens
451 4446 825 4519 multiplices,
859 4446 973 4502 hoc
1004 4446 1529 4519 circumstantibus
1559 4448 1637 4503 ad
1668 4447 1798 4519 ejus
1831 4448 1936 4504 ho-

280 4534 492 4600 norem
520 4517 857 4600 etﬂg’loriam
889 4522 974 4573 est
1003 4517 1236 4600 locutus
1264 4518 1489 4600 :"Sccius
1514 4517 1784 4600 iste-meus
1812 4520 1935 4600 cha-

278 4591 529 4646 rissimus
559 4588 929 4660 Hieronymus,
961 4588 1191 4660 aequalis
1218 4590 1356 4643 mihi
1387 4591 1443 4643 in
1484 4590 1683 4659 gloria,
1710 4590 1935 4660 aequalis

279 4662 519 4717 etiamin
546 4662 852 4727 sanctitate,
878 4663 1317 4715 seriemmearum
1346 4660 1565 4715 laudum
1589 4668 1662 4715 est
1683 4662 1936 4716 hactenus

279 4740 588 4805 prosecutus
607 4732 846 4798 ,‘idcirco
864 4732 1087 4805 dignum
1119 4739 1193 4805 est
1214 4738 1273 4805 ut
1289 4732 1402 4800 ejus
1419 4731 1668 4805 laudibus
1685 4749 1826 4787 nunc
1848 4736 1937 4787 in-

279 4802 488 4861 sistam.
522 4804 624 4859 Hic
648 4821 768 4859 vere
796 4806 895 4860 tua:
924 4810 1001 4858 est
1028 4802 1300 4875 Ecclesiae,
1318 4802 1557 4857 tenebras
1586 4803 1827 4875 elfugans
1846 4821 1936 4860 er-

282 4891 493 4941 rorum,
523 4881 570 4929 et
591 4882 801 4930 cunctos
815 4874 1133 4929 illuminans
1157 4874 1390 4929 homines
1406 4875 1655 4929 veritatis
1679 4874 1936 4931 claritate

282 4963 462 5003 caecos.
495 4945 599 5000 Hic
626 4949 747 5017 [ons
776 4954 854 5018 est
878 4962 1029 5018 aqua;
1059 4946 1345 5018 sapientiw
1374 4946 1658 5018 salutaris,
1693 4948 1762 5001 ad
1786 4964 1937 5018 quem

282 5019 526 5073 sitientes
545 5019 674 5073 dum
700 5017 978 5080 accedunt,
1000 5017 1303 5086 largissime
1327 5017 1624 5074 satiantur.
1655 5018 1753 5072 Hic
1775 5017 1939 5074 arbor

285 5090 747 5159 altissima,cujus
770 5105 1019 5144 cacumen
1034 5089 1223 5144 caelum
1248 5090 1506 5153 ascendit,
1533 5088 1630 5144 sub
1653 5090 1938 5159 cujusdoc-

286 5162 449 5217 trina
483 5160 767 5231 frondibus
786 5160 848 5215 de
866 5160 1021 5215 suavi
1041 5160 1277 5231 ejusdem
1295 5162 1409 5215 oris
1438 5162 1645 5230 fructu,
1674 5178 1794 5216 aves
1816 5162 1942 5216 caeli

289 5233 515 5304 (scilicet
548 5233 783 5287 homines
832 5232 1060 5287 multum
1090 5231 1467 5303 intelligentes)
1487 5240 1540 5304 et
1570 5232 1748 5287 bestiae
1775 5240 1940 5287 terra:

289 5303 518 5373 (scilicet
547 5304 779 5359 homines
799 5319 995 5374 parum
1022 5303 1400 5374 intelligentes)
1438 5303 1710 5359 uberrime
1734 5305 1942 5359 satian-

291 5383 407 5431 tur.
424 5376 526 5430 Hic
544 5392 740 5431 mecum
754 5376 937 5443 fuitin
948 5375 1143 5430 sweulo
1167 5376 1466 5439 eremita,et
1490 5382 1635 5430 certe
1647 5392 1749 5429 non
1765 5377 1942 5431 minus

290 5464 370 5502 me
398 5464 612 5502 carnem
659 5447 1000 5502 abstinentiis
1031 5447 1358 5501 maceravrit
1391 5464 1407 5501 :
1438 5447 1521 5501 hic
1564 5463 1761 5502 mecum
1789 5448 1943 5518 virgo

291 5519 506 5591 nitidus
533 5527 689 5591 atque
710 5536 880 5585 purus
906 5536 921 5573 :
947 5518 1034 5591 hic
1055 5535 1254 5573 mecum
1274 5520 1385 5591 [uit
1414 5518 1724 5591 prophetico
1739 5520 1944 5588 spiritu

293 5589 638 5646 illustratus:
652 5591 735 5645 hic
750 5607 944 5645 mecum
959 5590 1141 5644 doctor
1152 5590 1360 5644 exstitit
1376 5590 1647 5645 veritatis.
1666 5591 1776 5660 Ego
1786 5607 1945 5661 prop-

297 5668 377 5717 ter
395 5662 674 5733 justitiam
704 5669 752 5717 et
778 5662 1077 5727 veritatem,
1114 5664 1277 5716 vitam
1305 5678 1611 5732 corpoream
1639 5661 1903 5733 dereliqui
1929 5678 1943 5730 ;

297 5734 385 5790 hic
414 5735 514 5791 etsi
540 5736 616 5791 sic
639 5751 744 5790 non
769 5734 1015 5790 amiserit
1034 5734 1202 5789 vitam
1231 5733 1564 5805 corporalem
1591 5742 1814 5806 propter
1820 5736 1948 5805 jus-

1776 181 2160 262 APPENDIX.

3535 190 3688 245 “54'

2020 307 2166 362 tiliae
2189 312 2239 389 et
2253 304 2516 389 doctrinm
2528 322 2638 362 suae
2649 305 3128 389 perspicacissimzs
3139 307 3443 389 veritatem,
3468 319 3670 389 tempus

2018 395 2178 454 suum
2204 384 2559 454 tamentctum
2582 381 2754 454 gessit»
2770 379 2828 454 in
2852 379 3152 454 secutam};
3171 379 3672 454 rmartyrio,afﬂic—

2023 450 2253 505 tionibus
2282 458 2330 504 et
2352 450 2537 505 dolore
2570 452 3020 521 :egochristianm
3047 450 3670 520 ﬁdeiprwcucurrinun-

2020 523 2205 595 tius,et
2218 522 2456 595 gentium
2474 522 2762 593 invitator,-
2777 522 3204 595 hicpostmodum
3218 528 3426 577 veniens
3438 527 3672 595 ejusdem

2020 593 2147 657 fidei
2159 594 2735 659 exstititsustentatcr,
2758 602 2804 649 et
2818 594 2883 648 ab
2895 594 3163 649 haereticis
3184 595 3413 649 eamdem
3430 593 3673 652 laceran-

2020 664 2163 739 tibus
2191 665 2505 739 defensator
2534 682 2545 719 :
2569 682 2658 739 ego
2679 666 2836 739 semel
2866 667 2924 739 in
2947 665 3259 739 baptismate
3281 669 3526 723 manibus
3548 686 3672 739 pro-

2019 737 2162 806 priis
2180 737 2461 807 Christum
2496 738 2647 807 tetigi
2670 738 2728 791 in
2752 737 2989 792 Iordane
3013 750 3036 807 ,'
3066 737 3150 791 hic
3173 738 3345 807 ipsum
3372 756 3475 793 non
3503 737 3672 796 solum

2018 806 2269 861 manibus
2290 808 2534 878 propriis
2560 806 2753 863 habuit
2784 806 3050 862 multaties
3079 808 3137 863 in
3167 806 3357 876 altari,
3389 811 3481 865 sed
3505 819 3553 867 et
3581 829 3673 867 ore

2019 882 2241 950 proprio
2270 880 2630 952 manducavit.
2673 880 2780 934 Hic
2807 880 2944 952 mihi
2969 879 3029 933 in
3056 882 3340 952 sanctitate
3370 899 3470 952 per
3492 884 3672 938 omnia

2020 952 2130 1022 fuit
2149 950 2373 1025 aqualis
2390 964 2413 1021 ,'
2426 968 2571 1005 nunc
2584 959 2762 1025 autem
2772 951 2971 1025 aequali
2982 968 3068 1025 am
3078 950 3136 1005 bo
3148 950 3671 1025 aeternze‘vitaeprae-

2020 1026 2125 1097 mia
2138 1022 2983 1097 insimulcongaudemus.iliec_et
2994 1022 3111 1077 alia
3124 1024 3300 1097 multa
3310 1022 3675 1097 prosequen-

2024 1102 2075 1149 te
2093 1094 2553 1167 beatoqloanne,
2574 1111 2709 1165 qua:
2732 1095 2891 1149 idem
2913 1095 3126 1167 beatus
3150 1094 3398 1166 Cyrillus
3417 1094 3536 1152 non
3566 1114 3673 1167 po-

2023 1166 2130 1221 tuit
2162 1164 2413 1237 totaliter
2442 1164 2747 1221 memorias
2768 1164 3212 1231 commendare,
3234 1167 3361 1237 jam
3388 1168 3537 1224 hora
3557 1164 3674 1224 diei

2022 1238 2216 1310 prima
2241 1236 2622 1310 adveniente,
2639 1237 2951 1293 ecclesiam
2976 1243 3179 1310 custos
3208 1236 3433 1294 intrans
3450 1241 3675 1310 episco-

2022 1323 2169 1379 pum
2200 1308 2446 1363 intuitus
2478 1309 2894 1366 dormientem.
2914 1309 3194 1364 eumdem
3223 1308 3501 1365 manibus
3522 1313 3676 1368 exci-

2022 1380 2178 1453 tavit.
2210 1379 2672 1453 Expergefactus
2700 1382 2901 1453 itaque
2924 1380 3211 1453 pontifex,
3236 1388 3475 1453 stupore
3499 1390 3553 1438 et
3574 1384 3677 1439 ad-

2026 1450 2336 1534 miratione
2352 1461 2409 1506 et
2426 1451 2647 1534 gaudio
2670 1452 3002 1532 admodum
3025 1452 3256 1534 plenus,
3272 1450 3406 1534 quas
3423 1455 3673 1534 viderat,

2023 1524 2255 1578 custodi
2309 1538 2447 1595 cum
2484 1522 2765 1595 lacrymis
2822 1523 3156 1579 enarravit:
3206 1522 3422 1579 deinde
3452 1526 3548 1581 illo
3580 1527 3676 1581 die

2023 1596 2274 1650 missam
2298 1593 2732 1649 solemniss'ime
2753 1595 3086 1658 celebrans,
3112 1595 3399 1651 visionem
3427 1598 3677 1653 mirabi-

2022 1666 2141 1721 lem
2172 1666 2336 1719 omni
2370 1665 2594 1721 Donulo
2625 1665 2972 1720 declaravit.

2097 1682 2141 1719 n
2172 1680 2594 1790 omnifopuio
2625 1680 2980 1745 declarav1t._
3460 1737 3468 1747 Ι
3516 1739 3523 1747 .

2097 1736 2319 1791 CAPUT
2392 1736 2436 1808 Χ
2492 1736 2531 1790 Ι.
2563 1767 2619 1775 --
2648 1735 3050 1808 Suntmﬁnita
3072 1735 3246 1805 plura
3263 1736 3527 1807 quredici
3545 1754 3679 1808 pos-

2026 1807 2460 1880 sentmiraculu
2472 1808 2862 1880 verissima,et
2877 1807 3039 1861 utilia
3051 1807 3593 1880 enarranda,quam
3608 1825 3679 1866 ea

2027 1894 2162 1959 quae
2189 1879 2249 1959 in
2272 1878 2864 1959 brevibocopusculo
2887 1886 3024 1959 sunt
3042 1877 3283 1959 scripta.
3311 1877 3521 1959 Sed—ne
3542 1896 3680 1951 pro-

2025 1948 2251 2005 lixitate
2279 1948 2479 2021 operis
2501 1948 2726 2021 aliquid
2748 1950 3089 2021 legentibus,
3112 1950 3264 2003 tasdii
3285 1950 3526 2019 oriatur,
3542 1948 3678 2008 'uno

2027 2022 2155 2076 solo
2166 2020 2649 2091 miraculo,qu0d
2676 2020 2947 2091 nondum
2961 2020 3195 2091 expleto
3211 2037 3415 2075 mense
3436 2023 3495 2076 in
3513 2024 3679 2078 Beth-

2023 2092 2219 2172 lehem
2234 2090 2533 2172 peractum
2546 2090 2952 2172 est,perfectus
2964 2090 3112 2172 huic
3113 2092 3275 2172 operi
3290 2091 3426 2172 ﬁnis
3442 2095 3679 2172 erit.Di_e

2025 2163 2327 2218 dominico
2344 2168 2643 2234 transacto
2665 2168 3057 2234 postoctavas
3078 2165 3473 2229 Pentecostes,
3490 2167 3682 2219 omni-

2026 2235 2143 2290 bus
2165 2235 2310 2290 meis
2330 2233 2722 2304 sutl‘raganeis
2743 2234 3056 2305 episcopis,
3076 2234 3531 2305 etmultitudine
3549 2253 3681 2292 ma-

2027 2307 2187 2361 xima
2200 2312 2323 2379 tam
2334 2307 2595 2361 virorum
2608 2304 2801 2379 quam
2808 2304 3127 2379 mulierum
3140 2304 3199 2359 in
3213 2306 3545 2379 ecclesia,in
3559 2324 3683 2379 qua

2028 2378 2502 2450 sacratissimum
2522 2378 2774 2450 quiescit
2786 2377 3128 2448 Hieronymi
3154 2377 3682 2444 cadaver,insimul

2029 2450 2406 2519 congregatis
2433 2448 2658 2504 honore
2684 2448 2884 2503 debito
2905 2452 3359 2504 etveneralione
3375 2455 3492 2505 tam
3516 2450 3681 2506 debi-

2030 2526 2090 2576 ta
2116 2536 2304 2592 quam
2329 2521 2547 2576 devota
2570 2536 2593 2592 ;_
2611 2522 2806 2592 primo
2822 2526 3059 2589 egomet
3079 2521 3265 2575 sacris
3287 2521 3532 2577 indutus
3558 2538 3684 2577 ves-

2030 2590 2214 2657 tibus,
2233 2592 2311 2647 ad
2340 2591 2540 2647 locum
2572 2590 2760 2647 foveae
2782 2591 2843 2646 in
2872 2607 2997 2662 qua
3023 2606 3241 2661 corpus
3270 2596 3683 2649 venerandum

2026 2664 2205 2735 jacet,
2238 2664 2553 2735 accedens,
2586 2670 2801 2719 terram
2840 2664 2996 2735 coepi
3050 2662 3683 2735 eﬁoderesepulturaa,

2032 2734 2326 2806 quatenus
2348 2734 2815 2790 sacratissimum
2833 2734 2977 2789 illud
3001 2734 3370 2806 corpusinde
3390 2734 3683 2802 ablatum,

2032 2805 2093 2880 in
2124 2805 2356 2861 tumulo
2386 2821 2723 2880 marmoreo
2744 2805 2903 2880 mira
2948 2805 3390 2880 pulchritudine
3421 2808 3686 2880 undique

2033 2878 2334 2941 decorato,
2367 2876 2533 2947 quod
2580 2877 2692 2931 hac
2722 2876 3030 2947 de_causa
3062 2876 3251 2931 fuerat
3302 2876 3683 2946 fabricatum,

2034 2944 2421 3021 postmodum
2441 2952 2778 3021 poneretur.
2800 2944 2945 3001 Cum
2959 2946 3287 3021 jam_fo_vea
3312 2944 3684 3017 foretvacua,

2035 3018 2265 3076 cunctis
2284 3019 2663 3074 cernentibus
2685 3033 2904 3088 corpus
2927 3018 3375 3075 sanctissimum
3406 3021 3464 3075 in
3486 3022 3689 3079 medio

2038 3091 2250 3157 fovere,
2284 3096 2574 3162 tanquam
2604 3091 2663 3145 in
2695 3105 2830 3145 aere
2859 3106 2895 3145 a
2924 3088 3088 3145 nulla
3117 3096 3284 3160 parte
3316 3096 3531 3148 terram
3558 3098 3690 3149 tan-

2037 3178 2183 3236 gens
2210 3160 2601 3236 permanebat
2624 3162 2940 3236 integrum,
2965 3176 3074 3215 nec
3090 3165 3467 3236 corruptione
3485 3164 3691 3236 aliqua

2039 3232 2345 3289 violatum.
2380 3232 2551 3298 Quod
2581 3232 2719 3287 inde
2750 3232 3045 3287 elevantes
3076 3248 3213 3288 cum
3235 3232 3417 3289 odore
3451 3232 3691 3291 tam—ve-

2036 3306 2297 3362 hementi
2314 3309 2371 3359 et
2383 3303 2933 3375 suavi,quodtalem
2948 3303 3197 3359 olfactus
3210 3305 3525 3361 hominum
3539 3322 3692 3363 nun-

2036 3392 2223 3449 quam
2246 3377 2447 3449 sensit,
2468 3374 2967 3449 colldcavimusin
2994 3375 3184 3449 altari,
3208 3383 3507 3448 quatenus
3529 3394 3565 3432 a
3590 3394 3691 3449 po-

2042 3446 2477 3519 puloreliquim
2502 3447 2901 3519 sanctissimas
2918 3446 3269 3519 viderentur.
3307 3449 3460 3513 Quot
3488 3446 3693 3506 autem

2039 3518 2138 3575 illo
2172 3518 2267 3575 die
2300 3518 2395 3573 uie
2426 3520 2775 3590 cunctisque
2806 3518 2907 3590 qui
2939 3518 3189 3574 aderant
3219 3521 3554 3575 astantibus
3575 3522 3694 3577 sint

2041 3597 2282 3663 peracta
2310 3589 2597 3670 miracula
2626 3589 3332 3670 gl’oriosahexplicareea
3354 3593 3694 3670 nullatenus

2040 3660 2291 3733 compos
2308 3660 2674 3718 essem.Cz£ci
2690 3660 2989 3716 sexdecim
3012 3660 3142 3716 illas
3157 3661 3440 3733 reliquias
3454 3670 3697 3732 tangen-

2040 3738 2128 3789 tes
2141 3732 2310 3801 facie,
2339 3735 2527 3788 visum
2552 3732 2822 3806 protinus
2844 3738 3215 3806 receperunt.
3238 3732 3376 3806 Tres
3397 3736 3695 3806 praecipue

2040 3806 2397 3862 daemoniaci
2426 3804 2652 3860 catenis
2678 3803 2881 3877 vincti,
2912 3803 3158 3877 inillam
3176 3803 3492 3877 ecclesiam
3516 3803 3696 3877 pluri-

2040 3893 2279 3933 morum
2294 3878 2608 3933 hominum
2631 3876 2910 3931 manibus
2926 3876 3235 3947 deportati,
3262 3882 3400 3932 sunt
3421 3876 3693 3947 protinus

2041 3947 2293 4020 liberati.
2321 3947 2573 4003 Mulieris
2601 3948 2922 4020 cujusdam
2943 3948 3135 4020 viduas
3158 3948 3538 4020 pauperculae
3557 3964 3699 4019 pue-

2041 3963 2293 4004 iiberau.
2321 3963 2573 4003 muneris
2601 3963 2922 4017 enjusuam
2943 3963 3135 4002 vmuae
3158 3963 3538 4073 pauperculae
3557 3964 3697 4019 pue-

2039 4019 2128 4075 rul
2142 4037 2227 4083 us,
2248 4020 2375 4091 ejus
2393 4020 2601 4091 unicus
2619 4018 2793 4084 ﬁlius,
2819 4020 2877 4073 in
2904 4018 3152 4074 ecclesia
3192 4020 3269 4075 uit
3294 4036 3413 4091 prae
3428 4020 3697 4091 gentium

2041 4089 2417 4147 multitudine
2449 4089 2815 4162 suffocatus;
2848 4106 3031 4162 quem
3064 4096 3253 4162 mater
3283 4089 3585 4147 mortuum
3610 4090 3698 4146 in-

2039 4164 2307 4229 veniens,
2336 4162 2547 4217 dolens
2572 4167 2625 4217 et
2647 4160 2888 4231 lugens;
2916 4178 3055 4233 mox
3076 4161 3133 4216 in
3174 4163 3327 4217 ulnis
3350 4162 3572 4233 puerile
3599 4179 3699 4220 ca-

2041 4235 2226 4289 daver
2255 4234 2332 4289 ad
2364 4233 2621 4306 foveam,
2646 4233 2711 4306 in
2733 4250 2865 4306 qua
2894 4232 3194 4304 sepultum
3247 4232 3439 4290 fuerat
3482 4251 3700 4306 corpus

2042 4306 2385 4377 Hieronymi
2410 4305 2677 4377 gloriosi,
2711 4304 3006 4377 deferens,
3034 4321 3173 4377 eum
3211 4307 3268 4359 in
3302 4306 3533 4377 foveam
3565 4304 3699 4375 pro-

2037 4378 2198 4449 jecit,
2230 4375 2358 4432 haec
2388 4376 2593 4449 dicens
2618 4375 2833 4449 verba:
2866 4376 3065 4449 Sancte
3094 4375 3418 4449 Hiercnyme
3446 4376 3700 4446 gloriose,

2044 4446 2169 4503 hinc
2200 4465 2303 4501 non
2333 4447 2598 4509 recedam,
2629 4446 2789 4499 donec
2818 4446 3073 4500 restituas
3104 4446 3237 4500 mihi
3265 4447 3490 4501 unicum
3522 4464 3695 4501 meum

2040 4519 2234 4588 ﬁlium,
2248 4534 2399 4589 quem
2423 4516 3059 4589 amisi.Mirabilis_certe
3075 4519 3228 4571 Deus
3243 4518 3299 4573 in
3316 4519 3537 4573 sanctis
3552 4518 3695 4584 suis,

2041 4587 2272 4661 Iaciens
2296 4589 2569 4661 prodigia
2591 4587 3073 4661 insuetauStatim
3100 4593 3159 4643 ut
3182 4592 3401 4644 terram
3424 4589 3697 4645 exstincti

2042 4659 2274 4734 pueruli
2302 4658 2523 4734 corpus
2552 4661 2754 4729 tetigit,
2773 4658 2967 4734 eidem
2999 4660 3320 4734 animaest
3350 4661 3480 4731 conj
3496 4664 3695 4734 uncta.

2044 4730 2300 4799 Quidam
2334 4730 2427 4786 vir‘
2448 4747 2665 4802 corpus
2692 4730 3011 4801 cujusdam
3035 4732 3122 4785 sui
3145 4731 3243 4786 ﬁlii
3271 4732 3345 4787 de
3368 4730 3696 4803 sepultura,

2043 4804 2103 4860 in
2126 4820 2245 4875 qua
2271 4820 2374 4875 per
2397 4803 2657 4875 triduum
2670 4806 3328 4875 jacuerat,extractum,
3355 4820 3491 4859 mox
3522 4803 3595 4858 ad
3616 4803 3700 4858 fo-

2043 4820 2103 4860 in
2126 4820 2245 4875 qua
2312 4820 2374 4857 er
2397 4820 3328 4873 triduumjacuerat,extracrum,
3355 4820 3491 4859 mox
3522 4820 3595 4858 au
3616 4820 3695 4858 ro-

2043 4892 2215 4931 veam
2248 4820 2410 4930 iiiam
2436 4874 2670 4946 detulit,
2703 4880 2758 4929 et
2786 4873 2931 4929 illud
2963 4874 3024 4929 in
3050 4874 3285 4930 foveam
3312 4876 3395 4929 sic
3418 4875 3695 4946 projecit;

2044 4948 2149 5019 qui
2174 4948 2406 5025 juvenis
2429 4946 2535 5001 fuit
2554 4945 2704 5025 illico
2728 4946 3143 5025 vitae-pristinae
3170 4945 3492 5025 restitutus,
3524 4947 3701 5025 Innuf

2022 5017 2359 5074 .merabilia
2390 5034 2539 5089 pene
2580 5017 2770 5072 forent
2792 5017 3101 5081 miracula,
3132 5034 3267 5089 quae
3290 5023 3533 5089 peracta
3564 5022 3702 5072 sunt

2046 5106 2083 5146 a
2122 5105 2299 5145 mane
2331 5104 2523 5216 usque
2549 5089 2626 5145 ad
2657 5104 2955 5161 vesperas,
3009 5104 3130 5161 quo
3160 5088 3406 5214 qfuidem
3439 5094 3702 5160 tempore

2046 5161 2374 5216 aloriosum
2456 5161 2749 5216 ieronvmi
2780 5160 3039 5216 cadaver
3069 5160 3142 5215 de
3210 5175 3361 5216 ovea
3413 5158 3702 5216 dissenul—

2046 5161 2374 5231 gloriosum
2408 5158 3047 5232 Hieronymi'cadaver'
3069 5160 3142 5215 de
3180 5158 3361 5232 fovea
3413 5158 3705 5232 disse—pul:

2048 5229 2174 5289 tum
2207 5234 2264 5288 in
2318 5232 2487 5288 altari
2518 5229 2735 5287 exstitit
2787 5231 3163 5287 collocatum.
3223 5231 3335 5287 Sed
3387 5229 3588 5287 tamen
3626 5229 3704 5286 ad

2048 5303 2397 5374 hujusmodi
2422 5302 2710 5359 miracula
2738 5302 2976 5375 ulterius
2998 5318 3119 5358 non
3140 5301 3487 5375 procedam.
3510 5304 3705 5358 Unum

2049 5376 2212 5448 quod
2248 5381 2419 5448 nocte
2451 5376 2721 5448 sequenti
2753 5374 2985 5448 accidit,
3023 5374 3151 5429 non
3175 5374 3384 5448 silebo.

2122 5446 2350 5503 CAPUT
2380 5445 2660 5503 XXVIl.-
2692 5448 2753 5501 lu
2784 5446 2933 5501 hora
2957 5461 3098 5514 ergo
3116 5446 3456 5515 vespertina
3486 5460 3709 5516 corpus
3752 5462 3755 5465 '

2049 5519 2193 5575 illud
2209 5519 2681 5574 sacratissimum
2697 5519 2753 5572 in
2772 5516 3331 5587 monumentoquod
3348 5516 3713 5588 praeparavi-

2054 5607 2209 5655 mus,
2236 5592 2548 5661 posuimus
2576 5606 2589 5656 ;
2624 5590 2728 5643 sed
2752 5605 2929 5645 mane
2955 5595 3417 5661 monumentum
3444 5603 3706 5661 vacuum

2051 5667 2143 5718 est.
2170 5659 2500 5734 inventum,
2534 5669 2826 5734 etcorpus
2858 5659 3308 5734 sanctissimum
3344 5660 3532 5716 foveas
3556 5659 3707 5734 pris-

2049 5735 2191 5791 tinas
2214 5732 2558 5791 invenimus
2587 5728 2944 5792 restitutum.
2978 5731 3152 5799 Quod
3182 5732 3329 5789 dum
3369 5748 3480 5803 ego
3519 5728 3702 5804 pluri-
