4138 6172
422 138 564 196 1155

421 280 587 320 mum
603 263 950 330 admirarer,
968 266 1137 319 nocte
1156 262 1428 334 sequenti
1446 263 1587 319 mihi
1600 263 1915 321 dormienti
1931 267 2067 324 bea-

420 343 512 391 tus
556 337 904 407 Hieroymus
931 351 1234 407 apparens
1268 336 1327 388 in
1354 335 1599 399 visione,
1633 336 1889 407 plurima
1918 340 2065 395 mihi

462 408 673 463 raodia
699 406 1288 477 p'atefecit’:sedinter
1310 412 1540 472 caetera,
1558 406 1697 463 talia
1713 408 1855 464 mihi
1884 411 2064 468 verba

418 422 568 533 gixit
590 495 603 533 :
636 480 903 533 Noveris.
920 479 1165 533 Curilte.
1185 478 1343 533 quod
1359 494 1571 533 corpus
1583 496 1775 533 meum
1790 482 1860 533 de
1871 482 2061 533 fovea.

462 479 568 534 ixit
590 495 603 533 :
636 480 903 541 Noveris,
920 479 1165 547 Cyrilte,
1185 478 1343 548 quod
1359 494 1571 547 corpus
1583 496 1775 536 meum
1790 482 2061 551 defovea,

417 550 480 624 in
513 564 632 624 qua
649 552 835 624 jacet,
867 551 1221 624 nullatenus
1238 551 1617 624 extrahetur,
1653 568 1959 624 quousque
1982 554 2065 610 ci-

418 622 563 676 vitas
591 621 1355 696 Jerusalemabinﬁdelibus
1365 622 1636 696 capietur
1656 621 1676 677 5
1692 640 1806 694 quo
1828 621 2063 696 quidem

415 696 672 759 tempore
704 694 944 748 Romam
976 693 1258 762 delatum,
1293 694 1505 764 ibidem
1563 693 1751 749 multo
1805 693 2064 764 tempore

415 765 756 847 requiescet.
781 764 867 818 Ad
899 764 1046 847 haec
1076 763 1552 847 expergefactus,
1592 781 1729 847 quae
1770 763 2058 847 videram,

412 834 638 907 cunctis
669 837 967 907 episcopis
998 840 1055 890 et
1084 836 1214 891 aliis
1240 835 1380 890 viris
1425 834 1726 891 catholicis
1771 840 2060 896 enarravi.

409 904 563 978 Quid
589 911 644 959 ct
673 904 921 977 quando
950 907 1076 962 haec
1094 906 1385 971 evenient,
1416 908 1583 962 aliter
1613 924 1733 963 non
1770 924 2057 978 agnosco.

412 976 471 1032 Si
513 977 661 1047 quid
695 976 832 1032 utile
864 983 963 1033 aut
992 980 1220 1033 bonum
1244 980 1300 1032 in
1329 979 1441 1032 hac
1470 980 1731 1046 epistola
1760 976 1903 1046 dixi,
1938 996 2061 1036 non

409 1048 595 1123 meis,
624 1048 729 1123 sed
752 1050 1157 1123 gloriosissimi
1194 1051 1532 1123 Hieronymi
1570 1053 1788 1106 meritis
1811 1052 2065 1123 impute-

409 1123 520 1192 tur.
544 1120 601 1175 Si
621 1121 767 1192 quid
789 1136 926 1175 vero
944 1120 1336 1192 superﬂuum,
1357 1121 1559 1176 inutile
1575 1128 1632 1177 et
1655 1138 1773 1177 non
1793 1120 2059 1185 bonum;

408 1191 603 1263 solum
639 1191 784 1245 meae
818 1191 1171 1263 insipientiae
1202 1197 1253 1246 et
1299 1192 1673 1261 negligentiae
1712 1210 1897 1250 causa
1950 1195 2063 1250 hoc

407 1262 715 1337 accidisse.
746 1263 821 1337 ab
861 1264 1145 1318 omnibus
1183 1264 1512 1337 judicetur.
1556 1266 1680 1331 Mei,
1733 1267 2062 1337 Augustine

405 1333 775 1399 charissime,
809 1336 867 1388 in
905 1338 1017 1390 tuis
1046 1336 1414 1391 orationibus
1448 1351 1678 1393 memor
1698 1333 1847 1394 esto:

1028 1443 1412 1499 ADMONITIO

727 1546 781 1585 1N
820 1546 1238 1594 SUBSEQUENTE!
1275 1546 1747 1586 ALTERCATIONEM.

477 1634 751 1706 Epistolas
780 1637 1237 1692 CLxxvuilocum
1267 1636 1328 1691 in
1356 1636 1768 1709 superioribus
1799 1637 2066 1693 editioni-

402 1720 518 1777 bus
543 1722 831 1778 hactenus
853 1723 1167 1794 occupavit
1188 1724 1569 1795 supposititia
1590 1724 1795 1780 isthaac
1811 1724 2067 1782 Alterca—

406 1811 504 1880 tio,
536 1814 816 1883 quamvis
849 1829 910 1867 se
942 1812 1075 1884 ipsa
1096 1829 1186 1868 res
1205 1814 1421 1883 prodat
1442 1813 1679 1868 indiciis
1702 1829 1838 1869 cum
1871 1815 2065 1879 certis,

401 1903 529 1955 tum
554 1900 904 1955 manifestis.
937 1900 1402 1973 Narratquidem
1427 1903 1793 1971 Augustinus
1837 1905 1895 1958 in
1915 1904 2069 1975 epis-

401 1989 537 2057 tola,
554 2005 686 2062 quae
700 2006 858 2045 nunc
871 1990 1079 2045 ordine
1094 1997 1180 2046 est
1198 2006 1485 2047 ccxxxvui
1506 2008 1587 2058 ,se
1607 2008 1745 2047 cum
1761 1993 2067 2049 Pascentio

399 2076 473 2133 de
503 2078 619 2133 ﬁde
650 2094 854 2135 coram
877 2080 1481 2150 disputassezverum
1529 2080 1589 2135 in
1643 2080 1741 2138 illa
1788 2082 2064 2154 disputa-

402 2168 561 2223 tione
584 2168 851 2225 obtinere
881 2171 960 2225 ab
989 2169 1332 2226 adversario
1358 2185 1481 2225 non
1512 2170 1724 2240 potuit,
1760 2176 1821 2227 ut
1854 2173 2066 2228 notarii

396 2257 736 2329 exciperent
752 2274 889 2330 quae
909 2258 1292 2325 dicebantur;
1312 2258 1492 2329 hujus
1506 2260 2067 2325 autem'Altercatio-

396 2345 487 2400 nis
518 2350 651 2403 acta
681 2347 764 2401 sic
786 2347 1139 2411 referuntur,
1175 2348 1349 2420 quasi
1372 2348 1580 2403 omnia.
1618 2364 1654 2404 a
1700 2350 1946 2404 notariis
1992 2349 2066 2404 de

394 2435 580 2491 verbo
610 2443 858 2507 excepta.
890 2436 1108 2492 fuerint
1148 2454 1160 2492 :
1194 2436 1296 2492 illa
1339 2436 1664 2509 disputatio
1713 2439 2067 2509 Carthagine

398 2523 607 2580 habita
634 2524 762 2590 fuit,
791 2525 962 2596 juxta
992 2525 1322 2582 Possidium
1355 2541 1404 2580 c.
1458 2530 1557 2591 t7;
1620 2526 1748 2582 haec
1796 2528 1857 2582 in
1899 2526 2065 2584 titulo

398 2619 766 2685 praenotatur
814 2622 946 2669 acta
993 2615 1284 2686 Hippone.
1344 2618 1533 2685 Atque
1571 2614 1710 2669 huic
1754 2615 2063 2687 praefuisse

406 2699 651 2770 ﬁngitur
671 2702 1023 2757 Laurentius
1049 2702 1296 2774 quidam
1325 2702 1531 2773 judex,
1561 2703 1663 2775 qui
1713 2704 2064 2760 Laurentius

404 2790 465 2845 in
492 2790 736 2847 exordio
762 2790 1059 2861 signiﬁcat
1084 2791 1531 2847 altercationem
1575 2792 1839 2865 aliquam
1895 2793 2066 2850 vehe-

406 2883 667 2935 mentem
699 2879 847 2935 inter
871 2884 1069 2952 partes
1097 2880 1329 2949 pridem
1361 2882 1733 2952 prmcessisse
1756 2899 1769 2949 ;
1791 2888 1848 2939 at
1877 2883 1938 2938 in
1962 2882 2067 2939 illa

403 2967 855 3039 Carthaginensi
870 2970 1270 3040 disputatione
1284 2968 1481 3024 nullus
1497 2971 1848 3042 praesidebat
1856 2972 1875 3042 j
1887 2972 2059 3040 udex;

402 3056 726 3113 intererant
761 3059 1178 3114 tantummodo
1212 3059 1487 3114 honorati
1533 3059 1639 3114 viri
1690 3059 1937 3132 aliquot,
1978 3062 2063 3117 rei

404 3153 585 3216 gestae
615 3152 790 3202 testes
823 3147 1001 3202 futuri
1028 3164 1040 3213 ;
1076 3163 1269 3219 neque
1296 3153 1432 3203 ante
1463 3146 1627 3203 illum
1672 3148 1832 3204 diem
1880 3150 2064 3206 collo-

402 3236 614 3308 quium
646 3236 835 3292 ullum
861 3253 999 3292 cum
1026 3237 1334 3293 Pascentio
1350 3236 1648 3293 habuerat
1673 3238 2063 3308 Augustinus,

403 3326 487 3381 uti
527 3341 598 3381 ex
627 3326 837 3382 eadem
880 3326 1051 3397 epist.
1085 3341 1390 3390 ccxxxvm,
1417 3341 1479 3381 n.
1510 3326 1566 3391 8,
1618 3326 1985 3397 intelligitur.

477 3415 753 3485 Superest
804 3414 984 3484 igitur
1033 3420 1093 3469 ut
1144 3415 1271 3470 haec
1309 3414 1488 3470 altera
1540 3414 1776 3471 dicatur
1814 3431 1941 3471 esse
1970 3416 2059 3471 Al-

401 3502 642 3559 tercatio
673 3504 968 3576 posterius
998 3503 1231 3559 habita.
1266 3504 1438 3575 Atqui
1477 3504 1775 3560 Possidius
1820 3505 2060 3561 unicam

403 3594 676 3661 agnoscit
698 3592 1075 3649 collationem
1090 3609 1229 3649 cum
1244 3593 1550 3649 Pascentio
1571 3609 1584 3658 ;
1602 3594 1775 3664 cujus
1788 3594 2057 3651 collatio-

402 3681 491 3736 nis
518 3681 765 3749 exitum,
788 3697 1023 3737 necnon
1048 3681 1330 3753 epistolas
1353 3682 1481 3752 ejus
1508 3684 1823 3738 occasione
1850 3688 2059 3754 postea

403 3770 551 3826 ultro
572 3771 837 3843 citroque
856 3772 1104 3842 scriptas
1119 3771 1423 3826 memoriae
1442 3771 1749 3827 mandavit
1764 3787 2056 3844 perquam

395 3857 707 3930 diligenter
730 3878 743 3927 ;
777 3858 1247 3931 haudquaquam
1271 3858 1507 3914 silentio
1526 3858 1824 3915 missurus
1846 3876 2059 3917 secun-

395 3947 540 4004 dam
571 3947 1117 4020 solemnioremque
1169 3964 1373 4004 coram
1416 3948 1616 4019 judice
1652 3948 2054 4017 collationem,

394 4037 442 4092 si
465 4036 579 4107 ipsi
608 4042 751 4093 nota
776 4036 1003 4102 fuisset,
1032 4037 1361 4107 praesertim
1388 4037 1447 4091 in
1474 4053 1597 4109 qua
1616 4036 1802 4107 judex
1823 4044 2059 4094 senten-

395 4123 543 4179 riam
570 4124 811 4179 dixisset
834 4125 1165 4179 secundum
1192 4125 1614 4194 Augustinum.
1634 4126 1799 4181 Adde
1828 4127 2055 4183 nullam

390 4212 645 4285 hujusce
662 4212 991 4271 collationis
1016 4213 1379 4268 mentionem
1422 4212 1547 4268 ﬁeri
1571 4214 1631 4269 in
1672 4216 2057 4273 Retractatio-

393 4318 540 4359 num
570 4302 758 4367 libris,
791 4302 1027 4359 tametsi
1054 4301 1225 4370 alias,
1263 4318 1658 4374 quaecumque
1708 4302 1769 4358 in
1820 4304 2053 4377 scriptis

391 4391 609 4447 relictae
639 4396 798 4457 sunt,
825 4391 1174 4448 collationes
1191 4394 1502 4447 recenseat
1518 4392 1919 4461 Augustinus;
1944 4408 2052 4449 nec

393 4478 1023 4553 dubitareliceat,quin
1041 4482 1505 4536 Retractationes
1519 4480 1769 4537 ediderit
1784 4481 2053 4555 aliquan-

390 4568 471 4625 do
497 4576 631 4640 post
657 4569 801 4625 illud
835 4576 1092 4641 tempus,
1124 4586 1245 4642 quo
1275 4570 1407 4641 ipse
1440 4570 1812 4627 Pascentium
1858 4572 2050 4628 etatis

388 4672 459 4714 ac
497 4658 797 4728 dignitatis
812 4658 1019 4715 merito
1039 4658 1413 4731 superiorem
1439 4658 1725 4726 habebat,
1757 4660 2051 4717 utdicitur

391 4745 486 4803 hic
514 4753 570 4803 et
600 4748 661 4804 in
689 4748 860 4820 epist.
889 4762 1203 4815 ccxxxvm,
1231 4763 1292 4803 n.
1343 4753 1387 4804 t.

460 4839 486 4893 J
493 4853 588 4893 am
600 4853 738 4893 vero
751 4837 898 4892 dum
919 4837 1087 4893 istius
1102 4836 1521 4895 Altercationis
1544 4842 1711 4907 gesta
1728 4838 2046 4909 percurris,

386 4926 555 4983 initio
587 4927 829 4999 quidem
861 4926 1069 4983 credas
1099 4927 1229 4982 dies
1262 4926 1583 4983 nonnullos
1611 4943 1647 4984 a
1675 4928 1869 4999 primo
1905 4944 2051 4985 con-

387 5032 598 5089 gressu
628 5016 706 5072 ad
744 5018 904 5073 hunc
925 5015 1263 5073 secundum
1286 5014 1608 5071 efﬂuxisse.
1666 5017 1837 5081 Quod
1884 5018 2046 5074 enim

381 5106 478 5164 hic
500 5124 536 5164 a
569 5108 880 5163 Laurentio
911 5106 1138 5161 dictum
1174 5105 1344 5175 legis,
1377 5108 1429 5161 si
1479 5112 1609 5175 post
1648 5104 1807 5162 illud
1855 5112 2045 5164 totum

384 5197 543 5267 quod
572 5213 708 5265 pars
735 5195 916 5265 parti,
939 5211 1198 5265 persona
1237 5209 1506 5264 personae
1556 5194 1810 5252 convicii
1836 5194 2045 5252 intulit

383 5287 633 5353 pridem.
667 5292 798 5357 etc.,
828 5286 905 5343 ad
929 5302 998 5341 ea
1031 5284 1238 5357 procul
1266 5284 1455 5340 dubio
1499 5283 1743 5351 referas,
1776 5300 1912 5358 quae
1970 5286 2045 5341 de

388 5374 580 5440 primo
601 5392 929 5447 congressu
957 5376 1278 5432 recitantur
1306 5374 1367 5430 in
1398 5374 1570 5447 epist.
1612 5388 1919 5431 ccxxxvm.
1980 5377 2043 5433 Et

386 5467 540 5516 certe
570 5462 721 5520 inter
760 5472 1079 5539 utrumque
1112 5480 1505 5535 congressum
1544 5463 1791 5535 aliquod
1829 5465 2047 5522 admit-

384 5553 635 5607 tendum
657 5549 1289 5611 fueratintermedium
1322 5559 1577 5626 tempus,
1618 5568 1741 5624 quo
1758 5553 2042 5612 nimirum

380 5638 580 5702 amba:
594 5643 798 5714 partes
820 5642 1173 5716 Carthagine
1192 5644 1459 5703 venirent
1476 5643 1832 5718 Hipponem,
1852 5650 2036 5719 utque

1934 139 2322 207 APPENDIX.

3707 156 3857 219 1156

2177 286 2275 327 eas
2307 270 2381 327 ad
2412 286 2471 327 se
2504 276 2716 331 mutuo
2762 276 3064 338 mitterent
3119 283 3427 355 epistolas,
3486 303 3640 360 quas
3708 294 3849 344 ante

2178 360 2567 431 posteriorem
2585 377 2981 435 congressum
2999 369 3173 429 datas
3201 373 3385 431 fuisse
3424 375 3632 447 liquet.
3679 379 3850 433 Atta-

2178 464 2316 504 men
2367 451 2706 508 Pascentius
2757 458 3043 515 continuo
3083 460 3385 519 inducitur
3432 464 3506 520 de
3552 466 3849 536 superiori

2175 553 2504 609 congressu
2523 540 2606 596 sic
2627 541 2903 615 loquens,
2920 550 3095 619 quasi
3121 550 3311 623 pridie
3328 553 3571 609 habitus
3596 554 3844 612 fuisset:

2174 627 2252 683 Et
2275 628 2555 699 quoniam
2585 630 2862 691 hesterna
2891 636 3005 705 die,
3039 638 3257 713 inquit,
3283 657 3416 699 cum
3448 644 3848 701 laudabiliter

2172 726 2445 805 sanctum
2478 718 2740 776 virum...
2769 722 3138 785 Auxentium
3166 730 3562 797 nominarem,
3591 740 3646 789 et
3674 749 3847 805 quem

2170 804 2327 862 idem
2356 807 2447 862 vir
2474 823 2506 864 e
2527 808 2756 867 duobus
2778 813 2987 881 fuisset
3048 828 3302 884 secutus,
3362 828 3568 877 utrum
3626 804 3850 879 Arium

2172 909 2253 950 an
2269 895 2624 954 Eunomium
2641 900 2794 957 idem
2802 903 3007 971 frater
3030 907 3407 979 Augustinus
3422 912 3851 979 scrupulosius

2170 984 2539 1056 inquireret;
2562 1002 2666 1057 ego
2684 992 3008 1052 anathema
3027 996 3311 1054 continuo
3334 1000 3676 1055 memoratis
3699 1001 3745 1055 A
3759 1000 3850 1056 rio

2172 1077 2226 1127 et
2252 1072 2545 1130 Eunomia
2575 1075 2772 1135 dicere
2802 1096 2921 1137 non
2946 1083 3240 1153 dubitavi,
3296 1088 3587 1158 flagitans
3618 1096 3682 1143 ut
3722 1089 3849 1157 ipse

2172 1176 2403 1250 quoque
2427 1164 2674 1235 ὁμούσιον
2690 1170 3246 1246 anathematizaret,
3274 1191 3341 1233 eo
3363 1178 3524 1250 quod
3552 1178 3848 1247 scriptum

2170 1249 2233 1305 in
2260 1251 2445 1307 Libris
2489 1253 2796 1313 dominicis
2830 1260 3072 1319 minime
3108 1249 3474 1333 reperiatur,
3517 1273 3631 1323 etc.
3666 1266 3731 1322 Id
3763 1266 3849 1321 vi-

2172 1338 2383 1432 delicet
2412 1342 2609 1414 reipsa
2636 1352 2869 1414 gestum
2889 1349 3001 1407 fuit
3032 1352 3091 1407 in
3117 1354 3311 1423 prima
3341 1355 3657 1412 collatione
3674 1358 3847 1432 juxta

2172 1427 2347 1499 epist.
2381 1445 2689 1503 ccxxxvui,
2712 1450 2771 1490 n.
2803 1437 2864 1509 4,
2894 1439 3011 1495 nisi
3036 1441 3201 1513 quod
3234 1442 3381 1500 illud
3421 1444 3493 1499 de
3550 1427 3843 1503 Auxentio

2172 1531 2294 1607 non
2324 1517 2455 1589 ipse
2483 1522 2849 1591 Augustinus
2873 1529 3167 1599 quaesivit,
3188 1531 3292 1586 sed
3315 1532 3589 1605 Alypius.
3619 1537 3842 1607 Neque,

2172 1606 2509 1676 opinamur,
2530 1611 2851 1683 quisquam
2877 1618 3287 1689 suspicabitur
3305 1620 3419 1677 hoc
3437 1637 3679 1677 rursum
3706 1638 3844 1679 con-

2175 1694 2378 1764 tigisse
2422 1696 2606 1754 altero
2668 1700 2784 1773 die,
2838 1704 2944 1776 qui
3000 1706 3457 1766 Altercationem
3504 1712 3841 1768 secundam

2174 1784 2445 1854 proxime
2475 1791 2863 1858 praecesserit.
2898 1794 3042 1859 Quis
3062 1797 3281 1853 etenim
3310 1797 3369 1853 in
3386 1800 3847 1856 animumindu-

2173 1877 2270 1960 cat
2319 1876 2629 1946 querelam
2658 1880 2938 1938 eamdem
2972 1884 3262 1943 adversus
3302 1888 3559 1960 ὐμούσιον
3612 1895 3845 1945 motam

2174 1959 2637 2022 fuisseiteruma
2664 1970 2993 2036 Pascentio,
3023 1978 3203 2046 atque
3235 1977 3434 2048 ipsum
3462 1977 3541 2034 ad
3573 1979 3846 2035 solemne

2175 2054 2475 2108 certamen
2489 2069 2691 2111 coram
2706 2056 3026 2116 Laurentio
3042 2064 3294 2133 praeside
3309 2064 3694 2122 descendisse
3709 2072 3772 2122 ut
3784 2067 3843 2122 id

2176 2154 2365 2230 unum
2390 2141 2566 2230 etiam
2598 2144 2770 2202 tertio
2793 2147 3163 2217 obtenderet,
3187 2168 3405 2226 nempe
3432 2155 3598 2227 quod
3630 2172 3707 2211 ea
3732 2171 3843 2230 vox

2173 2228 2396 2297 scripta
2424 2229 2487 2285 in
2515 2232 2705 2289 Libris
2734 2236 3047 2295 dominicis
3067 2256 3188 2297 non
3212 2243 3575 2311 reperiatur,
3608 2228 3844 2316 postea-

2174 2333 2355 2387 quam
2386 2319 2585 2390 ipsum
2616 2324 2984 2393 Augustinus
3023 2343 3097 2383 ex
3128 2345 3275 2387 voce
3318 2332 3597 2403 Ingeniti,
3654 2349 3840 2405 quam

2179 2406 2519 2463 Pascentius
2543 2409 2617 2465 de
2645 2410 2764 2467 Deo
2796 2413 2959 2471 Patre
2999 2426 3413 2490 usurpaverat,
3448 2428 3571 2478 tam
3603 2423 3843 2493 egregie

2173 2493 2613 2555 confutassetin
2625 2500 2820 2572 primo
2833 2506 3181 2575 certamine,
3196 2509 3280 2564 uti
3294 2508 3354 2564 in
3366 2510 3840 2582 epist.ccxxxvui

2170 2588 2447 2640 narratur
2469 2586 2497 2643 7

2240 2691 2327 2745 Ad
2341 2691 2469 2747 haec
2482 2709 2573 2749 res
2585 2693 2680 2751 hic
2694 2697 2889 2766 agitur
2900 2699 3233 2759 admodum
3254 2702 3464 2775 frigide
3486 2706 3565 2763 ab
3583 2711 3835 2779 utraque

2169 2784 2356 2851 parte,
2392 2781 2543 2838 adeo
2578 2790 2638 2840 ut
2678 2786 2792 2841 sibi
2823 2788 3078 2845 invicem
3120 2791 3211 2847 vix
3254 2794 3665 2866 respondeant
3718 2795 3832 2851 nisi

2171 2867 2597 2941 interloquente
2637 2879 2694 2930 et
2732 2877 3128 2948 compellente
3181 2882 3513 2940 Laurentio.
3572 2887 3637 2940 Et
3692 2900 3835 2942 sane

2170 2958 2766 3027 pseudo-Pascentius
2790 2963 2884 3019 ille
2906 2981 3026 3022 non
3054 2982 3192 3023 eum
3219 2969 3396 3027 refert
3418 2972 3706 3028 Arianum
3740 2988 3835 3028 co-

2172 3045 2398 3147 mitem,
2414 3050 2570 3121 quia
2584 3050 2853 3109 Possidio
2866 3054 3240 3124 describitur,
3257 3059 3432 3128 ﬁdem
3473 3062 3831 3159 catholicqm

2169 3136 2454 3193 atrociter
2483 3153 2556 3195 ac
2587 3140 2822 3211 jugiter
2846 3158 3228 3215 oppugnans,
3275 3154 3332 3204 et
3360 3136 3835 3221 quamplurimas

2167 3226 2498 3283 sacerdotes
2524 3229 2648 3295 Dei,
2676 3230 3026 3300 simpliciori
3047 3236 3168 3303 ﬁde
3201 3236 3480 3307 viventes,
3511 3238 3834 3297 dicacitate

2168 3329 2239 3370 ac
2258 3321 2545 3383 potestate
2569 3321 2887 3389 exagitans
2906 3336 2974 3377 ac
2992 3326 3356 3393 perturbans
3379 3348 3399 3396 ,-
3420 3327 3680 3400 denique
3697 3334 3834 3401 post

2168 3403 2429 3474 primam
2460 3405 2840 3465 collationem
2872 3412 3061 3483 magis
3090 3414 3396 3486 magisque
3428 3418 3623 3473 iratus
3653 3423 3710 3473 et
3734 3418 3833 3486 fu-

2167 3506 2321 3562 rens,
2357 3494 2665 3552 mendacia
2696 3499 2886 3555 multa
2916 3516 3026 3569 pro
3069 3502 3183 3571 ﬁde
3224 3519 3332 3560 sua
3375 3504 3542 3573 falsa
3560 3508 3830 3576 jactans.

2171 3582 2364 3652 Neque
2419 3582 2645 3640 felicius
2704 3586 2872 3643 aliter
2919 3591 3232 3660 Augustini
3289 3608 3613 3665 personam
3665 3596 3827 3666 agit;

2167 3685 2363 3741 pauca
2388 3678 2746 3743 opportune,
2772 3676 2960 3734 multa
2991 3677 3304 3747 inerudite,
3325 3682 3677 3754 perturbate
3707 3701 3831 3741 om-

2166 3758 2267 3814 nia
2298 3764 2475 3832 atque
2527 3762 2821 3833 indigeste
2868 3767 3199 3838 proferens,
3234 3770 3501 3844 nihilque
3536 3773 3830 3846 resipiens

2166 3862 2300 3903 eam
2332 3848 2665 3906 disserendi
2695 3852 3062 3921 facultatem,
3096 3873 3219 3929 qua
3247 3859 3575 3917 instructus
3596 3866 3831 3934 Augus-

2165 3938 2323 3992 tinus
2355 3938 2486 3993 aliis
2512 3939 2571 3995 in
2611 3939 3125 4014 disputationibus
3149 3948 3409 4006 eminere
3436 3949 3690 4007 solebat.

2236 4046 2401 4100 Nunc
2414 4045 2491 4101 ad
2505 4045 2828 4105 dictionem
2844 4052 2892 4105 si
2909 4052 3179 4109 animum
3195 4055 3825 4125 advertamus,abhor-

2162 4138 2251 4188 ret
2280 4132 2456 4203 longe
2485 4134 2562 4191 ab
2596 4137 2911 4208 Augustini
2942 4140 3094 4207 stilo,
3130 4148 3193 4199 ut
3232 4161 3369 4201 mox
3400 4145 3595 4203 videre
3625 4153 3717 4204 est
3764 4148 3823 4204 in

2161 4221 2325 4277 hisce
2357 4223 2644 4296 loquendi
2687 4225 2961 4284 formulis
3003 4231 3095 4290 :0
3134 4233 3496 4291 nobilissime
3546 4236 3680 4307 ﬁdei
3730 4240 3823 4294 vir

2158 4312 2506 4380 praesidens.
2529 4314 3023 4375 Circumamictus
3053 4335 3207 4377 verae
3230 4323 3428 4380 carnis
3459 4326 3691 4382 trabea.
3725 4327 3819 4381 Ve-

2161 4398 2385 4455 ridicus
2419 4402 2523 4458 ille
2551 4411 2911 4461 secretorum
2937 4406 3233 4478 interpres
3263 4411 3604 4470 divinorum
3636 4415 3819 4471 Joan-

2160 4502 2281 4543 nes.
2318 4488 2629 4559 Tanquam
2651 4493 2723 4549 de
2741 4492 3105 4553 immanitate
3133 4514 3249 4555 non
3266 4500 3578 4569 pervident
3603 4502 3813 4559 trabis.

2167 4576 2275 4632 Ubi
2307 4585 2362 4634 et
2391 4578 2522 4647 ipsa
2547 4596 2686 4638 caro
2720 4583 2901 4639 voluit
2933 4586 3005 4642 de
3042 4587 3279 4658 Virgine
3308 4589 3477 4647 nasci
3490 4591 3812 4649 dominica.

2160 4666 2285 4732 Qua
2315 4668 2459 4724 dicit
2490 4671 2841 4744 intimatque
2868 4675 2976 4731 Dei
3004 4677 3359 4734 mortalibus
3388 4687 3636 4738 secreta.
3669 4681 3814 4747 Quid

2157 4755 2330 4827 plura
2359 4756 2388 4811 7
2426 4759 2644 4816 Eadem
2684 4766 2772 4817 est
2800 4778 3192 4835 personarum
3234 4768 3509 4825 omnium
3545 4769 3811 4842 loquela,

2160 4860 2349 4901 unum
2397 4847 2633 4905 dicendi
2672 4865 2865 4921 genus
2922 4868 3029 4925 per
3074 4858 3261 4912 totam
3311 4856 3816 4926 Altercationem;

2157 4948 2343 5006 quam
2374 4936 2660 4994 nimirum
2688 4955 2809 4996 una
2849 4957 3063 4998 manus
3093 4944 3388 5017 stilusque
3418 4962 3575 5002 unus
3601 4963 3820 5006 exara-

2154 5023 2257 5079 vit.
2294 5025 2407 5081 Sed
2439 5026 2644 5083 mirari
2676 5029 2831 5085 subit
2858 5031 3003 5087 illud
3030 5033 3196 5104 quod
3228 5033 3289 5089 in
3310 5036 3480 5106 epist.
3499 5050 3814 5104 ccxxxvm,

2156 5126 2216 5167 n.
2245 5113 2297 5179 9,
2323 5112 2556 5185 legitur,
2586 5117 2701 5173 Pro
2730 5119 2850 5187 ﬁde
2875 5135 3056 5191 quam
3086 5122 3440 5193 Reipublicw
3468 5124 3663 5191 debes,
3698 5144 3815 5183 non

2157 5200 2322 5258 times
2377 5203 2697 5262 maledicta
2749 5209 3215 5276 provincialium
3260 5232 3282 5281 ,-
3323 5229 3434 5281 pro
3471 5214 3591 5281 ﬁde
3635 5231 3818 5287 quam

2159 5291 2394 5347 Christo
2427 5292 2617 5364 debes,
2642 5295 2809 5352 times
2843 5299 3179 5357 calumnias
3201 5301 3637 5371 Episcoporum
3656 5324 3678 5361 :
3700 5306 3818 5362 huc

2152 5380 2510 5437 translatum
2543 5382 2723 5441 fuisse
2766 5386 2882 5442 hoc
2916 5394 3110 5459 pacto,
3144 5390 3318 5462 quasi
3358 5390 3437 5448 ab
3477 5396 3817 5464 Augustino

2152 5468 2378 5525 dictum
2418 5473 2510 5540 sit,
2544 5472 2746 5529 Fidem
2798 5476 3152 5544 Reipublicae
3174 5478 3389 5535 debens
3431 5482 3818 5548 Pascentius,

2148 5557 2290 5626 ﬁdei
2331 5574 2560 5633 quoque
2594 5576 2734 5628 sua,
2768 5579 2947 5636 quam
2978 5564 3208 5625 Christo
3237 5568 3495 5637 debet,...
3531 5570 3820 5642 dignetur

2147 5662 2363 5707 nomen
2382 5649 2628 5709 edicere.
2651 5652 2808 5720 Quid
2824 5654 2989 5712 enim
3014 5656 3095 5715 ad
3110 5672 3240 5717 rem
3261 5659 3461 5717 minus
3476 5663 3762 5734 apposite
3784 5661 3814 5720 ‘i
