4138 6172
204 166 344 228 1157

203 296 384 354 Porro
403 288 617 347 eadem
639 301 712 344 ex
732 286 988 360 epistola
1013 288 1262 346 ductum
1279 290 1367 344 est
1388 286 1470 353 id,
1487 284 1653 359 quod
1682 284 1854 342 addi-

203 391 296 443 tur
324 378 606 438 continuo
632 377 707 433 de
733 378 1016 434 Pascentii
1037 382 1328 450 potestate
1357 380 1413 433 et
1433 380 1625 441 atate,
1643 378 1855 447 prater

203 473 316 531 alia
340 466 655 527 nonnulla.

269 578 419 634 Illud
434 573 678 632 tandem
692 572 1172 646 haudquaquam
1185 572 1666 646 pratereundum
1683 570 1855 626 silen-

199 670 300 737 tio,
340 663 652 737 Augustini
678 662 757 719 ad
801 663 1175 719 Pascentium
1229 661 1507 735 epistolas
1567 660 1857 716 contineri

197 759 258 815 in
289 754 507 813 nostris
539 768 684 808 mss.
719 750 1039 817 sexdecim,
1069 766 1192 824 quo
1222 767 1291 806 ex
1315 765 1568 806 numero
1600 764 1674 803 ne
1702 762 1857 802 unus

201 845 449 920 quidem
506 840 699 898 codex
750 839 1104 911 adjunctam
1155 839 1336 896 habet
1399 837 1857 893 Altercationem

199 935 367 992 illam
396 948 409 989 ε
438 946 627 1004 quam
654 929 893 986 nonnisi
917 930 1166 986 seorsim
1192 927 1451 999 reperire
1481 925 1658 981 nobis
1693 924 1860 980 licuit

200 1024 261 1079 in
295 1021 485 1079 tribus
518 1023 671 1081 Mss...
712 1018 937 1074 scilicet
978 1016 1383 1081 Laudunensi,
1417 1012 1755 1070 Arnulfensi
1801 1016 1861 1068 et

203 1108 568 1174 Corbeiensi,
596 1107 699 1180 qui
719 1122 933 1164 omnes
966 1106 1260 1180 pradictis
1286 1103 1547 1177 epistolis
1577 1106 1798 1159 carent.

275 1220 414 1285 Qua
443 1232 582 1272 cum
605 1215 689 1271 ita
713 1214 849 1280 sint,
879 1213 1005 1282 jam
1048 1211 1344 1282 intelligis.
1383 1210 1611 1266 erudite
1653 1209 1858 1274 lector,

202 1324 319 1365 nos
349 1306 480 1363 utid
494 1302 765 1376 opusculi
780 1318 894 1374 gen
905 1319 971 1357 us
984 1301 1202 1373 spuriis
1218 1299 1641 1373 scriptionibus
1655 1311 1861 1353 accen-

200 1411 492 1458 seremus,
513 1391 805 1449 adductos
829 1390 1011 1446 fuisse
1034 1388 1237 1445 multis
1259 1393 1315 1445 et
1335 1387 1615 1459 gravibus
1636 1384 1857 1442 causis.

201 1486 434 1553 Quibus
467 1488 771 1557 postremo
797 1481 928 1537 loco
960 1480 1187 1536 accedit
1207 1495 1324 1534 non
1345 1477 1492 1534 levis
1518 1476 1863 1547 conjectura

203 1576 279 1632 de
310 1590 452 1631 vero
478 1572 660 1645 ipsius
684 1576 924 1627 auctore
951 1568 1161 1639 Vigilio
1210 1566 1497 1639 Tapsensi
1553 1565 1861 1637 episcopo,

202 1664 313 1737 qui
339 1660 616 1718 Vandalis
644 1659 915 1715 arianam
955 1657 1229 1713 haresim
1283 1655 1345 1710 in
1398 1652 1595 1709 Africa
1641 1667 1866 1724 propa-

203 1751 506 1824 gantibus,
534 1764 673 1806 cum
703 1761 1040 1819 repugnare
1063 1744 1263 1817 palam
1287 1759 1395 1816 pro
1421 1742 1717 1801 catholica
1745 1740 1863 1795 ﬁde

205 1838 578 1914 disputando
604 1851 725 1893 non
751 1834 866 1891 sibi
891 1835 1110 1900 liceret,
1145 1833 1339 1889 emisit
1362 1832 1420 1887 in
1447 1830 1661 1901 vulgus
1685 1845 1866 1901 opus-

206 1929 347 1986 cula
374 1927 656 2001 quadam
696 1930 908 1981 contra
950 1922 1220 1987 Arianos.
1272 1919 1476 1976 inditis
1517 1917 1866 1975 nominibus

208 2018 610 2088 insigniorum
631 2013 900 2069 Ecclesia
917 2012 1254 2075 doctorum,
1269 2008 1597 2074 Athanasii,
1619 2007 1869 2063 Ambro-

208 2107 307 2175 sii,
338 2104 651 2176 Augustini
676 2120 691 2169 ;
720 2107 777 2158 et
818 2101 970 2157 inter
999 2100 1116 2157 alia
1146 2099 1362 2154 librum
1397 2102 1601 2153 contra
1629 2094 1867 2151 Felicia~

210 2193 705 2265 numAugustino
724 2190 1012 2248 tributum
1038 2188 1186 2245 falso
1208 2188 1269 2243 in
1293 2186 1726 2258 superioribus,
1745 2182 1868 2239 edi-

205 2284 495 2347 tionibus,
515 2287 660 2337 tom.
677 2298 752 2346 vi,
775 2293 1014 2335 necnon
1035 2278 1195 2334 hanc
1218 2277 1415 2349 ipsam
1442 2275 1515 2331 de
1532 2290 1654 2347 qua
1675 2273 1870 2343 agitur

210 2373 696 2434 Altercationem,
727 2368 813 2424 uti
853 2368 1234 2439 suspicamur
1271 2380 1344 2421 ex
1384 2362 1772 2420 similitudine
1811 2367 1871 2417 et

211 2461 663 2533 afﬁnitate,qua
680 2459 830 2514 inter
854 2472 991 2513 eam
1022 2455 1291 2527 aliasque
1308 2453 1494 2524 Vigilii
1510 2452 1871 2509 lucubratio-

214 2567 327 2609 nes
355 2548 684 2607 intercedit.
719 2545 985 2618 Exempli
1017 2544 1228 2615 gratia,
1258 2540 1778 2616 quemadmodum
1812 2540 1871 2595 in

214 2640 610 2697 Altercatione
646 2635 957 2693 Athanasii
988 2650 1126 2691 cum
1155 2634 1313 2703 Ario,
1347 2632 1587 2689 exhibet
1614 2630 1710 2687 ille
1742 2633 1875 2686 Pro-

216 2731 371 2786 bum
390 2728 755 2798 cognitorem
778 2732 833 2781 et
847 2726 1134 2795 judicem,
1155 2722 1260 2794 qui
1279 2722 1445 2777 initio
1472 2721 1723 2791 adjuvat
1744 2734 1877 2790 par-

220 2824 311 2876 tes
334 2818 474 2880 Arii,
502 2821 566 2872 ut
585 2817 645 2871 in
669 2815 784 2870 fine
807 2813 1138 2869 secundum
1156 2810 1547 2867 Athanasium
1571 2808 1716 2864 ferat
1739 2823 1878 2863 sen-

220 2906 472 2965 tentiam
501 2921 514 2959 :
544 2905 624 2961 ita
652 2904 749 2959 hic
780 2919 883 2959 nn.
918 2907 948 2958 5
974 2907 1029 2956 et
1056 2904 1109 2965 7,
1141 2897 1489 2955 Laurentius
1518 2897 1792 2966 cognitor
1823 2900 1877 2951 et

214 2995 410 3068 judex
426 2993 585 3047 favet
606 2990 877 3046 nonnihil
896 2987 1378 3052 Pascentio,adeo
1400 2992 1459 3041 ut
1475 2986 1672 3041 eidem
1686 2984 1878 3056 judici

224 3083 502 3140 divinum
535 3078 828 3150 judicium
874 3076 1180 3134 minitetur
1228 3074 1877 3147 pseudo-Augustinus,

225 3172 323 3229 cui
355 3174 603 3226 demum
632 3165 1224 3239 pseudo-Augustino
1244 3163 1586 3221 certaminis
1611 3164 1880 3235 palmam

228 3257 581 3317 Laurentius
611 3254 938 3327 adjudicat.
970 3255 1034 3309 In
1067 3252 1167 3309 illa
1195 3253 1402 3325 paucis
1435 3259 1739 3309 momenta
1770 3267 1883 3308 sua

228 3344 717 3423 proponitArius,
735 3348 795 3400 ut
811 3343 888 3399 ab
908 3343 1235 3399 Athanasio
1255 3341 1455 3397 multis
1475 3341 1772 3398 refellatur
1792 3340 1882 3396 :in

227 3438 347 3494 hac
368 3433 713 3491 Pascentius
730 3432 824 3488 vix
837 3432 1105 3504 loquitur
1119 3430 1478 3502 quidquam,
1492 3430 1739 3502 nisiquo
1761 3428 1886 3485 dis-

231 3525 485 3599 putandi
533 3520 810 3578 matereis
871 3520 1214 3592 prabeatur
1268 3519 1888 3591 pseudo-Augustino.

231 3613 588 3670 Pratereain
612 3617 862 3681 utraque
874 3608 1267 3665 Altercatione
1284 3612 1605 3664 occurrunt
1622 3623 1796 3679 pares
1810 3606 1891 3662 lo-

230 3701 459 3777 quendi
478 3699 771 3766 formula,
788 3713 1007 3770 nempe
1024 3699 1083 3753 in
1108 3697 1209 3753 illa
1230 3697 1489 3753 Probus:
1509 3696 1891 3764 Quemadmo-

231 3793 373 3849 dum
397 3790 671 3853 credatis,
705 3788 916 3859 inquit,
937 3787 1171 3843 decenti
1192 3786 1609 3856 prosecutione
1634 3787 1888 3856 signate.

232 3883 298 3937 Et
326 3880 634 3953 aliquanto
652 3883 786 3949 post
803 3896 815 3935 :
833 3876 903 3931 Id
918 3890 1150 3947 quoque
1172 3874 1542 3931 Athanasius
1569 3890 1679 3932 sua
1692 3889 1893 3945 prose-

231 3970 467 4027 cutione
486 3967 772 4039 designet.
797 3966 862 4021 In
890 3965 1001 4021 hac
1028 3970 1229 4021 autem
1256 3965 1621 4030 Laurentius,
1645 3980 1706 4020 n.
1727 3970 1778 4030 5,
1808 3965 1894 4020 di-

231 4061 334 4116 cit:
352 4055 725 4114 Advertisne.
811 4054 957 4125 quid
970 4069 1082 4111 sua
1092 4054 1504 4123 prosecutione
1515 4054 1890 4125 designe,etc.

228 4149 435 4219 Itaque
454 4144 791 4209 methodus,
813 4142 999 4208 stilus,
1020 4142 1346 4207 sententia,
1366 4148 1673 4199 auctorem
1708 4158 1895 4199 unum

230 4236 636 4307 eumdemque
660 4232 921 4289 referunt
959 4231 1255 4302 Vigilium.
1296 4235 1348 4286 ls
1380 4246 1560 4303 porro
1599 4232 1898 4290 scribebat

230 4341 440 4381 versus
460 4324 639 4380 ﬁnem
659 4322 848 4394 quinti
867 4320 1086 4377 saculi.
1122 4320 1287 4377 Unde
1307 4322 1553 4376 minime
1569 4321 1787 4378 mirum
1810 4325 1899 4379 est

231 4412 690 4470 Altercationem
704 4426 843 4467 cum
855 4409 1165 4467 Pascentio
1180 4410 1295 4466 sub
1327 4410 1639 4481 Augustini
1653 4412 1896 4467 nomine

230 4502 468 4560 laudari
494 4518 531 4558 a
558 4500 1263 4565 veteribus,utilaudatur
1292 4514 1415 4556 non
1445 4499 1626 4555 modo
1648 4500 1708 4555 in
1728 4501 1896 4556 Beda

231 4590 479 4661 vulgata
491 4589 835 4646 collectione
850 4588 928 4645 ad
962 4589 979 4643 l
1001 4588 1131 4644 Cor.
1150 4605 1262 4650 xw,
1281 4595 1335 4643 et
1360 4588 1614 4659 Philipp.
1631 4604 1693 4652 ii,
1709 4603 1896 4659 quam

234 4678 644 4736 collectionem
670 4678 843 4733 Floro
873 4677 1129 4732 diacono
1161 4676 1675 4747 Lugdunensi,qui
1704 4675 1897 4731 medio

236 4768 461 4825 saculo
482 4783 641 4824 nono
663 4766 882 4832 ﬂoruit,
912 4764 1294 4820 tribuendam
1343 4779 1475 4819 esse
1505 4764 1792 4835 probatur
1838 4768 1898 4820 in

234 4864 504 4915 veterum
531 4856 953 4912 Analectorum
981 4859 1123 4910 tom.
1145 4869 1162 4908 ι
1184 4871 1201 4925 ;
1231 4852 1338 4909 sed
1359 4854 1541 4909 etiam
1565 4853 1625 4909 in
1646 4869 1739 4920 ea,
1762 4870 1899 4927 qua

234 4946 460 5004 ibidem
488 4946 658 5001 Beda
691 4944 997 5013 asseritur,
1045 4943 1334 4999 hactenus
1387 4942 1632 5008 inedita,
1679 4944 1900 5000 scilicet

236 5036 314 5093 ad
344 5037 364 5090 l
406 5037 537 5092 Cor.
563 5050 686 5090 xvx.

313 5142 566 5200 Consule
581 5140 947 5197 Bernardum
960 5137 1327 5209 Vindingum
1339 5153 1371 5195 e
1382 5137 1613 5195 familia
1624 5140 1900 5210 Augusti-

237 5232 427 5289 niana
445 5230 832 5301 Theologum,
861 5229 963 5301 qui
995 5227 1059 5284 id
1078 5228 1277 5300 operis
1306 5226 1580 5299 spurium
1612 5244 1743 5285 esse
1764 5236 1899 5286 ante

240 5338 355 5379 nos
379 5320 735 5377 existimavit
774 5319 832 5374 in
856 5318 1294 5389 Augustiniano
1343 5318 1507 5374 Crico
1537 5318 1614 5373 ad
1650 5325 1886 5377 tomum

243 5428 281 5465 ii
308 5414 365 5466 et
393 5410 472 5465 ad
505 5415 737 5465 tomum
773 5424 868 5468 Vi;
918 5423 1040 5479 quo
1086 5406 1398 5479 posteriori
1442 5406 1576 5463 loco
1628 5414 1901 5466 recenset

245 5499 594 5572 quindecim
622 5496 916 5570 opuscula
946 5496 1023 5552 ab
1048 5501 1310 5561 auctore,
1345 5501 1404 5551 ut
1428 5500 1622 5567 putat,
1675 5513 1795 5554 uno
1847 5505 1905 5555 et

245 5588 463 5646 eodem
485 5586 769 5658 profecta.
804 5588 1023 5643 Horum
1048 5600 1188 5642 vero
1216 5584 1476 5658 plurima
1507 5585 1712 5655 Vigilio
1753 5589 1905 5663 Tap-

248 5676 413 5735 sensi
430 5675 562 5748 jam
588 5676 667 5757 ab
702 5675 951 5735 eruditis
981 5676 1344 5735 tribuuntur.

1712 156 2103 219 APPENDIX.

3479 162 3621 220 1158

2493 278 2834 337 EPISTOLA
2867 282 2954 337 xx
2978 282 3084 354 (a),

1993 389 2060 447 Si
2067 404 2149 456 ve,
2165 388 2253 444 uti
2266 387 2631 445 Corbeiensis
2644 387 2832 444 codex
2844 388 3064 460 aliique
3073 389 3214 445 Mss.
3228 391 3581 461 pra/erunt,

1961 486 2206 546 Collatio
2258 487 2419 541 Beati
2467 492 2772 542 AUGUSTINI
2822 501 2960 541 cum
3022 490 3332 545 PASCENTIO
3387 490 3614 556 ariano,

2030 558 2235 641 habita
2262 561 2322 613 in
2348 558 2532 641 domo
2552 558 2759 641 Anicia
2783 559 3287 641 llippone-Regio,
3328 566 3619 641 prasente

2032 632 2340 759 {AgifIFNTIO
2363 628 2564 701 judice
2608 628 2839 685 delecto
2860 628 2915 686 ’a’
2937 628 3417 689 szcszsrio'viro
3459 649 3624 705 spec-

2057 718 2093 758 a
2140 717 2222 756 ll.

2057 717 2200 758 aDlll
2208 741 2222 755 .

2039 812 2087 863 l.
2119 805 2467 881 Laurentius
2491 804 2577 881 vir
2593 804 2960 881 clarissimus
2988 808 3258 881 partibus
3285 814 3341 864 et
3361 810 3626 881 personis

1962 879 2033 935 in'
2056 877 2333 934 cominus
2366 878 2383 911 ¹
2402 876 2805 947 positisdixit:
2834 877 2939 932 Dei
2964 876 3400 936 discutiendum
3424 888 3507 937 est
3530 897 3627 938 ne-

1962 952 2213 1020 gotium,
2244 955 2593 1022 naturaque
2614 950 2763 1022 ejus,
2790 948 2853 1022 in
2886 965 3005 1020 qua
3024 950 3290 1022 plerique
3335 952 3629 1008 labuntur

1966 1020 3065 1092 homines,examinandaperfectio;si
3102 1020 3229 1092 post
3268 1024 3426 1078 illud
3442 1029 3627 1079 totum

1965 1093 2124 1165 quod
2151 1106 2296 1161 pars
2323 1091 2507 1165 parti,
2540 1107 2792 1165 persona
2830 1091 3112 1162 persona
3149 1095 3401 1150 convicii
3420 1095 3628 1151 intulit

1964 1162 2211 1236 pridem,
2220 1165 2354 1236 jam
2384 1162 2447 1217 in
2465 1162 2732 1233 utrisque
2746 1168 2939 1218 manet
2964 1166 3245 1221 serenitas
3268 1166 3626 1233 animorum,

1967 1234 2646 1308 uenerandeAugustine
2658 1241 2712 1289 et
2730 1236 3008 1308 Pascenti
3020 1237 3394 1303 nobilissime,
3420 1240 3631 1308 digna-

1967 1307 2115 1363 mini
2133 1306 2418 1374 proﬁteri.
2449 1307 2535 1361 De
2555 1307 2674 1361 Deo
2701 1306 2854 1361 enim
2875 1307 3183 1376 disputans
3206 1309 3440 1365 animus
3464 1306 3629 1365 debet

1967 1380 2231 1435 serenior
2274 1377 2533 1450 inveniri
2545 1377 2723 1447 ;quia
2756 1379 3010 1446 repulsis
3024 1380 3409 1436 animositatis
3423 1381 3629 1450 caligi-

1968 1452 2159 1514 nibus,
2193 1449 2375 1504 menti
2401 1463 2520 1520 sese
2554 1464 2723 1517 pura:
2771 1450 2850 1504 ad
2890 1450 3344 1520 intelligendam
3394 1449 3632 1509 natura

1968 1536 2090 1578 sua
2116 1518 3132 1595 magnitudinemfacilius_o/fert.
3183 1523 3388 1579 Fidem
3442 1524 3636 1595 igitur

1970 1598 2335 1676 vestramea:
2360 1592 2729 1676 professione
2757 1592 3103 1674 opinionum
3147 1596 3430 1663 primitus
3452 1592 3633 1676 agnof

1969 1678 2131 1720 scere
2156 1662 2481 1733 volo;tum
2530 1662 2771 1733 demum
2820 1662 3155 1733 requirere,
3207 1673 3407 1721 utrum
3454 1662 3633 1721 liceat

1966 1742 2188 1807 prater
2212 1732 2668 1807 Scripturarum
2709 1732 3051 1807 divinarum
3089 1736 3339 1805 eloquia,
3377 1752 3635 1807 usurpa-

1971 1808 2108 1863 tiva
2136 1804 2489 1875 defensionis
2504 1804 2732 1869 merito,
2764 1804 2999 1875 aliquid
3026 1804 3360 1875 afﬁnitai'e.

2044 1882 2096 1932 2.
2130 1875 2489 1944 Augustinus
2517 1877 2833 1948 cpiscopus
2860 1878 3044 1931 dixit:
3079 1879 3227 1932 Sunt
3258 1878 3459 1948 aliqua
3498 1878 3635 1932 ﬁdei

1973 1948 2311 2018 necessaria
2332 1962 2368 2000 a
2390 1947 2657 2018 patribus
2672 1947 2885 2017 posita,
2901 1962 3037 2018 qua
3067 1948 3127 2001 in
3152 1947 3637 2003 verbis’diversa-

1975 2035 2109 2075 rum
2139 2016 2485 2088 linguariim
2511 2016 2941 2082 aliter’sonant,
2969 2018 3131 2073 aliud
3152 2019 3310 2074 intus
3331 2020 3637 2075 continent

1974 2091 2034 2146 in
2062 2096 2287 2145 secreto
2315 2105 2330 2153 ;
2367 2088 2519 2144 sicut
2542 2088 2675 2159 ipsa
2700 2104 2837 2143 caro
2870 2090 3079 2145 Christi
3115 2090 3216 2145 Dei
3241 2094 3300 2145 et
3349 2092 3632 2155 hominis,

1974 2162 2237 2217 hominis
2261 2160 2421 2231 pleni
2453 2160 2862 2215 infirmitatem
2891 2161 3246 2217 ostendebat
3269 2164 3547 2228 exterius,
3581 2166 3638 2216 et

1975 2233 2306 2289 divinitatis
2329 2232 2610 2286 virtutem
2633 2232 2878 2300 gerebat
2904 2232 3171 2287 interius.
3197 2235 3419 2288 Tamen
3450 2234 3635 2288 ﬁdem

1977 2304 2338 2377 Reipublicae
2359 2302 2589 2358 debens
2622 2302 2710 2357 vir
2740 2304 3083 2377 spectabilis
3105 2304 3469 2370 Pascentius,
3493 2306 3639 2377 quia

1979 2374 2109 2447 ipse
2135 2374 2353 2448 exstitit
2373 2378 2746 2448 provocator,
2792 2374 2936 2448 ﬁdet
2970 2391 3233 2448 quoque
3288 2392 3411 2432 sua
3453 2374 3639 2448 quam

1980 2445 2209 2520 Christo
2237 2445 2433 2513 debet,
2458 2445 2530 2520 id
2549 2450 2639 2500 est
2664 2445 2823 2520 circa
2850 2445 3059 2520 Christi
3091 2445 3415 2520 personam
3448 2445 3493 2513 ²ζ
3513 2463 3638 2520 qua

1982 2518 2166 2574 etiam
2184 2532 2360 2572 suam
2376 2516 2559 2572 credit
2579 2516 2845 2572 animam
2868 2516 3213 2588 gubernari,
3238 2519 3516 2589 dignetur
3532 2516 3642 2575 hoc

1981 2606 2119 2645 men
2138 2590 2397 2661 edicere;
2412 2588 2554 2659 quia
2567 2591 2889 2661 potestatis,
2911 2591 3099 2645 atatis
3112 2588 3325 2656 etiam,
3340 2590 3642 2661 simulque

1982 2658 2582 2734 provocationis’ejus
2608 2658 2754 2734 ordo
2776 2660 2836 2734 id
2867 2660 2993 2734 fieri
3018 2661 3354 2734 justissima
3390 2658 3642 2731 ﬂagitat.

1984 2731 2348 2812 inhiantem
2380 2731 2653 2812 placet‘te
2700 2732 2928 2812 judicio
2965 2732 3244 2812 judicem
3292 2734 3641 2806 prasidere,

1984 2804 2149 2931 gufd
2178 2805 2359 2859 etiam
2386 2801 2504 2873 ipsi
2532 2801 2834 2872 placuisse
2859 2801 3349 2862 manifestissime
3371 2821 3647 2877 compro-

2032 2892 2067 2931 a
2096 2890 2184 2929 ur.

2032 2890 2184 2931 atur.

2058 2968 2110 3019 3.
2140 2960 2491 3018 Laurentius
2511 2960 2597 3016 vir
2623 2960 2995 3017 clarissimus
3017 2962 3167 3018 dixit
3193 2980 3205 3018 :
3240 2965 3369 3019 Tua
3386 2964 3652 3019 excellen-

1988 3036 2087 3091 tia
2105 3034 2316 3097 merito,
2331 3031 2609 3106 _Pascenti,
2634 3035 2725 3106 vir
2750 3033 3101 3099 nobilissime,
3122 3051 3213 3089 nos
3232 3035 3517 3089 admodum
3545 3052 3651 3106 pa-

1987 3106 2163 3162 ruisse
2181 3112 2264 3160 sat
2293 3103 2505 3177 clarum
2530 3112 2627 3177 est.
2663 3104 2913 3177 Tremens
2930 3106 3071 3160 enim
3085 3106 3144 3161 in
3156 3113 3324 3161 tanta
3342 3107 3427 3161 rei
3442 3103 3650 3177 negotio

1984 3177 2248 3251 prasideo
2271 3176 2531 3251 cognitor,
2565 3176 2871 3251 formidans
2902 3178 3218 3233 nedetanta
3249 3176 3647 3251 omnipotentiae

1989 3246 2196 3305 natura
2217 3246 2362 3303 secus
2389 3246 2518 3317 quid
2535 3246 2751 3303 credens
2772 3256 2983 3303 reatum
3007 3252 3287 3304 incurram
3306 3246 3651 3304 Sacramenta

1991 3322 2129 3377 enim
2158 3336 2236 3374 me
2279 3335 2454 3373 meum
2477 3318 2719 3373 animum
2750 3322 3087 3391 animamque
3116 3323 3341 3375 memini
3367 3320 3651 3377 constrin-

1991 3394 2132 3448 a'isse
2160 3408 2225 3445 ne
2252 3398 2371 3446 tuas
2418 3393 2735 3463 intentiones
2772 3390 2886 3445 ulla
2918 3390 3130 3447 ratione
3153 3394 3440 3463 palpare-m
3468 3397 3510 3459 ³,
3560 3408 3655 3447 nec

1992 3462 2199 3534 aliquid
2215 3480 2247 3516 a
2260 3462 2483 3533 justitia
2511 3462 2718 3533 longius
2738 3463 3053 3529 cohiberem,
3076 3462 3192 3519 Tua
3203 3462 3344 3520 enim
3368 3464 3655 3519 delectione

1986 3533 2161 3607 judea;
2178 3536 2233 3588 in
2252 3533 2551 3607 cognitione
2568 3534 2692 3604 ﬁdei
2707 3534 3117 3607 interutrasque
3132 3536 3315 3591 videor
3338 3536 3653 3607 praesidere.

1995 3604 2184 3678 Partis
2204 3621 2328 3678 ergo
2342 3621 2366 3659 e
2387 3604 2597 3678 diverso
2615 3606 2875 3670 sistentis,
2894 3606 2986 3660 cui
2997 3604 3324 3678 defensionis
3339 3604 3505 3662 ‘oerba
3538 3608 3653 3661 Au-

1996 3676 2243 3750 gustinus
2253 3676 2344 3729 vir
2353 3677 2707 3751 grauissimus
2717 3693 2769 3731 se
2783 3676 3146 3748 impensarum
3161 3679 3407 3746 ostendit,
3417 3680 3660 3751 postula-

1999 3748 2195 3806 tionem
2208 3764 2366 3821 quam
2376 3748 2530 3816 petit,
2555 3751 2684 3818 quia
2693 3755 2742 3803 et
2762 3751 2979 3804 ratione
2992 3767 3095 3805 non
3107 3756 3254 3805 caret
3266 3748 3491 3821 digntire
3504 3750 3657 3820 effec-

1999 3820 2405 3893 tuimancipare
2417 3836 2702 3893 nomenque
2712 3820 2875 3875 simul
2882 3823 3122 3892 propria
3135 3820 3422 3893 religionis
3434 3822 3656 3875 edicere.

2072 3892 2129 3947 4.
2170 3892 2515 3963 Pascentius
2538 3892 2623 3946 vir
2654 3893 2990 3963 spectabilis
3018 3894 3037 3926 ⁴
3064 3893 3211 3947 dixit
3241 3911 3254 3949 :
3290 3895 3400 3949 Nec
3423 3908 3658 3963 praesens

1998 3962 2449 4035 prudentissimus
2475 3976 2589 4018 suae
2638 3963 2766 4034 ﬁdei
2788 3965 3055 4035 episcopus
3097 3962 3433 4035 Augustinus
3450 3980 3529 4019 me
3567 3980 3663 4018 ne-

2000 4051 2130 4107 gare
2158 4040 2324 4106 potest
2354 4034 2774 4107 Christianum
2816 4034 2875 4088 in
2905 4035 3125 4089 Patrem
3162 4034 3484 4106 ingenitum,
3517 4041 3566 4107 et
3596 4035 3658 4089 in

2001 4105 2221 4163 Filium
2266 4109 2527 4177 genitum,
2560 4112 2608 4161 et
2639 4107 2699 4161 in
2727 4105 2998 4176 Spiritum
3038 4105 3287 4162 sanctum
3316 4124 3399 4162 me
3436 4106 3654 4161 credere

1999 4179 2264 4250 proﬁteor
2288 4193 2309 4243 ;
2332 4177 2427 4250 sed
2451 4194 2557 4250 non
2582 4180 2743 4232 unius
2764 4177 3094 4250 aqualisque
3115 4179 3430 4234 substantia
3456 4178 3536 4233 vel
3568 4195 3665 4233 na-

2004 4249 2249 4305 turaeEt
2263 4249 2519 4320 quoniam
2531 4249 2780 4303 hesterna
2793 4249 2898 4313 die,
2914 4266 3033 4304 cum
3047 4250 3406 4305 laudabiliter
3415 4257 3665 4304 sanctum

2004 4322 2181 4376 virum
2207 4327 2257 4376 et
2270 4321 2426 4375 mira
2446 4321 2683 4374 scientiae
2704 4322 3043 4374 Auxentium
3064 4324 3419 4384 nominarem,
3447 4329 3664 4389 etquem

2007 4393 2146 4447 idem
2166 4392 2254 4445 vir
2272 4409 2297 4445 e
2331 4391 2531 4443 duobus
2539 4391 2735 4457 fuisset
2755 4397 2983 4455 secutus,
3007 4398 3189 4446 utrum
3217 4391 3420 4445 Arium
3444 4408 3518 4445 an
3546 4391 3661 4445 Eu-

2006 4465 2262 4529 nomium,
2291 4460 2433 4533 idem
2476 4459 2666 4528 frater
2686 4459 3023 4530 Augustinus
3045 4463 3411 4533 scrupulosius
3425 4463 3665 4533 inquire-

2006 4538 2114 4597 ret,
2141 4548 2232 4601 ego
2255 4530 2543 4585 anathema
2578 4533 2830 4586 continuo
2857 4530 3335 4589 memoratis—Aria
3363 4542 3416 4589 et
3467 4530 3659 4589 Euno-

2006 4604 2113 4658 mia
2123 4603 2299 4689 dicere
2323 4602 2700 4689 nondubitari,
2724 4604 3389 4689 ﬂagitansutipsequoque
3408 4607 3659 4689 ὁμᾳύσιφρ

2007 4674 2400 4737 anathemaret,
2434 4690 2489 4728 eo
2518 4674 2656 4746 quod
2683 4678 2944 4745 scriptum
2975 4679 3032 4730 in
3062 4674 3215 4731 libris
3240 4674 3525 4733 dominicis
3552 4677 3656 4732 mi-

2007 4747 2148 4801 nime
2176 4746 2506 4816 reperiatur.
2542 4746 2692 4810 Quod
2715 4746 2897 4815 facere
2925 4748 3141 4802 omnino
3173 4749 3232 4802 in
3260 4749 3412 4803 nullo
3440 4764 3657 4804 consen-

2006 4820 2077 4873 sit
2107 4820 2151 4881 ⁵,
2183 4816 2322 4872 unde
2349 4834 2401 4871 se
2421 4818 2779 4889 proculdubio
2801 4818 3178 4874 homusianum
3201 4821 3476 4875 evidenter
3492 4828 3664 4875 osten-

2008 4890 2096 4944 dit
2124 4910 2143 4947 :
2165 4895 2217 4944 et
2241 4906 2398 4960 quam
2424 4905 2682 4960 pergrave
2706 4891 2798 4956 sit,
2830 4892 2938 4962 ipse
2951 4908 3177 4962 prorsus
3188 4892 3446 4955 advertis,
3479 4891 3662 4961 Scrip-

2011 4967 2267 5017 turarum
2290 4963 2611 5017 auctoritate
2636 4962 2864 5031 calcata,
2897 4963 3039 5018 illud
3080 4980 3277 5036 ponere
3317 4964 3457 5035 quod
3480 4962 3664 5019 eadem

2072 5130 2087 5160 ¹
2124 5127 2255 5177 Bad.
2289 5128 2406 5175 Am.
2439 5130 2493 5177 et
2508 5128 2614 5187 Er.,
2645 5129 2703 5178 in
2722 5143 3003 5180 commune.

2074 5192 2093 5220 ²
2110 5190 2251 5259 _Edd.
2283 5190 2641 5259 non__ha_ben_t,
2675 5193 2729 5259 id
2749 5196 2819 5243 est
2841 5195 2976 5244 circa
3001 5192 3193 5247 Christi
3214 5207 3528 5258 personam;
3547 5207 3669 5259 qua

2012 5253 2178 5304 verba
2200 5254 2431 5303 restituit
2456 5253 2551 5303 Ms.
2580 5254 2735 5304 Corb.

2073 5318 2091 5348 ³
2110 5316 2231 5381 Bad.
2250 5318 2368 5381 Am.
2388 5318 2492 5381 Er.)
2509 5332 2598 5381 nec
2617 5323 2730 5367 tuas
2755 5319 3121 5369 intentiones...
3137 5319 3371 5381 palpare.
3396 5319 3480 5370 Sic
3502 5321 3666 5371 etiam

2014 5379 2132 5449 Mss,
2152 5378 2357 5449 A_rnulf.
2377 5382 2430 5449 et
2451 5379 2756 5449 Gorb._;_qu_i
2781 5382 2888 5431 duo
2912 5382 3122 5449 codices
3138 5378 3537 5448 pro—sequuntur
3551 5384 3627 5433 sic
3653 5398 3666 5432 ;

2012 5441 2114 5493 Nec
2133 5441 2241 5504 alio
2269 5442 2403 5504 quod
2436 5457 2467 5489 a
2489 5441 2697 5504 justitid
2721 5445 2864 5504 longe
2896 5449 2965 5493 est
2989 5441 3236 5494 cohibere.

2074 5505 2093 5533 ⁸
2276 5502 2357 5553 hic
2383 5507 2436 5575 et
2455 5502 2551 5575 per
2578 5509 2746 5556 totam
2768 5502 3199 5575 Altercationem,
3231 5509 3550 5575 Pascentius,
3572 5509 3672 5575 pir

2011 5566 2340 5636 clarissimus.
2371 5569 2438 5616 At
2460 5566 2589 5636 Mss.
2630 5573 2937 5620 constanter
2968 5570 3186 5629 habent,
3230 5573 3314 5622 vir
3358 5566 3668 5636 spectabilis.

2057 5629 2094 5692 ᾖ
2125 5629 2273 5687 Mss,
2296 5630 2555 5682 concessit.

2076 5690 2148 5756 (α)
2173 5692 2318 5743 Alias
2342 5694 2454 5744 178.
