4138 6172
161 124 292 188 1161

166 253 265 310 sed
285 246 593 329 invisibilis
615 250 737 329 tota
754 244 1008 329 Trinitas
1031 250 1185 329 Deus
1198 253 1465 329 (escepta
1485 268 1663 329 carne
1673 269 1802 329 sus;

163 330 376 400 oeptaa
404 317 698 400 Filio),_de_
717 334 840 400 qua
865 318 1009 400 dicit
1032 317 1683 400 Apos_iolus§1n_visibili
1700 324 1803 400 soli

160 391 265 452 Deo
285 395 449 449 honor
477 391 737 469 et_gloria
753 391 1361 469 iasieculasmcuiorum
1386 398 1427 467 (l
1447 398 1584 452 Tim.
1615 414 1654 462 1,
1688 398 1799 469 i7).

157 471 503 538 Totusergo
528 462 758 538 habitat
787 464 955 519 Pater
987 465 1048 520 in
1081 467 1240 535 Filio,
1266 462 1437 538 cujus
1470 470 1655 524 Patris
1680 462 1799 523 for-

157 553 313 599 mam
333 536 493 591 idem
526 533 702 611 [filius
726 549 847 611 non
874 551 947 591 ex
970 533 1571 611 parte,sedimpletin
1598 540 1799 611 pleno.

153 612 312 665 Hauc
326 605 576 682 apostoli
602 605 763 662 Pauli
780 605 1152 682 sententiam,
1170 609 1275 682 qui
1291 605 1431 665 dicit
1446 605 1802 682 intimatque

155 682 251 753 Diei
286 677 638 753 mortalibus
672 684 918 753 secreta,
946 678 1054 744 Qui
1079 677 1211 753 cumﬁ
1223 684 1285 736 in
1309 682 1496 753 forma
1526 682 1626 737 Dei
1651 677 1799 748 eiset,

151 752 335 823 aliqui
365 749 521 806 male
570 749 1047 821 pronuntiantes,
1099 752 1255 809 male
1296 749 1606 809 sentiendo
1649 754 1804 809 bene

153 824 400 892 digesta,
424 836 547 897 non
577 836 703 876 esse
718 836 945 897 ausum
970 823 1301 897 Eiliungei
1332 840 1436 896 per
1461 825 1805 897 imparilita-

154 891 271 951 tem
292 892 609 967 aequalem,
633 891 739 948 sed
758 894 1153 967 perrapinam
1178 895 1307 951 ﬁeri
1333 891 1448 951 Deo
1470 891 1624 954 Patri
1642 912 1804 967 pror-

154 908 271 951 tem
292 908 609 964 aequalem,
633 908 739 948 sea
750 908 864 1018 (per
877 909 1153 964 rapinam
1178 908 1307 951 neri
1333 908 1448 951 Deo
1470 908 1624 954 Patri
1642 912 1799 967 pror-

154 982 258 1046 sus
276 964 606 1046 afﬁrmant:
624 979 746 1036 quo
801 964 1003 1046 inique
1025 967 1292 1046 sentitur.
1308 968 1538 1046 Sienim
1551 967 1799 1046 diceret;

156 1038 264 1103 Qui
294 1052 433 1092 cum
476 1037 627 1109 Deus
665 1042 843 1101 esset,
884 1052 1007 1092 non
1050 1039 1327 1109 rapinam
1360 1038 1679 1095 arbitratus
1717 1044 1806 1094 est

154 1123 287 1164 esse
326 1123 392 1163 se
420 1107 716 1179 aequalem
756 1109 909 1178 Deo;
944 1107 1147 1179 posset
1186 1112 1475 1178 angustiis
1510 1110 1649 1165 ﬁdei
1682 1126 1806 1165 suae

156 1178 411 1252 quilibet
429 1178 891 1249 qualecumque,
914 1178 1025 1252 etsi
1040 1180 1234 1235 debile
1255 1182 1329 1235 de
1351 1197 1473 1252 quo
1488 1183 1614 1236 sine
1638 1197 1809 1237 mora

155 1249 590 1323 excluderetur,
613 1254 912 1323 _spatium_
929 1249 1239 1323 invenire:
1273 1249 1434 1308 nunc
1465 1269 1623 1320 vero,
1664 1252 1809 1323 quia

156 1322 289 1378 Cum
314 1320 374 1376 in
402 1323 584 1391 [arma
605 1320 708 1374 Dei
733 1327 864 1375 esset
880 1321 1045 1386 dixit,
1077 1338 1323 1379 omnem
1348 1320 1808 1379 machinationis

155 1393 231 1464 inj
242 1396 388 1448 ustm
403 1391 632 1464 aditum
646 1392 1002 1457 interclusit;
1029 1394 1128 1448 ubi
1141 1394 1451 1459 estforma,
1470 1396 1615 1451 nihil
1628 1395 1811 1450 habet

153 1463 404 1536 prorsus
434 1463 632 1518 minus
648 1464 899 1536 omnino
928 1471 1158 1520 natura.
1197 1466 1336 1520 Deus
1356 1468 1517 1531 enim,
1545 1468 1629 1522 ait
1648 1467 1809 1522 idem

152 1534 501 1606 Apostolus,
533 1540 656 1589 erat
674 1534 737 1589 in
768 1534 1002 1601 Christo,
1028 1537 1288 1593 mundum
1314 1539 1677 1593 reconcilians
1703 1538 1811 1592 sibi

154 1607 218 1678 (Il
258 1606 393 1685 _Cor.
443 1622 500 1670 v,
548 1607 654 1685 i9).
688 1607 1002 1685 Quomodo
1042 1611 1202 1664 enim
1242 1612 1569 1681 susciperet
1617 1611 1812 1685 minor

154 1678 476 1748 majorem,
498 1678 623 1749 nisi
648 1693 712 1732 se
747 1693 865 1733 una
892 1684 1106 1735 natura
1135 1678 1516 1749 cognosceret
1550 1696 1757 1749 parem
1782 1679 1810 1734 ?

153 1747 358 1822 Neque
407 1748 575 1822 enim
611 1747 992 1822 lineamentis
1031 1747 1363 1822 spatiiéque
1402 1747 1812 1808 membrorum

152 1818 285 1876 haee
318 1820 421 1877 Dei
456 1818 652 1874 forma
681 1818 1153 1885 distenditurfut
1196 1818 1369 1878 Pater
1401 1823 1609 1879 Filium
1650 1824 1709 1878 in
1751 1838 1813 1876 se

157 1890 455 1963 suscipiat
470 1890 1059 1963 habitan_tem,autin
1074 1908 1135 1947 se
1163 1892 1339 1949 Filius
1368 1898 1815 1950 Patremosten-

156 1963 260 2019 dat
283 1961 655 2035 manentem,
681 1961 971 2035 sicutipse
991 1964 1090 2027 ait,
1105 1965 1275 2019 Pater
1288 1966 1439 2020 inme
1454 1982 1668 2020 manens
1679 1964 1815 2035 facit

154 2051 324 2115 opera
356 2050 472 2089 mea
497 2033 677 2115 (Joan.
709 2049 828 2098 xiv,
859 2033 982 2115 1‘0);
1012 2042 1487 2115 aut_evacuatur,
1519 2053 1658 2091 cum
1680 2033 1818 2105 Spi-

156 2106 341 2162 ritum
358 2114 635 2161 sanctum
660 2121 836 2159 suum
864 2106 1291 2161 PateretFilius
1317 2123 1560 2163 omnem
1590 2114 1814 2162 creatu-

155 2193 290 2233 ram
317 2193 496 2233 suam
513 2174 1202 2248 proferatillustrantem.
1229 2179 1546 2242 Quomodo
1571 2177 1817 2247 cogitari

152 2264 280 2305 non
316 2247 537 2322 potest,
577 2247 886 2322 quomodo
917 2247 1222 2322 explicari
1244 2265 1363 2304 non
1398 2256 1610 2320 potest,
1641 2248 1819 2322 simul

155 2318 372 2375 secum
398 2318 698 2375 unum’est
729 2320 770 2383 1,
804 2318 969 2388 quod
1002 2320 1337 2375 secundum
1364 2318 1821 2376 incommutabi-

152 2390 275 2446 lem
289 2392 547 2447 omnino
567 2388 965 2445 substantiam
994 2391 1055 2445 in
1074 2391 1355 2447 Triuitate
1374 2395 1525 2448 Deus
1553 2399 1659 2447 est.
1679 2393 1822 2447 Ecce

150 2462 307 2535 quid
320 2460 865 2535 estépobmouquod
876 2461 1359 2535 exprobraturinj
1372 2467 1651 2520 uste.Non
1663 2463 1823 2519 enim

153 2532 419 2590 ierbum
456 2532 676 2600 solum,
707 2532 815 2587 sed
838 2549 935 2588 res
956 2532 1018 2588 in
1039 2534 1252 2599 verbo;
1277 2532 1382 2590 nec
1427 2536 1591 2591 solus
1624 2550 1823 2590 sermo

156 2621 391 2662 sonans
406 2604 792 2670 auribus,sed
807 2604 1145 2661 substantia
1160 2621 1278 2661 una
1292 2612 1381 2661 est
1404 2607 1502 2662 Dei
1524 2606 1824 2662 credenda

150 2678 215 2733 in
248 2677 573 2734 mentibus.
594 2676 829 2732 Sieuim
858 2677 920 2732 in
934 2676 1179 2732 homine
1201 2678 1477 2733 credente
1505 2679 1563 2732 in
1592 2694 1653 2731 se
1670 2684 1824 2733 totus

154 2751 320 2803 Deus
335 2748 670 2803 credendus
681 2748 1389 2819 esthabitare,quomodo
1402 2748 1619 2803 Filium
1633 2754 1822 2819 totum

151 2820 218 2875 in
240 2836 309 2875 se
325 2820 511 2885 Pater,
537 2824 640 2875 aut
654 2818 826 2874 Filius
844 2822 1073 2875 Patrem
1088 2818 1209 2873 non
1228 2819 1504 2874 credatur
1515 2818 1824 2889 excipere?

150 2898 239 2970 ac
255 2906 369 2966 per
387 2890 650 2970 hooipse
672 2889 735 2944 in
766 2893 954 2970 Patre,
974 2895 1031 2944 et
1058 2890 1225 2970 Pater
1246 2890 1306 2944 in
1324 2905 1395 2970 eo
1420 2895 1644 2970 manet,
1668 2895 1725 2945 et
1753 2905 1825 2944 ex

150 2959 356 3033 Patre
382 2967 437 3015 et
465 2959 603 3015 Filio
627 2964 657 3033 ³,
678 2964 922 3033 sanctus
949 2959 1282 3033 credendus
1303 2966 1395 3015 est
1425 2961 1676 3033 Spiritus
1704 2976 1825 3015 non

151 3032 371 3088 solum
397 3030 783 3103 processisse,
807 3030 912 3085 sed
932 3046 1167 3101 semper
1184 3032 1263 3087 ad
1283 3030 1627 3102 peragenda
1642 3047 1826 3103 opera

148 3101 465 3160 Trinitatis
496 3101 745 3157 omnino
770 3103 1126 3172 procedere;
1156 3101 1311 3157 sicut
1332 3104 1545 3158 eadem
1570 3101 1822 3158 Trinitas

156 3173 475 3230 Abraham
496 3172 760 3243 amicum
778 3189 954 3228 suum
979 3173 1038 3228 in
1054 3174 1277 3229 unitate
1298 3174 1560 3230 nominis
1576 3174 1826 3243 dignata

151 3251 253 3302 est
272 3244 515 3317 visitare
538 3242 694 3314 (Gen.
717 3260 878 3317 xviii,
899 3249 970 3312 l).
987 3244 1142 3310 Quid
1171 3251 1259 3301 est
1281 3245 1446 3317 quod
1459 3242 1827 3301 calumniano

152 3324 260 3389 tur
280 3316 359 3389 de
380 3317 627 3389 ὁμούσιοη
654 3315 838 3389 verbo
853 3330 1067 3385 grmco,
1096 3317 1242 3389 quia
1266 3315 1552 3388 seriptum
1583 3318 1644 3372 in
1674 3317 1826 3389 Lege

157 3386 420 3459 minime
437 3387 808 3459 inveniatur?
836 3403 943 3442 cur
962 3402 1085 3443 non
1105 3386 1309 3444 vident
1330 3386 1570 3459 culpam
1595 3403 1775 3459 suam
1794 3386 1822 3441 ‘I

155 3475 276 3516 cur
318 3458 433 3514 sibi
452 3473 574 3531 non
609 3457 954 3531 displicent,
997 3474 1137 3514 cum
1175 3457 1497 3531 ponunt—in
1542 3458 1821 3531 symbolo

160 3531 362 3587 verba
408 3529 497 3602 vel
546 3530 819 3602 nomina,
853 3545 990 3602 quae
1022 3546 1141 3585 non
1177 3529 1322 3602 sunt
1370 3530 1489 3587 ulla
1519 3529 1825 3602 Scriptura

155 3600 443 3671 digesta?
461 3600 1262 3673 Quidisponitarguere,non
1276 3601 1458 3657 faciat
1476 3602 1627 3657 unde
1640 3600 1825 3673 alium

155 3672 379 3729 nititur
421 3672 726 3745 accusare.
774 3672 1099 3745 Inspiciunt
1141 3672 1214 3728 de
1249 3673 1455 3745 verbo,
1490 3672 1828 3745 simpliciet

156 3746 402 3800 ratione
425 3742 774 3815 ﬁdeipleno,
793 3742 965 3815 quasi
990 3743 1063 3799 de
1087 3743 1305 3816 stipula
1330 3744 1572 3799 oculum
1597 3742 1824 3816 fratris;

157 3821 220 3874 et
234 3829 424 3872 suum
436 3816 773 3871 sauciatum
788 3820 999 3885 praeter
1013 3815 1345 3887 Scripturas
1369 3815 1651 3887 ponendo
1664 3816 1830 3887 quod

158 3887 441 3949 credunt,
458 3893 747 3959 tanquam
760 3886 835 3941 de
861 3886 1232 3943 immanitate
1258 3886 1832 3959 non’pervideuttra-

156 3959 281 4015 bis.
310 3960 457 4013 Ecce
483 3958 731 4030 opobaiov
755 3963 909 4014 recte
924 3959 1249 4030 probamus
1267 3958 1549 4029 positum,
1574 3964 1630 4030 et
1658 3958 1830 4030 iuras-

160 4028 520 4101 sertionem‘
545 4028 703 4096 ﬁdei,
733 4046 857 4101 qua
880 4029 1177 4085 Trinitatis
1224 4028 1420 4085 unitas
1450 4046 1483 4085 a
1515 4029 1829 4086 Catholicis

160 4100 454 4174 creditur,
482 4117 520 4174 a
540 4100 1050 4174 Graecisipatribus
1066 4102 1313 4174 dictum.
1334 4101 1486 4166 Quid
1511 4102 1556 4174 si
1590 4103 1829 4174 Graecus

159 4171 578 4244 ipseobjiciat,
608 4187 727 4244 non
745 4171 973 4235 Latino,
996 4187 1117 4227 non
1136 4173 1420 4244 Barbare,
1445 4172 1549 4244 sed
1573 4172 1685 4227 sibi
1706 4187 1836 4227 ma-

164 4243 264 4313 gis
276 4243 453 4299 licere
466 4245 648 4300 verba
660 4243 738 4299 ad
756 4244 935 4299 ﬁdem
949 4244 1306 4313 pertinentia
1316 4243 1626 4311 divulgare
1637 4243 1665 4300 ?
1684 4246 1831 4298 Nam

166 4314 491 4386 sciendum
508 4320 614 4380 est,
632 4321 818 4371 Amen
837 4321 892 4369 et
914 4313 1172 4379 alleluia,
1196 4314 1362 4386 quod
1380 4331 1486 4370 nec
1508 4314 1711 4386 Latino
1726 4330 1833 4369 nec

168 4386 440 4443 Barbaro
470 4385 604 4442 licet
624 4386 685 4441 in
711 4402 884 4442 suam
921 4386 1191 4456 linguam
1218 4385 1559 4451 transferre,
1590 4385 1833 4441 hebraao

162 4462 425 4513 cunctas
454 4462 659 4527 gentes
700 4458 993 4513 vocabulo
1040 4457 1382 4514 decantare.
1426 4460 1550 4514 Non
1580 4458 1741 4512 enim
1771 4456 1833 4511 in

164 4528 406 4600 Africa,
429 4532 532 4583 aut
556 4529 617 4583 in
640 4535 820 4585 cunta
840 4529 1145 4593 Barbarie,
1161 4532 1267 4584 sed
1293 4530 1351 4583 in
1367 4529 1540 4600 Syria
1565 4527 1669 4600 vei
1684 4529 1835 4600 Grie-

162 4601 292 4663 cia,
310 4598 410 4654 ubi
423 4604 479 4655 et
501 4601 628 4670 ipsa
648 4615 787 4655 caro
802 4600 985 4654 voluit
999 4599 1075 4654 de
1090 4601 1315 4669 virgine
1330 4597 1493 4654 nasci
1507 4597 1830 4670 dominica,

163 4670 381 4727 decuit
394 4670 482 4727 vel
495 4669 761 4742 oportuit
776 4670 960 4726 verba
972 4670 1108 4742 ﬁdei
1121 4670 1550 4742 compendiose
1572 4669 1833 4742 ﬁrmare.

169 4742 447 4814 Denique
473 4739 594 4799 non
624 4742 824 4807 latino,
862 4756 985 4796 non
1013 4739 1280 4797 barbaro
1297 4740 1427 4797 stilo
1458 4739 1835 4814 venerandus

160 4814 270 4870 ille
298 4810 545 4885 Moyses,
580 4813 1057 4885 nonProphetae,
1088 4828 1210 4868 non
1243 4812 1527 4885 Apostoli,
1566 4827 1687 4885 non
1717 4810 1834 4882 ipsi

168 4883 595 4954 Evangelistm,
626 4884 730 4941 sed
761 4883 864 4941 aut
887 4884 1130 4940 hebraao
1152 4890 1256 4940 aut
1282 4899 1480 4952 graeco
1497 4883 1835 4955 Scripturas

171 4952 428 5026 eloquio
466 4955 804 5012 dominicas
850 4956 1259 5018 ﬁrmaverunt,
1290 4971 1444 5026 quas
1490 4952 1700 5026 postea
1730 4952 1835 5026 viri

222 4972 276 5012 ιο
330 4972 428 5011 uio
466 4972 804 5012 dominicas
850 4972 1259 5018 nrmaveruni,
1290 4972 1444 5026 quas
1490 4972 1700 5024 postea
1730 4972 1835 5009 vm

222 4972 420 5083 ro(I)ati
443 5043 513 5083 ac
542 5026 986 5083 disertissimiin
1012 5027 1297 5083 omnibus
1326 5024 1839 5097 peritilinguis,de

220 5099 423 5155 ebraao
444 5099 718 5169 primitus
743 5098 802 5154 in
834 5113 1048 5167 graeco,
1080 5098 1155 5154 de
1186 5095 1379 5167 graeco
1405 5100 1465 5152 in
1493 5096 1680 5153 latino
1705 5095 1839 5151 stilo

170 5170 513 5227 edisserere
542 5186 683 5249 cum
706 5169 1111 5249 laborenimio
1144 5174 1540 5249 malui-arant.
1576 5170 1840 5249 gaobacog

170 5242 682 5322 ergooexponitur,
717 5240 893 5322 unius
917 5240 1260 5322 substantiae
1292 5241 1544 5322 Pateret
1583 5240 1756 5322 Filius
1786 5243 1843 5294 et

174 5309 445 5395 Spiritus
456 5317 716 5395 sanctus.
734 5314 918 5369 Nemo
930 5328 1071 5395 ergo
1082 5313 1210 5383 jam
1225 5309 1840 5395 calumnieturverbo,

90 5402 91 5407 π
172 5381 334 5457 quia
351 5382 488 5440 licet
509 5384 796 5511 scriptum
818 5398 940 5441 non
964 5381 1059 5452 sit,
1080 5381 1247 5511 quod
1270 5384 1454 5441 habet
1474 5384 1719 5439 interius
1750 5381 1845 5438 vel

176 5458 386 5511 sonat.
436 5459 603 5511 osteu
650 5456 720 5511 it:
761 5469 882 5511 non
930 5471 1036 5511 per
1065 5471 1103 5511 a
1125 5454 1330 5511 iuuem
1364 5455 1575 5511 alium.
1608 5454 1713 5510 sed
1740 5468 1845 5511 per

176 5454 386 5521 eonat,
436 5454 720 5522 ostendit;
761 5469 882 5513 non
930 5471 1036 5527 per
1065 5454 1330 5528 aliquem
1364 5455 1575 5524 alium,
1608 5454 1713 5510 sed
1740 5468 1846 5526 per

250 5593 627 5710 :Iﬁznciggm
644 5594 989 5721 ggehﬁzalim
1014 5594 1144 5647 Edd.
1168 5598 1221 5647 et
1243 5595 1341 5647 Ms.
1365 5595 1540 5655 Gorb.,
1572 5609 1732 5646 unum
1758 5600 1845 5645 est.

490 5765 725 5823 Paraon.
762 5764 1007 5822 XXXIII.

1663 120 2059 182 APPENDIX.

3431 131 3570 188 1162

1915 270 2101 327 unam
2128 254 2145 289 ¹
2174 254 2495 327 divinitatis
2526 254 2945 321 substantiam,
2968 255 3029 310 in
3058 270 3180 327 qua
3208 254 3391 310 Filius
3408 253 3568 311 Patri

1910 326 2195 397 loquitur,
2210 326 2437 393 dicens,
2456 328 2572 382 Tua
2583 328 2763 383 omnia
2788 345 2902 383 mea
2914 333 3058 392 sunt,
3075 326 3124 382 et
3142 344 3255 380 mea
3275 334 3371 381 tua
3384 327 3563 397 (Joan.

1910 414 2048 471 xvii,
2072 401 2180 466 10).
2218 400 2347 453 Jam
2371 399 2484 468 ipsi
2510 400 2763 455 viderint
2789 401 3043 471 qualiter
3068 402 3198 454 ausi
3220 398 3434 471 fuerint
3455 414 3568 454 no-

1912 470 2096 537 mina,
2120 485 2256 541 quae
2288 470 2506 541 scripta
2538 471 2598 525 in
2625 473 2772 541 Lege
2803 470 2923 526 non
2956 476 3113 533 sunt,
3150 470 3238 525 vel
3277 472 3463 526 verba
3495 472 3559 524 in

1912 541 2189 612 symbolo
2211 543 2592 611 concinnare,
2628 557 2748 598 non
2775 542 2935 598 aliud
2962 541 3407 597 nisiostendere
3433 557 3567 613 ges-

1911 617 2125 685 tientes
2151 613 2229 668 ab
2260 613 2506 682 ingeniti
2533 615 2706 684 quasi
2724 618 2779 670 et
2804 613 3156 685 incapabilis
3181 614 3446 685 potentia
3468 615 3570 667 Pa-

1914 684 2013 739 tris
2030 683 2238 738 Filium
2267 683 2581 756 segregari.
2604 689 2755 740 Deus
2782 683 3133 741 enim‘Pater
3146 685 3219 739 de
3234 683 3570 740 substantia

1912 771 2021 828 sua
2041 756 2245 823 genuit
2261 756 2468 810 Filium
2489 756 2781 828 mqualem
2801 757 2914 811 sibi
2930 756 3256 826 ;|docethoc
3276 756 3570 828 veridicus

1912 826 2007 881 ille
2023 832 2387 900 secretorum
2414 826 2701 900 interpres
2718 827 3060 883 divinorum
3085 830 3364 900 Joannes.
3391 826 3568 900 Prop-

1913 905 2082 963 terea,
2105 898 2315 969 inquit,
2342 898 2530 953 Judaei
2558 898 2799 953 uolebant
2825 915 2945 954 eum
2966 899 3286 969 interﬁcere,
3312 898 3439 967 quia
3461 913 3569 951 non

1910 969 2082 1023 solum
2122 968 2349 1024 solvebat
2377 970 2673 1036 sabbatum,
2709 971 2797 1024 sed
2834 980 2882 1026 et
2914 968 3131 1024 Patrem
3169 986 3323 1024 suum
3362 968 3569 1023 dicebat

1915 1040 2115 1113 Deum,
2137 1042 2395 1112 aequalem
2417 1059 2470 1096 se
2510 1042 2711 1109 faciens
2750 1042 2857 1096 Deo
2898 1042 3001 1113 (Id.
3036 1059 3089 1106 v,
3129 1042 3232 1111 18).
3267 1040 3568 1113 Consubs-

1918 1112 2217 1168 tantialem
2248 1114 2448 1184 itaque
2472 1114 2583 1168 sibi
2610 1117 2813 1183 genuit
2834 1114 3036 1169 Filium
3063 1116 3246 1174 Pater,
3274 1112 3416 1183 quia
3447 1126 3570 1166 non

1917 1184 2143 1266 accepit
2188 1188 2479 1266 tanquam
2530 1192 2803 1266 creatura
2834 1185 3106 1266 indigens
3148 1190 3304 1264 unde
3333 1184 3567 1266 genuis-

1918 1259 2036 1320 set;
2064 1261 2185 1310 tota
2205 1254 2380 1327 copia
2400 1257 2564 1327 quod
2588 1259 2712 1326 ipse
2735 1264 2820 1311 est
2846 1257 2959 1311 hoc
2985 1259 3207 1325 genuit,
3241 1254 3569 1327 perfectum

1916 1327 2140 1397 genuit,
2173 1326 2316 1397 quia
2341 1326 2467 1382 sine
2499 1332 2765 1398 tempore
2794 1334 2879 1382 est
2920 1330 3049 1397 ipse
3087 1327 3191 1398 qui
3222 1326 3449 1395 genuit,
3512 1331 3567 1378 et

1916 1413 2099 1468 quem
2117 1400 2342 1466 genuit.
2374 1399 2429 1455 Si
2459 1399 2642 1454 homo
2674 1406 2917 1468 generat
2944 1399 3107 1469 quod
3128 1405 3233 1462 est,
3268 1402 3418 1452 Deus
3438 1411 3571 1469 non

1920 1471 2111 1538 potuit
2137 1484 2418 1537 generare
2447 1472 2609 1540 quod
2642 1469 2783 1524 est?
2821 1468 3059 1540 Accepit
3094 1470 3275 1523 homo
3324 1470 3400 1522 ab
3434 1468 3568 1540 ipso

1922 1543 2058 1604 Deo,
2105 1546 2161 1594 et
2202 1546 2401 1595 tamen
2433 1538 2567 1596 licet
2616 1542 2931 1610 acceperit,
2977 1538 3092 1594 hoc
3136 1545 3376 1609 generat
3405 1538 3570 1608 quod

1921 1611 2177 1682 accepit;
2205 1627 2240 1665 a
2272 1611 2433 1666 nullo
2459 1612 2757 1680 accipiens
2786 1612 3151 1682 PaterDeus,
3174 1611 3335 1682 quod
3368 1614 3455 1661 est
3477 1624 3571 1680 ge-

1920 1681 2128 1738 nerare
2156 1697 2276 1736 non
2308 1683 2551 1753 potuit?
2582 1685 2744 1738 Hanc
2775 1681 3179 1753 aequalitatem
3211 1681 3560 1753 substantue

1920 1755 2173 1825 ὀμουσίαν
2197 1750 2922 1823 sermogrzecusostendit,
2948 1752 3093 1807 nihil
3120 1759 3447 1825 austerum,
3468 1750 3573 1803 sed

1921 1822 2217 1896 optimum
2251 1822 2573 1895 dulceque;
2600 1832 2657 1879 et
2681 1826 2793 1880 hoc
2815 1825 3338 1896 credendumesse
3366 1822 3574 1896 huma-

1921 1893 2013 1951 nis
2052 1895 2337 1950 cordibus
2374 1893 2715 1951 introducit.
2752 1897 2864 1950 Etsi
2893 1898 3051 1949 enim
3087 1893 3338 1948 verbum
3368 1893 3570 1962 ipsum

1922 1968 1982 2021 in
2028 1966 2177 2035 Lege
2212 1968 2497 2037 scriptum
2548 1981 2669 2021 non
2702 1968 3015 2030 invenitur,
3065 1981 3159 2037 res
3187 1965 3321 2033 ipsa
3363 1971 3569 2037 tamen

1924 2034 2222 2093 invenitur
2243 2053 2255 2103 ;
2275 2034 2416 2108 quia
2445 2037 2694 2107 aequalis
2724 2053 2853 2092 esse
2884 2038 3032 2091 Patri
3069 2036 3263 2100 Filius,
3294 2050 3398 2103 per
3427 2034 3572 2088 bea-

1926 2116 2053 2165 tum
2069 2109 2362 2163 Joannem
2377 2109 2670 2180 primitus,
2702 2112 2759 2164 et
2786 2124 2889 2180 per
2908 2108 3391 2180 Paulum_postea
3408 2121 3573 2180 coin-

1971 2174 2689 2235 robaturzloannesenim
2717 2174 3119 2251 aequalitatem
3139 2177 3324 2251 dixit;
3358 2174 3575 2231 Paulus

1971 2197 2689 2235 ronaturzaoannesenim
2717 2197 3119 2251 aequalitatem
3139 2197 3324 2242 nixu;
3358 2197 3569 2231 Paulus

1925 2197 2184 2307 Formam
2224 2251 2507 2321 implevit.
2548 2252 2617 2305 In
2640 2251 2864 2315 duobus,
2902 2250 3093 2321 inquit
3123 2250 3446 2319 Scriptura,
3475 2254 3569 2300 aut

1929 2322 2105 2378 tribus
2136 2322 2353 2376 testibus
2398 2322 2560 2377 stabit
2590 2340 2738 2377 omne
2782 2320 2999 2376 verbum
3048 2320 3229 2392 (Deut.
3266 2335 3406 2383 xvu,
3443 2322 3494 2381 6,
3522 2324 3571 2371 et

1929 2393 2129 2451 Matth.
2162 2410 2321 2456 xvnl,
2363 2396 2465 2464 l6).
2500 2394 2603 2448 Per
2632 2394 2786 2449 duos
2820 2394 2979 2448 enim
3020 2393 3361 2447 verissimos
3392 2395 3572 2464 testes

1926 2466 2054 2537 jam
2080 2460 2674 2537 probavimusunius
2705 2464 3056 2519 substantiae
3092 2479 3240 2537 esse,
3282 2460 3573 2537 aequales-

1980 2552 2049 2591 ue
2068 2533 2295 2591 Patrem
2312 2542 2368 2591 et
2392 2535 2928 2601 Filium;addamus
2949 2540 3006 2590 et
3022 2533 3575 2596 tertium,Thomam

1933 2604 2099 2663 illum
2131 2607 2489 2678 discipulum
2523 2614 2655 2679 post
2684 2608 3124 2663 dubitationem
3154 2606 3361 2660 fortius
3382 2604 3565 2679 conﬁ-

1935 2686 2153 2734 tentem
2185 2676 2499 2733 Dominum
2526 2676 2581 2732 et
2601 2679 2809 2740 Deum,
2842 2695 3022 2748 quem
3048 2694 3157 2732 nec
3184 2676 3575 2731 resurrexisse

1933 2749 2267 2806 crediderat
2313 2750 2708 2803 cruxiﬁxum:
2755 2749 3014 2803 Dominus
3060 2766 3224 2813 meus,
3268 2748 3477 2813 inquit,
3529 2752 3578 2799 et

1935 2822 2079 2876 Deus
2106 2836 2251 2875 meus
2292 2819 2468 2891 (Joan.
2504 2835 2595 2883 xx,
2630 2819 2740 2889 '28).
2772 2821 3085 2891 Approbat
3126 2819 3298 2891 Filius
3328 2819 3575 2891 dictum,

1934 2893 2077 2965 quia
2106 2889 2572 2965 secognoscita
2602 2906 2708 2965 sua
2739 2889 3013 2965 creatura
3034 2889 3364 2965 justissima
3393 2889 3580 2965 Deum

1934 2960 1990 3019 et
2020 2962 2339 3017 Dominum
2372 2960 2831 3031 proclamatum.
2868 2960 3021 3031 Patri
3049 2961 3250 3030 utique
3281 2964 3337 3031 et
3372 2962 3580 3012 sancto

1935 3033 2174 3105 Spiritui
2216 3030 2598 3105 comternum.
2629 3034 2893 3102 Ομούσιον
2944 3030 3149 3103 utique
3199 3030 3447 3105 verbum
3490 3032 3581 3083 est

1935 3101 2219 3174 graecum,
2246 3108 2301 3158 et
2324 3103 2578 3158 Christus
2602 3101 2866 3174 graecum
2889 3108 2976 3158 est
2997 3101 3217 3157 numen
3242 3118 3253 3156 :
3283 3101 3385 3174 qui
3410 3115 3583 3174 accu-

1936 3170 2028 3232 sat
2061 3192 2165 3247 per
2208 3174 2554 3247 injustitiam
2589 3170 2664 3230 de
2696 3175 2896 3247 verbo,
2929 3174 3094 3245 quod
3135 3188 3257 3228 non
3288 3170 3579 3247 intelligit,

1933 3245 2113 3302 ﬁdem
2138 3264 2151 3312 ;
2175 3261 2299 3301 non
2325 3246 2581 3317 accipiat
2604 3251 2660 3301 et
2680 3245 2753 3300 de
2780 3247 3023 3301 nomine
3050 3260 3291 3317 nomen.
3319 3245 3581 3317 Ομούσιρν

1934 3319 2183 3373 verbum
2234 3318 2408 3372 unius
2459 3315 2857 3399 ejusdemque
2902 3316 3474 3399 substantiaensonat
3522 3315 3584 3399 in

1935 3404 2149 3458 graeco,
2183 3403 2304 3443 non
2343 3403 2715 3460 quemquam
2755 3387 3082 3452 inﬁrmum,
3117 3388 3222 3441 sed
3265 3387 3495 3460 Patrem
3528 3389 3587 3439 et

1934 3461 2141 3517 Filium
2163 3466 2221 3515 et
2244 3458 2524 3530 Spiritum
2548 3458 2844 3515 sanctum.
2860 3460 2992 3515 Jam
3006 3474 3147 3528 ergo
3168 3474 3346 3512 nemo
3367 3458 3586 3530 impro-

1933 3533 2032 3604 bet
2053 3531 2228 3604 quasi
2248 3527 2501 3604 verbum
2526 3546 2806 3604 graecum,
2824 3530 2926 3585 sed
2950 3527 3151 3604 aperte
3173 3527 3589 3604 separetquis-

1932 3600 2175 3675 quis—est
2196 3602 2382 3674 (quod
2403 3617 2521 3658 non
2553 3600 3024 3675 potest)6poooio¥a
3056 3602 3285 3656 Patrem
3313 3600 3586 3675 etFilium

1934 3670 1992 3731 et
2032 3670 2313 3744 Spiritum
2353 3670 2651 3728 sanctum.
2686 3670 2901 3727 Contra
2932 3674 3044 3727 hoc
3088 3676 3389 3743 pugnetur
3422 3670 3588 3740 quod

1936 3745 2218 3818 possidet,
2239 3745 2402 3818 quod
2435 3744 2632 3807 habet,
2648 3744 2815 3818 quod
2837 3745 3009 3799 docet
3031 3744 3276 3818 verbum
3302 3757 3586 3818 graecum,

1935 3812 2057 3873 non
2107 3812 2318 3871 contra
2361 3816 2563 3886 ipsum
2606 3812 2877 3879 verbum,
2913 3818 3078 3885 quod
3116 3814 3373 3886 auribus
3412 3812 3588 3865 retin-

1938 3888 2059 3943 uiet
2088 3884 2394 3959 {syllabis
2417 3886 2794 3942 articulatum
2818 3903 2831 3953 ;
2859 3884 3064 3959 contra
3096 3884 3355 3959 divitias,
3385 3889 3591 3959 contra

1937 3954 2337 4031 aequalitatem
2362 3963 2608 4015 naturae.
2628 3974 2814 4031 quam
2838 3957 3096 4031 possidet
3116 3954 3367 4031 verbum
3390 3954 3592 4031 ipsum

1939 4023 2221 4100 greacum,
2252 4045 2371 4085 non
2395 4036 2600 4085 contra
2631 4023 2983 4085 exteriorem
3008 4027 3183 4082 veluti
3211 4023 3487 4081 corticem
3515 4023 3594 4079 ab

1939 4117 2030 4166 eo,
2068 4100 2173 4171 qui
2220 4116 2281 4155 se
2322 4100 2543 4156 audere
2588 4101 2729 4155 dicit
2777 4100 2824 4154 si
2869 4100 3169 4170 praevalet,
3206 4101 3592 4165 repugnetur.

1939 4172 2110 4227 Absit
2130 4176 2194 4227 ut
2214 4172 2643 4227 erubescamus
2669 4171 2941 4226 catholici
2966 4172 3024 4227 in
3048 4171 3327 4225 universo
3352 4182 3597 4223 manen-

1942 4249 2047 4308 tes,
2083 4258 2193 4298 nos
2225 4243 2514 4314 appellari
2545 4249 2786 4313 propter
2815 4242 2996 4314 ﬁdem
3019 4258 3218 4314 veram
3241 4240 3415 4293 unius
3442 4238 3595 4307 ejus-

1942 4258 2047 4308 tes,
2083 4258 2193 4298 nos
2225 4258 2514 4368 apgeuari
2545 4258 2786 4313 propter
2815 4258 2996 4297 nnem
3019 4258 3218 4296 veram
3241 4258 3415 4293 unius
3442 4258 3593 4307 Ejus-

1940 4315 2202 4385 demque
2218 4331 2297 4385 _su
2349 4314 2599 4385 stantini,
2625 4329 2684 4385 _a
2714 4312 3011 4385 nonnullis
3046 4312 3293 4385 verbum
3328 4325 3593 4385 graecum

1943 4401 2063 4440 non
2094 4380 2578 4452 i'ntelligentibus,
2624 4382 3039 4444 Homusiauos,
3073 4382 3217 4453 quia
3249 4380 3593 4453 nosappel-

1940 4456 2049 4511 lari
2078 4450 2438 4523 gaudemus,
2469 4454 2543 4509 de
2570 4470 2764 4523 graeco
2790 4454 2996 4509 Christi
3033 4450 3297 4513 nomine,
3323 4450 3594 4523 Christia-

1943 4521 2301 4596 nos.Neque
2327 4525 2485 4580 enim
2508 4521 2759 4595 iu'parte
2783 4525 3201 4596 accipiendum
3224 4531 3311 4596 est
3344 4521 3595 4575 verbum

1944 4595 2229 4666 graecum.
2259 4601 2315 4651 et
2342 4597 2402 4651 in
2434 4600 2601 4666 parte
2640 4596 2755 4651 alia
2786 4595 3195 4651 refellendum.
3237 4595 3423 4648 Nemo
3456 4607 3598 4666 ergo

1944 4664 2146 4724 utatur
2176 4667 2388 4722 Christi
2421 4664 2662 4722 nomine
2685 4683 2756 4722 ex
2788 4666 3080 4722 vocabulo
3109 4681 3303 4735 graeco
3325 4681 3338 4719 :
3359 4664 3599 4719 erubes-

1944 4744 2039 4795 cat
2062 4756 2124 4793 se
2154 4738 2275 4820 dici.
2302 4737 2720 4820 Christianum,
2748 4738 2890 4820 quia
2915 4752 3139 4820 nomen
3169 4742 3257 4818 est
3283 4750 3545 4820 graecum
3582 4750 3594 4787 :

1946 4826 2068 4865 non
2088 4810 2416 4878 accipiatur
2440 4808 2672 4874 Paulus,
2689 4807 2790 4880 qui
2813 4809 2951 4864 dicit
2975 4807 3597 4880 Romanis.scribens,

1951 4882 2016 4936 In
2034 4898 2134 4952 quo
2162 4882 2459 4936 clamamus
2486 4899 2505 4936 :
2533 4879 2889 4952 Abba,Pater
2911 4880 3082 4952 (Rom.
3116 4895 3231 4952 vui,
3251 4879 3369 4952 15);
3394 4881 3460 4952 in
3480 4892 3600 4952 uno

1946 4948 2192 5009 nomine
2234 4952 2473 5007 duabus
2520 4954 2705 5006 utitur
2748 4951 2989 5019 linguis.
3024 4950 3169 5004 Dicit
3219 4950 3376 5003 enim
3425 4948 3595 5012 Abba,

1948 5040 2145 5092 graeco
2172 5023 2461 5079 vocabulo
2490 5026 2719 5078 Patrem
2744 5023 2840 5094 (a),
2861 5029 2916 5077 et
2947 5022 3125 5094 latine
3149 5019 3419 5094 nominat
3438 5021 3602 5094 i_den-

1949 5091 2131 5152 tidem
2159 5098 2410 5151 Patrem.
2444 5091 2871 5149 Coutemnatur
2909 5093 3067 5147 idem
3101 5091 3407 5161 apostolus
3454 5092 3603 5145 Pau-

1948 5168 2064 5233 lus,
2084 5174 2139 5222 et
2168 5168 2227 5221 in
2252 5165 2597 5222 novissimis
2624 5166 2892 5236 partibus
2914 5164 2991 5219 ad
3018 5161 3362 5236 Corinthios
3384 5161 3601 5233 episto-

1949 5239 2020 5294 ιω
2045 5239 2273 5309 primae,
2289 5238 2389 5293 ubi
2412 5234 2649 5309 plebem
2671 5251 2952 5304 arguens,
2980 5234 3159 5289 simul
3177 5248 3370 5309 graeco
3391 5240 3446 5287 et
3468 5248 3603 5309 syro

1954 5303 2134 5365 utitur
2159 5309 2343 5365 verbo
2368 5325 2381 5363 ε
2402 5303 2475 5367 Si
2494 5308 2635 5379 quis,
2657 5303 2865 5379 inquit,
2889 5324 2993 5361 non
3016 5312 3164 5379 amat
3198 5303 3512 5379 Dominum,
3530 5304 3601 5358 sit

1952 5381 2237 5438 anathema
2249 5376 2574 5437 maranatha
2590 5378 2631 5449 (ι
2652 5376 2778 5435 Cor.
2803 5393 2919 5442 xvi,
2940 5378 3055 5449 '22).
3081 5376 3387 5433 Anathema
3406 5390 3604 5446 graeco

2016 5533 2031 5565 ί
2058 5531 2220 5589 Alias,
2242 5531 2425 5581 unius.

2016 5596 2036 5629 ²
2068 5594 2152 5645 Sic
2178 5594 2301 5644 Mss.
2324 5595 2391 5643 At
2415 5592 2559 5649 editi,
2582 5590 2819 5641 retinuit.

2020 5658 2092 5721 (α)
2120 5657 2273 5708 Absit
2294 5660 2349 5707 ut
2380 5659 2531 5707 tanta
2547 5654 2849 5719 Augustino
2870 5653 3137 5718 imperitia
3155 5651 3320 5704 fuisse
3338 5654 3614 5706 credatur.

2897 5762 3328 5836 (Trente-sept.)
