4094 6282
1776 277 2587 411 ELENCHUS

566 625 1087 698 AUCTORUM
1147 623 1264 697 ET
1317 624 1710 698 OPEBUM
1760 623 1916 706 QUI
1977 622 2065 695 IN
2124 623 2314 695 HOC
2375 624 2646 697 TOMO
2721 624 3014 697 XXXIII
3075 622 3761 698 OONTINENTUB

1916 997 2423 1033 -—-.O--—-

1135 1258 1205 1323 S.
1259 1255 1636 1320 CYBILLUS
1682 1254 2482 1335 HIEROSOLYMITANUS,
2529 1252 3205 1320 ARCHIEPICOSPUS.

566 1404 934 1466 Catecheses.
3393 1399 3522 1464 Col.
3650 1403 3763 1468 331

564 1512 912 1573 Catecheses
943 1513 1356 1587 mystagogicae
1395 1513 1685 1585 quinque.
3613 1509 3768 1573 1059

564 1617 823 1679 Ilomilia
851 1621 914 1676 in
947 1618 1335 1692 paralyticum
1360 1617 1531 1690 juxta
1558 1619 1852 1690 piscinam
1878 1616 2196 1690 jacentem.
3611 1615 3766 1679 1132

564 1725 828 1803 Epistola
856 1727 928 1784 ad
961 1724 1373 1784 Constantium
1407 1726 1841 1798 imperatorem.
3610 1723 3766 1786 1165

564 1831 914 1909 Fragmenta
943 1834 1378 1906 deperditorum
1413 1830 1473 1890 S.
1503 1830 1707 1905 Cyrilli
1747 1849 2016 1904 operum.
3609 1830 3765 1893 1179

562 1937 755 2016 Opera
787 1939 847 2000 S.
885 1938 1106 2016 Cyrillo
1145 1942 1473 2012 supposita.
3611 1938 3767 2001 1188

562 2043 1026 2106 Praecedentium
1063 2047 1353 2105 editorum
1385 2044 1756 2117 prmfationes
1786 2051 1842 2101 et
1873 2051 2046 2102 notaa.
3613 2043 3760 2105 1211

1410 2199 1708 2262 PETRUS
1747 2199 1796 2260 Il
1835 2199 2441 2264 ALEXANDRINUS
2483 2200 2917 2265 EPISCOPUS.

563 2307 829 2384 Epistola
871 2311 1194 2384 encyclica.
3612 2309 3768 2371 1275

561 2414 914 2491 Fragmenta
940 2417 1201 2490 epistolae
1230 2417 1302 2474 ad
1335 2417 1644 2490 episcopos
1673 2413 1983 2491 .Egyptios
2014 2415 2150 2473 fidei
2197 2432 2376 2474 causa
2415 2418 2673 2476 exsules.
3611 2416 3760 2479 1291

1366 2571 1802 2636 TIMOTHEUS
1851 2573 2458 2638 ALEXANDRINUS
2511 2574 2944 2638 EPISCOPUS.

564 2679 876 2756 Responsa
905 2682 1211 2739 canonica.
3611 2686 3765 2750 1295

563 2787 829 2864 Epistola
871 2790 944 2846 ad
975 2785 1297 2846 Diodorum
1328 2785 1675 2863 Tyrensem.
3610 2792 3764 2856 1295

1375 2943 1941 3008 APOLLINARIUS
1996 2943 2479 3009 LAODICENUS
2532 2946 2964 3012 EPISCOPUS.

569 3055 974 3130 Interpretatio
1005 3058 1065 3114 in
1097 3053 1374 3114 Psaltem.
3613 3059 3770 3122 1313

1525 3211 1748 3276 ISAAC
1803 3213 1910 3276 EX
1963 3213 2230 3278 JUDZEO
2283 3213 2812 3278 CHRISTIANUS.

566 3318 743 3380 Liber
785 3323 941 3380 ﬁdei.
3612 3322 3776 3386 1539

1734 3481 2116 3546 DIODORUS
2170 3482 2606 3546 TABSENSIS.

569 3587 914 3656 Fragmenta
968 3606 1036 3646 ex
1082 3591 1232 3650 libro
1277 3590 1360 3652 De
1408 3592 1558 3670 fato.
3613 3589 3785 3654 1559

729 3725 806 3736 -—
968 3712 1042 3754 ex
1083 3698 1234 3756 libro
1280 3710 1488 3760 contra
1533 3699 1940 3778 Synusiastas.
3614 3697 3787 3758 1559

728 3834 803 3842 —
968 3821 1037 3861 ex
1076 3801 1332 3865 Catenis.

3615 3801 3771 3866 1561

569 3907 854 3968 Addenda
900 3913 972 3970 ad
1027 3910 1488 3988 Apollinarium.
3615 3908 3774 3972 1627
