4094 6282
231 427 3601 457 ῃ

1319 723 2442 891 PB/EFATIO.

266 1478 306 1536 Ι.
336 1482 697 1557 Antequam
729 1477 944 1556 Cyrilli
973 1477 1326 1537 doctrinam
1371 1481 1433 1536 et
1464 1493 1558 1535 res
1589 1479 1794 1551 gestas
1842 1473 2199 1534 accuratius
2251 1491 2616 1556 persequar,
2672 1477 2861 1538 ofﬁcii
2907 1482 3027 1541 mei
3057 1499 3190 1542 esse
3222 1481 3382 1541 duco
3441 1483 3585 1543 bre-

198 1576 332 1636 viter
379 1578 455 1636 de
505 1583 726 1636 sancto
759 1577 1020 1654 praesule
1051 1578 1313 1654 ejusque
1344 1575 1662 1653 operibus,
1727 1573 1803 1630 de
1857 1571 2286 1650 superioribus
2330 1576 2709 1635 editionibus
2750 1596 2822 1637 ac
2873 1578 3062 1658 hujus
3121 1600 3297 1641 novae
3341 1582 3583 1642 ratione

197 1681 248 1735 et
278 1674 534 1735 consilio
569 1676 840 1754 praefari.
902 1681 986 1734 Ac
1036 1674 1097 1733 in
1129 1674 1361 1752 Cyrillo
1421 1672 1673 1752 quidem
1729 1671 2014 1750 pluribus
2072 1672 2394 1733 laudando
2429 1693 2678 1734 necesse
2738 1696 2859 1735 non
2892 1685 2984 1737 est
3032 1679 3382 1740 immorari.
3418 1682 3585 1740 Satis

193 1790 316 1832 eum
373 1774 538 1832 sedis
597 1774 892 1851 dignitas,
958 1791 1054 1831 res
1114 1773 1416 1850 praeclare
1473 1779 1665 1848 gestas
1723 1770 2194 1830 commendant.
2259 1772 2591 1849 Presbyter
2626 1775 2917 1850 primum,
2982 1777 3208 1836 deinde
3267 1778 3584 1850 archiepi-

191 1889 398 1947 scoiius
430 1872 1012 1949 Hierosolymitanae
1045 1871 1326 1930 omnium
1371 1871 1588 1928 matris
1648 1869 1936 1929 Ecclesia:
1970 1887 1984 1939 ;
2021 1868 2104 1927 ibi
2155 1871 2574 1929 catecheticas
2621 1872 2939 1932 orationes
2989 1874 3228 1948 habuit,
3268 1877 3371 1934 ubi
3433 1877 3580 1936 reli-

189 1968 379 2046 gionis
427 1969 836 2039 incunabula,
891 1969 996 2028 ubi
1045 1969 1183 2027 fons
1213 1986 1406 2028 sacrae
1458 1968 1833 2027 traditionis.
1874 1967 2018 2025 Inde
2071 1966 2278 2041 operis
2329 1969 2622 2044 pretium.
2701 1971 2834 2027 Huc
2891 1974 3134 2030 accedit
3179 1976 3571 2051 antiquitas:

185 2073 318 2125 ante
371 2067 537 2125 enim
599 2067 1020 2144 pronuntiata:
1080 2067 1331 2124 fuerunt
1361 2085 1551 2143 quam
1610 2064 2020 2135 Athanasius,
2083 2063 2374 2133 Hilarius,
2436 2066 2725 2136 Basilius,
2777 2068 3010 2146 aliique
3073 2071 3576 2145 praestantissimi

180 2165 410 2235 Patres,
442 2165 672 2242 quibus
701 2165 888 2224 etiam
942 2164 1248 2242 superfuit
1279 2164 1569 2242 Cyrillus,
1603 2161 1833 2240 stylum
1893 2162 2193 2221 adversus
2245 2162 2513 2222 Arianos
2572 2165 2907 2224 acuissent.
2963 2166 3210 2225 Variam
3249 2169 3567 2228 fortunam

175 2270 425 2322 sanctus
455 2262 682 2340 praesul
741 2269 1037 2340 expertus
1079 2269 1194 2330 est,
1255 2262 1401 2320 sede
1433 2279 1546 2320 sua
1598 2279 1722 2319 non
1781 2259 1971 2318 semel
2023 2259 2321 2336 dejectus.
2381 2262 2497 2320 Sed
2537 2261 2670 2321 haec
2722 2281 2834 2340 pro
2896 2263 3016 2322 ﬁde
3064 2263 3376 2324 catholica
3439 2266 3570 2344 pati

175 2360 354 2420 dulce
388 2361 443 2419 ei
500 2368 562 2419 et
592 2361 889 2420 decorum
943 2360 1079 2418 fuit.
1144 2359 1298 2417 lllud
1363 2359 1686 2418 molestius
1744 2357 1916 2435 quod
1947 2357 2440 2434 Calholicornm,
2485 2359 2613 2417 imo
2663 2368 3022 2420 sanctorum
3062 2363 3396 2422 maledicta
3446 2382 3571 2422 non

177 2459 416 2536 effugit.
453 2459 680 2518 Verum
730 2458 1093 2533 Hieronymi
1127 2458 1484 2516 rumoribus
1515 2456 1770 2514 incertis
1828 2454 2072 2529 decepti
2135 2454 2340 2513 minus
2396 2473 2648 2531 aequum
2706 2457 3008 2533 judicium
3066 2460 3296 2536 praecla
3333 2480 3365 2519 e
3398 2479 3575 2520 com-

171 2563 477 2632 pensatur
508 2562 638 2614 tum
673 2555 896 2632 synodi
927 2553 1665 2631 ConstantinOpolitanaa,
1702 2569 1844 2628 quas
1905 2551 2118 2628 (lyrilli
2154 2551 2337 2609 fidem
2394 2559 2456 2611 et.
2485 2553 2946 2613 ordinationem
2995 2557 3073 2616 ab
3107 2558 3328 2616 :ttﬁctis
3361 2558 3575 2618 crimi-

164 2653 358 2712 nibus
416 2652 778 2722 vindicnvit,
840 2659 974 2711 tum
1007 2651 1382 2727 scriptorum
1472 2649 2038 2708 ecclesiasticarum
2121 2649 2492 2709 testimoniis
2568 2651 2677 2728 qui
2734 2653 3033 2730 Cyrillum
3113 2656 3576 2732 pet-honorifice

163 2769 422 2828 semper
491 2749 811 2828 appelant.
878 2752 1028 2808 Eum
1112 2749 1547 2808 Theotloretus
1631 2745 1716 2824 (a)
1773 2746 2141 2819 dogmatum
2221 2747 2594 2805 acerrimum
2678 2757 3209 2826 propugnatorem
3271 2754 3576 2830 appellat,

161 2847 702 2926 Theophanes“)
732 2847 1221 2906 sacratissimum
1280 2852 1338 2904 et
1372 2845 1450 2923 (c)
1483 2844 1854 2904 orthodoxa:
1887 2843 2189 2903 doctrinas
2249 2845 2640 2903 defensmem
2697 2847 3010 2914 ;Photius
3063 2849 3153 2927 (ιι)
3214 2851 3414 2907 virum
3471 2849 3580 2927 qui

157 2945 340 3022 apud
395 2963 611 3003 omnes
668 2951 924 3002 sanctus
977 2942 1247 3001 habetur
1291 2949 1348 3001 et
1398 2950 1509 3010 est,
1575 2940 2033 3016 Catecltescsque
2083 2940 2329 3016 scripsit
2370 2941 2621 2999 sublimi
2685 2941 3004 3018 theologia
3064 2945 3324 3002 refertas
3388 2946 3580 3021 ;Gly-

157 3059 274 3104 cas
305 3041 388 3121 (ρ)
419 3061 712 3118 magnum
751 3047 932 3100 vocat
973 3060 986 3112 ;
1026 3040 1411 3118 Nicephorus
1469 3041 1550 3117 (ί)
1585 3057 1774 3097 unum
1834 3057 1865 3096 e
1906 3037 2199 3118 spectatis
2231 3038 2420 3112 viris;
2485 3037 2591 3114 qui
2648 3038 2709 3095 in
2762 3039 3036 3098 Ecclesia
3073 3041 3177 3098 Dei
3228 3042 3579 3101 eruditione

157 3146 227 3200 et
259 3141 628 3217 eloquentia
659 3140 959 3208 enituere,
998 3139 1196 3196 virum
1258 3136 1349 3216 (g)
1405 3135 1708 3211 singulari
1734 3136 1810 3193 ad
1846 3134 2089 3212 plebem
2151 3133 2496 3192 docendam
2557 3135 2854 3194 facultate
2915 3140 3270 3214 praeditum.
3311 3141 3571 3198 Demum

154 3237 308 3316 ejus
339 3256 568 3298 nomen
600 3240 680 3298 ab
715 3247 980 3316 utraque
1025 3236 1304 3296 Ecclesia
1362 3236 1580 3295 Latina
1637 3242 1700 3293 et
1755 3236 1994 3305 Graeca,
2050 3250 2192 3292 cum
2250 3233 2454 3310 elogio
2514 3235 2908 3306 confessoris,
2973 3245 3335 3296 sanctorum
3395 3237 3571 3297 fastis

151 3336 538 3413 ascriptum.

245 3436 334 3494 II.
371 3433 528 3493 Laus
561 3431 798 3512 συνείη
826 3439 1211 3511 scriptorum.
1276 3464 1345 3474 ν--
1393 3431 1487 3491 Ad
1547 3449 1740 3508 opera
1789 3429 1957 3507 quod
1991 3428 2240 3499 attinet,
2302 3427 2471 3487 haud
2534 3429 2838 3490 dubitabo
2897 3430 3123 3503 dicere,
3161 3450 3234 3492 ex
3284 3433 3578 3494 omnibus

153 3532 573 3609 antiquitatis
607 3533 1026 3590 monumentis
1074 3530 1227 3589 nihil
1280 3529 1404 3588 fere
1435 3529 1510 3587 arl
1548 3548 1660 3587 nos
1694 3526 1951 3603 majoris
2008 3527 2191 3603 pretii
2243 3527 2618 3604 pervenisse.
2674 3529 2862 3600 Nam,
2898 3531 2947 3588 si
3011 3533 3332 3591 materiam
3382 3531 3578 3591 consi-

151 3630 378 3701 deres,
416 3631 627 3690 omnia
668 3630 984 3706 religionis
1015 3631 1315 3707 dogmata
1373 3627 1635 3686 rudibus
1671 3627 1959 3684 Ecclesiae
1996 3625 2138 3683 ﬁliis
2194 3625 2469 3684 inculcat
2530 3645 2544 3696 ;
2583 3629 2794 3686 decem
2848 3637 2908 3687 et
2955 3641 3095 3689 octo
3160 3630 3578 3693 Catechesibus

150 3729 534 3788 universam
571 3729 850 3806 Symboli
873 3727 1250 3798 doctrinam,
1304 3724 1583 3802 quinque
1616 3724 1752 3781 aliis
1787 3722 1906 3782 tria
1956 3723 2276 3798 baptismi,
2311 3724 2808 3784 confirmationis
2839 3733 2897 3785 et
2933 3727 3340 3788 Eucharistiae
3369 3748 3577 3788 sacra-

140 3832 378 3884 menta
408 3827 852 3903 complectitur
885 3842 899 3895 ;
939 3829 1100 3902 quod
1135 3842 1296 3900 opus
1328 3842 1400 3882 eo
1437 3822 1691 3899 majoris
1752 3820 2073 3890 momenti,
2109 3821 2275 3898 quod
2329 3838 2469 3879 cum
2504 3822 2770 3880 aliorum
2806 3823 3181 3899 scriptorum
3218 3825 3578 3885 catecheses

137 3942 284 3982 una
320 3931 435 3982 aut
465 3928 665 3982 altera
697 3923 996 3982 concinne
1026 3923 1490 3992 contineantur,
1526 3919 1883 3996 Cyrillianaa
1941 3917 2164 3978 seriem
2198 3916 2562 3993 hujusmodi
2596 3920 2967 3978 concinnum
3029 3921 3088 3978 in
3127 3941 3320 3980 unum
3381 3923 3574 3982 veluti

132 4037 397 4098 corpus
451 4021 766 4078 redactam
824 4019 1119 4077 habeant.
1183 4017 1244 4077 Si
1277 4036 1481 4076 rerum
1543 4016 2096 4094 petractandarum
2155 4014 2462 4073 rationem
2521 4023 2787 4090 Spectes,
2840 4016 2992 4073 nihil
3030 4017 3228 4094 magis
3283 4017 3569 4095 simplex,

133 4119 319 4176 nihil
385 4118 465 4174 ad
523 4117 694 4191 vulgi
741 4131 996 4194 captum
1083 4115 1642 4174 accommodatius.
1704 4113 1987 4172 Dilucide
2065 4118 2124 4171 et
2208 4111 2459 4188 copiose
2535 4113 2784 4189 singula
2872 4112 3196 4190 dogmata,
3259 4117 3573 4174 rationum

137 4219 509 4274 momentis
560 4226 780 4272 contra
841 4233 1144 4291 paganos,
1207 4213 1548 4290 Scriptura;
1604 4210 1928 4271 sententiis
1986 4221 2207 4269 contra
2263 4209 2518 4270 Judteos
2584 4217 2646 4269 et
2721 4210 3053 4271 haereticos
3107 4213 3498 4273 demonstrat
3559 4230 3573 4286 ;

136 4330 220 4372 ac
286 4312 585 4391 sepositis
645 4311 1016 4388 theologicis
1081 4311 1361 4379 vocibus,
1422 4328 1519 4368 res
1603 4328 1635 4368 e
1722 4310 1924 4368 media
1992 4306 2310 4384 theologia
2401 4310 2724 4386 repetitas,
2815 4309 3157 4386 Scriptura;
3236 4311 3437 4370 Verbis
3516 4318 3579 4372 et

140 4411 406 4472 usitato
467 4428 753 4468 svrmone
807 4410 1077 4468 disserit.
1143 4409 1298 4467 Illud
1349 4407 1538 4466 etiam
1598 4407 1658 4464 in
1717 4406 1951 4484 Cyrillo
2003 4405 2262 4474 mireris,
2324 4406 2512 4482 quod,
2577 4424 2717 4464 cum
2782 4409 3200 4485 perantiquus
3260 4409 3361 4479 sit,
3419 4407 3580 4466 nihil

138 4511 290 4569 fere
335 4516 544 4568 tamen
579 4509 639 4566 in
690 4526 762 4566 eo
816 4507 1092 4584 reperias
1151 4505 1316 4583 quod
1353 4513 1633 4583 tempora
1666 4505 1774 4562 illa
1832 4503 2114 4563 redoleat
2170 4503 2397 4580 quibus
2449 4504 2718 4562 haereses
2779 4504 3055 4562 nondum
3109 4525 3323 4564 curam
3360 4507 3582 4565 attule-

141 4615 310 4666 rant.
346 4607 594 4666 cautius
624 4604 944 4682 loquendi.
1002 4605 1090 4664 Ita
1141 4603 1465 4662 enucleate
1525 4608 1585 4660 et
1643 4601 1932 4660 distincte
1986 4600 2287 4677 disputat,
2347 4607 2413 4658 ut
2475 4620 2595 4660 non
2653 4601 2854 4659 solum
2913 4609 3090 4659 natas
3150 4603 3438 4666 haereses.
3473 4603 3582 4662 sed

143 4706 422 4766 futurae.
456 4706 643 4764 etiam
679 4704 855 4780 quasi
892 4703 1270 4780 praesagiens
1313 4707 1574 4760 evertat.
1613 4699 1902 4759 Nondum
1967 4699 2330 4776 prodierant
2389 4698 2846 4765 Macedoniani,
2882 4718 3022 4757 cum
3058 4704 3255 4759 sancti
3315 4701 3583 4776 Spiritus

139 4803 568 4863 divinitatem
615 4802 702 4859 sic
760 4802 1062 4879 defendit,
1128 4807 1194 4858 ut
1248 4799 1344 4858 vix
1408 4798 1658 4857 uberius
1712 4805 1994 4856 exortam
2051 4796 2334 4856 haeresim
2388 4795 2797 4866 Athanasius,
2859 4798 3126 4856 Basilius
3189 4817 3261 4855 ac
3321 4806 3583 4875 uterque

142 4902 513 4978 Gregorim
561 4900 1056 4978 proﬂigaverint.
1120 4897 1499 4965 Nestorium,
1562 4896 1909 4974 Eutychen,
1974 4893 2434 4965 Monolhelitad,
2485 4895 2973 4970 Adoptionarios
3026 4897 3370 4973 anticipato
3430 4916 3582 4956 con-

138 4999 428 5069 futavit,
463 5017 793 5077 personam
829 5005 893 5057 et
927 4996 1238 5076 ﬁlietatem
1301 5014 1518 5067 unam,
1573 4994 1888 5071 duplicem
1947 5001 2235 5051 naturam
2287 4999 2346 5051 et
2405 4992 2837 5068 operationem
2873 4994 3100 5052 diserte
3133 5013 3437 5064 asserens,
3472 5012 3585 5054 nec

139 5106 389 5159 tamen
431 5113 710 5172 persona:
741 5103 852 5155 aut
900 5103 1141 5154 natura:
1174 5112 1396 5152 nomen
1459 5109 1792 5169 usurpans.
1844 5089 2095 5149 Aerium
2158 5091 2264 5166 qui
2321 5091 2610 5167 precibus
2669 5107 2782 5164 pro
2844 5092 3128 5160 mOrtnis,
3173 5092 3580 5164 Vigilantiam

137 5196 264 5275 qui
314 5193 524 5254 sacris
569 5192 846 5270 reliquiis
904 5191 1137 5250 bellum
1198 5191 1448 5260 indixit,
1507 5195 1847 5266 antequam
1909 5194 2322 5264 emergerent,
2387 5186 2633 5244 refellit.
2670 5185 2817 5255 Quae
2874 5196 3084 5247 autem
3142 5190 3202 5248 in
3235 5198 3590 5248 controver.

218 5379 311 5449 (a)
353 5375 486 5431 Lib.
515 5389 554 5428 ιι
586 5371 733 5427 Hist.
766 5370 980 5449 eor-15.1.,
1014 5385 1140 5439 cap.
1171 5368 1262 5421 26.
2020 5363 2091 5449 te)
2130 5363 2331 5449 funal.
2369 5368 2626 5449 parthrv,
2664 5379 2794 5434 pag.
2825 5366 2950 5449 252.

213 5435 311 5519 (1))
351 5450 668 5519 Chronqgr.
713 5460 846 5514 pag.
882 5441 972 5494 58.
1084 5435 1098 5439 “

2021 5440 2089 5519 (f)
2123 5436 2254 5519 [ζιξι.
2287 5435 2472 5489 ecrles.
2509 5435 2732 5519 lil‘mlx,
2762 5450 2884 5509 cap.
2913 5439 2996 5493 14.

214 5507 610 5594 (rimis-47%
713 5507 743 5594 ’.
791 5507 822 5514 ”
902 5587 912 5594 .
1662 5543 1668 5550 ·

1662 5543 1668 5550 -
2019 5511 2102 5580 (gi
2134 5507 2258 5562 Lib.
2305 5523 2383 5578 lx,
2413 5523 2538 5579 cap.
2576 5508 2666 5563 46.

212 5587 305 5669 (ά)
351 5591 669 5649 σοιιεειαη.
709 5587 773 5643 de
800 5587 1034 5654 metrop.

458 5709 729 5772 PATROL.
781 5703 894 5768 Gn.
941 5697 1220 5764 XXXIII.
3248 5700 3282 5760 1
