4090 6268
393 298 464 358 11,
1867 284 2314 344 ΡΒΑΞΡΑΤΙΟ.
3722 288 3799 346 12

390 429 543 488 siam
582 427 659 486 ab
705 424 1022 484 hodioirnis
1084 421 1392 484 hzel'eticis
1453 431 1779 490 Vocantur,
1817 425 1884 478 ut
1939 427 2474 479 sacramentorum
2509 420 2626 493 vis,
2686 421 3016 497 praesentia
3081 420 3290 491 realis,
3326 420 3802 479 transsubstan—

391 528 593 588 tiatio.
631 527 1001 583 sacuiliciom
1076 522 1587 594 etmharisticum,
1651 537 1725 577 ea
1777 525 1900 575 tam
1957 519 2386 580 significanter
2433 528 2773 596 asseverat,
2835 526 2957 577 tam
2994 519 3272 576 studiose
3343 519 3697 584 conﬁvmat,
3735 523 3806 575 ut

399 625 926 682 betrrmloxt-rum
987 622 1088 678 alii
1145 619 1501 696 δηίψυμίίωι
1557 616 1788 690 Cyrillo
1851 615 2186 673 Calve/testis
2243 625 2352 674 aut
2420 617 2830 692 interpolatas
2914 617 3172 691 fingere,
3219 616 3323 674 alii
3403 617 3703 694 Cyrillum
3767 632 3806 673 a

393 721 717 780 catholicis
755 722 1034 796 plrtibus
1067 729 1231 775 stare
1263 716 1462 775 coacti
1493 715 1943 778 sintcontiteri,
1983 713 2088 770 alii
2123 714 2394 790 denique
2453 713 2897 772 obstinatiores
2947 714 3333 771 stultiSsimis
3394 711 3804 788 subteifugiis

393 819 646 876 eludere
679 817 884 874 rona‘i
917 817 1039 873 sint
1075 833 1088 884 ;
1124 832 1287 890 quas,
1322 813 1370 870 si
1412 810 1601 869 sremel
1667 815 1894 879 valent,
1960 811 2148 870 nulla:
2191 810 2325 888 jam
2387 812 2686 871 humanm
2743 811 3046 870 ozationis
3102 811 3294 888 leges,
3345 811 3500 870 nihil
3533 807 3806 887 supersit

397 918 562 992 apud
597 921 890 989 antiquos
919 914 994 970 de
1026 933 1150 988 quo
1178 913 1249 970 lis
1283 911 1512 968 moveri
1551 928 1670 967 non
1710 907 1922 982 possit.

483 1016 575 1070 Ill.
617 1011 931 1086 Quantam
967 1015 1158 1068 nrelin
1188 1008 1358 1084 apud
1414 1011 1649 1070 Graecos
1677 1015 1731 1063 et
1790 1003 2140 1066 Orientales.
2202 1040 2279 1050 —
2340 1006 2590 1065 Minime
2647 1005 2898 1075 mirum,
2959 1024 3034 1065 ex
3094 1024 3283 1083 opere
3341 1007 3637 1066 Ecclesia:
3670 1011 3798 1063 tam

404 1111 538 1168 utili
572 1115 874 1186 plurimas
906 1109 1249 1166 sententias
1298 1125 1332 1164 a
1365 1107 1595 1163 sanctis
1641 1104 1925 1162 Patrihus
1957 1110 2018 1162 et
2064 1104 2477 1181 scriptmibus
2529 1105 2964 1163 ecclesiasticis
3021 1105 3330 1180 depromi,
3369 1112 3498 1163 tum
3533 1105 3592 1162 in
3629 1101 3803 1162 libris

401 1208 702 1268 adversus
738 1207 1081 1266 heerrticos.
1120 1211 1230 1262 aut
1261 1205 1334 1262 ad
1371 1203 1724 1260 (Satholicos
1773 1201 2128 1260 edocendos
2178 1202 2444 1277 scripti-,
2475 1209 2606 1262 tum
2641 1202 2699 1260 in
2739 1203 3065 1260 Pandectis
3098 1211 3153 1260 et
3191 1203 3532 1272 Parnllelis,
3573 1209 3702 1260 tum
3739 1202 3802 1259 in

409 1305 656 1364 Catenis
686 1306 745 1363 in
771 1305 1184 1379 Scripturam.
1222 1303 1353 1360 Non
1389 1301 1552 1359 enim
1589 1300 1662 1357 iis
1691 1301 2088 1376 assentimur,
2151 1301 2259 1376 qui
2316 1299 2615 1377 Cyrillum
2679 1300 2739 1358 in
2795 1299 3044 1358 silentio
3098 1306 3159 1359 et
3205 1299 3521 1358 oblivione
3554 1298 3807 1357 latuisse

408 1405 647 1463 volunt.
684 1405 824 1462 'l‘ria
865 1413 1066 1460 tamen
1103 1400 1388 1477 cogimur
1419 1398 1744 1457 confiteri:
1784 1400 1843 1456 1ο
1901 1399 2129 1474 saepius
2192 1398 2388 1457 multo
2446 1416 2634 1474 quam
2695 1398 3020 1476 Cyrillum,
3054 1397 3112 1455 in
3148 1417 3333 1474 supra
3367 1397 3549 1456 dictis
3582 1415 3808 1454 monu-

403 1503 627 1560 mentis
659 1512 918 1560 ccetoros
971 1499 1330 1576 scriptores,
1367 1497 1726 1568 Eusebium,
1763 1495 2204 1565 Athanasium,
2267 1496 2587 1562 Basilium,
2626 1494 3140 1570 thrysostomum
3176 1495 3354 1552 calari
3393 1511 3405 1552 :
3442 1511 3807 1572 quanquam

400 1619 522 1657 non
564 1618 761 1677 pauca
794 1598 1027 1656 nemini
1075 1598 1376 1655 hactenus
1422 1595 1754 1654 observata
1791 1594 2016 1670 reperi,
2069 1610 2210 1670 quas
2259 1611 2333 1651 ex
2384 1593 2617 1669 Cyrillo
2661 1592 3000 1669 scriptores
3049 1601 3198 1651 natu
3236 1593 3509 1650 minores
3543 1591 3812 1650 mutuati

399 1707 590 1773 atque
663 1705 750 1754 usi
801 1714 913 1773 pro
947 1695 1072 1753 suis
1125 1695 1371 1753 fuerant
1407 1710 1420 1764 ;
1454 1695 1515 1750 2°
1549 1692 1761 1770 Cyrilli
1787 1690 2176 1767 exemplaria
2209 1694 2266 1747 in
2303 1688 2698 1748 bibliothecis
2755 1691 2952 1747 multo
3006 1690 3303 1766 pauciora
3354 1707 3542 1765 quam
3580 1687 3808 1766 pradi-

404 1803 646 1854 ctorum
687 1798 939 1852 Patrum
999 1810 1267 1863 exs'are,
1319 1791 1478 1850 adeo
1534 1798 1596 1848 ut
1629 1791 1940 1865 integrum
1996 1785 2380 1848 Calecheseon
2427 1787 2720 1845 volumen
2758 1787 2954 1846 instar
3004 1787 3286 1846 thesauri
3335 1787 3412 1844 sit
3475 1786 3538 1844 iu
3575 1787 3802 1844 Gallia.

402 1895 603 1954 Varia
657 1894 967 1951 interdum
1021 1897 1358 1949 occurrunt
1409 1889 1770 1949 catecheses
1812 1887 1974 1946 inter
2030 1885 2323 1945 homilias
2378 1888 2656 1954 I’atrum,
2691 1885 2862 1943 velut
2911 1885 3254 1944 catcchesis
3304 1884 3547 1943 decima
3595 1885 3804 1954 tertia,

407 2011 546 2067 quae
581 1996 640 2048 in
679 1989 1065 2049 Lectionario
1090 1988 1450 2047 Colbertino
1483 1987 1865 2052 inscribitur,
1904 1985 2142 2064 Cyrilli
2167 1983 2415 2042 humilia
2448 1988 2508 2040 in
2539 1983 2756 2057 festum
2823 1982 3173 2042 Parasceves
3204 2003 3211 2037 7
3263 2001 3339 2042 ex
3371 2000 3497 2058 quo
3548 1981 3810 2057 colligas

400 2092 615 2169 Cyrilli
667 2089 996 2149 Catec/zeses
1042 2087 1235 2146 lectas
1286 2086 1628 2162 aliquando
1677 2085 1739 2142 in
1787 2083 2075 2142 Ecclesiae
2125 2082 2334 2141 ofﬁcio
2395 2081 2632 2152 fuisse;
2695 2083 2756 2139 3⁸
2815 2099 2938 2140 non
2994 2082 3264 2140 defuisse
3320 2087 3545 2140 octavo
3577 2079 3809 2138 saeculo

403 2189 511 2265 qui
561 2187 814 2265 tyrillo,
877 2192 1134 2263 propter
1179 2183 1500 2242 laudatum
1564 2181 1624 2239 in
1675 2180 1944 2257 epistola
1990 2181 2427 2240 Constantium
2483 2186 2544 2238 et
2597 2179 3083 2256 praetermissum
3121 2181 3181 2236 in
3219 2176 3628 2241 Catechesz'bus
3657 2195 3810 2236 con-

394 2285 828 2344 substantialis
861 2301 1113 2350 nomen,
1148 2279 1478 2338 Arianis'ni
1527 2284 1739 2337 nolam
1797 2279 2118 2337 inurerent
2169 2296 2182 2337 :
2219 2295 2408 2355 quam
2458 2275 2756 2354 injuriam
2811 2279 2890 2336 ah
2923 2294 2995 2334 eo
3031 2277 3359 2354 propulsat
3391 2276 3813 2353 Theophanes

411 2383 750 2459 Chronogr.
813 2399 934 2458 pag
1011 2383 1107 2436 39.
1173 2379 1318 2437 Haec
1372 2383 1582 2434 tamen
1635 2376 1822 2434 insita
1884 2375 2202 2434 nonnullis
2265 2374 2480 2452 opinio
2531 2375 2607 2433 de
2674 2375 2809 2447 eius
2842 2374 3094 2432 nomine
3137 2380 3198 2432 et
3254 2391 3516 2451 Operum
3565 2369 3808 2450 judicio

405 2479 736 2539 detrahere
796 2478 1022 2554 potuit.
1066 2478 1216 2535 Haec
1243 2475 1319 2534 de
1368 2473 1582 2550 Cyrilli
1634 2473 1932 2551 operibus
1980 2480 2286 2551 quantum
2341 2475 2414 2530 ad
2468 2472 2811 2530 Ecclesiam
2858 2473 3168 2530 Graecam.
3220 2472 3400 2548 Apud
3457 2470 3807 2529 Orientales

405 2584 643 2644 autem,
680 2576 866 2633 etiam
899 2592 1006 2631 eos
1041 2573 1144 2650 qui
1175 2571 1254 2630 ab
1287 2571 1564 2630 Eoriesia
1594 2572 1830 2629 dudum
1868 2570 2189 2638 abstracti,
2225 2587 2456 2646 magno
2505 2568 2848 2628 etiamnum
2891 2567 2952 2625 in
3009 2567 3207 2645 pretio
3255 2567 3546 2645 (lyrillus,
3587 2581 3815 2642 magno

408 2675 544 2733 usui
604 2669 980 2740 Catechcses,
1034 2688 1175 2749 quas
1222 2671 1284 2728 in
1339 2669 1676 2728 Arabicum
1743 2687 2095 2727 sermonem
2173 2685 2512 2738 conversas,
2587 2667 2996 2744 scriptoribus
3055 2666 3502 2736 Orientalibus,
3556 2664 3682 2724 sive
3733 2662 3812 2723 ad

405 2771 740 2847 Scriptura;
783 2770 1392 2846 interpretationem,
1447 2767 1576 2826 sive
1626 2768 1704 2826 ad
1745 2767 2059 2844 dogmatis
2109 2765 2690 2843 pertractationem.
2747 2764 2875 2823 sive
2907 2766 2983 2822 ad
3033 2781 3279 2823 morum
3356 2762 3808 2823 institutionem

407 2868 745 2947 plurimum
776 2868 1066 2938 afferunt,
1106 2872 1171 2924 ut
1216 2883 1382 2942 saepe
1434 2864 1646 2923 audivi
1678 2883 1754 2923 ex
1803 2864 2151 2924 clarissimo
2192 2863 2328 2922 viro
2373 2864 2444 2920 D.
2497 2861 2768 2920 Eusebio
2815 2859 3165 2931 Renaudot,
3223 2861 3474 2938 quicum
3525 2861 3585 2918 in
3636 2855 3810 2918 omni

403 2966 753 3025 eruditione
788 2983 1156 3041 perpaucos,
1190 2963 1500 3022 neminem
1524 2962 1584 3020 in
1611 2962 1730 3022 hoc
1769 2979 1997 3039 genere
2019 2961 2326 3020 conferas.

488 3065 592 3123 IV.
627 3062 813 3142 Apud
843 3064 1111 3121 Lat/nos.
1136 3096 1212 3106 -
1237 3061 1416 3138 Apud
1450 3061 1701 3120 Latinos
1733 3077 1854 3118 non
1897 3059 2068 3118 valde
2101 3057 2368 3118 crlebris
2394 3054 2662 3136 Cyrillus
2713 3075 2726 3129 ;
2766 3056 3016 3117 nomine
3045 3063 3286 3116 tantum
3319 3074 3396 3115 ex
3429 3054 3811 3132 Hieronymo

405 3166 467 3220 et
499 3159 781 3220 Historia
812 3161 1130 3240 tripartz'la
1160 3166 1368 3217 notus.
1403 3157 1582 3228 Quod
1624 3157 1675 3216 si
1706 3155 1996 3233 Ruﬁnus,
2051 3158 2205 3215 dum
2259 3155 2630 3215 Christiana:
2681 3154 2984 3214 doctrinas
3039 3172 3349 3213 summam
3415 3169 3490 3211 ex
3542 3151 3812 3229 probato

402 3257 616 3335 aliquo
670 3258 977 3334 scriptore
1054 3257 1132 3315 ad
1185 3256 1438 3316 Latinos
1501 3255 1836 3314 transferre
1885 3254 2178 3325 instituit,
2231 3272 2340 3331 pro
2418 3252 2801 3329 Origeniano
2863 3250 2950 3312 De
3001 3252 3320 3333 principiis
3363 3250 3547 3327 libro,
3599 3248 3819 3328 tiyrilli

409 3353 752 3418 Cateclzeses
789 3355 1037 3414 Latinas
1069 3355 1355 3425 fecisset;
1409 3372 1504 3414 nas
1551 3352 1658 3412 ille
1710 3352 1932 3411 melius
1959 3358 2015 3411 et
2048 3351 2167 3411 sibi
2198 3358 2260 3410 et
2290 3351 2581 3410 Ecclesiae
2631 3351 3074 3410 consuluisset.
3130 3351 3382 3412 Utinam
3439 3349 3661 3408 saltem
3708 3366 3819 3408 eas

407 3451 472 3510 in
523 3453 812 3512 Latinum
864 3469 1218 3513 sermonem
1266 3457 1657 3522 convertere,
1711 3468 1901 3528 quam
1957 3451 2301 3527 compilare
2349 3456 2411 3509 et
2441 3467 2570 3509 sua:
2623 3445 2902 3526 Symboli
2951 3446 3352 3528 Ezpositz’oni
3400 3465 3655 3507 assuere
3692 3464 3816 3506 ma-

413 3549 675 3624 luisset;
711 3550 818 3608 sed
850 3551 1171 3609 eumforte
1215 3548 1295 3609 ad
1329 3549 1447 3609 hoc
1477 3547 1739 3608 consilio
1794 3549 2235 3607 deterruerunt
2280 3553 2584 3624 susceptae
2634 3565 2768 3606 cum
2817 3546 3049 3622 Cyrillo
3081 3546 3457 3606 simultates.
3511 3553 3606 3605 An
3656 3543 3817 3604 alius

410 3648 638 3724 aliquis
706 3647 915 3725 Cyrilli
985 3647 1327 3708 Catecheses
1378 3647 1595 3706 Latine
1657 3648 1752 3706 vel
1802 3665 2043 3717 omnes,
2096 3647 2193 3704 vel
2246 3663 2462 3705 earum
2507 3651 2750 3722 partem
2811 3643 3178 3717 reddiderit,
3229 3662 3486 3721 prorsus
3535 3642 3810 3718 ignoro:

413 3753 578 3804 certe
626 3746 861 3805 Latinis
902 3746 996 3804 vel
1042 3764 1295 3822 prorsus
1325 3745 1682 3822 incognitae,
1737 3745 1832 3805 vel
1880 3765 1957 3804 ex
2007 3743 2325 3804 codicibus
2373 3741 2770 3818 interpolatis
2823 3759 3040 3818 parum
3092 3750 3262 3801 certo
3312 3740 3602 3816 cognitae.
3639 3737 3812 3797 Gela-

414 3843 562 3913 sius,
615 3861 722 3902 seu
800 3844 1002 3920 quivis
1057 3844 1217 3902 alius
1269 3849 1485 3902 auc-tor
1536 3843 1735 3902 Latini
1790 3843 1879 3904 De
1925 3841 2159 3902 duabus
2227 3843 2450 3901 Christi
2506 3839 2747 3898 naturis
2795 3839 2960 3909 libri,
3020 3837 3392 3897 sententiam
3439 3855 3512 3895 ex
3585 3841 3813 3912 quarta

413 3939 628 4017 Cyrilli
685 3941 995 4000 catechesi
1049 3940 1488 4018 depromptam
1557 3942 1778 4009 citans,
1830 3941 2114 4017 Gregorii
2165 3937 2532 3998 Nazianzeni
2582 3937 2851 3995 orationi
2922 3938 2983 3995 in
3044 3936 3277 3998 Christi
3321 3930 3578 3993 natalem
3645 3949 3817 3991 acce-

415 4043 586 4112 ptam
625 4038 832 4098 refert.
864 4039 1170 4098 Adhibuit
1202 4045 1453 4097 sanctus
1481 4037 1765 4098 Thomas
1794 4037 1853 4095 in
1887 4037 2193 4115 opusculo
2225 4035 2526 4095 Adversus
2564 4037 2797 4096 Graecos
2831 4032 3136 4093 nonnulla
3165 4031 3382 4110 Cyrilli
3416 4030 3813 4100 testimonia;

413 4133 518 4191 sed
549 4152 689 4210 quae
758 4136 981 4212 partim
1036 4135 1092 4194 ei
1131 4135 1477 4213 supposita,
1534 4135 1757 4213 partim
1812 4153 1888 4193 ex
1934 4133 2316 4211 interpolato
2366 4133 2579 4192 codice
2627 4133 2986 4208 desumpta.
3023 4137 3114 4190 An
3167 4129 3470 4208 Cyrillum
3511 4134 3821 4207 praeterea

418 4230 674 4291 Latinus
722 4234 949 4310 aliquis
999 4240 1147 4292 ante
1194 4233 1514 4292 inventam
1567 4231 2055 4311 typoirraphiam
2107 4231 2412 4298 citaverit,
2465 4229 2668 4289 fateor
2717 4249 2814 4288 me
2861 4228 3122 4288 nescire.
3197 4228 3363 4288 Nihil
3433 4245 3644 4287 moror
3711 4243 3821 4286 eos

415 4329 751 4406 scriptores
784 4333 889 4408 qui
921 4332 1310 4408 suppositam
1365 4330 1596 4409 Cyrillo
1659 4332 1737 4391 ad
1789 4330 2204 4408 Augustinum
2250 4328 2581 4408 epistolam
2636 4327 2969 4399 haereticis,
3023 4326 3100 4386 ad
3156 4325 3592 4404 purgatorium
3645 4341 3818 4384 asse-

417 4426 703 4492 rendum,
733 4429 980 4488 indocte
1016 4447 1267 4506 prorsus
1289 4429 1676 4505 obiererunt.

501 4527 574 4584 V.
624 4525 814 4584 Var-iw
841 4524 1125 4585 etii/tones
1172 4544 1186 4585 :
1228 4524 1586 4590 Sclavomca
1635 4534 1694 4586 et
1736 4525 2048 4585 Bolonica.
2091 4559 2169 4569 —
2230 4523 2434 4583 Prima
2482 4521 2699 4597 Cyrilli
2747 4521 2940 4581 editio
2992 4520 3240 4579 videtur
3290 4538 3362 4580 ea
3394 4518 3585 4580 fuisse
3618 4537 3815 4595 quam

412 4625 682 4688 Jacobus
782 4623 1123 4693 Uchanski,
1216 4624 1726 4702 archiepiscopus
1777 4622 2174 4694 Gnesnensis,
2240 4621 2544 4698 regnique
2616 4619 2886 4678 Poloniw
2967 4617 3226 4695 piimas,
3287 4635 3427 4676 cum
3511 4617 3820 4677 Grodecio

415 4721 928 4784 communicavit.
987 4722 1094 4781 .‘lle
1157 4722 1496 4784 Caice/tesca
1578 4723 1958 4782 Sclavonum
2021 4721 2318 4780 idiomate
2407 4716 2794 4793 conscriptas
2851 4734 2924 4774 ex
2987 4715 3349 4775 Macedonia
3407 4721 3470 4775 et
3526 4713 3824 4793 Bulgaria

413 4825 636 4879 nactus
693 4819 915 4886 fuerat.
953 4824 1016 4878 et
1070 4819 1132 4878 in
1191 4819 1552 4881 Polonicam
1614 4819 1893 4898 linguam
1953 4821 2360 4878 transtulerat
2415 4814 2597 4874 annis
2652 4813 2937 4891 pluribus
2983 4820 3322 4890 antequam
3381 4813 3710 4881 Grodecio,
3744 4830 3823 4872 ex

413 4934 539 4994 quo
566 4915 696 4975 haec
733 4933 847 4977 acc
872 4918 1120 4992 *pimus,
1169 4936 1352 4977 suum
1389 4917 1545 4976 illud
1603 4915 2262 4977 Sclavono-Polouum
2323 4913 2650 4990 exemplar
2699 4912 2976 4970 traderet
3008 4930 3022 4983 ;
3060 4917 3391 4989 postquam
3426 4910 3824 4970 intellexerat

412 5032 552 5073 eum
613 5016 1122 5075 Graeco~Latines
1201 5016 1418 5095 Cyrilli
1502 5014 2060 5094 HierOsolymitani
2143 5011 2513 5072 (Zatecheses
2570 5008 2828 5080 habere,
2893 5008 3265 5085 curavitque
3333 5008 3689 5085 diligenter,
3752 5013 3824 5068 ut.

411 5109 740 5170 translatio
777 5119 1042 5190 utraque
1095 5130 1236 5172 cum
1295 5113 1538 5190 origine
1570 5114 1783 5172 Graeca
1843 5116 2253 5172 conferretur.
2295 5130 2324 5165 (ι
2373 5109 2508 5178 Quo
2538 5106 2772 5166 factum
2834 5111 2948 5174 est,
3013 5105 3222 5181 inquit
3251 5107 3618 5174 Grodecius,
3648 5111 3822 5166 utex

412 5207 685 5267 mirabili
725 5212 1000 5286 quadam
1059 5210 1398 5270 concordia
1455 5211 1717 5271 diversae
1777 5211 2010 5287 linguae
2068 5214 2130 5268 et
2188 5204 2642 5275 translationis,
2704 5211 2998 5263 constans
3057 5202 3291 5262 veritas
3350 5203 3816 5264 institutionum

414 5305 809 5365 eluresceret.
841 5308 1137 5377 Quamvis
1169 5309 1332 5368 enim
1393 5311 1618 5368 menda
1678 5309 1983 5367 nonnulla
2036 5313 2095 5366 et
2154 5305 2384 5374 hiatus,
2444 5301 2553 5379 qui
2612 5301 2761 5359 vitio
2815 5299 3214 5359 librariorum
3249 5301 3560 5360 committi
3590 5301 3816 5374 solent,

409 5402 472 5461 in
509 5410 775 5478 utroque
831 5405 1178 5483 exemplari
1232 5423 1350 5468 non
1413 5408 1723 5477 deessent,
1780 5425 1856 5465 ex
1917 5411 2135 5464 mutua
2195 5408 2404 5460 tamen
2464 5399 2801 5458 collatione
2860 5396 3125 5456 sublatis
3179 5398 3323 5469 illis,
3385 5405 3446 5456 et
3489 5414 3632 5474 quas
3665 5395 3822 5455 desi-

412 5501 796 5562 derabantur
846 5506 903 5562 in
964 5505 1279 5582 integrum
1342 5506 1666 5581 restitutis,
1725 5509 1915 5564 series
1972 5500 2277 5563 orationis
2335 5504 2396 5558 et
2454 5495 2757 5556 doctrina
2843 5495 2928 5554 sic
3011 5496 3458 5571 concordabat,
3517 5502 3584 5554 ut
3645 5493 3822 5554 nulla

421 5599 620 5676 possit
699 5620 1022 5680 superesse
1080 5604 1378 5684 suspicio,
1413 5603 1567 5682 quin
1624 5602 1765 5665 ista
1827 5603 2167 5667 Catecheses
2223 5595 2439 5677 Cyrilli
2495 5594 2621 5654 sint
2692 5592 3056 5656 verissima.
3119 5615 3151 5650 υ
3212 5591 3306 5656 Ita
3361 5591 3710 5654 Grodecius
3738 5591 3821 5653 de
