4094 6282
331 282 364 343 1
379 282 419 342 3
1827 280 1948 340 PR.

2147 280 2277 340 [‘10.
3685 282 3764 344 14

325 421 598 491 utraque
653 410 760 471 illa
793 408 1329 487 interpretatione
1383 409 1759 471 Sclavonica
1787 419 1847 472 et
1882 412 2207 473 Polonica.
2270 413 2563 474 Libenter
2591 413 2645 474 ei
2678 411 3083 481 assentimur,
3145 411 3249 489 qui
3281 416 3568 471 neutram
3606 412 3770 472 vidi-

335 529 498 587 mus,
528 527 602 569 ac
663 518 1001 586 utramque
1051 510 1222 585 lingu
1241 525 1343 566 am
1404 507 1791 585 ignoramus.
1854 509 2163 571 Ceterum
2218 520 2426 571 utrum
2464 512 2734 590 primum
2772 510 2927 571 illud
2963 510 3404 572 Sclavonicum
3442 512 3772 589 exemplar

327 626 517 668 manu
546 613 881 666 exaratum
916 610 1077 664 esset
1107 624 1186 663 an
1222 622 1350 664 mre
1384 623 1713 669 excusum.
1747 608 1808 666 in
1842 608 2141 686 ambiguo
2175 609 2427 686 reliquit
2458 610 2824 670 Grodecius.

406 706 505 767 Vl.
536 703 744 764 Edam
790 704 1032 765 Vunnw
1060 721 1161 763 an.
1194 704 1379 764 1560.
1425 737 1492 749 -—
1552 704 1840 783 Quinque
1904 707 2365 785 mystagogicas
2420 708 2636 787 Cyrilli
2688 706 3049 768 catecheses
3112 705 3380 767 Vienna
3413 705 3473 763 in
3511 707 3766 766 Auetria

334 804 547 865 Grmce
602 809 666 863 et
721 802 949 862 Latine
1006 801 1208 861 editas
1258 820 1426 861 anno
1458 802 1617 862 1560
1676 802 1891 875 fuisse,
1953 803 2140 865 docet
2192 805 2521 884 catalogus
2579 807 2938 867 Giascorum
3013 804 3301 864 codicum
3373 810 3757 881 Augustanm

330 900 749 963 bibliotheca.
787 901 992 959 Meum
1050 899 1127 960 de
1157 899 1277 959 hac
1307 898 1586 959 editione
1637 899 1955 976 judicium
2014 920 2141 961 non
2195 902 2622 980 interponam,
2682 902 2866 981 cujus
2920 901 3328 980 inspiciendas
3352 903 3599 978 copiam
3635 920 3759 962 non

333 999 552 1069 habui,
584 997 878 1075 quamvis
934 996 1041 1056 diu
1102 996 1500 1075 multumque
1530 996 1908 1075 qum-ierim.
1953 999 2127 1059 Idem
2163 1017 2276 1059 usu
2306 999 2474 1060 venit
2529 1000 2840 1068 Fabricio,
2875 998 3360 1076 diligentissimo
3396 997 3762 1076 hujusmodi

340 1114 546 1157 rerum
579 1094 949 1174 indigatori,
984 1093 1090 1171 qui
1121 1092 1365 1153 nullum
1399 1112 1437 1154 a
1467 1111 1532 1154 se
1566 1092 1763 1171 hujus
1793 1094 2088 1156 editionis
2117 1097 2444 1176 exemplar
2470 1098 2533 1157 in
2569 1103 2702 1159 tota
2757 1096 3098 1158 Germania
3148 1096 3417 1156 inveniri
3476 1095 3754 1175 potuisse

338 1200 627 1255 testatur.

404 1292 534 1353 VII.
583 1287 958 1351 Parisiensis
992 1288 1186 1348 ϐαίη.
1218 1289 1573 1349 Moreliz'ex
1648 1289 1951 1351 Memiano
1981 1310 2089 1352 ms.
2144 1292 2358 1354 editio.
2410 1327 2488 1338 —-
2539 1298 2726 1355 Anno
2782 1294 2938 1353 1564
2993 1290 3369 1354 Guillelmus
3425 1290 3752 1364 Morelius,

333 1389 543 1452 Caroli
596 1389 679 1450 IX
724 1386 1182 1465 typographus,
1249 1387 1590 1446 nonnullas
1646 1387 2209 1449 llluminandorum
2291 1390 2671 1465 catecheses,
2724 1397 3043 1471 quartam,
3104 1395 3372 1455 sextam.
3427 1395 3753 1464 octavam,

332 1506 593 1557 nonam,
631 1486 968 1556 decimam,
1029 1484 1337 1545 decimam
1370 1485 1680 1562 quintam,
1741 1490 1803 1543 et
1859 1485 2165 1547 decimam
2225 1494 2537 1561 octavam,
2599 1508 2726 1551 una
2753 1508 2897 1549 cum
2960 1486 3412 1567 mystagogicis
3472 1487 3756 1565 quinque

335 1586 597 1649 Parisiis
625 1584 820 1645 edidit
849 1583 1078 1655 in.12°,
1140 1601 1217 1642 ex
1252 1582 1681 1660 manuscripto
1738 1582 1954 1643 codice
2009 1584 2121 1644 viri
2149 1585 2301 1646 clar.
2363 1586 2438 1647 de
2472 1589 2755 1659 Mesmes,
2816 1586 3179 1647 libellorum
3211 1583 3590 1662 supplicium
3630 1602 3755 1643 ma-

335 1685 546 1762 gistri.
576 1687 721 1745 Haac
748 1682 941 1743 editio
974 1683 1193 1742 Greco
1224 1688 1523 1741 contextu
1582 1681 1775 1760 vulgo
1834 1683 2192 1744 continetur
2225 1704 2238 1758 ;
2297 1685 2598 1764 adjuncta
2655 1692 2750 1747 est
2803 1692 3010 1746 tamen
3046 1685 3107 1745 in
3143 1683 3490 1762 exemplari
3520 1682 3759 1743 Biblio-

321 1782 529 1841 thecas
578 1780 764 1858 regite
794 1779 1025 1841 Latina
1082 1778 1543 1855 interpretatio,
1578 1796 1721 1857 qum
1777 1780 1851 1839 ad
1882 1780 2119 1841 calcem
2156 1781 2384 1857 rejecla
2440 1791 2505 1843 et
2537 1784 2748 1843 multis
2805 1783 2973 1843 foliis
3031 1782 3273 1852 mutila,
3330 1780 3535 1839 eidem
3586 1796 3755 1838 anno

324 1879 659 1958 eidemque
712 1875 1158 1955 typographias
1219 1875 1559 1949 tribuitur;
1598 1894 1801 1954 neque
1853 1896 1929 1936 ex
1981 1878 2310 1949 Grodecio,
2373 1880 2479 1958 qui
2534 1899 2712 1940 suam
2769 1881 2986 1941 eodem
3028 1899 3194 1938 anno
3225 1878 3443 1951 edidit,
3477 1875 3758 1936 describi

330 1977 556 2055 potuit,
587 1977 696 2037 sed
728 1976 1018 2036 Gracum
1051 1973 1115 2033 id
1145 1973 1437 2033 omnibus
1467 1980 1832 2035 contextum
1895 1975 2228 2054 diligenter
2284 1984 2347 2038 et
2402 1985 2623 2039 ornate
2682 1979 2906 2038 reddit.
2965 1978 3094 2037 Hoc
3153 1993 3348 2037 unum
3385 1972 3756 2048 hujusmodi

333 2074 657 2152 exemplar
707 2073 772 2133 in
808 2089 1033 2132 manus
1083 2090 1251 2131 meas
1307 2071 1497 2143 venit,
1553 2090 1667 2131 nec
1699 2073 1776 2131 de
1859 2082 2118 2133 auctore
2163 2076 2702 2153 interpretationis
2762 2075 2964 2135 habeo
3034 2074 3204 2151 quod
3264 2073 3625 2148 conjiciam.
3663 2073 3756 2131 De

335 2178 637 2232 contextu
669 2177 906 2240 autem,
942 2170 1004 2228 in
1039 2168 1157 2227 hac
1181 2167 1476 2239 editione,
1534 2186 1677 2247 qum
1730 2170 1810 2229 ad
1872 2171 2058 2231 unius
2113 2172 2348 2232 codicis
2406 2174 2619 2247 fidem,
2681 2172 3093 2250 ejusdemque
3142 2170 3341 2228 mutili
3374 2175 3434 2228 et
3467 2167 3748 2228 mendosi

337 2270 662 2329 elaborata
694 2267 1004 2338 est,iulem
1036 2265 1294 2326 omnino
1323 2265 1539 2324 vitium
1574 2266 2013 2338 animadverti,
2063 2270 2232 2347 quod
2291 2270 2352 2330 in
2414 2272 2657 2333 ceteris
2710 2270 3025 2340 omnibus,
3087 2286 3227 2347 qua:
3284 2267 3448 2326 datas
3503 2284 3580 2324 ex
3614 2283 3739 2324 uno

332 2368 552 2427 codice
584 2367 839 2426 fuerunt
873 2381 887 2424 :
924 2382 1067 2423 nam
1101 2370 1162 2424 et
1196 2364 1434 2424 lacunas
1464 2364 1838 2442 frequentes,
1903 2376 1966 2425 et
1997 2384 2180 2428 voces
2236 2368 2526 2447 plurimae
2582 2370 2884 2446 majorem
2946 2368 3006 2427 in
3064 2367 3318 2426 modum
3354 2364 3749 2423 deformataa.

334 2465 488 2543 Ejus
520 2472 731 2525 tamen
776 2463 1137 2531 varietates,
1198 2480 1323 2521 non
1385 2480 1578 2540 parvo
1630 2463 1782 2522 mihi
1835 2463 1912 2522 ad
1972 2467 2436 2526 emendandum
2498 2474 2861 2527 contexzum
2923 2465 3064 2525 usui
3122 2464 3396 2524 fuerunt.
3456 2461 3746 2521 Codicem

331 2562 545 2641 ipsum
605 2563 657 2622 si
712 2561 1022 2639 inspicere
1078 2558 1381 2631 licuisset,
1435 2560 1577 2637 plus
1630 2560 1789 2619 forte
1846 2560 2136 2621 utilitatis
2196 2565 2635 2642 percepissem,
2690 2575 2798 2625 aut
2843 2565 3065 2624 saltem
3122 2563 3198 2621 de
3256 2562 3391 2638 ejus
3452 2566 3635 2620 aetate
3690 2564 3753 2618 et

341 2660 547 2739 pretio
572 2658 906 2736 judicandi
939 2657 1122 2734 capia
1178 2665 1363 2716 esset.
1397 2656 1518 2716 Sed
1578 2658 1628 2715 is
1664 2675 1920 2734 prorsus
1977 2660 2257 2731 evanuit,
2291 2680 2403 2721 nec
2436 2681 2701 2742 usquam
2737 2660 2996 2740 reperiri
3028 2660 3234 2739 potuit
3269 2677 3283 2729 ;
3321 2677 3462 2718 cum
3493 2662 3751 2716 senatus

342 2758 640 2837 princeps
670 2755 1153 2829 illustrissimus,
1187 2755 1267 2813 ad
1313 2772 1498 2831 quem
1536 2753 1725 2829 hujus
1781 2754 2180 2819 bibliotheca:
2227 2760 2566 2821 hereditas
2617 2781 2655 2821 a
2714 2758 3063 2838 majoribus
3096 2757 3402 2837 pervenit,
3435 2755 3749 2835 prolixam

339 2856 463 2916 hac
495 2855 558 2914 in
595 2872 658 2913 re
688 2856 1077 2913 voluntatem
1112 2852 1189 2910 de
1230 2869 1402 2910 more
1434 2870 1545 2910 suo
1575 2850 2012 2929 signiﬁcasset.

417 2955 576 3013 Vlll.
641 2950 1028 3013 Grodeciana
1088 2947 1526 3027 interpretatio.
1620 2949 1950 3011 Catechesz's
2029 2955 2105 3013 22
2157 2955 2325 3015 edita
2381 2974 2418 3016 α
2494 2957 2812 3020 Slanislao
2871 2954 3057 3016 Hosz'o
3113 2972 3213 3013 an.
3270 2955 3446 3012 1562.
3512 2948 3753 3012 Gallica

337 3050 579 3131 Cyrilli
627 3050 1057 3130 interpretatio.
1129 3045 1425 3106 Iudicium
1485 3046 1553 3107 de
1614 3048 1902 3110 Grodecit'
1940 3050 2234 3111 editione.
2266 3086 2341 3097 —-
2399 3055 2535 3125 Quo
2593 3073 2759 3113 anno
2819 3051 3073 3113 Parisiis
3127 3054 3337 3111 Graece
3393 3049 3754 3108 catecheses

336 3149 686 3217 nonnullas,
723 3149 943 3208 eodem
1012 3147 1229 3206 Latine
1259 3164 1478 3204 omnes
1537 3163 1676 3204 cum
1738 3147 2005 3224 epistola
2059 3148 2134 3206 ad
2180 3151 2617 3210 Constantium
2660 3150 3052 3227 prodierunt.
3089 3149 3320 3207 Auctor
3348 3145 3757 3224 hujusinter-

339 3246 719 3324 pretationis
739 3248 1015 3306 Joannes
1047 3243 1410 3308 Grodecius.
1441 3242 1719 3303 decanus
1747 3245 2206 3322 Glogoviensis,
2244 3248 2772 3307 Wratislaviensis
2802 3245 3337 3322 Warmiensisque
3383 3243 3747 3303 canonicos.

335 3344 495 3403 Cum
525 3351 671 3403 ante
700 3343 943 3417 aliquot
974 3359 1172 3400 annos
1205 3342 1263 3397 in
1290 3340 1451 3400 Urbe
1507 3349 2030 3413 commoraretur,
2093 3350 2154 3403 et
2184 3347 2352 3422 apud
2384 3345 2949 3405 cmmentissimum
2986 3345 3055 3402 D.
3095 3342 3432 3403 Stanislum
3468 3339 3748 3411 Hosium,

334 3441 725 3501 cardinalem
784 3439 1268 3509 Warmiensem,
1332 3444 1674 3514 posteaque
1731 3439 1895 3499 sedis
1952 3442 2316 3518 apostolicus
2375 3443 2436 3501 in
2470 3442 2736 3502 concilio
2766 3442 3135 3503 Tridentino
3169 3459 3206 3499 a
3240 3442 3437 3498 latere
3470 3439 3747 3513 legatum

336 3538 831 3617 amplissimum,
866 3542 1087 3596 nactus
1144 3540 1307 3594 esset
1339 3537 1620 3595 Graecum
1680 3537 2006 3612 exemplar
2065 3538 2450 3601 Catechesem
2499 3540 2714 3620 Cyrilli
2750 3540 3269 3615 manuscriptum,
3306 3554 3509 3612 neque
3537 3540 3747 3607 antea,

338 3637 511 3718 quod
570 3637 777 3702 sciret,
836 3635 899 3693 in
962 3651 1313 3693 sermonem
1380 3632 1671 3691 Latinum
1728 3635 2102 3693 translatum
2156 3644 2266 3696 aut
2320 3640 2583 3710 editum,
2643 3639 2705 3697 in
2763 3638 2915 3698 illud
2977 3637 3311 3696 Latinitate
3381 3630 3744 3692 donandum

332 3734 647 3797 incubuit.
682 3734 819 3805 Quo
844 3732 907 3790 in
967 3749 1155 3808 opere
1186 3728 1569 3807 perficiendo
1626 3747 1768 3787 cum
1832 3738 2207 3805 versaretur,
2270 3736 2578 3814 planeque
2636 3736 2791 3795 illud
2858 3735 3247 3804 confecisset,
3284 3729 3753 3791 communicato

336 3831 460 3894 sibi
487 3851 527 3892 a
560 3835 627 3891 Ι).
662 3829 900 3891 Jacobo
935 3828 1250 3890 Uchanski
1282 3846 1356 3886 eo
1386 3827 1462 3886 de
1494 3845 1619 3903 quo
1652 3826 1926 3887 diximus
1971 3830 2301 3891 Sclavono-
2328 3833 2560 3893 Polono
2618 3832 2990 3909 exemplari,
3025 3829 3179 3890 illud
3212 3848 3353 3889 cum
3388 3831 3608 3889 Graeco
3640 3843 3754 3885 suo

337 3932 432 3992 ita
461 3930 730 3990 contulit
762 3934 827 3987 ut
859 3945 933 3987 ex
972 3935 1236 4004 utroque
1269 3924 1743 3985 translationem
1775 3944 1954 3985 suam
1990 3928 2271 3988 Latinam
2302 3930 2649 4008 perfecerit,
2686 3930 2980 4007 quaedam
3008 3927 3347 3987 identidem
3383 3944 3453 3983 ex
3491 3936 3760 4000 utroque

348 4035 693 4089 mutuatus.
727 4025 938 4084 Codex
970 4023 1073 4083 ille
1105 4025 1377 4094 Graecus,
1441 4041 1629 4101 quem
1666 4030 1916 4084 nactum
1978 4042 2044 4084 se
2074 4027 2162 4086 ait
2218 4028 2384 4105 apud
2445 4028 2829 4086 cardinalem
2889 4024 3271 4085 Stanislaum
3310 4022 3593 4089 Hosium,
3626 4024 3766 4078 erat

343 4126 667 4190 Guillelmi
722 4122 1058 4183 cartlinalis
1087 4121 1318 4189 Sit-leti,
1381 4125 1511 4180 tam
1570 4121 1727 4180 bene
1784 4121 1861 4180 de
1908 4122 2132 4183 litteris
2186 4126 2625 4185 ecclesiasticis
2687 4125 2891 4184 meriti
2929 4142 2944 4195 ;
2977 4142 3049 4183 ex
3111 4138 3312 4199 eoque
3372 4119 3599 4180 Hosius
3625 4117 3759 4195 jam

348 4227 433 4287 ab
465 4242 632 4284 anno
668 4223 823 4281 1562
856 4221 915 4279 in
980 4220 1358 4295 Con/esst'one
1412 4218 1880 4278 Petrocom'ensis
1920 4220 2151 4299 synodi,
2212 4240 2352 4301 cap.
2409 4225 2513 4292 40,
2577 4224 3072 4301 mystagogicam
3118 4225 3435 4297 quartam,
3497 4234 3628 4283 seu,
3698 4221 3770 4274 ut

342 4342 467 4401 ego
506 4338 789 4384 numero,
828 4317 1185 4377 vicesimam
1218 4315 1557 4374 secundam
1615 4317 2021 4390 catechesim,
2081 4325 2143 4379 et
2197 4320 2258 4379 in
2315 4339 2453 4399 cap.
2490 4323 2568 4381 38
2616 4321 3041 4397 fragmentum
3079 4316 3532 4396 mystagugicm
3568 4312 3766 4372 tertia

343 4439 459 4482 seu
494 4418 810 4478 vici-sima:
863 4416 1081 4491 primm
1114 4416 1325 4473 Graece
1355 4412 1658 4472 ediderat.
1720 4421 1891 4491 (lpus
1947 4436 2129 4476 suum
2164 4419 2434 4479 absolvit
2489 4419 2829 4480 Grodecins
2862 4418 3139 4477 nondum
3174 4414 3432 4473 dimisso
3464 4408 3757 4481 concilio,

346 4536 427 4580 ac
460 4515 896 4595 prmfationem
948 4530 1125 4573 suam
1181 4510 1499 4589 inscripsit
1556 4509 1861 4581 Tridenti,
1922 4512 2022 4573 die
2057 4535 2223 4576 nona
2277 4517 2427 4577 Julii
2481 4537 2584 4577 an.
2650 4520 2827 4575 1563.
2892 4517 3041 4576 Haec
3099 4510 3537 4589 interpretatio
3596 4525 3765 4567 anno

349 4625 674 4695 sequente,
737 4613 974 4680 Romae,
1037 4609 1333 4676 Colonias,
1396 4607 1775 4684 Antuerpim,
1829 4611 2080 4670 Parisiis
2109 4632 2339 4673 excusa
2373 4632 2388 4687 ;
2424 4616 2589 4692 quod
2626 4614 3091 4674 Ca'holicorum
3129 4610 3318 4687 hujus
3351 4608 3489 4667 libri
3525 4602 3774 4681 legendi

347 4714 562 4776 studia
618 4711 919 4771 declarat.
980 4707 1362 4780 Quinetiam
1435 4706 1739 4767 Cvrillum
1802 4708 1963 4768 idem
2025 4730 2229 4772 annus
2288 4714 2519 4773 Gallice
2580 4713 2941 4791 loquentem
3003 4710 3177 4779 vidit,
3241 4725 3435 4784 opera
3473 4701 3765 4762 Ludovici

350 4813 547 4875 Ganei
579 4810 695 4890 (ita
727 4809 892 4869 enim
925 4826 989 4866 se
1020 4806 1152 4884 ipse
1182 4804 1243 4864 in
1276 4803 1705 4864 Admont'tzone
1761 4806 1847 4865 ad
1904 4807 2205 4868 Lectorem
2266 4812 2501 4890 vocat),
2536 4812 2641 4888 qui
2693 4809 3066 4870 Grodecium
3127 4807 3188 4864 in
3222 4804 3516 4864 omnibus
3545 4803 3767 4860 «lucem

353 4918 632 4977 secutus,
692 4925 837 4987 qua
884 4905 1018 4965 istas
1081 4904 1298 4963 Latine
1374 4910 1765 4980 peccaverat,
1836 4911 2055 4966 eadem
2112 4910 2445 4969 vernacule
2502 4908 2841 4968 commisit.
2902 4909 2981 4968 Ut
3039 4904 3254 4983 paucis
3311 4917 3626 4978 exponam
3691 4899 3769 4956 de

357 5009 754 5072 Grodeciana
784 5004 1060 5063 editione
1117 5001 1269 5080 quid
1297 5001 1588 5078 sentiam,
1646 5001 1787 5077 plus
1834 5021 1898 5062 se
1933 5005 2179 5065 veritati
2222 5006 2610 5066 consuluisse
2641 5007 2747 5069 ait.
2786 5022 2975 5082 quam
3022 5001 3374 5079 elegantias,
3412 5018 3522 5056 nec
3554 5006 3773 5056 tamen

352 5112 530 5171 caret
554 5102 1279 5182 elegantiachcmrunt
1333 5100 1596 5158 lacunas.
1658 5098 2201 5181 interpolationes,
2263 5103 2503 5164 vitiosa
2562 5104 2858 5163 lectiones
2922 5118 2936 5172 ;
2998 5103 3101 5159 sed
3162 5098 3474 5157 collinum.
3541 5095 3776 5169 quibus

352 5226 503 5267 usus
552 5213 667 5275 est,
718 5201 871 5259 vitio
928 5197 1301 5256 tribuendas.
1360 5196 1521 5254 Dum
1579 5196 1840 5256 verbum
1900 5206 1962 5258 et
2022 5200 2290 5259 litteram
2346 5202 2406 5261 in
2442 5199 2915 5278 interpietando
2974 5197 3281 5274 sequitur.
3341 5196 3647 5254 obseurus
3704 5189 3781 5248 fit

342 5302 667 5367 interdum
727 5318 802 5360 ac
864 5294 1217 5354 barbarus:
1282 5310 1356 5351 ac
1413 5309 1580 5366 saspe
1634 5311 1671 5351 a
1700 5312 1880 5355 sensu
1942 5299 2304 5356 Graecarum
2336 5317 2558 5357 vocum
2589 5299 2861 5366 aberrat,
2897 5297 3042 5352 dum
3083 5292 3279 5369 tiiagis
3311 5292 3578 5349 attendit
3630 5284 3759 5361 juid

343 5403 517 5482 apud
578 5395 1039 5480 grammaticos
1101 5389 1476 5460 significent,
1539 5408 1728 5467 quam
1764 5394 1911 5468 quid
1942 5394 2059 5453 sibi
2091 5399 2253 5473 apud
2288 5398 2586 5473 Cyrillum
2623 5397 2836 5455 velint.
2869 5394 3111 5455 Similia
3147 5390 3428 5468 peccavit
3459 5388 3516 5446 in
3579 5385 3765 5482 mulis

342 5480 707 5565 ecclesiasti-
733 5497 788 5557 is
822 5491 1109 5559 vocibus,
1141 5505 1410 5566 quarum
1447 5488 1573 5546 vim
1624 5494 1687 5547 et
1717 5491 2091 5551 sententiam
2153 5494 2487 5571 ignoravit.
2547 5493 2854 5571 Exemplo
2911 5492 3028 5550 erit
3088 5492 3258 5546 locus
3320 5493 3423 5545 cat
3476 5488 3537 5559 5,
3574 5502 3632 5539 η.
3673 5480 3778 5550 12,

337 5601 453 5666 ubi
484 5599 675 5663 ﬁdem
708 5598 845 5659 sive
878 5587 1238 5671 symbolum
1270 5585 1541 5667 Cyrilius
1566 5586 1740 5648 aliud
1798 5589 1876 5664 ei,
1937 5591 2110 5671 quod
2163 5600 2300 5655 erat
2357 5594 2724 5666 traditurus,
2750 5589 2991 5653 addisci
3020 5593 3131 5649 aut
3160 5584 3367 5646 cll‘crri
3401 5591 3641 5650 vetans,
3670 5575 3762 5634 sic

3774 5896 3851 5959 1"
