4094 6282
338 352 425 415 1⁸1
1830 349 2280 414 ΡΗΑΞΡΑΊῚΟ.
3695 357 3771 415 18

341 484 463 546 sibi
536 480 769 545 conscii
835 480 981 552 sint,
1017 487 1078 542 et
1122 481 1486 561 equitatem
1520 501 1770 543 omnem
1809 503 1934 543 una
1955 502 2095 544 cum
2126 487 2386 549 veritate
2435 488 2839 568 projecerint.
2891 495 3204 550 Tenemus
3249 488 3367 547 hoc
3412 487 3550 547 loco
3584 488 3766 547 Rive-

344 593 478 643 tum
515 591 576 644 et
606 582 997 643 Albertinum
1048 581 1112 640 in
1173 581 1581 658 improbitate
1639 582 1991 641 manifesta.
2048 585 2210 644 Nam
2266 604 2407 663 quas
2471 588 2547 645 de
2604 589 2938 663 praesentia
2999 589 3171 651 reali,
3213 584 3766 644 traussubstantia-

347 683 519 743 tione
551 680 869 755 suffragiis
899 690 1287 751 sanctorum,
1330 680 1622 758 precibus
1673 699 1784 758 pro
1844 681 2106 740 mortuis
2159 701 2195 741 a
2250 684 2560 745 Grodecio
2617 696 2677 745 et
2737 686 3021 745 Prevotio
3070 691 3283 742 assuta
3328 685 3757 761 pronuntiant,

348 801 424 843 ea
492 781 555 838 in
627 778 922 839 omnibus
993 777 1314 837 codicibus
1388 796 1531 837 mss.
1609 776 1669 836 in
1728 785 2007 839 veterum
2071 781 2265 853 libris,
2352 790 2419 843 ut
2493 784 2792 844 Eustratii
2868 786 2975 863 qui
3024 790 3255 843 saaculo
3331 782 3586 859 sptimo.
3638 782 3758 842 Ni-

348 879 523 941 conis
565 878 676 955 qui
726 876 973 936 decimo
1022 875 1295 953 scripsit,
1339 876 1401 935 in
1456 876 1668 936 libello
1718 879 1934 937 Grmco

2143 890 2239 939 τῶν
2272 886 2432 941 θείων
2467 888 2816 964 μυστηρίων,
2868 884 3126 942 totidem
3189 880 3390 939 verbis
3463 897 3760 957 expressa

345 977 774 1054 reperiuntur.
808 973 1156 1035 Grodecius
1181 975 1262 1035 ab
1292 975 1463 1035 edito
1515 982 1655 1052 post
1684 994 1826 1035 eum
1861 984 2158 1037 contextu
2224 981 2437 1039 multis
2476 981 2580 1040 ille
2613 983 2872 1059 quidem
2909 981 3060 1039 locis
3090 981 3405 1055 discrepat
3439 996 3453 1047 ;
3488 980 3590 1035 sed
3625 977 3757 1038 haec

348 1075 774 1154 discrepantia
804 1073 1130 1133 codicnbus
1188 1092 1348 1152 quos
1408 1073 1719 1137 adhibuit.
1756 1092 1877 1134 non
1914 1074 2116 1135 fraudi
2175 1077 2530 1139 tribuenda.
2592 1082 2755 1140 Nam
2812 1090 3207 1158 quaecunque
3239 1078 3317 1136 ab
3373 1096 3443 1137 eo
3502 1086 3763 1155 praeter-

350 1173 559 1245 missa,
593 1173 656 1232 in
693 1171 1023 1231 nonnullis
1081 1189 1225 1230 mss.
1289 1171 1517 1230 desunt
1577 1189 1592 1242 ;
1652 1189 1794 1249 quas
1851 1191 1998 1232 vero
2056 1174 2294 1246 addita,
2353 1176 2642 1236 similiter
2703 1180 2764 1235 in
2815 1177 3033 1237 iisdem
3089 1184 3199 1235 aut
3248 1177 3386 1234 aliis
3446 1174 3765 1251 leguntur.

351 1270 620 1334 Prevotii
665 1269 1056 1330 incredibilis
1088 1268 1310 1347 religio
1349 1268 1411 1329 in
1469 1269 1898 1330 describendis
1954 1271 2296 1345 codicibus,
2334 1292 2371 1333 a
2401 1274 2636 1352 quibus
2692 1281 2760 1334 ut
2789 1275 3158 1343 discederet,
3222 1291 3335 1332 nec
3379 1271 3772 1332 Grodeciana

342 1367 808 1446 interpretatio,
845 1384 961 1427 nec
987 1366 1315 1443 Cyritliani
1344 1366 1704 1443 argumenti
1730 1367 2147 1438 continuatio,
2183 1387 2297 1429 nec
2336 1389 2544 1433 causas
2598 1371 2924 1432 catholica:
2973 1371 3247 1430 studium
3278 1370 3436 1428 tanti
3486 1368 3542 1428 ei
3570 1368 3769 1427 fuere.

348 1467 556 1528 Unum
594 1464 785 1542 hujus
834 1463 922 1523 rei
966 1463 1327 1541 exemplum
1380 1463 1812 1541 subjiciemus,
1884 1467 2175 1544 quamvis
2225 1469 2425 1528 multa
2474 1468 2809 1548 possimus.
2861 1467 3133 1546 Cyrillus
3179 1467 3420 1526 catecli.
3474 1468 3575 1537 22,
3628 1482 3764 1544 my-

354 1569 516 1641 stag.
549 1567 610 1636 4,
648 1581 819 1621 num.
848 1564 907 1632 2,
944 1579 1177 1639 aquam
1203 1559 1511 1621 aChristo
1540 1562 1603 1621 in
1637 1561 1850 1622 vinum
1883 1564 2174 1641 sanguini
2219 1565 2408 1626 afﬂne
2453 1585 2820 1628 conversam
2867 1567 3279 1633 demonstrat,
3327 1571 3390 1623 et
3436 1563 3647 1622 vinum
3700 1561 3765 1622 in

349 1660 723 1739 sanguinem
782 1659 1057 1720 mutanti
1113 1659 1496 1720 credendum
1549 1677 1682 1720 esse
1738 1661 2078 1723 concludit.
2143 1664 2506 1739 Grodecius,
2573 1665 2683 1744 qui
2755 1663 2820 1724 in
2877 1683 2990 1724 suo
3048 1664 3263 1724 codice
3296 1663 3762 1740 legeratotxdov

347 1770 566 1838 αἵματι,
604 1758 810 1825 vertit,
848 1766 917 1817 ut
941 1776 1055 1836 par
1074 1764 1232 1826 erat,
1260 1755 1433 1838 αῄἲηὶ
1459 1758 1748 1836 sanguini
1779 1776 1794 1831 ;
1824 1777 1967 1837 qum
1997 1758 2248 1837 legendi
2276 1763 2438 1823 ratio
2494 1763 2696 1840 magis
2744 1762 2821 1823 ad
2882 1760 3263 1822 catholicum
3323 1761 3556 1838 dogma
3607 1777 3761 1820 con-

352 1855 735 1917 ﬂrmandum
764 1854 1079 1933 apposita.
1112 1858 1193 1915 At
1218 1856 1550 1916 Prevotius
1581 1874 1720 1915 cum
1753 1855 1816 1915 in
1848 1857 1977 1916 suis
2002 1858 2324 1919 codicibus
2376 1859 2628 1938 legisset
2654 1864 2841 1938 οἰκείῳ
2869 1864 3123 1937 νεύματι.
3184 1858 3300 1918 etsi
3334 1863 3581 1935 poterat
3631 1873 3764 1916 me-

358 1954 576 2015 liorem
631 1953 965 2014 lectionem
1034 1972 1113 2014 ex
1170 1952 1475 2015 Grodecio
1525 1960 1589 2014 et
1642 1954 1833 2014 Hosio
1892 1957 2194 2026 mutuari,
2251 1956 2474 2018 maluit
2525 1958 2922 2018 occasionem
2983 1958 3300 2035 dogmatis
3349 1952 3770 2016 conﬁrmandi

354 2051 866 2133 prmtermittere,
923 2069 1114 2129 quam
1175 2050 1258 2111 ab
1314 2051 1602 2111 instituta
1656 2052 1721 2111 in
1778 2051 2191 2114 describendo
2248 2055 2577 2133 diligentia
2620 2056 2935 2117 recedere.
2996 2054 3290 2116 Judicent
3358 2054 3552 2131 igitur
3604 2050 3773 2130 sequi

360 2151 779 2212 mstimatores
803 2168 884 2208 an
918 2147 1189 2209 resideat
1213 2148 1275 2208 in
1307 2156 1481 2208 tanta
1511 2149 1848 2210 timiditate
1876 2152 2131 2213 nefarias
2163 2153 2400 2213 fraudis
2431 2154 2730 2231 suspicio.

426 2251 536 2310 ,\I.
592 2247 793 2309 Hiberi
840 2251 908 2305 in
957 2244 1266 2327 Cyrillum
1312 2248 1526 2326 inepta
1577 2246 2146 2311 animadrersiones.
2222 2285 2295 2297 -—
2348 2253 2660 2324 Quoniam
2713 2251 2775 2311 in
2824 2252 3110 2311 Rivetum
3164 2248 3518 2311 incidimus.
3579 2264 3772 2308 morm

348 2345 630 2427 pretium
666 2344 916 2406 videtur
970 2346 1216 2423 ineptas
1275 2343 1412 2424 ejus
1466 2344 1530 2403 in
1590 2345 1891 2424 Cyrillum
1941 2347 2522 2409 animadversiones
2580 2350 2833 2417 referre,
2893 2348 2973 2407 de
3030 2347 3261 2425 quibus
3318 2344 3566 2404 dicendi
3596 2344 3770 2405 aliud

349 2452 612 2521 tempus
644 2462 768 2503 non
793 2449 1106 2503 occurret.
1141 2446 1200 2505 Is
1225 2461 1395 2503 anno
1428 2444 1605 2511 1610,
1641 2462 1766 2502 non
1801 2444 2001 2505 multo
2059 2453 2200 2523 post
2257 2445 2594 2505 editionem
2655 2445 3125 2507 Prevotianam.
3182 2442 3475 2504 Critia-am
3530 2459 3762 2502 sacram

349 2540 414 2601 in
448 2543 654 2602 lucem
687 2541 944 2613 emisit;
980 2559 1107 2617 quo
1136 2540 1198 2600 in
1229 2558 1419 2618 opere
1450 2558 1591 2599 cum
1616 2539 1829 2617 inepta
1876 2542 1952 2601 de
2006 2543 2249 2603 casteria
2305 2543 2718 2620 scriptoribus
2771 2542 3031 2603 arbitria
3076 2541 3287 2607 faciat.
3327 2541 3490 2600 haud
3526 2539 3654 2599 scio
3683 2558 3764 2600 an

353 2639 433 2700 de
454 2639 691 2718 Cyrillo
720 2637 1395 2717 ineptissimejudicet.
1435 2638 1568 2698 Lib.
1604 2655 1692 2707 In,
1730 2657 1869 2717 cap.
1924 2641 2020 2713 l8,
2082 2648 2354 2719 nugator
2385 2641 2491 2701 ille
2545 2643 2670 2701 duo
2728 2640 3123 2721 potissimum
3156 2641 3404 2699 etticere
3456 2644 3762 2713 conatur;

364 2740 427 2800 1ο
457 2738 777 2815 permulta
802 2736 1029 2797 essein
1094 2734 1511 2797 Catrchesilms
1540 2735 1753 2816 Cyrilli
1810 2737 2124 2798 editorum
2188 2740 2408 2801 fraude
2459 2741 2749 2813 intexta;
2811 2743 2876 2799 2ο
2907 2738 3218 2817 permulta
3274 2754 3415 2795 cum
3449 2735 3768 2796 erroribus

360 2834 842 2899 Pontificiorum
874 2834 988 2913 (ita
1020 2833 1253 2912 dogma
1285 2834 1662 2894 catholicum
1698 2834 2007 2914 appellat)
2059 2837 2318 2898 omnino
2379 2838 2747 2916 pugnantia.
2808 2836 2953 2913 Sed,
2988 2836 3040 2896 si
3069 2837 3340 2894 editores
3370 2834 3771 2893 inseruerunt

356 2950 506 3012 qum
534 2933 820 3010 dogmati
843 2952 954 2992 mo
1002 2932 1306 3001 lavarent,
1369 2935 1786 3011 quamobrem
1844 2952 1983 3010 quas
2045 2934 2416 3012 pugnabant
2465 2954 2589 2996 non
2625 2936 2844 2995 eadem
2898 2935 3150 2994 licentia
3201 2931 3773 2992 sustulerunt?Ita

348 3029 480 3090 sibi
510 3031 643 3108 ipse
669 3030 981 3108 obstrepit
1009 3030 1264 3090 ltivetus
1315 3035 1378 3090 et
1429 3048 1641 3090 secum
1697 3036 1961 3109 pugnat.
2000 3033 2148 3108 Ejus
2179 3034 2257 3093 de
2288 3033 2671 3112 interpolato
2731 3031 2962 3109 Cyrillo
3019 3030 3264 3089 somnia
3329 3027 3770 3089 dissertatione

354 3129 636 3188 secunda
692 3118 1023 3189 referimus
1076 3133 1136 3187 et
1194 3126 1627 3206 proﬂigamus,
1687 3127 1797 3188 ubi
1858 3128 2245 3190 Caleclteseon
2299 3130 2727 3209 integritatem
2776 3128 3215 3189 vindicamus:
3262 3143 3376 3186 nec
3406 3143 3557 3184 sane
3603 3125 3774 3204 quis-

347 3243 542 3304 quam
574 3225 803 3305 estqui
868 3243 992 3286 non
1048 3225 1258 3286 videat
1319 3225 1492 3285 aliud
1541 3214 1746 3287 causas
1799 3228 2019 3288 Riveto
2072 3246 2197 3287 non
2244 3227 2433 3288 fuisse
2477 3246 2589 3288 cur
2638 3226 2940 3306 Cyrillum
2990 3224 3437 3303 interpolatum
3480 3223 3764 3300 lingeret,

349 3324 470 3385 nisi
500 3324 670 3402 quod
731 3324 871 3402 ejus
925 3323 1425 3383 testimoniorum
1485 3324 1611 3383 vim
1669 3326 1852 3384 aliter
1908 3325 2184 3403 effugere
2235 3345 2359 3387 non
2416 3332 2645 3396 posset.
2704 3327 2855 3393 Qum
2903 3341 3050 3383 vero
3108 3341 3250 3382 cum
3294 3321 3764 3381 Catholicorum

349 3422 672 3484 erroribus
707 3439 992 3501 pugnare
1017 3420 1409 3498 pronuntiat,
1442 3440 1516 3482 ea
1545 3422 1641 3481 vel
1674 3422 1751 3482 ad
1781 3422 2131 3483 doctrinam
2177 3423 2472 3485 Ecclesia
2521 3423 2683 3482 falso
2735 3422 3143 3500 assignatam,
3179 3420 3277 3479 vel
3310 3420 3387 3479 ad
3438 3419 3765 3497 Opiniones

355 3538 482 3580 non
515 3519 951 3597 impermissas
980 3518 1143 3577 inter
1174 3518 1504 3595 theologos
1525 3519 1906 3590 referuntur,
1966 3519 2067 3578 vel
2123 3519 2204 3578 ad
2264 3520 2420 3580 ritus
2476 3522 2838 3599 antiquosa
2889 3520 3120 3598 quibus
3180 3517 3310 3596 jam
3341 3517 3759 3590 desuevimus,

358 3618 453 3677 vel
477 3618 555 3677 ad
579 3617 923 3677 sententias
953 3634 1095 3693 qum
1124 3616 1273 3675 olim
1309 3634 1434 3674 non
1466 3615 1616 3674 satis
1647 3615 2002 3693 explicatas.
2035 3617 2352 3677 communi
2386 3624 2604 3694 postea
2644 3635 2952 3678 consensu
3005 3616 3305 3685 definitae,
3351 3616 3449 3675 vel
3508 3615 3763 3675 tandem

352 3716 435 3778 ad
465 3716 607 3794 ipsa
662 3713 955 3775 Ecclesia
1015 3713 1343 3774 catholicae
1369 3714 1693 3791 dogmata,
1727 3713 1955 3791 quibus
1986 3714 2342 3775 cavillando
2372 3723 2435 3776 et
2466 3716 2763 3795 nugando
2797 3715 3091 3776 tenebras
3120 3714 3446 3774 otl‘undere
3476 3722 3763 3781 conatur.

351 3814 446 3874 Ad
503 3813 775 3891 primum
836 3831 1036 3891 genus
1094 3831 1318 3872 revoco
1377 3812 1706 3872 lectionem
1766 3813 2260 3891 Scripturarum,
2304 3832 2494 3892 quam
2548 3833 2586 3875 a
2635 3814 2869 3892 Cyrillo
2926 3811 3431 3873 commendatam
3489 3830 3526 3871 a
3583 3813 3767 3876 nobis

350 3910 676 3990 prohiberi
707 3909 1006 3971 mentitur
1040 3929 1053 3969 :
1090 3909 1434 3969 efficaciam
1472 3909 1792 3987 baptismi,
1827 3927 2017 3987 quam
2054 3929 2089 3970 a
2121 3909 2352 3989 Cyrillo
2375 3911 2638 3989 Spiritui
2668 3916 2910 3979 sancto,
2972 3929 3009 3968 a
3063 3908 3242 3967 nobis
3273 3909 3448 3984 operi
3506 3919 3767 3986 operato

345 4009 540 4069 tribui
573 4007 905 4068 conﬁrmat
954 4023 969 4076 ;
999 4007 1178 4083 quasi
1209 4025 1370 4084 opus
1398 4006 1857 4066 sacramentale
1888 4025 1923 4066 a
1973 4007 2208 4086 Spiritu
2269 4016 2489 4068 sancto
2519 4014 2582 4067 et
2608 4007 2976 4085 operatione
3007 4004 3221 4063 divina
3277 4004 3685 4065 dissociemus
3747 4027 3761 4083 ;

347 4106 541 4166 fidem
576 4106 946 4183 dogmatum
984 4112 1047 4163 et
1078 4104 1262 4164 tidem
1294 4106 1767 4176 miraculorum,
1803 4122 1994 4183 quam
2031 4122 2069 4164 a
2099 4106 2333 4184 tlyrillo
2363 4104 2689 4183 distingui.
2726 4122 2764 4163 a
2795 4103 2974 4162 nobis
3005 4101 3306 4163 confundi
3340 4104 3517 4179 tingit
3556 4122 3570 4174 ;
3620 4122 3761 4165 cum

351 4222 543 4264 nemo
572 4201 925 4263 catholicus
953 4202 1203 4280 ignoret
1233 4202 1499 4280 primam
1556 4206 1691 4262 sine
1723 4203 2000 4263 secunda
2056 4202 2185 4263 fere
2239 4221 2489 4281 semper
2545 4202 2931 4262 consistere:
2995 4199 3476 4259 eucharisticam
3537 4219 3764 4260 conse-

347 4303 724 4373 crationem,
756 4318 947 4379 quam
972 4318 1010 4359 a
1039 4298 1677 4378 Cyrilloinvocatiuni
1726 4300 2075 4371 Trinitatis,
2109 4319 2146 4360 a
2178 4300 2358 4361 nobis
2419 4301 2749 4360 verborum
2810 4299 3038 4359 Christi
3105 4297 3403 4357 elficaciaa
3451 4298 3762 4375 assignari

345 4400 500 4461 dicit
534 4417 550 4473 ;
584 4398 873 4477 quamvis
904 4416 1020 4458 nec
1074 4397 1346 4475 Cyrillus
1375 4398 1435 4456 vi
1466 4397 1827 4467 verborum,
1896 4416 2006 4457 nec
2037 4398 2338 4469 Ecclesia,
2375 4416 2518 4476 qum
2565 4397 2721 4457 nihil
2753 4416 2829 4457 ea
2874 4398 2950 4457 de
2996 4414 3061 4455 re
3091 4394 3374 4462 sancivit,
3412 4395 3470 4453 vi
3504 4414 3757 4473 precum

345 4495 914 4558 etinvocationum
945 4494 1291 4573 quidquam
1343 4493 1627 4572 deroget.
1690 4496 2048 4555 Secundum
2109 4513 2307 4573 genus
2364 4502 2606 4573 spectat
2659 4494 2923 4556 Joannis
2982 4493 3353 4568 baptismus,
3405 4492 3506 4552 cui
3536 4493 3755 4552 remis-

343 4595 587 4657 sionem
626 4601 1023 4671 peccatorum
1061 4594 1164 4667 qui
1196 4592 1475 4654 tribuere
1522 4593 1767 4666 nolunt,
1830 4611 1938 4673 eos
1968 4594 2182 4673 Cyrilli
2241 4594 2550 4654 sententia
2584 4593 2751 4653 feriri
2800 4592 3190 4671 pronuntiat.
3251 4590 3450 4650 Aliter
3502 4592 3755 4668 quidem

342 4711 421 4754 ea
449 4695 528 4753 de
564 4710 630 4753 re
654 4692 866 4752 multis
898 4689 1185 4750 Patribus
1209 4690 1435 4767 visum,
1468 4690 1653 4751 aliter
1700 4690 1885 4752 hodie
1930 4672 2261 4770 opterisque
2321 4691 2634 4767 theologis
2676 4691 2925 4752 videtur
2976 4708 2989 4746 :
3025 4690 3128 4747 sed
3192 4688 3527 4765 unicuique
3562 4689 3758 4750 libera

343 4790 535 4852 datur
562 4788 836 4868 eligendi
864 4788 1064 4867 optio,
1126 4789 1313 4846 modo
1364 4805 1443 4847 ne
1498 4788 1758 4848 Joannis
1810 4789 2123 4866 baptismo
2175 4789 2459 4848 eamdem
2517 4796 2579 4847 et
2634 4805 2843 4867 parem
2905 4786 3026 4845 vim
3062 4803 3135 4844 ac
3195 4794 3408 4844 n0stro
3455 4787 3748 4854 ascribat,

341 4890 512 4967 quod
546 4906 583 4948 a
624 4887 858 4967 Cyrillo
919 4887 1286 4963 caeterisque
1347 4884 1635 4962 Patribus
1689 4885 1962 4946 alienum
2019 4887 2297 4961 synodus
2349 4886 2721 4947 Tridentina
2776 4884 2892 4943 sub
2941 4884 3345 4943 anathemate
3402 4884 3747 4946 damnavit.

343 4990 584 5049 Caetera
618 5004 739 5046 non
776 4985 1000 5045 melius
1029 4984 1253 5044 Riveto
1308 4983 1698 5055 succedunt;
1764 4985 1927 5044 velut
1964 5002 2104 5043 cum
2165 4983 2385 5059 objicit
2444 4986 2641 5043 multa
2690 4983 2856 5060 apud
2892 5000 3004 5040 nos
3038 4978 3370 5039 interdicta
3427 4999 3462 5039 a
3516 4983 3750 5062 Cy~illo

345 5084 626 5165 praecipi,
665 5092 733 5143 ut
763 5100 994 5160 corpus
1055 5079 1295 5139 Domini
1354 5081 1543 5139 etiam
1610 5080 1752 5140 lairi
1813 5100 1996 5140 manu
2061 5082 2424 5156 suscipiant,
2485 5079 2740 5139 calicem
2803 5078 3040 5138 bibant.
3105 5088 3165 5136 σοι
3200 5078 3445 5137 residuo
3477 5079 3535 5136 in
3575 5083 3752 5142 labiis

339 5183 609 5243 humore
640 5183 857 5242 oculos
890 5188 953 5240 et
984 5189 1243 5239 cmterus
1275 5196 1492 5236 Sensus
1558 5178 1890 5251 perlinant.
1942 5180 2091 5250 Quis
2152 5198 2271 5236 non
2311 5178 2475 5236 videt
2553 5181 2683 5237 llaec
2742 5177 2954 5235 omnia
3000 5174 3170 5234 aliud
3225 5175 3375 5233 nihil
3454 5197 3584 5234 esse
3638 5178 3752 5239 nisi

337 5283 493 5343 ritus
534 5290 595 5342 et
628 5282 1051 5343 caerimonias,
1089 5276 1320 5352 qumin
1382 5275 1658 5335 Etclesia
1718 5278 1938 5336 Latina
2001 5277 2225 5353 partim
2285 5274 2581 5339 desuetae.
2637 5275 2861 5351 partim
2922 5282 3091 5332 certo
3142 5273 3402 5331 eun-ilio
3472 5287 3750 5346 munitm,

334 5399 658 5458 nunquam
689 5389 900 5439 tamen
932 5381 1041 5435 aut
1073 5375 1129 5433 in
1165 5373 1442 5451 antiquis
1472 5377 1790 5435 damnatas
1823 5376 2097 5434 fuerunt.
2132 5383 2241 5432 aut
2297 5374 2356 5431 in
2418 5375 2668 5441 (irasci-3
2721 5376 2826 5448 qui
2887 5390 3099 5431 eavnm
3171 5380 3407 5448 partem
3471 5376 3748 5449 aliquam

328 5482 602 5542 retinent
633 5480 865 5550 ?Quod
900 5482 1027 5534 autc
1057 5490 1112 5530 m
1147 5474 1221 5530 tle
1273 5472 1740 5548 Scripturarutn
1777 5493 1945 5532 cuum

2125 5472 2269 5533 rrilli
2326 5489 2465 5530 cum
2512 5472 2801 5531 Evclesiis
2864 5469 3211 5528 reformatis
3245 5473 3742 5534 rousvnsiouem,

328 5602 358 5641 υ
393 5580 737 5641 Cathtiltcis
784 5595 933 5635 vero
962 5570 1638 5655 dissemiouemjamat
1696 5589 1836 5630 eum
1892 5570 2021 5629 falli
2068 5583 2129 5628 et
2188 5571 2401 5628 lallere
2458 5572 2965 5629 (lentonslramus
3020 5568 3264 5624 dissert.
3318 5582 3406 5630 In.
3470 5586 3605 5641 cap.
3648 5571 3742 5633 13,

329 5699 506 5744 num.
545 5681 647 5742 95.
701 5674 1015 5739 Similiter
1044 5686 1185 5745 quas
1217 5677 1515 5730 adversus
1573 5670 1941 5730 traditiones
1987 5677 2047 5731 et
2107 5669 2867 5730 transsubstantiationem
2934 5667 3236 5723 violenter
3288 5663 3641 5741 detorquet,
3682 5658 3745 5716 ni

3820 5882 3821 5887 η
3838 5806 3925 5863 Γ
