  <div class='ocr_page' id='page_1' title='image "/cluster/home/n/w/nwhite01/storage/ocr_20150623/33/mdp.39015078384412/017.png"; bbox 0 0 4090 6268; ppageno 0'>
   <div class='ocr_carea' id='block_1_1' title="bbox 326 415 3733 493">
    <p class='ocr_par' dir='ltr' id='par_1_1' title="bbox 326 415 3733 493">
     <span class='ocr_line' id='line_1_1' title="bbox 326 415 3733 493; baseline -0.001 -10"><span class='ocrx_word' id='word_1_1' title='bbox 326 432 403 493; x_wconf 73' lang='grc'>19</span> <span class='ocrx_word' id='word_1_2' title='bbox 1802 418 2249 482; x_wconf 69' lang='grc' dir='ltr'><strong>ΡΕΕΡΑΤΙΟ.</strong></span> <span class='ocrx_word' id='word_1_3' title='bbox 3651 415 3733 478; x_wconf 70' lang='grc'><strong>20</strong></span> 
     </span>
    </p>
   </div>
   <div class='ocr_carea' id='block_1_2' title="bbox 326 550 3728 634">
    <p class='ocr_par' dir='ltr' id='par_1_2' title="bbox 326 550 3728 634">
     <span class='ocr_line' id='line_1_2' title="bbox 326 550 3728 634; baseline -0.004 -7"><span class='ocrx_word' id='word_1_4' title='bbox 326 566 546 627; x_wconf 87' lang='lat' dir='ltr'><strong>eadem</strong></span> <span class='ocrx_word' id='word_1_5' title='bbox 578 558 1016 623; x_wconf 75' lang='lat' dir='ltr'><strong>dissertatione</strong></span> <span class='ocrx_word' id='word_1_6' title='bbox 1037 556 1441 619; x_wconf 75' lang='lat' dir='ltr'><strong>vindicamus</strong></span> <span class='ocrx_word' id='word_1_7' title='bbox 1480 572 1625 634; x_wconf 90' lang='lat' dir='ltr'><strong>cap.</strong></span> <span class='ocrx_word' id='word_1_8' title='bbox 1678 556 1736 627; x_wconf 88' lang='lat'><strong>9,</strong></span> <span class='ocrx_word' id='word_1_9' title='bbox 1804 555 1900 624; x_wconf 78' lang='lat' dir='ltr'><strong>to,</strong></span> <span class='ocrx_word' id='word_1_10' title='bbox 1958 554 2053 615; x_wconf 78' lang='lat'><strong>13.</strong></span> <span class='ocrx_word' id='word_1_11' title='bbox 2111 554 2528 625; x_wconf 85' lang='lat' dir='ltr'><strong>Quamobrem</strong></span> <span class='ocrx_word' id='word_1_12' title='bbox 2587 555 2821 617; x_wconf 84' lang='lat' dir='ltr'><strong>omisso</strong></span> <span class='ocrx_word' id='word_1_13' title='bbox 2878 553 3104 618; x_wconf 88' lang='lat' dir='ltr'><strong>Riveto</strong></span> <span class='ocrx_word' id='word_1_14' title='bbox 3161 551 3242 614; x_wconf 89' lang='lat' dir='ltr'><strong>ad</strong></span> <span class='ocrx_word' id='word_1_15' title='bbox 3274 550 3577 614; x_wconf 83' lang='lat' dir='ltr'><strong>editiones</strong></span> <span class='ocrx_word' id='word_1_16' title='bbox 3606 553 3728 629; x_wconf 87' lang='lat' dir='ltr'><strong>Cy-</strong></span> 
     </span>
    </p>
   </div>
   <div class='ocr_carea' id='block_1_3' title="bbox 323 666 821 727">
    <p class='ocr_par' dir='ltr' id='par_1_3' title="bbox 323 666 821 727">
     <span class='ocr_line' id='line_1_3' title="bbox 323 666 821 727; baseline -0.016 -1"><span class='ocrx_word' id='word_1_17' title='bbox 323 666 446 727; x_wconf 87' lang='lat' dir='ltr'><strong>rilli</strong></span> <span class='ocrx_word' id='word_1_18' title='bbox 473 667 821 724; x_wconf 74' lang='lat' dir='ltr'><strong>redeamus.</strong></span> 
     </span>
    </p>
   </div>
   <div class='ocr_carea' id='block_1_4' title="bbox 404 748 3723 836">
    <p class='ocr_par' dir='ltr' id='par_1_4' title="bbox 404 748 3723 836">
     <span class='ocr_line' id='line_1_4' title="bbox 404 748 3723 836; baseline -0.004 -12"><span class='ocrx_word' id='word_1_19' title='bbox 404 767 534 824; x_wconf 85' lang='lat' dir='ltr'><strong>Xll.</strong></span> <span class='ocrx_word' id='word_1_20' title='bbox 571 760 788 824; x_wconf 71' lang='lat' dir='ltr'><strong>Eiitz’o</strong></span> <span class='ocrx_word' id='word_1_21' title='bbox 819 755 1161 836; x_wconf 74' lang='lat' dir='ltr'><strong>Anglicana</strong></span> <span class='ocrx_word' id='word_1_22' title='bbox 1218 754 1340 817; x_wconf 76' lang='lat' dir='ltr'><strong>viri</strong></span> <span class='ocrx_word' id='word_1_23' title='bbox 1389 754 1465 814; x_wconf 85' lang='lat' dir='ltr'><strong>cl.</strong></span> <span class='ocrx_word' id='word_1_24' title='bbox 1532 751 1765 813; x_wconf 60' lang='lat' dir='ltr'><strong>Thema</strong></span> <span class='ocrx_word' id='word_1_25' title='bbox 1813 748 2041 811; x_wconf 80' lang='lat' dir='ltr'><strong>Milles.</strong></span> <span class='ocrx_word' id='word_1_26' title='bbox 2105 784 2179 797; x_wconf 77' lang='grc' dir='ltr'><strong>-ο</strong></span> <span class='ocrx_word' id='word_1_27' title='bbox 2234 753 2524 813; x_wconf 82' lang='lat' dir='ltr'><strong>Nondum</strong></span> <span class='ocrx_word' id='word_1_28' title='bbox 2582 753 2746 812; x_wconf 92' lang='lat' dir='ltr'><strong>idem</strong></span> <span class='ocrx_word' id='word_1_29' title='bbox 2807 752 3040 830; x_wconf 82' lang='lat' dir='ltr'><strong>Cyrillo</strong></span> <span class='ocrx_word' id='word_1_30' title='bbox 3098 750 3520 828; x_wconf 81' lang='lat' dir='ltr'><strong>contingeret,</strong></span> <span class='ocrx_word' id='word_1_31' title='bbox 3554 751 3723 829; x_wconf 92' lang='lat' dir='ltr'><strong>quod</strong></span> 
     </span>
    </p>
   </div>
   <div class='ocr_carea' id='block_1_5' title="bbox 325 849 3724 931">
    <p class='ocr_par' dir='ltr' id='par_1_5' title="bbox 325 849 3724 931">
     <span class='ocr_line' id='line_1_5' title="bbox 325 849 3724 931; baseline -0.004 -9"><span class='ocrx_word' id='word_1_32' title='bbox 325 862 545 922; x_wconf 87' lang='lat' dir='ltr'><strong>multis</strong></span> <span class='ocrx_word' id='word_1_33' title='bbox 569 866 781 919; x_wconf 72' lang='lat' dir='ltr'><strong>nostra</strong></span> <span class='ocrx_word' id='word_1_34' title='bbox 819 864 1204 931; x_wconf 81' lang='lat' dir='ltr'><strong>Petrumque</strong></span> <span class='ocrx_word' id='word_1_35' title='bbox 1237 852 1540 912; x_wconf 83' lang='lat' dir='ltr'><strong>memoria</strong></span> <span class='ocrx_word' id='word_1_36' title='bbox 1590 849 2023 928; x_wconf 73' lang='lat' dir='ltr'><strong>scriptoribus,</strong></span> <span class='ocrx_word' id='word_1_37' title='bbox 2086 858 2155 908; x_wconf 91' lang='lat' dir='ltr'><strong>ut</strong></span> <span class='ocrx_word' id='word_1_38' title='bbox 2209 853 2599 910; x_wconf 69' lang='lat' dir='ltr'><strong>accuratiore</strong></span> <span class='ocrx_word' id='word_1_39' title='bbox 2652 850 2963 910; x_wconf 85' lang='lat' dir='ltr'><strong>industria</strong></span> <span class='ocrx_word' id='word_1_40' title='bbox 3019 850 3367 908; x_wconf 75' lang='lat' dir='ltr'><strong>illustratus</strong></span> <span class='ocrx_word' id='word_1_41' title='bbox 3428 850 3724 927; x_wconf 83' lang='lat' dir='ltr'><strong>prodiret.</strong></span> 
     </span>
    </p>
   </div>
   <div class='ocr_carea' id='block_1_6' title="bbox 325 946 3728 1031">
    <p class='ocr_par' dir='ltr' id='par_1_6' title="bbox 325 946 3728 1031">
     <span class='ocr_line' id='line_1_6' title="bbox 325 946 3728 1031; baseline -0.004 -11"><span class='ocrx_word' id='word_1_42' title='bbox 325 960 499 1022; x_wconf 88' lang='lat' dir='ltr'><strong>Nihil</strong></span> <span class='ocrx_word' id='word_1_43' title='bbox 563 957 882 1016; x_wconf 82' lang='lat' dir='ltr'><strong>habebant</strong></span> <span class='ocrx_word' id='word_1_44' title='bbox 939 952 1294 1031; x_wconf 86' lang='lat' dir='ltr'><strong>superiores</strong></span> <span class='ocrx_word' id='word_1_45' title='bbox 1348 950 1654 1009; x_wconf 83' lang='lat' dir='ltr'><strong>editiones</strong></span> <span class='ocrx_word' id='word_1_46' title='bbox 1713 957 1941 1025; x_wconf 60' lang='lat' dir='ltr'><strong>praeter</strong></span> <span class='ocrx_word' id='word_1_47' title='bbox 1999 946 2339 1009; x_wconf 78' lang='lat' dir='ltr'><strong>Catecheses</strong></span> <span class='ocrx_word' id='word_1_48' title='bbox 2396 958 2457 1007; x_wconf 90' lang='lat' dir='ltr'><strong>et</strong></span> <span class='ocrx_word' id='word_1_49' title='bbox 2510 948 2853 1024; x_wconf 72' lang='lat' dir='ltr'><strong>Epistolam</strong></span> <span class='ocrx_word' id='word_1_50' title='bbox 2908 951 2990 1007; x_wconf 85' lang='lat' dir='ltr'><strong>ad</strong></span> <span class='ocrx_word' id='word_1_51' title='bbox 3032 946 3471 1009; x_wconf 72' lang='lat' dir='ltr'><strong>Constantium.</strong></span> <span class='ocrx_word' id='word_1_52' title='bbox 3533 951 3728 1008; x_wconf 86' lang='lat' dir='ltr'><strong>Nemo</strong></span> 
     </span>
    </p>
   </div>
   <div class='ocr_carea' id='block_1_7' title="bbox 324 1044 3730 1132">
    <p class='ocr_par' dir='ltr' id='par_1_7' title="bbox 324 1044 3730 1132">
     <span class='ocr_line' id='line_1_7' title="bbox 324 1044 3730 1132; baseline -0.001 -24"><span class='ocrx_word' id='word_1_53' title='bbox 324 1060 665 1132; x_wconf 72' lang='lat' dir='ltr'><strong>collegerat</strong></span> <span class='ocrx_word' id='word_1_54' title='bbox 718 1071 861 1132; x_wconf 65' lang='lat' dir='ltr'><strong>quae</strong></span> <span class='ocrx_word' id='word_1_55' title='bbox 917 1052 1031 1110; x_wconf 94' lang='lat' dir='ltr'><strong>sub</strong></span> <span class='ocrx_word' id='word_1_56' title='bbox 1088 1048 1305 1126; x_wconf 85' lang='lat' dir='ltr'><strong>Cyrilli</strong></span> <span class='ocrx_word' id='word_1_57' title='bbox 1340 1047 1591 1105; x_wconf 89' lang='lat' dir='ltr'><strong>nomine</strong></span> <span class='ocrx_word' id='word_1_58' title='bbox 1668 1047 1980 1116; x_wconf 86' lang='lat' dir='ltr'><strong>feruntur,</strong></span> <span class='ocrx_word' id='word_1_59' title='bbox 2034 1045 2207 1104; x_wconf 89' lang='lat' dir='ltr'><strong>velut</strong></span> <span class='ocrx_word' id='word_1_60' title='bbox 2254 1045 2563 1105; x_wconf 71' lang='lat' dir='ltr'><strong>Iwmiliam</strong></span> <span class='ocrx_word' id='word_1_61' title='bbox 2622 1046 2683 1104; x_wconf 75' lang='lat' dir='ltr'><strong>in</strong></span> <span class='ocrx_word' id='word_1_62' title='bbox 2741 1044 3185 1125; x_wconf 67' lang='lat' dir='ltr'><strong>Hypapanlem,</strong></span> <span class='ocrx_word' id='word_1_63' title='bbox 3247 1044 3591 1126; x_wconf 78' lang='lat' dir='ltr'><strong>Epistulam</strong></span> <span class='ocrx_word' id='word_1_64' title='bbox 3645 1045 3730 1106; x_wconf 88' lang='lat' dir='ltr'><strong>ad</strong></span> 
     </span>
    </p>
   </div>
   <div class='ocr_carea' id='block_1_8' title="bbox 325 1142 3732 1235">
    <p class='ocr_par' dir='ltr' id='par_1_8' title="bbox 325 1142 3732 1235">
     <span class='ocr_line' id='line_1_8' title="bbox 325 1142 3732 1235; baseline -0.005 -18"><span class='ocrx_word' id='word_1_65' title='bbox 325 1158 722 1235; x_wconf 75' lang='lat' dir='ltr'><strong>Augustmum</strong></span> <span class='ocrx_word' id='word_1_66' title='bbox 754 1171 769 1224; x_wconf 90' lang='lat'><strong>;</strong></span> <span class='ocrx_word' id='word_1_67' title='bbox 811 1167 995 1209; x_wconf 91' lang='lat' dir='ltr'><strong>nemo</strong></span> <span class='ocrx_word' id='word_1_68' title='bbox 1030 1146 1292 1206; x_wconf 88' lang='lat' dir='ltr'><strong>latentia</strong></span> <span class='ocrx_word' id='word_1_69' title='bbox 1321 1145 1381 1203; x_wconf 93' lang='lat' dir='ltr'><strong>in</strong></span> <span class='ocrx_word' id='word_1_70' title='bbox 1418 1143 1817 1204; x_wconf 88' lang='lat' dir='ltr'><strong>bibliothecis</strong></span> <span class='ocrx_word' id='word_1_71' title='bbox 1849 1143 2203 1218; x_wconf 87' lang='lat' dir='ltr'><strong>fragmenta</strong></span> <span class='ocrx_word' id='word_1_72' title='bbox 2235 1151 2509 1204; x_wconf 81' lang='lat' dir='ltr'><strong>eruerat.</strong></span> <span class='ocrx_word' id='word_1_73' title='bbox 2564 1143 2656 1205; x_wconf 87' lang='lat' dir='ltr'><strong>Ad</strong></span> <span class='ocrx_word' id='word_1_74' title='bbox 2707 1144 2863 1221; x_wconf 64' lang='lat' dir='ltr'><strong>haec,</strong></span> <span class='ocrx_word' id='word_1_75' title='bbox 2924 1149 3256 1202; x_wconf 80' lang='lat' dir='ltr'><strong>contextus</strong></span> <span class='ocrx_word' id='word_1_76' title='bbox 3315 1144 3468 1202; x_wconf 91' lang='lat' dir='ltr'><strong>mire</strong></span> <span class='ocrx_word' id='word_1_77' title='bbox 3524 1142 3732 1202; x_wconf 85' lang='lat' dir='ltr'><strong>defor-</strong></span> 
     </span>
    </p>
   </div>
   <div class='ocr_carea' id='block_1_9' title="bbox 328 1240 3729 1322">
    <p class='ocr_par' dir='ltr' id='par_1_9' title="bbox 328 1240 3729 1322">
     <span class='ocr_line' id='line_1_9' title="bbox 328 1240 3729 1322; baseline -0.004 -9"><span class='ocrx_word' id='word_1_78' title='bbox 328 1251 773 1319; x_wconf 69' lang='lat' dir='ltr'><strong>matus,nasvis</strong></span> <span class='ocrx_word' id='word_1_79' title='bbox 804 1256 1051 1308; x_wconf 88' lang='lat' dir='ltr'><strong>scatens</strong></span> <span class='ocrx_word' id='word_1_80' title='bbox 1107 1242 1567 1322; x_wconf 85' lang='lat' dir='ltr'><strong>interpretatio,</strong></span> <span class='ocrx_word' id='word_1_81' title='bbox 1622 1242 1811 1301; x_wconf 68' lang='lat' dir='ltr'><strong>nullm</strong></span> <span class='ocrx_word' id='word_1_82' title='bbox 1864 1240 2440 1301; x_wconf 80' lang='lat' dir='ltr'><strong>animadversiones</strong></span> <span class='ocrx_word' id='word_1_83' title='bbox 2496 1260 2637 1320; x_wconf 67' lang='lat' dir='ltr'><strong>qum</strong></span> <span class='ocrx_word' id='word_1_84' title='bbox 2696 1250 2955 1302; x_wconf 87' lang='lat' dir='ltr'><strong>vulnera</strong></span> <span class='ocrx_word' id='word_1_85' title='bbox 3014 1248 3332 1313; x_wconf 88' lang='lat' dir='ltr'><strong>sanarent,</strong></span> <span class='ocrx_word' id='word_1_86' title='bbox 3369 1241 3572 1300; x_wconf 88' lang='lat' dir='ltr'><strong>lucem</strong></span> <span class='ocrx_word' id='word_1_87' title='bbox 3622 1240 3729 1301; x_wconf 85' lang='lat' dir='ltr'><strong>ob-</strong></span> 
     </span>
    </p>
   </div>
   <div class='ocr_carea' id='block_1_10' title="bbox 325 1339 3728 1421">
    <p class='ocr_par' dir='ltr' id='par_1_10' title="bbox 325 1339 3728 1421">
     <span class='ocr_line' id='line_1_10' title="bbox 325 1339 3728 1421; baseline -0.003 -10"><span class='ocrx_word' id='word_1_88' title='bbox 325 1352 522 1411; x_wconf 89' lang='lat' dir='ltr'><strong>scuris</strong></span> <span class='ocrx_word' id='word_1_89' title='bbox 550 1351 795 1409; x_wconf 80' lang='lat' dir='ltr'><strong>darent.</strong></span> <span class='ocrx_word' id='word_1_90' title='bbox 831 1350 1008 1407; x_wconf 90' lang='lat' dir='ltr'><strong>Hanc</strong></span> <span class='ocrx_word' id='word_1_91' title='bbox 1039 1360 1293 1421; x_wconf 85' lang='lat' dir='ltr'><strong>operam</strong></span> <span class='ocrx_word' id='word_1_92' title='bbox 1328 1339 1601 1418; x_wconf 78' lang='lat' dir='ltr'><strong>suscepit</strong></span> <span class='ocrx_word' id='word_1_93' title='bbox 1631 1357 1726 1398; x_wconf 67' lang='grc' dir='ltr'><strong>νιν</strong></span> <span class='ocrx_word' id='word_1_94' title='bbox 1753 1339 1907 1399; x_wconf 92' lang='lat' dir='ltr'><strong>clar.</strong></span> <span class='ocrx_word' id='word_1_95' title='bbox 1965 1340 2244 1399; x_wconf 85' lang='lat' dir='ltr'><strong>&#39;I‘homas</strong></span> <span class='ocrx_word' id='word_1_96' title='bbox 2319 1340 2534 1418; x_wconf 83' lang='lat' dir='ltr'><strong>Milles,</strong></span> <span class='ocrx_word' id='word_1_97' title='bbox 2569 1339 2906 1417; x_wconf 70' lang='lat' dir='ltr'><strong>theologize</strong></span> <span class='ocrx_word' id='word_1_98' title='bbox 2957 1339 3406 1400; x_wconf 87' lang='lat' dir='ltr'><strong>baccalaureus</strong></span> <span class='ocrx_word' id='word_1_99' title='bbox 3462 1358 3540 1399; x_wconf 82' lang='lat' dir='ltr'><strong>ex</strong></span> <span class='ocrx_word' id='word_1_100' title='bbox 3582 1340 3728 1400; x_wconf 68' lang='lat' dir='ltr'><strong>zEde</strong></span> 
     </span>
    </p>
   </div>
   <div class='ocr_carea' id='block_1_11' title="bbox 326 1436 3729 1523">
    <p class='ocr_par' dir='ltr' id='par_1_11' title="bbox 326 1436 3729 1523">
     <span class='ocr_line' id='line_1_11' title="bbox 326 1436 3729 1523; baseline -0.004 -14"><span class='ocrx_word' id='word_1_101' title='bbox 326 1448 553 1509; x_wconf 89' lang='lat' dir='ltr'><strong>Christi</strong></span> <span class='ocrx_word' id='word_1_102' title='bbox 593 1444 838 1523; x_wconf 78' lang='lat' dir='ltr'><strong>collegii</strong></span> <span class='ocrx_word' id='word_1_103' title='bbox 871 1442 1260 1502; x_wconf 84' lang='lat' dir='ltr'><strong>()xoniensis.</strong></span> <span class='ocrx_word' id='word_1_104' title='bbox 1288 1438 1530 1499; x_wconf 90' lang='lat' dir='ltr'><strong>Prodiit</strong></span> <span class='ocrx_word' id='word_1_105' title='bbox 1556 1436 1692 1513; x_wconf 85' lang='lat' dir='ltr'><strong>ejus</strong></span> <span class='ocrx_word' id='word_1_106' title='bbox 1730 1436 1922 1495; x_wconf 86' lang='lat' dir='ltr'><strong>editio</strong></span> <span class='ocrx_word' id='word_1_107' title='bbox 1954 1437 2212 1497; x_wconf 73' lang='lat' dir='ltr'><strong>Oxonim</strong></span> <span class='ocrx_word' id='word_1_108' title='bbox 2264 1436 2514 1497; x_wconf 88' lang='lat' dir='ltr'><strong>theatro</strong></span> <span class='ocrx_word' id='word_1_109' title='bbox 2571 1436 3020 1508; x_wconf 88' lang='lat' dir='ltr'><strong>Sheldoniano,</strong></span> <span class='ocrx_word' id='word_1_110' title='bbox 3079 1436 3379 1514; x_wconf 90' lang='lat' dir='ltr'><strong>impensis</strong></span> <span class='ocrx_word' id='word_1_111' title='bbox 3434 1436 3729 1498; x_wconf 85' lang='lat' dir='ltr'><strong>Itichardi</strong></span> 
     </span>
    </p>
   </div>
   <div class='ocr_carea' id='block_1_12' title="bbox 326 1534 3729 1621">
    <p class='ocr_par' dir='ltr' id='par_1_12' title="bbox 326 1534 3729 1621">
     <span class='ocr_line' id='line_1_12' title="bbox 326 1534 3729 1621; baseline -0.003 -15"><span class='ocrx_word' id='word_1_112' title='bbox 326 1547 503 1617; x_wconf 89' lang='lat' dir='ltr'><strong>Sare,</strong></span> <span class='ocrx_word' id='word_1_113' title='bbox 538 1545 799 1621; x_wconf 89' lang='lat' dir='ltr'><strong>bibliop.</strong></span> <span class='ocrx_word' id='word_1_114' title='bbox 838 1540 1128 1610; x_wconf 90' lang='lat' dir='ltr'><strong>Londin.,</strong></span> <span class='ocrx_word' id='word_1_115' title='bbox 1160 1557 1261 1597; x_wconf 87' lang='lat' dir='ltr'><strong>an.</strong></span> <span class='ocrx_word' id='word_1_116' title='bbox 1318 1539 1577 1605; x_wconf 71' lang='lat'><strong>1703,60</strong></span> <span class='ocrx_word' id='word_1_117' title='bbox 1608 1534 2045 1594; x_wconf 89' lang='lat' dir='ltr'><strong>characterum</strong></span> <span class='ocrx_word' id='word_1_118' title='bbox 2105 1535 2307 1595; x_wconf 91' lang='lat' dir='ltr'><strong>nitore</strong></span> <span class='ocrx_word' id='word_1_119' title='bbox 2363 1542 2425 1595; x_wconf 89' lang='lat' dir='ltr'><strong>et</strong></span> <span class='ocrx_word' id='word_1_120' title='bbox 2480 1535 2698 1595; x_wconf 89' lang='lat' dir='ltr'><strong>charte</strong></span> <span class='ocrx_word' id='word_1_121' title='bbox 2751 1534 3107 1613; x_wconf 83' lang='lat' dir='ltr'><strong>splendore,</strong></span> <span class='ocrx_word' id='word_1_122' title='bbox 3170 1534 3324 1593; x_wconf 90' lang='lat' dir='ltr'><strong>nihil</strong></span> <span class='ocrx_word' id='word_1_123' title='bbox 3360 1540 3428 1593; x_wconf 92' lang='lat' dir='ltr'><strong>ut</strong></span> <span class='ocrx_word' id='word_1_124' title='bbox 3479 1535 3729 1612; x_wconf 86' lang='lat' dir='ltr'><strong>elegan-</strong></span> 
     </span>
    </p>
   </div>
   <div class='ocr_carea' id='block_1_13' title="bbox 327 1632 3729 1721">
    <p class='ocr_par' dir='ltr' id='par_1_13' title="bbox 327 1632 3729 1721">
     <span class='ocr_line' id='line_1_13' title="bbox 327 1632 3729 1721; baseline -0.002 -18"><span class='ocrx_word' id='word_1_125' title='bbox 327 1644 450 1703; x_wconf 87' lang='lat' dir='ltr'><strong>tius</strong></span> <span class='ocrx_word' id='word_1_126' title='bbox 479 1643 713 1721; x_wconf 82' lang='lat' dir='ltr'><strong>requiri</strong></span> <span class='ocrx_word' id='word_1_127' title='bbox 747 1640 959 1719; x_wconf 78' lang='lat' dir='ltr'><strong>possit.</strong></span> <span class='ocrx_word' id='word_1_128' title='bbox 998 1638 1064 1697; x_wconf 94' lang='lat' dir='ltr'><strong>In</strong></span> <span class='ocrx_word' id='word_1_129' title='bbox 1108 1637 1225 1695; x_wconf 90' lang='lat' dir='ltr'><strong>hac</strong></span> <span class='ocrx_word' id='word_1_130' title='bbox 1282 1634 1579 1706; x_wconf 88' lang='lat' dir='ltr'><strong>editione,</strong></span> <span class='ocrx_word' id='word_1_131' title='bbox 1630 1642 1863 1711; x_wconf 64' lang='lat' dir='ltr'><strong>praeter</strong></span> <span class='ocrx_word' id='word_1_132' title='bbox 1917 1633 2112 1692; x_wconf 87' lang='lat' dir='ltr'><strong>citata</strong></span> <span class='ocrx_word' id='word_1_133' title='bbox 2160 1633 2292 1710; x_wconf 88' lang='lat' dir='ltr'><strong>jam</strong></span> <span class='ocrx_word' id='word_1_134' title='bbox 2350 1652 2568 1711; x_wconf 82' lang='lat' dir='ltr'><strong>opera,</strong></span> <span class='ocrx_word' id='word_1_135' title='bbox 2619 1634 2932 1693; x_wconf 87' lang='lat' dir='ltr'><strong>accedunt</strong></span> <span class='ocrx_word' id='word_1_136' title='bbox 2987 1639 3168 1691; x_wconf 90' lang='lat' dir='ltr'><strong>eruta</strong></span> <span class='ocrx_word' id='word_1_137' title='bbox 3223 1651 3300 1692; x_wconf 86' lang='lat' dir='ltr'><strong>ex</strong></span> <span class='ocrx_word' id='word_1_138' title='bbox 3332 1632 3729 1696; x_wconf 89' lang='lat' dir='ltr'><strong>bibliothecis</strong></span> 
     </span>
    </p>
   </div>
   <div class='ocr_carea' id='block_1_14' title="bbox 325 1730 3725 1818">
    <p class='ocr_par' dir='ltr' id='par_1_14' title="bbox 325 1730 3725 1818">
     <span class='ocr_line' id='line_1_14' title="bbox 325 1730 3725 1818; baseline -0.002 -17"><span class='ocrx_word' id='word_1_139' title='bbox 325 1738 1041 1818; x_wconf 81' lang='lat' dir='ltr'><strong>fragmenta,imprimis</strong></span> <span class='ocrx_word' id='word_1_140' title='bbox 1074 1737 1494 1811; x_wconf 77' lang='lat' dir='ltr'><strong>fragmentum</strong></span> <span class='ocrx_word' id='word_1_141' title='bbox 1538 1731 1811 1792; x_wconf 67' lang='lat' dir='ltr'><strong>homilias</strong></span> <span class='ocrx_word' id='word_1_142' title='bbox 1868 1735 1934 1789; x_wconf 76' lang='lat' dir='ltr'><strong>in</strong></span> <span class='ocrx_word' id='word_1_143' title='bbox 1988 1730 2407 1809; x_wconf 73' lang='lat' dir='ltr'><strong>Paralyacum</strong></span> <span class='ocrx_word' id='word_1_144' title='bbox 2457 1730 2535 1791; x_wconf 82' lang='lat' dir='ltr'><strong>ad</strong></span> <span class='ocrx_word' id='word_1_145' title='bbox 2580 1730 2870 1811; x_wconf 78' lang='lat' dir='ltr'><strong>piscinam</strong></span> <span class='ocrx_word' id='word_1_146' title='bbox 2910 1731 3225 1810; x_wconf 81' lang='lat' dir='ltr'><strong>jacenlcm,</strong></span> <span class='ocrx_word' id='word_1_147' title='bbox 3286 1738 3418 1789; x_wconf 91' lang='lat' dir='ltr'><strong>tum</strong></span> <span class='ocrx_word' id='word_1_148' title='bbox 3454 1731 3725 1807; x_wconf 89' lang='lat' dir='ltr'><strong>primum</strong></span> 
     </span>
    </p>
   </div>
   <div class='ocr_carea' id='block_1_15' title="bbox 325 1828 3726 1910">
    <p class='ocr_par' dir='ltr' id='par_1_15' title="bbox 325 1828 3726 1910">
     <span class='ocr_line' id='line_1_15' title="bbox 325 1828 3726 1910; baseline -0.003 -10"><span class='ocrx_word' id='word_1_149' title='bbox 325 1859 403 1901; x_wconf 84' lang='lat' dir='ltr'><strong>ex</strong></span> <span class='ocrx_word' id='word_1_150' title='bbox 475 1858 622 1898; x_wconf 90' lang='lat' dir='ltr'><strong>mss.</strong></span> <span class='ocrx_word' id='word_1_151' title='bbox 698 1838 934 1897; x_wconf 88' lang='lat' dir='ltr'><strong>editum</strong></span> <span class='ocrx_word' id='word_1_152' title='bbox 1040 1851 1054 1892; x_wconf 92' lang='lat'>:</span> <span class='ocrx_word' id='word_1_153' title='bbox 1135 1832 1406 1893; x_wconf 62' lang='lat' dir='ltr'><strong>Historia</strong></span> <span class='ocrx_word' id='word_1_154' title='bbox 1510 1830 1907 1891; x_wconf 69' lang='lat' dir='ltr'><strong>ecclesiastica</strong></span> <span class='ocrx_word' id='word_1_155' title='bbox 1966 1839 2024 1888; x_wconf 81' lang='lat' dir='ltr'><strong>et</strong></span> <span class='ocrx_word' id='word_1_156' title='bbox 2115 1828 2546 1910; x_wconf 78' lang='lat' dir='ltr'><strong>myslagogica,</strong></span> <span class='ocrx_word' id='word_1_157' title='bbox 2658 1829 2789 1889; x_wconf 87' lang='lat' dir='ltr'><strong>sive</strong></span> <span class='ocrx_word' id='word_1_158' title='bbox 2867 1830 3121 1889; x_wconf 76' lang='lat' dir='ltr'><strong>Theoria</strong></span> <span class='ocrx_word' id='word_1_159' title='bbox 3215 1831 3636 1909; x_wconf 74' lang='lat' dir='ltr'><strong>mysteriorum</strong></span> <span class='ocrx_word' id='word_1_160' title='bbox 3706 1852 3726 1892; x_wconf 90' lang='lat'><strong><em>:</em></strong></span> 
     </span>
    </p>
   </div>
   <div class='ocr_carea' id='block_1_16' title="bbox 325 1925 3723 2016">
    <p class='ocr_par' dir='ltr' id='par_1_16' title="bbox 325 1925 3723 2016">
     <span class='ocr_line' id='line_1_16' title="bbox 325 1925 3723 2016; baseline -0.003 -19"><span class='ocrx_word' id='word_1_161' title='bbox 325 1939 493 2016; x_wconf 90' lang='lat' dir='ltr'><strong>quod</strong></span> <span class='ocrx_word' id='word_1_162' title='bbox 524 1956 682 2015; x_wconf 89' lang='lat' dir='ltr'><strong>opus</strong></span> <span class='ocrx_word' id='word_1_163' title='bbox 712 1934 1038 2001; x_wconf 85' lang='lat' dir='ltr'><strong>Millesius,</strong></span> <span class='ocrx_word' id='word_1_164' title='bbox 1071 1950 1213 1991; x_wconf 88' lang='lat' dir='ltr'><strong>cum</strong></span> <span class='ocrx_word' id='word_1_165' title='bbox 1246 1930 1538 1991; x_wconf 89' lang='lat' dir='ltr'><strong>Germani</strong></span> <span class='ocrx_word' id='word_1_166' title='bbox 1582 1930 1698 1990; x_wconf 85' lang='lat' dir='ltr'><strong>GP.</strong></span> <span class='ocrx_word' id='word_1_167' title='bbox 1732 1927 2013 2005; x_wconf 87' lang='lat' dir='ltr'><strong>episcopi</strong></span> <span class='ocrx_word' id='word_1_168' title='bbox 2064 1945 2199 1987; x_wconf 88' lang='lat' dir='ltr'><strong>esse</strong></span> <span class='ocrx_word' id='word_1_169' title='bbox 2256 1929 2463 1997; x_wconf 89' lang='lat' dir='ltr'><strong>sciret,</strong></span> <span class='ocrx_word' id='word_1_170' title='bbox 2526 1925 2669 1988; x_wconf 88' lang='lat' dir='ltr'><strong>cum</strong></span> <span class='ocrx_word' id='word_1_171' title='bbox 2722 1928 2954 2006; x_wconf 89' lang='lat' dir='ltr'><strong>Cyrillo</strong></span> <span class='ocrx_word' id='word_1_172' title='bbox 3013 1936 3224 1987; x_wconf 88' lang='lat' dir='ltr'><strong>tamen</strong></span> <span class='ocrx_word' id='word_1_173' title='bbox 3257 1946 3290 1986; x_wconf 90' lang='lat' dir='ltr'><strong>e</strong></span> <span class='ocrx_word' id='word_1_174' title='bbox 3318 1927 3570 1987; x_wconf 83' lang='lat' dir='ltr'><strong>tendum</strong></span> <span class='ocrx_word' id='word_1_175' title='bbox 3607 1947 3723 2007; x_wconf 87' lang='lat' dir='ltr'><strong>pu-</strong></span> 
     </span>
    </p>
   </div>
   <div class='ocr_carea' id='block_1_17' title="bbox 326 2025 3728 2113">
    <p class='ocr_par' dir='ltr' id='par_1_17' title="bbox 326 2025 3728 2113">
     <span class='ocr_line' id='line_1_17' title="bbox 326 2025 3728 2113; baseline -0.003 -17"><span class='ocrx_word' id='word_1_176' title='bbox 326 2037 687 2113; x_wconf 85' lang='lat' dir='ltr'><strong>tavit,quia</strong></span> <span class='ocrx_word' id='word_1_177' title='bbox 752 2033 887 2110; x_wconf 84' lang='lat' dir='ltr'><strong>ejus</strong></span> <span class='ocrx_word' id='word_1_178' title='bbox 946 2030 1185 2089; x_wconf 89' lang='lat' dir='ltr'><strong>nomini</strong></span> <span class='ocrx_word' id='word_1_179' title='bbox 1256 2028 1573 2088; x_wconf 90' lang='lat' dir='ltr'><strong>nonnullis</strong></span> <span class='ocrx_word' id='word_1_180' title='bbox 1642 2028 1707 2085; x_wconf 91' lang='lat' dir='ltr'><strong>in</strong></span> <span class='ocrx_word' id='word_1_181' title='bbox 1766 2025 1938 2085; x_wconf 93' lang='lat' dir='ltr'><strong>libris</strong></span> <span class='ocrx_word' id='word_1_182' title='bbox 2002 2026 2321 2085; x_wconf 88' lang='lat' dir='ltr'><strong>tribuitur.</strong></span> <span class='ocrx_word' id='word_1_183' title='bbox 2388 2028 2531 2087; x_wconf 72' lang='lat' dir='ltr'><strong>Hmc</strong></span> <span class='ocrx_word' id='word_1_184' title='bbox 2584 2027 2798 2086; x_wconf 90' lang='lat' dir='ltr'><strong>omnia</strong></span> <span class='ocrx_word' id='word_1_185' title='bbox 2829 2026 2909 2085; x_wconf 86' lang='lat' dir='ltr'><strong>ad</strong></span> <span class='ocrx_word' id='word_1_186' title='bbox 2972 2043 3117 2085; x_wconf 89' lang='lat' dir='ltr'><strong>mss.</strong></span> <span class='ocrx_word' id='word_1_187' title='bbox 3192 2026 3439 2085; x_wconf 75' lang='lat' dir='ltr'><strong>coiices</strong></span> <span class='ocrx_word' id='word_1_188' title='bbox 3509 2044 3728 2086; x_wconf 88' lang='lat' dir='ltr'><strong>emen-</strong></span> 
     </span>
    </p>
   </div>
   <div class='ocr_carea' id='block_1_18' title="bbox 326 2124 3730 2208">
    <p class='ocr_par' dir='ltr' id='par_1_18' title="bbox 326 2124 3730 2208">
     <span class='ocr_line' id='line_1_18' title="bbox 326 2124 3730 2208; baseline -0.003 -14"><span class='ocrx_word' id='word_1_189' title='bbox 326 2134 497 2198; x_wconf 88' lang='lat' dir='ltr'><strong>data.</strong></span> <span class='ocrx_word' id='word_1_190' title='bbox 532 2132 967 2208; x_wconf 68' lang='lat' dir='ltr'><strong>interpretatio</strong></span> <span class='ocrx_word' id='word_1_191' title='bbox 999 2130 1326 2205; x_wconf 87' lang='lat' dir='ltr'><strong>castigata.</strong></span> <span class='ocrx_word' id='word_1_192' title='bbox 1362 2131 1694 2184; x_wconf 75' lang='lat' dir='ltr'><strong>contextus</strong></span> <span class='ocrx_word' id='word_1_193' title='bbox 1720 2124 1779 2182; x_wconf 90' lang='lat' dir='ltr'><strong>in</strong></span> <span class='ocrx_word' id='word_1_194' title='bbox 1812 2142 2106 2183; x_wconf 89' lang='lat' dir='ltr'><strong>numeros</strong></span> <span class='ocrx_word' id='word_1_195' title='bbox 2136 2124 2268 2183; x_wconf 84' lang='lat' dir='ltr'><strong>sive</strong></span> <span class='ocrx_word' id='word_1_196' title='bbox 2325 2124 2625 2184; x_wconf 89' lang='lat' dir='ltr'><strong>articulos</strong></span> <span class='ocrx_word' id='word_1_197' title='bbox 2675 2124 2927 2189; x_wconf 84' lang='lat' dir='ltr'><strong>incisus.</strong></span> <span class='ocrx_word' id='word_1_198' title='bbox 2986 2124 3330 2200; x_wconf 60' lang='lat' dir='ltr'><strong>Scriptura</strong></span> <span class='ocrx_word' id='word_1_199' title='bbox 3372 2124 3730 2186; x_wconf 88' lang='lat' dir='ltr'><strong>testimonia</strong></span> 
     </span>
    </p>
   </div>
   <div class='ocr_carea' id='block_1_19' title="bbox 327 2222 3729 2308">
    <p class='ocr_par' dir='ltr' id='par_1_19' title="bbox 327 2222 3729 2308">
     <span class='ocr_line' id='line_1_19' title="bbox 327 2222 3729 2308; baseline -0.002 -17"><span class='ocrx_word' id='word_1_200' title='bbox 327 2232 665 2308; x_wconf 81' lang='lat' dir='ltr'><strong>diligenter</strong></span> <span class='ocrx_word' id='word_1_201' title='bbox 721 2237 959 2298; x_wconf 79' lang='lat' dir='ltr'><strong>notata,</strong></span> <span class='ocrx_word' id='word_1_202' title='bbox 1013 2226 1251 2285; x_wconf 89' lang='lat' dir='ltr'><strong>indices</strong></span> <span class='ocrx_word' id='word_1_203' title='bbox 1300 2223 1562 2301; x_wconf 83' lang='lat' dir='ltr'><strong>copiosi.</strong></span> <span class='ocrx_word' id='word_1_204' title='bbox 1596 2223 2039 2282; x_wconf 89' lang='lat' dir='ltr'><strong>accuratiorin</strong></span> <span class='ocrx_word' id='word_1_205' title='bbox 2101 2222 2290 2281; x_wconf 84' lang='lat' dir='ltr'><strong>vitam</strong></span> <span class='ocrx_word' id='word_1_206' title='bbox 2339 2229 2401 2282; x_wconf 91' lang='lat' dir='ltr'><strong>et</strong></span> <span class='ocrx_word' id='word_1_207' title='bbox 2456 2222 2687 2300; x_wconf 89' lang='lat' dir='ltr'><strong>scripta</strong></span> <span class='ocrx_word' id='word_1_208' title='bbox 2733 2223 2947 2300; x_wconf 87' lang='lat' dir='ltr'><strong>Cyrilli</strong></span> <span class='ocrx_word' id='word_1_209' title='bbox 2981 2223 3268 2301; x_wconf 70' lang='lat' dir='ltr'><strong>prmfatio</strong></span> <span class='ocrx_word' id='word_1_210' title='bbox 3335 2241 3349 2295; x_wconf 90' lang='lat'><strong>;</strong></span> <span class='ocrx_word' id='word_1_211' title='bbox 3394 2224 3471 2283; x_wconf 91' lang='lat' dir='ltr'><strong>de</strong></span> <span class='ocrx_word' id='word_1_212' title='bbox 3499 2224 3729 2301; x_wconf 87' lang='lat' dir='ltr'><strong>quibus</strong></span> 
     </span>
    </p>
   </div>
   <div class='ocr_carea' id='block_1_20' title="bbox 327 2319 3729 2399">
    <p class='ocr_par' dir='ltr' id='par_1_20' title="bbox 327 2319 3729 2399">
     <span class='ocr_line' id='line_1_20' title="bbox 327 2319 3729 2399; baseline -0.002 -9"><span class='ocrx_word' id='word_1_213' title='bbox 327 2331 621 2390; x_wconf 87' lang='lat' dir='ltr'><strong>omnibus</strong></span> <span class='ocrx_word' id='word_1_214' title='bbox 652 2328 737 2387; x_wconf 85' lang='lat' dir='ltr'><strong>sic</strong></span> <span class='ocrx_word' id='word_1_215' title='bbox 768 2328 994 2394; x_wconf 89' lang='lat' dir='ltr'><strong>dicam,</strong></span> <span class='ocrx_word' id='word_1_216' title='bbox 1030 2330 1099 2383; x_wconf 93' lang='lat' dir='ltr'><strong>ut</strong></span> <span class='ocrx_word' id='word_1_217' title='bbox 1130 2340 1243 2381; x_wconf 83' lang='lat' dir='ltr'><strong>nec</strong></span> <span class='ocrx_word' id='word_1_218' title='bbox 1275 2320 1603 2379; x_wconf 86' lang='lat' dir='ltr'><strong>Millesium</strong></span> <span class='ocrx_word' id='word_1_219' title='bbox 1635 2321 1882 2379; x_wconf 90' lang='lat' dir='ltr'><strong>debitus</strong></span> <span class='ocrx_word' id='word_1_220' title='bbox 1930 2319 2221 2379; x_wconf 90' lang='lat' dir='ltr'><strong>laudibus</strong></span> <span class='ocrx_word' id='word_1_221' title='bbox 2264 2320 2657 2391; x_wconf 76' lang='lat' dir='ltr'><strong>defraudem,</strong></span> <span class='ocrx_word' id='word_1_222' title='bbox 2715 2339 2825 2380; x_wconf 91' lang='lat' dir='ltr'><strong>nec</strong></span> <span class='ocrx_word' id='word_1_223' title='bbox 2856 2327 3065 2381; x_wconf 85' lang='lat' dir='ltr'><strong>tamen</strong></span> <span class='ocrx_word' id='word_1_224' title='bbox 3100 2338 3242 2399; x_wconf 76' lang='lat' dir='ltr'><strong>quae</strong></span> <span class='ocrx_word' id='word_1_225' title='bbox 3299 2320 3438 2398; x_wconf 88' lang='lat' dir='ltr'><strong>ejus</strong></span> <span class='ocrx_word' id='word_1_226' title='bbox 3467 2321 3729 2382; x_wconf 88' lang='lat' dir='ltr'><strong>editioni</strong></span> 
     </span>
    </p>
   </div>
   <div class='ocr_carea' id='block_1_21' title="bbox 324 2418 3727 2502">
    <p class='ocr_par' dir='ltr' id='par_1_21' title="bbox 324 2418 3727 2502">
     <span class='ocr_line' id='line_1_21' title="bbox 324 2418 3727 2502; baseline -0.002 -13"><span class='ocrx_word' id='word_1_227' title='bbox 324 2429 552 2489; x_wconf 89' lang='lat' dir='ltr'><strong>desunt</strong></span> <span class='ocrx_word' id='word_1_228' title='bbox 584 2428 875 2486; x_wconf 79' lang='lat' dir='ltr'><strong>reticeam</strong></span> <span class='ocrx_word' id='word_1_229' title='bbox 913 2443 927 2493; x_wconf 88' lang='lat'><strong>;</strong></span> <span class='ocrx_word' id='word_1_230' title='bbox 963 2423 1240 2502; x_wconf 88' lang='lat' dir='ltr'><strong>postulat</strong></span> <span class='ocrx_word' id='word_1_231' title='bbox 1270 2419 1435 2478; x_wconf 89' lang='lat' dir='ltr'><strong>enim</strong></span> <span class='ocrx_word' id='word_1_232' title='bbox 1470 2420 1735 2478; x_wconf 90' lang='lat' dir='ltr'><strong>instituti</strong></span> <span class='ocrx_word' id='word_1_233' title='bbox 1792 2418 1912 2478; x_wconf 91' lang='lat' dir='ltr'><strong>mei</strong></span> <span class='ocrx_word' id='word_1_234' title='bbox 1968 2418 2153 2490; x_wconf 90' lang='lat' dir='ltr'><strong>ratio,</strong></span> <span class='ocrx_word' id='word_1_235' title='bbox 2190 2426 2257 2478; x_wconf 92' lang='lat' dir='ltr'><strong>ut</strong></span> <span class='ocrx_word' id='word_1_236' title='bbox 2302 2437 2415 2479; x_wconf 89' lang='lat' dir='ltr'><strong>nec</strong></span> <span class='ocrx_word' id='word_1_237' title='bbox 2472 2420 2608 2494; x_wconf 88' lang='lat' dir='ltr'><strong>ejus</strong></span> <span class='ocrx_word' id='word_1_238' title='bbox 2643 2421 2854 2479; x_wconf 90' lang='lat' dir='ltr'><strong>labore</strong></span> <span class='ocrx_word' id='word_1_239' title='bbox 2906 2419 3172 2479; x_wconf 90' lang='lat' dir='ltr'><strong>multum</strong></span> <span class='ocrx_word' id='word_1_240' title='bbox 3234 2419 3311 2478; x_wconf 90' lang='lat' dir='ltr'><strong>de</strong></span> <span class='ocrx_word' id='word_1_241' title='bbox 3343 2437 3483 2480; x_wconf 90' lang='lat' dir='ltr'><strong>meo</strong></span> <span class='ocrx_word' id='word_1_242' title='bbox 3514 2419 3727 2481; x_wconf 87' lang='lat' dir='ltr'><strong>detra-</strong></span> 
     </span>
    </p>
   </div>
   <div class='ocr_carea' id='block_1_22' title="bbox 324 2517 2886 2591">
    <p class='ocr_par' dir='ltr' id='par_1_22' title="bbox 324 2517 2886 2591">
     <span class='ocr_line' id='line_1_22' title="bbox 324 2517 2886 2591; baseline -0.003 -5"><span class='ocrx_word' id='word_1_243' title='bbox 324 2534 492 2586; x_wconf 87' lang='lat' dir='ltr'><strong>ctum</strong></span> <span class='ocrx_word' id='word_1_244' title='bbox 531 2526 714 2584; x_wconf 75' lang='lat' dir='ltr'><strong>fuisse</strong></span> <span class='ocrx_word' id='word_1_245' title='bbox 748 2524 1006 2591; x_wconf 83' lang='lat' dir='ltr'><strong>inlicier,</strong></span> <span class='ocrx_word' id='word_1_246' title='bbox 1046 2539 1157 2579; x_wconf 89' lang='lat' dir='ltr'><strong>nec</strong></span> <span class='ocrx_word' id='word_1_247' title='bbox 1183 2521 1381 2580; x_wconf 89' lang='lat' dir='ltr'><strong>multa</strong></span> <span class='ocrx_word' id='word_1_248' title='bbox 1428 2518 1580 2577; x_wconf 84' lang='lat' dir='ltr'><strong>mihi</strong></span> <span class='ocrx_word' id='word_1_249' title='bbox 1612 2517 1687 2574; x_wconf 84' lang='lat' dir='ltr'><strong>ad</strong></span> <span class='ocrx_word' id='word_1_250' title='bbox 1723 2518 2176 2576; x_wconf 84' lang='lat' dir='ltr'><strong>elaborandum</strong></span> <span class='ocrx_word' id='word_1_251' title='bbox 2213 2517 2430 2577; x_wconf 80' lang='lat' dir='ltr'><strong>relicta</strong></span> <span class='ocrx_word' id='word_1_252' title='bbox 2473 2517 2886 2578; x_wconf 90' lang='lat' dir='ltr'><strong>dissimulem.</strong></span> 
     </span>
    </p>
   </div>
   <div class='ocr_carea' id='block_1_23' title="bbox 405 2615 3729 2696">
    <p class='ocr_par' dir='ltr' id='par_1_23' title="bbox 405 2615 3729 2696">
     <span class='ocr_line' id='line_1_23' title="bbox 405 2615 3729 2696; baseline -0.002 -11"><span class='ocrx_word' id='word_1_253' title='bbox 405 2624 566 2685; x_wconf 85' lang='lat' dir='ltr'><strong>thl.</strong></span> <span class='ocrx_word' id='word_1_254' title='bbox 599 2619 923 2681; x_wconf 80' lang='lat' dir='ltr'><strong>Judicium</strong></span> <span class='ocrx_word' id='word_1_255' title='bbox 952 2618 1022 2678; x_wconf 88' lang='lat' dir='ltr'><strong>de</strong></span> <span class='ocrx_word' id='word_1_256' title='bbox 1080 2618 1411 2696; x_wconf 75' lang='lat' dir='ltr'><strong>\nglicana</strong></span> <span class='ocrx_word' id='word_1_257' title='bbox 1463 2615 1741 2675; x_wconf 71' lang='lat' dir='ltr'><strong>editione.</strong></span> <span class='ocrx_word' id='word_1_258' title='bbox 1796 2648 1871 2659; x_wconf 91' lang='lat'><strong>—</strong></span> <span class='ocrx_word' id='word_1_259' title='bbox 1921 2615 2089 2674; x_wconf 89' lang='lat' dir='ltr'><strong>Nihil</strong></span> <span class='ocrx_word' id='word_1_260' title='bbox 2147 2615 2263 2674; x_wconf 79' lang='lat' dir='ltr'><strong>sibi</strong></span> <span class='ocrx_word' id='word_1_261' title='bbox 2305 2615 2704 2675; x_wconf 88' lang='lat' dir='ltr'><strong>doctissimus</strong></span> <span class='ocrx_word' id='word_1_262' title='bbox 2751 2616 2956 2675; x_wconf 88' lang='lat' dir='ltr'><strong>editor</strong></span> <span class='ocrx_word' id='word_1_263' title='bbox 3012 2616 3334 2694; x_wconf 87' lang='lat' dir='ltr'><strong>antiquius</strong></span> <span class='ocrx_word' id='word_1_264' title='bbox 3392 2617 3481 2677; x_wconf 89' lang='lat' dir='ltr'><strong>ait</strong></span> <span class='ocrx_word' id='word_1_265' title='bbox 3536 2618 3729 2678; x_wconf 83' lang='lat' dir='ltr'><strong>tuisse</strong></span> 
     </span>
    </p>
   </div>
   <div class='ocr_carea' id='block_1_24' title="bbox 326 2711 3729 2800">
    <p class='ocr_par' dir='ltr' id='par_1_24' title="bbox 326 2711 3729 2800">
     <span class='ocr_line' id='line_1_24' title="bbox 326 2711 3729 2800; baseline -0.002 -19"><span class='ocrx_word' id='word_1_266' title='bbox 326 2741 516 2800; x_wconf 90' lang='lat' dir='ltr'><strong>quam</strong></span> <span class='ocrx_word' id='word_1_267' title='bbox 554 2727 621 2779; x_wconf 92' lang='lat' dir='ltr'><strong>ut</strong></span> <span class='ocrx_word' id='word_1_268' title='bbox 652 2728 1015 2778; x_wconf 79' lang='lat' dir='ltr'><strong>contextum</strong></span> <span class='ocrx_word' id='word_1_269' title='bbox 1078 2719 1388 2784; x_wconf 75' lang='lat' dir='ltr'><strong>Graecum,</strong></span> <span class='ocrx_word' id='word_1_270' title='bbox 1446 2714 1793 2792; x_wconf 65' lang='lat' dir='ltr'><strong>praesertim</strong></span> <span class='ocrx_word' id='word_1_271' title='bbox 1851 2711 2260 2782; x_wconf 76' lang='lat' dir='ltr'><strong>Catecheseon,</strong></span> <span class='ocrx_word' id='word_1_272' title='bbox 2323 2731 2550 2791; x_wconf 89' lang='lat' dir='ltr'><strong>purum</strong></span> <span class='ocrx_word' id='word_1_273' title='bbox 2609 2720 2673 2772; x_wconf 92' lang='lat' dir='ltr'><strong>et</strong></span> <span class='ocrx_word' id='word_1_274' title='bbox 2720 2713 3165 2773; x_wconf 89' lang='lat' dir='ltr'><strong>intaminatum</strong></span> <span class='ocrx_word' id='word_1_275' title='bbox 3205 2714 3439 2775; x_wconf 90' lang='lat' dir='ltr'><strong>ederet.</strong></span> <span class='ocrx_word' id='word_1_276' title='bbox 3494 2716 3729 2785; x_wconf 88' lang='lat' dir='ltr'><strong>Quam-</strong></span> 
     </span>
    </p>
   </div>
   <div class='ocr_carea' id='block_1_25' title="bbox 322 2810 3723 2890">
    <p class='ocr_par' dir='ltr' id='par_1_25' title="bbox 322 2810 3723 2890">
     <span class='ocr_line' id='line_1_25' title="bbox 322 2810 3723 2890; baseline -0.002 -10"><span class='ocrx_word' id='word_1_277' title='bbox 322 2822 540 2882; x_wconf 88' lang='lat' dir='ltr'><strong>obrem</strong></span> <span class='ocrx_word' id='word_1_278' title='bbox 592 2837 735 2877; x_wconf 92' lang='lat' dir='ltr'><strong>eum</strong></span> <span class='ocrx_word' id='word_1_279' title='bbox 791 2824 853 2876; x_wconf 92' lang='lat' dir='ltr'><strong>et</strong></span> <span class='ocrx_word' id='word_1_280' title='bbox 910 2833 1051 2876; x_wconf 90' lang='lat' dir='ltr'><strong>cum</strong></span> <span class='ocrx_word' id='word_1_281' title='bbox 1104 2812 1535 2890; x_wconf 71' lang='lat' dir='ltr'><strong>superioribus</strong></span> <span class='ocrx_word' id='word_1_282' title='bbox 1592 2811 1972 2871; x_wconf 87' lang='lat' dir='ltr'><strong>editionibus</strong></span> <span class='ocrx_word' id='word_1_283' title='bbox 2027 2817 2091 2870; x_wconf 88' lang='lat' dir='ltr'><strong>et</strong></span> <span class='ocrx_word' id='word_1_284' title='bbox 2146 2829 2286 2873; x_wconf 89' lang='lat' dir='ltr'><strong>cum</strong></span> <span class='ocrx_word' id='word_1_285' title='bbox 2350 2830 2492 2869; x_wconf 89' lang='lat' dir='ltr'><strong>mss.</strong></span> <span class='ocrx_word' id='word_1_286' title='bbox 2555 2810 2803 2870; x_wconf 91' lang='lat' dir='ltr'><strong>duobus</strong></span> <span class='ocrx_word' id='word_1_287' title='bbox 2878 2811 2971 2871; x_wconf 84' lang='lat' dir='ltr'><strong>vel</strong></span> <span class='ocrx_word' id='word_1_288' title='bbox 3030 2811 3233 2870; x_wconf 92' lang='lat' dir='ltr'><strong>tribus</strong></span> <span class='ocrx_word' id='word_1_289' title='bbox 3292 2812 3584 2879; x_wconf 89' lang='lat' dir='ltr'><strong>contulit,</strong></span> <span class='ocrx_word' id='word_1_290' title='bbox 3644 2814 3723 2873; x_wconf 90' lang='lat' dir='ltr'><strong>de</strong></span> 
     </span>
    </p>
   </div>
   <div class='ocr_carea' id='block_1_26' title="bbox 323 2908 3728 2998">
    <p class='ocr_par' dir='ltr' id='par_1_26' title="bbox 323 2908 3728 2998">
     <span class='ocr_line' id='line_1_26' title="bbox 323 2908 3728 2998; baseline -0.002 -21"><span class='ocrx_word' id='word_1_291' title='bbox 323 2919 554 2998; x_wconf 88' lang='lat' dir='ltr'><strong>quibus</strong></span> <span class='ocrx_word' id='word_1_292' title='bbox 600 2924 739 2994; x_wconf 85' lang='lat' dir='ltr'><strong>post</strong></span> <span class='ocrx_word' id='word_1_293' title='bbox 770 2916 933 2974; x_wconf 86' lang='lat' dir='ltr'><strong>hunc</strong></span> <span class='ocrx_word' id='word_1_294' title='bbox 967 2912 1398 2992; x_wconf 69' lang='lat' dir='ltr'><strong>praefationem</strong></span> <span class='ocrx_word' id='word_1_295' title='bbox 1435 2911 1638 2969; x_wconf 90' lang='lat' dir='ltr'><strong>dicam</strong></span> <span class='ocrx_word' id='word_1_296' title='bbox 1663 2909 1724 2969; x_wconf 92' lang='lat' dir='ltr'><strong>in</strong></span> <span class='ocrx_word' id='word_1_297' title='bbox 1758 2908 2044 2969; x_wconf 88' lang='lat' dir='ltr'><strong>codicum</strong></span> <span class='ocrx_word' id='word_1_298' title='bbox 2080 2910 2326 2968; x_wconf 79' lang='lat' dir='ltr'><strong>notitia.</strong></span> <span class='ocrx_word' id='word_1_299' title='bbox 2364 2912 2595 2969; x_wconf 89' lang='lat' dir='ltr'><strong>Harum</strong></span> <span class='ocrx_word' id='word_1_300' title='bbox 2646 2909 2926 2968; x_wconf 89' lang='lat' dir='ltr'><strong>omnium</strong></span> <span class='ocrx_word' id='word_1_301' title='bbox 2992 2927 3065 2969; x_wconf 88' lang='lat' dir='ltr'><strong>ac</strong></span> <span class='ocrx_word' id='word_1_302' title='bbox 3099 2910 3411 2988; x_wconf 59' lang='lat' dir='ltr'><strong>praecipue</strong></span> <span class='ocrx_word' id='word_1_303' title='bbox 3442 2910 3728 2969; x_wconf 86' lang='lat' dir='ltr'><strong>codicum</strong></span> 
     </span>
    </p>
   </div>
   <div class='ocr_carea' id='block_1_27' title="bbox 327 3005 3729 3084">
    <p class='ocr_par' dir='ltr' id='par_1_27' title="bbox 327 3005 3729 3084">
     <span class='ocr_line' id='line_1_27' title="bbox 327 3005 3729 3084; baseline -0.003 -6"><span class='ocrx_word' id='word_1_304' title='bbox 327 3036 475 3078; x_wconf 86' lang='lat' dir='ltr'><strong>mss.</strong></span> <span class='ocrx_word' id='word_1_305' title='bbox 554 3015 740 3075; x_wconf 71' lang='lat' dir='ltr'><strong>varia,-</strong></span> <span class='ocrx_word' id='word_1_306' title='bbox 821 3014 1116 3071; x_wconf 77' lang='lat' dir='ltr'><strong>lectiones</strong></span> <span class='ocrx_word' id='word_1_307' title='bbox 1214 3011 1377 3069; x_wconf 91' lang='lat' dir='ltr'><strong>inter</strong></span> <span class='ocrx_word' id='word_1_308' title='bbox 1444 3015 1808 3067; x_wconf 88' lang='lat' dir='ltr'><strong>contextum</strong></span> <span class='ocrx_word' id='word_1_309' title='bbox 1899 3012 1961 3065; x_wconf 89' lang='lat' dir='ltr'><strong>et</strong></span> <span class='ocrx_word' id='word_1_310' title='bbox 2030 3013 2211 3066; x_wconf 83' lang='lat' dir='ltr'><strong>notas</strong></span> <span class='ocrx_word' id='word_1_311' title='bbox 2282 3005 2463 3065; x_wconf 82' lang='lat' dir='ltr'><strong>lineis</strong></span> <span class='ocrx_word' id='word_1_312' title='bbox 2537 3014 2735 3065; x_wconf 89' lang='lat' dir='ltr'><strong>totam</strong></span> <span class='ocrx_word' id='word_1_313' title='bbox 2807 3007 3202 3066; x_wconf 87' lang='lat' dir='ltr'><strong>latitudinem</strong></span> <span class='ocrx_word' id='word_1_314' title='bbox 3274 3007 3729 3084; x_wconf 84' lang='lat' dir='ltr'><strong>occupantibus</strong></span> 
     </span>
    </p>
   </div>
   <div class='ocr_carea' id='block_1_28' title="bbox 327 3103 3728 3184">
    <p class='ocr_par' dir='ltr' id='par_1_28' title="bbox 327 3103 3728 3184">
     <span class='ocr_line' id='line_1_28' title="bbox 327 3103 3728 3184; baseline -0.004 -9"><span class='ocrx_word' id='word_1_315' title='bbox 327 3117 672 3175; x_wconf 72' lang='lat' dir='ltr'><strong>collocatae.</strong></span> <span class='ocrx_word' id='word_1_316' title='bbox 719 3112 823 3169; x_wconf 79' lang='lat' dir='ltr'><strong>sed</strong></span> <span class='ocrx_word' id='word_1_317' title='bbox 860 3116 1029 3168; x_wconf 86' lang='lat' dir='ltr'><strong>tanta</strong></span> <span class='ocrx_word' id='word_1_318' title='bbox 1077 3107 1397 3184; x_wconf 80' lang='lat' dir='ltr'><strong>religione.</strong></span> <span class='ocrx_word' id='word_1_319' title='bbox 1429 3114 1495 3165; x_wconf 91' lang='lat' dir='ltr'><strong>ut</strong></span> <span class='ocrx_word' id='word_1_320' title='bbox 1536 3123 1612 3164; x_wconf 91' lang='lat' dir='ltr'><strong>ne</strong></span> <span class='ocrx_word' id='word_1_321' title='bbox 1668 3104 2011 3164; x_wconf 83' lang='lat' dir='ltr'><strong>levissimas</strong></span> <span class='ocrx_word' id='word_1_322' title='bbox 2041 3105 2294 3181; x_wconf 90' lang='lat' dir='ltr'><strong>quidem</strong></span> <span class='ocrx_word' id='word_1_323' title='bbox 2328 3110 2388 3162; x_wconf 92' lang='lat' dir='ltr'><strong>et</strong></span> <span class='ocrx_word' id='word_1_324' title='bbox 2419 3122 2455 3162; x_wconf 92' lang='lat' dir='ltr'><strong>a</strong></span> <span class='ocrx_word' id='word_1_325' title='bbox 2516 3103 2911 3163; x_wconf 78' lang='lat' dir='ltr'><strong>librariorum</strong></span> <span class='ocrx_word' id='word_1_326' title='bbox 2965 3105 3190 3164; x_wconf 89' lang='lat' dir='ltr'><strong>inscita</strong></span> <span class='ocrx_word' id='word_1_327' title='bbox 3247 3104 3558 3182; x_wconf 81' lang='lat' dir='ltr'><strong>profectas</strong></span> <span class='ocrx_word' id='word_1_328' title='bbox 3619 3123 3728 3166; x_wconf 81' lang='lat' dir='ltr'><strong>ne-</strong></span> 
     </span>
    </p>
   </div>
   <div class='ocr_carea' id='block_1_29' title="bbox 326 3201 3730 3291">
    <p class='ocr_par' dir='ltr' id='par_1_29' title="bbox 326 3201 3730 3291">
     <span class='ocr_line' id='line_1_29' title="bbox 326 3201 3730 3291; baseline -0.002 -21"><span class='ocrx_word' id='word_1_329' title='bbox 326 3214 612 3291; x_wconf 81' lang='lat' dir='ltr'><strong>glexerit.</strong></span> <span class='ocrx_word' id='word_1_330' title='bbox 674 3210 899 3270; x_wconf 74' lang='lat' dir='ltr'><strong>Melius</strong></span> <span class='ocrx_word' id='word_1_331' title='bbox 971 3208 1136 3264; x_wconf 90' lang='lat' dir='ltr'><strong>hunc</strong></span> <span class='ocrx_word' id='word_1_332' title='bbox 1200 3205 1427 3269; x_wconf 82' lang='lat' dir='ltr'><strong>locum.</strong></span> <span class='ocrx_word' id='word_1_333' title='bbox 1492 3221 1630 3261; x_wconf 83' lang='lat' dir='ltr'><strong>mea</strong></span> <span class='ocrx_word' id='word_1_334' title='bbox 1678 3201 1928 3278; x_wconf 82' lang='lat' dir='ltr'><strong>quidem</strong></span> <span class='ocrx_word' id='word_1_335' title='bbox 1989 3203 2320 3273; x_wconf 82' lang='lat' dir='ltr'><strong>sententia,</strong></span> <span class='ocrx_word' id='word_1_336' title='bbox 2375 3203 2613 3263; x_wconf 71' lang='lat' dir='ltr'><strong>sortitae</strong></span> <span class='ocrx_word' id='word_1_337' title='bbox 2662 3202 2944 3270; x_wconf 76' lang='lat' dir='ltr'><strong>fuisSent,</strong></span> <span class='ocrx_word' id='word_1_338' title='bbox 3007 3222 3147 3281; x_wconf 71' lang='lat' dir='ltr'><strong>qum</strong></span> <span class='ocrx_word' id='word_1_339' title='bbox 3200 3221 3273 3262; x_wconf 83' lang='lat' dir='ltr'><strong>ex</strong></span> <span class='ocrx_word' id='word_1_340' title='bbox 3341 3203 3730 3264; x_wconf 86' lang='lat' dir='ltr'><strong>Grodeciana</strong></span> 
     </span>
    </p>
   </div>
   <div class='ocr_carea' id='block_1_30' title="bbox 326 3301 3729 3387">
    <p class='ocr_par' dir='ltr' id='par_1_30' title="bbox 326 3301 3729 3387">
     <span class='ocr_line' id='line_1_30' title="bbox 326 3301 3729 3387; baseline -0.002 -17"><span class='ocrx_word' id='word_1_341' title='bbox 326 3310 846 3387; x_wconf 76' lang='lat' dir='ltr'><strong>interpretatione</strong></span> <span class='ocrx_word' id='word_1_342' title='bbox 876 3323 1016 3365; x_wconf 91' lang='lat' dir='ltr'><strong>cum</strong></span> <span class='ocrx_word' id='word_1_343' title='bbox 1046 3303 1229 3362; x_wconf 77' lang='lat' dir='ltr'><strong>editis</strong></span> <span class='ocrx_word' id='word_1_344' title='bbox 1258 3310 1621 3373; x_wconf 76' lang='lat' dir='ltr'><strong>comparata</strong></span> <span class='ocrx_word' id='word_1_345' title='bbox 1678 3308 2006 3359; x_wconf 91' lang='lat' dir='ltr'><strong>eruuntur.</strong></span> <span class='ocrx_word' id='word_1_346' title='bbox 2042 3304 2174 3359; x_wconf 91' lang='lat' dir='ltr'><strong>Non</strong></span> <span class='ocrx_word' id='word_1_347' title='bbox 2239 3320 2437 3379; x_wconf 85' lang='lat' dir='ltr'><strong>pauca</strong></span> <span class='ocrx_word' id='word_1_348' title='bbox 2486 3305 2719 3361; x_wconf 90' lang='lat' dir='ltr'><strong>sanein</strong></span> <span class='ocrx_word' id='word_1_349' title='bbox 2781 3308 3074 3360; x_wconf 84' lang='lat' dir='ltr'><strong>contextu</strong></span> <span class='ocrx_word' id='word_1_350' title='bbox 3128 3301 3507 3366; x_wconf 85' lang='lat' dir='ltr'><strong>emendavit.</strong></span> <span class='ocrx_word' id='word_1_351' title='bbox 3542 3302 3729 3380; x_wconf 88' lang='lat' dir='ltr'><strong>idque</strong></span> 
     </span>
    </p>
   </div>
   <div class='ocr_carea' id='block_1_31' title="bbox 327 3398 3727 3480">
    <p class='ocr_par' dir='ltr' id='par_1_31' title="bbox 327 3398 3727 3480">
     <span class='ocr_line' id='line_1_31' title="bbox 327 3398 3727 3480; baseline -0.002 -13"><span class='ocrx_word' id='word_1_352' title='bbox 327 3408 561 3467; x_wconf 73' lang='lat' dir='ltr'><strong>lectore</strong></span> <span class='ocrx_word' id='word_1_353' title='bbox 594 3422 840 3480; x_wconf 81' lang='lat' dir='ltr'><strong>semper</strong></span> <span class='ocrx_word' id='word_1_354' title='bbox 887 3402 1215 3461; x_wconf 89' lang='lat' dir='ltr'><strong>admonito</strong></span> <span class='ocrx_word' id='word_1_355' title='bbox 1248 3418 1262 3469; x_wconf 90' lang='lat'><strong>;</strong></span> <span class='ocrx_word' id='word_1_356' title='bbox 1290 3401 1394 3459; x_wconf 86' lang='lat' dir='ltr'><strong>sed</strong></span> <span class='ocrx_word' id='word_1_357' title='bbox 1428 3400 1625 3458; x_wconf 91' lang='lat' dir='ltr'><strong>multa</strong></span> <span class='ocrx_word' id='word_1_358' title='bbox 1659 3417 1799 3457; x_wconf 90' lang='lat' dir='ltr'><strong>eum</strong></span> <span class='ocrx_word' id='word_1_359' title='bbox 1839 3398 2213 3469; x_wconf 74' lang='lat' dir='ltr'><strong>fefellerunt,</strong></span> <span class='ocrx_word' id='word_1_360' title='bbox 2251 3399 2448 3458; x_wconf 89' lang='lat' dir='ltr'><strong>multa</strong></span> <span class='ocrx_word' id='word_1_361' title='bbox 2509 3402 2785 3477; x_wconf 87' lang='lat' dir='ltr'><strong>prudens</strong></span> <span class='ocrx_word' id='word_1_362' title='bbox 2841 3406 2904 3458; x_wconf 90' lang='lat' dir='ltr'><strong>et</strong></span> <span class='ocrx_word' id='word_1_363' title='bbox 2940 3399 3138 3458; x_wconf 90' lang='lat' dir='ltr'><strong>sciens</strong></span> <span class='ocrx_word' id='word_1_364' title='bbox 3172 3399 3448 3476; x_wconf 85' lang='lat' dir='ltr'><strong>reliquit,</strong></span> <span class='ocrx_word' id='word_1_365' title='bbox 3479 3419 3622 3478; x_wconf 65' lang='lat' dir='ltr'><strong>quas</strong></span> <span class='ocrx_word' id='word_1_366' title='bbox 3652 3419 3727 3461; x_wconf 81' lang='lat' dir='ltr'><strong>ex</strong></span> 
     </span>
    </p>
   </div>
   <div class='ocr_carea' id='block_1_32' title="bbox 325 3496 3733 3577">
    <p class='ocr_par' dir='ltr' id='par_1_32' title="bbox 325 3496 3733 3577">
     <span class='ocr_line' id='line_1_32' title="bbox 325 3496 3733 3577; baseline -0.001 -13"><span class='ocrx_word' id='word_1_367' title='bbox 325 3505 512 3564; x_wconf 85' lang='lat' dir='ltr'><strong>variis</strong></span> <span class='ocrx_word' id='word_1_368' title='bbox 546 3502 915 3562; x_wconf 85' lang='lat' dir='ltr'><strong>lectionibus</strong></span> <span class='ocrx_word' id='word_1_369' title='bbox 980 3500 1060 3558; x_wconf 89' lang='lat' dir='ltr'><strong>ab</strong></span> <span class='ocrx_word' id='word_1_370' title='bbox 1107 3517 1181 3559; x_wconf 90' lang='lat' dir='ltr'><strong>eo</strong></span> <span class='ocrx_word' id='word_1_371' title='bbox 1213 3497 1522 3577; x_wconf 89' lang='lat' dir='ltr'><strong>appositis</strong></span> <span class='ocrx_word' id='word_1_372' title='bbox 1593 3496 1913 3555; x_wconf 88' lang='lat' dir='ltr'><strong>emendari</strong></span> <span class='ocrx_word' id='word_1_373' title='bbox 1988 3503 2301 3574; x_wconf 89' lang='lat' dir='ltr'><strong>poterant.</strong></span> <span class='ocrx_word' id='word_1_374' title='bbox 2337 3498 2529 3573; x_wconf 88' lang='lat' dir='ltr'><strong>Cujus</strong></span> <span class='ocrx_word' id='word_1_375' title='bbox 2585 3498 2674 3558; x_wconf 86' lang='lat' dir='ltr'><strong>rei</strong></span> <span class='ocrx_word' id='word_1_376' title='bbox 2740 3498 3102 3575; x_wconf 85' lang='lat' dir='ltr'><strong>exemplum</strong></span> <span class='ocrx_word' id='word_1_377' title='bbox 3165 3497 3358 3557; x_wconf 85' lang='lat' dir='ltr'><strong>babes</strong></span> <span class='ocrx_word' id='word_1_378' title='bbox 3388 3499 3634 3559; x_wconf 88' lang='lat' dir='ltr'><strong>catech.</strong></span> <span class='ocrx_word' id='word_1_379' title='bbox 3670 3503 3733 3573; x_wconf 70' lang='lat'><strong>4,</strong></span> 
     </span>
    </p>
   </div>
   <div class='ocr_carea' id='block_1_33' title="bbox 324 3594 3727 3677">
    <p class='ocr_par' dir='ltr' id='par_1_33' title="bbox 324 3594 3727 3677">
     <span class='ocr_line' id='line_1_33' title="bbox 324 3594 3727 3677; baseline -0.003 -13"><span class='ocrx_word' id='word_1_380' title='bbox 324 3623 497 3664; x_wconf 91' lang='lat' dir='ltr'><strong>num.</strong></span> <span class='ocrx_word' id='word_1_381' title='bbox 537 3605 632 3666; x_wconf 78' lang='lat'><strong>21,</strong></span> <span class='ocrx_word' id='word_1_382' title='bbox 670 3601 818 3659; x_wconf 78' lang='lat' dir='ltr'><strong>edit.</strong></span> <span class='ocrx_word' id='word_1_383' title='bbox 853 3606 1081 3669; x_wconf 65' lang='lat' dir='ltr'><strong>(non,</strong></span> <span class='ocrx_word' id='word_1_384' title='bbox 1112 3606 1342 3658; x_wconf 73' lang='lat' dir='ltr'><strong>nostras</strong></span> <span class='ocrx_word' id='word_1_385' title='bbox 1373 3597 1473 3660; x_wconf 82' lang='grc'><strong>35.</strong></span> <span class='ocrx_word' id='word_1_386' title='bbox 1509 3601 1571 3655; x_wconf 87' lang='lat' dir='ltr'><strong>et</strong></span> <span class='ocrx_word' id='word_1_387' title='bbox 1601 3594 1841 3655; x_wconf 87' lang='lat' dir='ltr'><strong>catech.</strong></span> <span class='ocrx_word' id='word_1_388' title='bbox 1868 3597 1965 3664; x_wconf 75' lang='lat'><strong>‘23,</strong></span> <span class='ocrx_word' id='word_1_389' title='bbox 2005 3614 2177 3654; x_wconf 91' lang='lat' dir='ltr'><strong>num.</strong></span> <span class='ocrx_word' id='word_1_390' title='bbox 2210 3598 2246 3655; x_wconf 83' lang='grc'><strong>5</strong></span> <span class='ocrx_word' id='word_1_391' title='bbox 2279 3604 2340 3655; x_wconf 91' lang='lat' dir='ltr'><strong>et</strong></span> <span class='ocrx_word' id='word_1_392' title='bbox 2367 3598 2428 3668; x_wconf 87' lang='lat'><strong>6,</strong></span> <span class='ocrx_word' id='word_1_393' title='bbox 2463 3596 2614 3655; x_wconf 74' lang='lat' dir='ltr'><strong>edat.</strong></span> <span class='ocrx_word' id='word_1_394' title='bbox 2643 3599 2870 3664; x_wconf 84' lang='lat' dir='ltr'><strong>Oxon.,</strong></span> <span class='ocrx_word' id='word_1_395' title='bbox 2910 3604 3148 3656; x_wconf 68' lang='lat' dir='ltr'><strong>nostrae</strong></span> <span class='ocrx_word' id='word_1_396' title='bbox 3197 3598 3335 3666; x_wconf 84' lang='lat'><strong>7-9,</strong></span> <span class='ocrx_word' id='word_1_397' title='bbox 3383 3596 3443 3656; x_wconf 89' lang='lat' dir='ltr'><strong>in</strong></span> <span class='ocrx_word' id='word_1_398' title='bbox 3496 3598 3727 3677; x_wconf 88' lang='lat' dir='ltr'><strong>quibus</strong></span> 
     </span>
    </p>
   </div>
   <div class='ocr_carea' id='block_1_34' title="bbox 324 3692 3739 3782">
    <p class='ocr_par' dir='ltr' id='par_1_34' title="bbox 324 3692 3739 3782">
     <span class='ocr_line' id='line_1_34' title="bbox 324 3692 3739 3782; baseline -0.002 -22"><span class='ocrx_word' id='word_1_399' title='bbox 324 3703 696 3782; x_wconf 81' lang='lat' dir='ltr'><strong>perturbata</strong></span> <span class='ocrx_word' id='word_1_400' title='bbox 743 3700 1076 3757; x_wconf 80' lang='lat' dir='ltr'><strong>verborum</strong></span> <span class='ocrx_word' id='word_1_401' title='bbox 1131 3695 1537 3759; x_wconf 78' lang='lat' dir='ltr'><strong>constructio.</strong></span> <span class='ocrx_word' id='word_1_402' title='bbox 1587 3712 1662 3753; x_wconf 82' lang='lat' dir='ltr'><strong>ex</strong></span> <span class='ocrx_word' id='word_1_403' title='bbox 1713 3692 2091 3753; x_wconf 88' lang='lat' dir='ltr'><strong>lectionibus</strong></span> <span class='ocrx_word' id='word_1_404' title='bbox 2140 3696 2447 3771; x_wconf 82' lang='lat' dir='ltr'><strong>appositis</strong></span> <span class='ocrx_word' id='word_1_405' title='bbox 2497 3693 2553 3752; x_wconf 92' lang='lat' dir='ltr'><strong>in</strong></span> <span class='ocrx_word' id='word_1_406' title='bbox 2604 3694 2918 3762; x_wconf 70' lang='lat' dir='ltr'><strong>integrum</strong></span> <span class='ocrx_word' id='word_1_407' title='bbox 2972 3694 3213 3753; x_wconf 88' lang='lat' dir='ltr'><strong>restitui</strong></span> <span class='ocrx_word' id='word_1_408' title='bbox 3262 3702 3511 3772; x_wconf 90' lang='lat' dir='ltr'><strong>poterat</strong></span> <span class='ocrx_word' id='word_1_409' title='bbox 3569 3713 3739 3766; x_wconf 86' lang='lat' dir='ltr'><strong>;nec</strong></span> 
     </span>
    </p>
   </div>
   <div class='ocr_carea' id='block_1_35' title="bbox 324 3792 3726 3874">
    <p class='ocr_par' dir='ltr' id='par_1_35' title="bbox 324 3792 3726 3874">
     <span class='ocr_line' id='line_1_35' title="bbox 324 3792 3726 3874; baseline -0.002 -15"><span class='ocrx_word' id='word_1_410' title='bbox 324 3806 532 3859; x_wconf 84' lang='lat' dir='ltr'><strong>tamen</strong></span> <span class='ocrx_word' id='word_1_411' title='bbox 568 3798 911 3874; x_wconf 82' lang='lat' dir='ltr'><strong>quidquam</strong></span> <span class='ocrx_word' id='word_1_412' title='bbox 989 3804 1326 3853; x_wconf 74' lang='lat' dir='ltr'><strong>mutatum.</strong></span> <span class='ocrx_word' id='word_1_413' title='bbox 1379 3794 1537 3864; x_wconf 84' lang='lat' dir='ltr'><strong>Quin</strong></span> <span class='ocrx_word' id='word_1_414' title='bbox 1596 3792 1782 3850; x_wconf 88' lang='lat' dir='ltr'><strong>etiam</strong></span> <span class='ocrx_word' id='word_1_415' title='bbox 1838 3792 1896 3849; x_wconf 92' lang='lat' dir='ltr'><strong>in</strong></span> <span class='ocrx_word' id='word_1_416' title='bbox 1959 3793 2125 3849; x_wconf 90' lang='lat' dir='ltr'><strong>notis</strong></span> <span class='ocrx_word' id='word_1_417' title='bbox 2173 3793 2477 3850; x_wconf 88' lang='lat' dir='ltr'><strong>nonnulla</strong></span> <span class='ocrx_word' id='word_1_418' title='bbox 2509 3800 2961 3851; x_wconf 65' lang='lat' dir='ltr'><strong>commemOIat</strong></span> <span class='ocrx_word' id='word_1_419' title='bbox 3013 3811 3050 3852; x_wconf 88' lang='lat' dir='ltr'><strong>a</strong></span> <span class='ocrx_word' id='word_1_420' title='bbox 3100 3811 3163 3851; x_wconf 90' lang='lat' dir='ltr'><strong>se</strong></span> <span class='ocrx_word' id='word_1_421' title='bbox 3194 3795 3549 3854; x_wconf 83' lang='lat' dir='ltr'><strong>emendata.</strong></span> <span class='ocrx_word' id='word_1_422' title='bbox 3583 3810 3726 3869; x_wconf 65' lang='lat' dir='ltr'><strong>qua</strong></span> 
     </span>
    </p>
   </div>
   <div class='ocr_carea' id='block_1_36' title="bbox 328 3889 3732 3969">
    <p class='ocr_par' dir='ltr' id='par_1_36' title="bbox 328 3889 3732 3969">
     <span class='ocr_line' id='line_1_36' title="bbox 328 3889 3732 3969; baseline -0.002 -12"><span class='ocrx_word' id='word_1_423' title='bbox 328 3905 536 3958; x_wconf 84' lang='lat' dir='ltr'><strong>tamen</strong></span> <span class='ocrx_word' id='word_1_424' title='bbox 575 3904 632 3954; x_wconf 87' lang='lat' dir='ltr'><strong>in</strong></span> <span class='ocrx_word' id='word_1_425' title='bbox 672 3904 867 3962; x_wconf 82' lang='lat' dir='ltr'><strong>textu,</strong></span> <span class='ocrx_word' id='word_1_426' title='bbox 906 3894 1113 3951; x_wconf 87' lang='lat' dir='ltr'><strong>nescio</strong></span> <span class='ocrx_word' id='word_1_427' title='bbox 1145 3910 1270 3969; x_wconf 89' lang='lat' dir='ltr'><strong>quo</strong></span> <span class='ocrx_word' id='word_1_428' title='bbox 1305 3904 1507 3967; x_wconf 80' lang='lat' dir='ltr'><strong>paulo,</strong></span> <span class='ocrx_word' id='word_1_429' title='bbox 1573 3890 1790 3949; x_wconf 82' lang='lat' dir='ltr'><strong>eadem</strong></span> <span class='ocrx_word' id='word_1_430' title='bbox 1857 3895 2241 3964; x_wconf 82' lang='lat' dir='ltr'><strong>manserunt,</strong></span> <span class='ocrx_word' id='word_1_431' title='bbox 2305 3889 2475 3947; x_wconf 71' lang='lat' dir='ltr'><strong>Velut</strong></span> <span class='ocrx_word' id='word_1_432' title='bbox 2505 3892 2746 3949; x_wconf 73' lang='grc' dir='ltr'><strong>οηιιιθὴ.</strong></span> <span class='ocrx_word' id='word_1_433' title='bbox 2811 3898 2867 3957; x_wconf 71' lang='grc'><strong>3,</strong></span> <span class='ocrx_word' id='word_1_434' title='bbox 2908 3909 3087 3951; x_wconf 91' lang='lat' dir='ltr'><strong>num.</strong></span> <span class='ocrx_word' id='word_1_435' title='bbox 3151 3894 3209 3967; x_wconf 85' lang='lat'><strong>7,</strong></span> <span class='ocrx_word' id='word_1_436' title='bbox 3247 3899 3308 3947; x_wconf 89' lang='lat' dir='ltr'><strong>et</strong></span> <span class='ocrx_word' id='word_1_437' title='bbox 3366 3889 3609 3950; x_wconf 80' lang='lat' dir='ltr'><strong>catech.</strong></span> <span class='ocrx_word' id='word_1_438' title='bbox 3672 3895 3732 3962; x_wconf 84' lang='lat'><strong>6,</strong></span> 
     </span>
    </p>
   </div>
   <div class='ocr_carea' id='block_1_37' title="bbox 328 3986 3738 4067">
    <p class='ocr_par' dir='ltr' id='par_1_37' title="bbox 328 3986 3738 4067">
     <span class='ocr_line' id='line_1_37' title="bbox 328 3986 3738 4067; baseline -0.002 -13"><span class='ocrx_word' id='word_1_439' title='bbox 328 4015 501 4055; x_wconf 91' lang='lat' dir='ltr'><strong>num.</strong></span> <span class='ocrx_word' id='word_1_440' title='bbox 550 4000 632 4053; x_wconf 80' lang='lat' dir='ltr'><strong>I7.</strong></span> <span class='ocrx_word' id='word_1_441' title='bbox 674 3992 1200 4067; x_wconf 82' lang='lat' dir='ltr'><strong>Interspirationis</strong></span> <span class='ocrx_word' id='word_1_442' title='bbox 1234 4000 1398 4049; x_wconf 70' lang='lat' dir='ltr'><strong>notm</strong></span> <span class='ocrx_word' id='word_1_443' title='bbox 1458 3988 1515 4046; x_wconf 91' lang='lat' dir='ltr'><strong>in</strong></span> <span class='ocrx_word' id='word_1_444' title='bbox 1583 3988 1697 4046; x_wconf 89' lang='lat' dir='ltr'><strong>hac</strong></span> <span class='ocrx_word' id='word_1_445' title='bbox 1729 3987 2001 4046; x_wconf 86' lang='lat' dir='ltr'><strong>editione</strong></span> <span class='ocrx_word' id='word_1_446' title='bbox 2038 3987 2236 4045; x_wconf 78' lang='lat' dir='ltr'><strong>multo</strong></span> <span class='ocrx_word' id='word_1_447' title='bbox 2295 3986 2655 4063; x_wconf 84' lang='lat' dir='ltr'><strong>diligentius</strong></span> <span class='ocrx_word' id='word_1_448' title='bbox 2688 4006 2877 4061; x_wconf 88' lang='lat' dir='ltr'><strong>quam</strong></span> <span class='ocrx_word' id='word_1_449' title='bbox 2940 3989 3000 4048; x_wconf 91' lang='lat' dir='ltr'><strong>in</strong></span> <span class='ocrx_word' id='word_1_450' title='bbox 3063 3988 3493 4065; x_wconf 83' lang='lat' dir='ltr'><strong>superioribus</strong></span> <span class='ocrx_word' id='word_1_451' title='bbox 3527 3988 3738 4048; x_wconf 87' lang='lat' dir='ltr'><strong>obser-</strong></span> 
     </span>
    </p>
   </div>
   <div class='ocr_carea' id='block_1_38' title="bbox 333 4085 3739 4165">
    <p class='ocr_par' dir='ltr' id='par_1_38' title="bbox 333 4085 3739 4165">
     <span class='ocr_line' id='line_1_38' title="bbox 333 4085 3739 4165; baseline -0.009 -12"><span class='ocrx_word' id='word_1_452' title='bbox 333 4104 491 4153; x_wconf 67' lang='lat' dir='ltr'><strong>vatas</strong></span> <span class='ocrx_word' id='word_1_453' title='bbox 530 4114 541 4154; x_wconf 91' lang='lat'>:</span> <span class='ocrx_word' id='word_1_454' title='bbox 577 4094 889 4151; x_wconf 88' lang='lat' dir='ltr'><strong>interdum</strong></span> <span class='ocrx_word' id='word_1_455' title='bbox 955 4090 1160 4147; x_wconf 90' lang='lat' dir='ltr'><strong>minus</strong></span> <span class='ocrx_word' id='word_1_456' title='bbox 1217 4089 1672 4146; x_wconf 64' lang='lat' dir='ltr'><strong>animadve-sm</strong></span> <span class='ocrx_word' id='word_1_457' title='bbox 1706 4087 2004 4144; x_wconf 85' lang='lat' dir='ltr'><strong>editorem</strong></span> <span class='ocrx_word' id='word_1_458' title='bbox 2044 4095 2376 4143; x_wconf 65' lang='lat' dir='ltr'><strong>torserunt.</strong></span> <span class='ocrx_word' id='word_1_459' title='bbox 2414 4091 2475 4143; x_wconf 82' lang='lat' dir='ltr'><strong>et</strong></span> <span class='ocrx_word' id='word_1_460' title='bbox 2532 4085 2608 4143; x_wconf 76' lang='lat' dir='ltr'><strong>ad</strong></span> <span class='ocrx_word' id='word_1_461' title='bbox 2674 4087 3111 4145; x_wconf 61' lang='lat' dir='ltr'><strong>medicandum</strong></span> <span class='ocrx_word' id='word_1_462' title='bbox 3178 4086 3327 4144; x_wconf 68' lang='lat' dir='ltr'><strong>locis</strong></span> <span class='ocrx_word' id='word_1_463' title='bbox 3384 4087 3647 4165; x_wconf 50' lang='lat' dir='ltr'><strong>impgris</strong></span> <span class='ocrx_word' id='word_1_464' title='bbox 3678 4096 3739 4148; x_wconf 55' lang='lat' dir='ltr'><strong>et</strong></span> 
     </span>
    </p>
   </div>
   <div class='ocr_carea' id='block_1_39' title="bbox 331 4182 3735 4263">
    <p class='ocr_par' dir='ltr' id='par_1_39' title="bbox 331 4182 3735 4263">
     <span class='ocr_line' id='line_1_39' title="bbox 331 4182 3735 4263; baseline -0.003 -11"><span class='ocrx_word' id='word_1_465' title='bbox 331 4194 499 4252; x_wconf 74' lang='lat' dir='ltr'><strong>sanis</strong></span> <span class='ocrx_word' id='word_1_466' title='bbox 531 4193 962 4249; x_wconf 82' lang='lat' dir='ltr'><strong>induxerunt:</strong></span> <span class='ocrx_word' id='word_1_467' title='bbox 1002 4189 1140 4243; x_wconf 91' lang='lat' dir='ltr'><strong>vide</strong></span> <span class='ocrx_word' id='word_1_468' title='bbox 1172 4193 1294 4245; x_wconf 87' lang='lat' dir='ltr'><strong>cat.</strong></span> <span class='ocrx_word' id='word_1_469' title='bbox 1337 4188 1431 4255; x_wconf 82' lang='grc'><strong>11,</strong></span> <span class='ocrx_word' id='word_1_470' title='bbox 1469 4204 1529 4242; x_wconf 92' lang='lat' dir='ltr'><strong>n.</strong></span> <span class='ocrx_word' id='word_1_471' title='bbox 1563 4187 1621 4243; x_wconf 76' lang='grc'><strong>4.</strong></span> <span class='ocrx_word' id='word_1_472' title='bbox 1658 4184 1963 4242; x_wconf 68' lang='lat' dir='ltr'><strong>Casterum</strong></span> <span class='ocrx_word' id='word_1_473' title='bbox 2007 4182 2266 4240; x_wconf 82' lang='lat' dir='ltr'><strong>Joannis</strong></span> <span class='ocrx_word' id='word_1_474' title='bbox 2324 4182 2583 4253; x_wconf 86' lang='lat' dir='ltr'><strong>Potteri,</strong></span> <span class='ocrx_word' id='word_1_475' title='bbox 2618 4184 2725 4261; x_wconf 89' lang='lat' dir='ltr'><strong>qui</strong></span> <span class='ocrx_word' id='word_1_476' title='bbox 2761 4185 3001 4243; x_wconf 83' lang='lat' dir='ltr'><strong>mendis</strong></span> <span class='ocrx_word' id='word_1_477' title='bbox 3035 4183 3474 4262; x_wconf 68' lang='lat' dir='ltr'><strong>typographim</strong></span> <span class='ocrx_word' id='word_1_478' title='bbox 3504 4204 3735 4263; x_wconf 84' lang='lat' dir='ltr'><strong>expur-</strong></span> 
     </span>
    </p>
   </div>
   <div class='ocr_carea' id='block_1_40' title="bbox 331 4280 3734 4369">
    <p class='ocr_par' dir='ltr' id='par_1_40' title="bbox 331 4280 3734 4369">
     <span class='ocr_line' id='line_1_40' title="bbox 331 4280 3734 4369; baseline -0.003 -20"><span class='ocrx_word' id='word_1_479' title='bbox 331 4291 554 4369; x_wconf 84' lang='lat' dir='ltr'><strong>gandis</strong></span> <span class='ocrx_word' id='word_1_480' title='bbox 589 4289 859 4366; x_wconf 63' lang='lat' dir='ltr'><strong>praefuit,</strong></span> <span class='ocrx_word' id='word_1_481' title='bbox 899 4291 1067 4343; x_wconf 87' lang='lat' dir='ltr'><strong>tanta</strong></span> <span class='ocrx_word' id='word_1_482' title='bbox 1104 4283 1339 4339; x_wconf 69' lang='lat' dir='ltr'><strong>e-xstiIit</strong></span> <span class='ocrx_word' id='word_1_483' title='bbox 1372 4281 1723 4357; x_wconf 72' lang='lat' dir='ltr'><strong>diligentia,</strong></span> <span class='ocrx_word' id='word_1_484' title='bbox 1763 4281 1919 4336; x_wconf 90' lang='lat' dir='ltr'><strong>utin</strong></span> <span class='ocrx_word' id='word_1_485' title='bbox 1984 4280 2100 4337; x_wconf 87' lang='lat' dir='ltr'><strong>hoc</strong></span> <span class='ocrx_word' id='word_1_486' title='bbox 2158 4298 2407 4356; x_wconf 64' lang='lat' dir='ltr'><strong>genere,</strong></span> <span class='ocrx_word' id='word_1_487' title='bbox 2445 4281 2505 4338; x_wconf 92' lang='lat' dir='ltr'><strong>in</strong></span> <span class='ocrx_word' id='word_1_488' title='bbox 2568 4300 2695 4357; x_wconf 85' lang='lat' dir='ltr'><strong>quo</strong></span> <span class='ocrx_word' id='word_1_489' title='bbox 2732 4283 2855 4341; x_wconf 79' lang='lat' dir='ltr'><strong>labi</strong></span> <span class='ocrx_word' id='word_1_490' title='bbox 2916 4290 2977 4341; x_wconf 85' lang='lat' dir='ltr'><strong>et</strong></span> <span class='ocrx_word' id='word_1_491' title='bbox 3037 4300 3249 4340; x_wconf 90' lang='lat' dir='ltr'><strong>errare</strong></span> <span class='ocrx_word' id='word_1_492' title='bbox 3311 4283 3588 4358; x_wconf 86' lang='lat' dir='ltr'><strong>proclive</strong></span> <span class='ocrx_word' id='word_1_493' title='bbox 3620 4290 3734 4355; x_wconf 88' lang='lat' dir='ltr'><strong>est,</strong></span> 
     </span>
    </p>
   </div>
   <div class='ocr_carea' id='block_1_41' title="bbox 329 4379 3733 4465">
    <p class='ocr_par' dir='ltr' id='par_1_41' title="bbox 329 4379 3733 4465">
     <span class='ocr_line' id='line_1_41' title="bbox 329 4379 3733 4465; baseline -0.002 -17"><span class='ocrx_word' id='word_1_494' title='bbox 329 4393 425 4453; x_wconf 84' lang='lat' dir='ltr'><strong>vix</strong></span> <span class='ocrx_word' id='word_1_495' title='bbox 463 4404 740 4465; x_wconf 85' lang='lat' dir='ltr'><strong>unquam</strong></span> <span class='ocrx_word' id='word_1_496' title='bbox 776 4383 1077 4441; x_wconf 72' lang='lat' dir='ltr'><strong>offendat.</strong></span> <span class='ocrx_word' id='word_1_497' title='bbox 1143 4385 1331 4439; x_wconf 63' lang='lat' dir='ltr'><strong>Nova:</strong></span> <span class='ocrx_word' id='word_1_498' title='bbox 1390 4379 1924 4454; x_wconf 80' lang='lat' dir='ltr'><strong>interpretationis</strong></span> <span class='ocrx_word' id='word_1_499' title='bbox 1985 4379 2418 4437; x_wconf 63' lang='lat' dir='ltr'><strong>necessitatem</strong></span> <span class='ocrx_word' id='word_1_500' title='bbox 2483 4379 2631 4438; x_wconf 80' lang='lat' dir='ltr'><strong>vidit</strong></span> <span class='ocrx_word' id='word_1_501' title='bbox 2670 4380 2976 4441; x_wconf 86' lang='lat' dir='ltr'><strong>Millesius</strong></span> <span class='ocrx_word' id='word_1_502' title='bbox 3031 4400 3045 4452; x_wconf 91' lang='lat'><strong>;</strong></span> <span class='ocrx_word' id='word_1_503' title='bbox 3109 4398 3222 4438; x_wconf 91' lang='lat' dir='ltr'><strong>cur</strong></span> <span class='ocrx_word' id='word_1_504' title='bbox 3255 4379 3421 4439; x_wconf 92' lang='lat' dir='ltr'><strong>hunc</strong></span> <span class='ocrx_word' id='word_1_505' title='bbox 3458 4380 3733 4441; x_wconf 87' lang='lat' dir='ltr'><strong>laborem</strong></span> 
     </span>
    </p>
   </div>
   <div class='ocr_carea' id='block_1_42' title="bbox 327 4476 3735 4561">
    <p class='ocr_par' dir='ltr' id='par_1_42' title="bbox 327 4476 3735 4561">
     <span class='ocr_line' id='line_1_42' title="bbox 327 4476 3735 4561; baseline -0.003 -14"><span class='ocrx_word' id='word_1_506' title='bbox 327 4508 451 4547; x_wconf 91' lang='lat' dir='ltr'><strong>non</strong></span> <span class='ocrx_word' id='word_1_507' title='bbox 487 4483 853 4561; x_wconf 70' lang='lat' dir='ltr'><strong>susceperit,</strong></span> <span class='ocrx_word' id='word_1_508' title='bbox 888 4481 1133 4557; x_wconf 89' lang='lat' dir='ltr'><strong>ignoro.</strong></span> <span class='ocrx_word' id='word_1_509' title='bbox 1167 4478 1625 4538; x_wconf 77' lang='lat' dir='ltr'><strong>Gtodeciauam</strong></span> <span class='ocrx_word' id='word_1_510' title='bbox 1692 4477 1903 4534; x_wconf 89' lang='lat' dir='ltr'><strong>multis</strong></span> <span class='ocrx_word' id='word_1_511' title='bbox 1935 4476 2039 4534; x_wconf 92' lang='lat' dir='ltr'><strong>ille</strong></span> <span class='ocrx_word' id='word_1_512' title='bbox 2097 4476 2351 4553; x_wconf 77' lang='lat' dir='ltr'><strong>quidem</strong></span> <span class='ocrx_word' id='word_1_513' title='bbox 2389 4478 2540 4536; x_wconf 89' lang='lat' dir='ltr'><strong>locis</strong></span> <span class='ocrx_word' id='word_1_514' title='bbox 2597 4478 2955 4537; x_wconf 73' lang='lat' dir='ltr'><strong>emendavit</strong></span> <span class='ocrx_word' id='word_1_515' title='bbox 2989 4496 3003 4549; x_wconf 92' lang='lat'><strong>;</strong></span> <span class='ocrx_word' id='word_1_516' title='bbox 3067 4478 3171 4537; x_wconf 89' lang='lat' dir='ltr'><strong>sed</strong></span> <span class='ocrx_word' id='word_1_517' title='bbox 3208 4477 3266 4536; x_wconf 89' lang='lat' dir='ltr'><strong>in</strong></span> <span class='ocrx_word' id='word_1_518' title='bbox 3305 4478 3508 4537; x_wconf 89' lang='lat' dir='ltr'><strong>multo</strong></span> <span class='ocrx_word' id='word_1_519' title='bbox 3540 4479 3735 4556; x_wconf 86' lang='lat' dir='ltr'><strong>pluri-</strong></span> 
     </span>
    </p>
   </div>
   <div class='ocr_carea' id='block_1_43' title="bbox 326 4574 3734 4659">
    <p class='ocr_par' dir='ltr' id='par_1_43' title="bbox 326 4574 3734 4659">
     <span class='ocr_line' id='line_1_43' title="bbox 326 4574 3734 4659; baseline -0.003 -14"><span class='ocrx_word' id='word_1_520' title='bbox 326 4585 443 4645; x_wconf 85' lang='lat' dir='ltr'><strong>bus</strong></span> <span class='ocrx_word' id='word_1_521' title='bbox 475 4596 574 4642; x_wconf 86' lang='lat' dir='ltr'><strong>aut</strong></span> <span class='ocrx_word' id='word_1_522' title='bbox 617 4599 866 4659; x_wconf 55' lang='lat' dir='ltr'><strong>prorsus</strong></span> <span class='ocrx_word' id='word_1_523' title='bbox 901 4578 1229 4645; x_wconf 76' lang='lat' dir='ltr'><strong>inmnatis,</strong></span> <span class='ocrx_word' id='word_1_524' title='bbox 1275 4583 1383 4633; x_wconf 91' lang='lat' dir='ltr'><strong>aut</strong></span> <span class='ocrx_word' id='word_1_525' title='bbox 1415 4600 1442 4631; x_wconf 69' lang='grc' dir='ltr'><strong><em>υ</em></strong></span> <span class='ocrx_word' id='word_1_526' title='bbox 1479 4577 1698 4634; x_wconf 77' lang='lat' dir='ltr'><strong>Grach</strong></span> <span class='ocrx_word' id='word_1_527' title='bbox 1731 4574 2235 4651; x_wconf 74' lang='lat' dir='ltr'><strong>di~crepantibus</strong></span> <span class='ocrx_word' id='word_1_528' title='bbox 2267 4576 2567 4634; x_wconf 87' lang='lat' dir='ltr'><strong>intactam</strong></span> <span class='ocrx_word' id='word_1_529' title='bbox 2632 4577 2881 4652; x_wconf 72' lang='lat' dir='ltr'><strong>reliquit</strong></span> <span class='ocrx_word' id='word_1_530' title='bbox 2938 4576 3096 4647; x_wconf 87' lang='lat' dir='ltr'><strong>Quin</strong></span> <span class='ocrx_word' id='word_1_531' title='bbox 3159 4578 3347 4636; x_wconf 87' lang='lat' dir='ltr'><strong>etiam</strong></span> <span class='ocrx_word' id='word_1_532' title='bbox 3384 4580 3459 4635; x_wconf 85' lang='lat' dir='ltr'><strong>ad</strong></span> <span class='ocrx_word' id='word_1_533' title='bbox 3498 4595 3734 4649; x_wconf 63' lang='lat' dir='ltr'><strong>naevos,</strong></span> 
     </span>
    </p>
   </div>
   <div class='ocr_carea' id='block_1_44' title="bbox 327 4671 3737 4759">
    <p class='ocr_par' dir='ltr' id='par_1_44' title="bbox 327 4671 3737 4759">
     <span class='ocr_line' id='line_1_44' title="bbox 327 4671 3737 4759; baseline -0.001 -21"><span class='ocrx_word' id='word_1_534' title='bbox 327 4699 547 4759; x_wconf 77' lang='lat' dir='ltr'><strong>ansa</strong></span> <span class='ocrx_word' id='word_1_535' title='bbox 588 4683 681 4737; x_wconf 65' lang='lat' dir='ltr'><strong>l’rt</strong></span> <span class='ocrx_word' id='word_1_536' title='bbox 706 4677 872 4736; x_wconf 88' lang='lat' dir='ltr'><strong>votio</strong></span> <span class='ocrx_word' id='word_1_537' title='bbox 907 4677 965 4734; x_wconf 92' lang='lat' dir='ltr'><strong>in</strong></span> <span class='ocrx_word' id='word_1_538' title='bbox 1000 4693 1137 4732; x_wconf 87' lang='lat' dir='ltr'><strong>eam</strong></span> <span class='ocrx_word' id='word_1_539' title='bbox 1193 4673 1482 4731; x_wconf 77' lang='lat' dir='ltr'><strong>inductos</strong></span> <span class='ocrx_word' id='word_1_540' title='bbox 1542 4672 1789 4741; x_wconf 86' lang='lat' dir='ltr'><strong>retinet,</strong></span> <span class='ocrx_word' id='word_1_541' title='bbox 1851 4671 2012 4730; x_wconf 89' lang='lat' dir='ltr'><strong>alios</strong></span> <span class='ocrx_word' id='word_1_542' title='bbox 2072 4676 2307 4747; x_wconf 69' lang='lat' dir='ltr'><strong>adjecit</strong></span> <span class='ocrx_word' id='word_1_543' title='bbox 2372 4679 2435 4731; x_wconf 91' lang='lat' dir='ltr'><strong>ut</strong></span> <span class='ocrx_word' id='word_1_544' title='bbox 2497 4672 2799 4752; x_wconf 86' lang='lat' dir='ltr'><strong>Cyrillum</strong></span> <span class='ocrx_word' id='word_1_545' title='bbox 2863 4675 2937 4732; x_wconf 90' lang='lat' dir='ltr'><strong>ad</strong></span> <span class='ocrx_word' id='word_1_546' title='bbox 2999 4674 3306 4733; x_wconf 83' lang='lat' dir='ltr'><strong>Albertini</strong></span> <span class='ocrx_word' id='word_1_547' title='bbox 3364 4677 3737 4734; x_wconf 59' lang='lat' dir='ltr'><strong>sintentiam</strong></span> 
     </span>
    </p>
   </div>
   <div class='ocr_carea' id='block_1_45' title="bbox 330 4769 3739 4856">
    <p class='ocr_par' dir='ltr' id='par_1_45' title="bbox 330 4769 3739 4856">
     <span class='ocr_line' id='line_1_45' title="bbox 330 4769 3739 4856; baseline -0.002 -17"><span class='ocrx_word' id='word_1_548' title='bbox 330 4782 615 4856; x_wconf 54' lang='lat' dir='ltr'><strong>lingeret.</strong></span> <span class='ocrx_word' id='word_1_549' title='bbox 651 4780 802 4835; x_wconf 84' lang='lat' dir='ltr'><strong>&#39;l&#39;am</strong></span> <span class='ocrx_word' id='word_1_550' title='bbox 842 4785 1076 4833; x_wconf 81' lang='lat' dir='ltr'><strong>textum</strong></span> <span class='ocrx_word' id='word_1_551' title='bbox 1110 4788 1298 4850; x_wconf 87' lang='lat' dir='ltr'><strong>quam</strong></span> <span class='ocrx_word' id='word_1_552' title='bbox 1364 4769 1941 4848; x_wconf 82' lang='lat' dir='ltr'><strong>interpretationem</strong></span> <span class='ocrx_word' id='word_1_553' title='bbox 2004 4770 2062 4828; x_wconf 93' lang='lat' dir='ltr'><strong>in</strong></span> <span class='ocrx_word' id='word_1_554' title='bbox 2100 4789 2393 4829; x_wconf 85' lang='lat' dir='ltr'><strong>numeros</strong></span> <span class='ocrx_word' id='word_1_555' title='bbox 2426 4773 2554 4830; x_wconf 83' lang='lat' dir='ltr'><strong>sive</strong></span> <span class='ocrx_word' id='word_1_556' title='bbox 2613 4774 3043 4848; x_wconf 58' lang='lat' dir='ltr'><strong>paragraphos</strong></span> <span class='ocrx_word' id='word_1_557' title='bbox 3075 4773 3391 4831; x_wconf 84' lang='lat' dir='ltr'><strong>distribuit</strong></span> <span class='ocrx_word' id='word_1_558' title='bbox 3426 4791 3440 4843; x_wconf 87' lang='lat'><strong>;</strong></span> <span class='ocrx_word' id='word_1_559' title='bbox 3475 4773 3533 4831; x_wconf 87' lang='lat' dir='ltr'><strong>id</strong></span> <span class='ocrx_word' id='word_1_560' title='bbox 3569 4774 3739 4850; x_wconf 89' lang='lat' dir='ltr'><strong>quod</strong></span> 
     </span>
    </p>
   </div>
   <div class='ocr_carea' id='block_1_46' title="bbox 331 4868 3738 4951">
    <p class='ocr_par' dir='ltr' id='par_1_46' title="bbox 331 4868 3738 4951">
     <span class='ocr_line' id='line_1_46' title="bbox 331 4868 3738 4951; baseline -0.002 -15"><span class='ocrx_word' id='word_1_561' title='bbox 331 4879 390 4937; x_wconf 93' lang='lat' dir='ltr'><strong>in</strong></span> <span class='ocrx_word' id='word_1_562' title='bbox 427 4875 854 4951; x_wconf 63' lang='lat' dir='ltr'><strong>superioribus</strong></span> <span class='ocrx_word' id='word_1_563' title='bbox 886 4870 1268 4929; x_wconf 79' lang='lat' dir='ltr'><strong>editionibus</strong></span> <span class='ocrx_word' id='word_1_564' title='bbox 1298 4869 1533 4927; x_wconf 84' lang='lat' dir='ltr'><strong>deerat.</strong></span> <span class='ocrx_word' id='word_1_565' title='bbox 1573 4868 1690 4928; x_wconf 76' lang='lat' dir='ltr'><strong>Sed</strong></span> <span class='ocrx_word' id='word_1_566' title='bbox 1730 4868 1923 4925; x_wconf 91' lang='lat' dir='ltr'><strong>miror</strong></span> <span class='ocrx_word' id='word_1_567' title='bbox 1979 4868 2039 4926; x_wconf 90' lang='lat' dir='ltr'><strong>in</strong></span> <span class='ocrx_word' id='word_1_568' title='bbox 2080 4869 2197 4927; x_wconf 90' lang='lat' dir='ltr'><strong>hac</strong></span> <span class='ocrx_word' id='word_1_569' title='bbox 2256 4869 2470 4926; x_wconf 69' lang='lat' dir='ltr'><strong>deesse</strong></span> <span class='ocrx_word' id='word_1_570' title='bbox 2538 4876 2725 4926; x_wconf 87' lang='lat' dir='ltr'><strong>notas</strong></span> <span class='ocrx_word' id='word_1_571' title='bbox 2760 4869 2921 4938; x_wconf 80' lang='lat' dir='ltr'><strong>illas,</strong></span> <span class='ocrx_word' id='word_1_572' title='bbox 2985 4887 3125 4941; x_wconf 63' lang='lat' dir='ltr'><strong>quas</strong></span> <span class='ocrx_word' id='word_1_573' title='bbox 3182 4869 3242 4927; x_wconf 90' lang='lat' dir='ltr'><strong>in</strong></span> <span class='ocrx_word' id='word_1_574' title='bbox 3305 4870 3438 4928; x_wconf 87' lang='lat' dir='ltr'><strong>istis</strong></span> <span class='ocrx_word' id='word_1_575' title='bbox 3468 4872 3543 4928; x_wconf 90' lang='lat' dir='ltr'><strong>ad</strong></span> <span class='ocrx_word' id='word_1_576' title='bbox 3582 4889 3738 4929; x_wconf 87' lang='lat' dir='ltr'><strong>mar-</strong></span> 
     </span>
    </p>
   </div>
   <div class='ocr_carea' id='block_1_47' title="bbox 336 4966 3737 5052">
    <p class='ocr_par' dir='ltr' id='par_1_47' title="bbox 336 4966 3737 5052">
     <span class='ocr_line' id='line_1_47' title="bbox 336 4966 3737 5052; baseline -0.002 -20"><span class='ocrx_word' id='word_1_577' title='bbox 336 4976 543 5052; x_wconf 80' lang='lat' dir='ltr'><strong>gimm</strong></span> <span class='ocrx_word' id='word_1_578' title='bbox 581 4971 910 5047; x_wconf 63' lang='lat' dir='ltr'><strong>8pp0&gt;il33,</strong></span> <span class='ocrx_word' id='word_1_579' title='bbox 948 4988 1045 5026; x_wconf 85' lang='lat' dir='ltr'><strong>res</strong></span> <span class='ocrx_word' id='word_1_580' title='bbox 1102 4966 1539 5025; x_wconf 67' lang='lat' dir='ltr'><strong>obsermtione</strong></span> <span class='ocrx_word' id='word_1_581' title='bbox 1597 4966 1841 5041; x_wconf 80' lang='lat' dir='ltr'><strong>dignas,</strong></span> <span class='ocrx_word' id='word_1_582' title='bbox 1903 4979 1966 5024; x_wconf 87' lang='lat' dir='ltr'><strong>et</strong></span> <span class='ocrx_word' id='word_1_583' title='bbox 2022 4984 2331 5024; x_wconf 89' lang='lat' dir='ltr'><strong>summam</strong></span> <span class='ocrx_word' id='word_1_584' title='bbox 2394 4973 2918 5039; x_wconf 78' lang='lat' dir='ltr'><strong>argumentonm</strong></span> <span class='ocrx_word' id='word_1_585' title='bbox 2980 4967 3361 5026; x_wconf 57' lang='lat' dir='ltr'><strong>mdicahant.</strong></span> <span class='ocrx_word' id='word_1_586' title='bbox 3396 4968 3737 5045; x_wconf 62' lang='lat' dir='ltr'><strong>Scriptura</strong></span> 
     </span>
    </p>
   </div>
   <div class='ocr_carea' id='block_1_48' title="bbox 334 5063 3736 5147">
    <p class='ocr_par' dir='ltr' id='par_1_48' title="bbox 334 5063 3736 5147">
     <span class='ocr_line' id='line_1_48' title="bbox 334 5063 3736 5147; baseline -0.001 -16"><span class='ocrx_word' id='word_1_587' title='bbox 334 5079 427 5131; x_wconf 90' lang='lat' dir='ltr'><strong>tes</strong></span> <span class='ocrx_word' id='word_1_588' title='bbox 463 5075 716 5138; x_wconf 69' lang='lat' dir='ltr'><strong>imonia,</strong></span> <span class='ocrx_word' id='word_1_589' title='bbox 757 5086 896 5147; x_wconf 72' lang='lat' dir='ltr'><strong>quae</strong></span> <span class='ocrx_word' id='word_1_590' title='bbox 958 5069 1027 5123; x_wconf 64' lang='lat' dir='ltr'><strong>Cx</strong></span> <span class='ocrx_word' id='word_1_591' title='bbox 1050 5066 1224 5123; x_wconf 89' lang='lat' dir='ltr'><strong>rillus</strong></span> <span class='ocrx_word' id='word_1_592' title='bbox 1284 5064 1493 5133; x_wconf 79' lang='lat' dir='ltr'><strong>refert,</strong></span> <span class='ocrx_word' id='word_1_593' title='bbox 1556 5064 1653 5122; x_wconf 87' lang='lat' dir='ltr'><strong>vel</strong></span> <span class='ocrx_word' id='word_1_594' title='bbox 1712 5064 1890 5141; x_wconf 88' lang='lat' dir='ltr'><strong>quasi</strong></span> <span class='ocrx_word' id='word_1_595' title='bbox 1952 5063 2316 5139; x_wconf 60' lang='lat' dir='ltr'><strong>praeteriens</strong></span> <span class='ocrx_word' id='word_1_596' title='bbox 2373 5064 2680 5141; x_wconf 81' lang='lat' dir='ltr'><strong>designat,</strong></span> <span class='ocrx_word' id='word_1_597' title='bbox 2725 5066 3066 5140; x_wconf 65' lang='lat' dir='ltr'><strong>diligentar</strong></span> <span class='ocrx_word' id='word_1_598' title='bbox 3125 5065 3200 5121; x_wconf 90' lang='lat' dir='ltr'><strong>ad</strong></span> <span class='ocrx_word' id='word_1_599' title='bbox 3239 5066 3585 5141; x_wconf 85' lang='lat' dir='ltr'><strong>marginem</strong></span> <span class='ocrx_word' id='word_1_600' title='bbox 3622 5086 3736 5127; x_wconf 92' lang='lat' dir='ltr'><strong>no-</strong></span> 
     </span>
    </p>
   </div>
   <div class='ocr_carea' id='block_1_49' title="bbox 334 5161 3732 5239">
    <p class='ocr_par' dir='ltr' id='par_1_49' title="bbox 334 5161 3732 5239">
     <span class='ocr_line' id='line_1_49' title="bbox 334 5161 3732 5239; baseline -0.002 -11"><span class='ocrx_word' id='word_1_601' title='bbox 334 5177 571 5235; x_wconf 79' lang='lat' dir='ltr'><strong>tantur,</strong></span> <span class='ocrx_word' id='word_1_602' title='bbox 609 5187 694 5225; x_wconf 70' lang='lat' dir='ltr'><strong>Nc</strong></span> <span class='ocrx_word' id='word_1_603' title='bbox 739 5184 943 5225; x_wconf 69' lang='lat' dir='ltr'><strong>tamen</strong></span> <span class='ocrx_word' id='word_1_604' title='bbox 1009 5173 1076 5223; x_wconf 86' lang='lat' dir='ltr'><strong>ut</strong></span> <span class='ocrx_word' id='word_1_605' title='bbox 1134 5162 1336 5221; x_wconf 84' lang='lat' dir='ltr'><strong>labori</strong></span> <span class='ocrx_word' id='word_1_606' title='bbox 1394 5170 1609 5220; x_wconf 78' lang='lat' dir='ltr'><strong>nostro</strong></span> <span class='ocrx_word' id='word_1_607' title='bbox 1640 5180 1762 5219; x_wconf 88' lang='lat' dir='ltr'><strong>non</strong></span> <span class='ocrx_word' id='word_1_608' title='bbox 1801 5179 1997 5238; x_wconf 74' lang='lat' dir='ltr'><strong>pauca</strong></span> <span class='ocrx_word' id='word_1_609' title='bbox 2044 5161 2361 5239; x_wconf 83' lang='lat' dir='ltr'><strong>reliquerit</strong></span> <span class='ocrx_word' id='word_1_610' title='bbox 2419 5179 2433 5221; x_wconf 88' lang='lat'><strong>:</strong></span> <span class='ocrx_word' id='word_1_611' title='bbox 2495 5179 2567 5220; x_wconf 88' lang='lat' dir='ltr'><strong>ea</strong></span> <span class='ocrx_word' id='word_1_612' title='bbox 2631 5163 2971 5238; x_wconf 65' lang='lat' dir='ltr'><strong>praesertim</strong></span> <span class='ocrx_word' id='word_1_613' title='bbox 3038 5180 3184 5238; x_wconf 65' lang='lat' dir='ltr'><strong>quas</strong></span> <span class='ocrx_word' id='word_1_614' title='bbox 3249 5164 3457 5223; x_wconf 64' lang='lat' dir='ltr'><strong>Graece</strong></span> <span class='ocrx_word' id='word_1_615' title='bbox 3489 5172 3732 5223; x_wconf 84' lang='lat' dir='ltr'><strong>tantum</strong></span> 
     </span>
    </p>
   </div>
   <div class='ocr_carea' id='block_1_50' title="bbox 331 5258 3732 5338">
    <p class='ocr_par' dir='ltr' id='par_1_50' title="bbox 331 5258 3732 5338">
     <span class='ocr_line' id='line_1_50' title="bbox 331 5258 3732 5338; baseline -0.003 -10"><span class='ocrx_word' id='word_1_616' title='bbox 331 5267 664 5328; x_wconf 52' lang='lat' dir='ltr'><strong>exstantia.</strong></span> <span class='ocrx_word' id='word_1_617' title='bbox 701 5278 803 5322; x_wconf 84' lang='lat' dir='ltr'><strong>aut</strong></span> <span class='ocrx_word' id='word_1_618' title='bbox 843 5266 901 5322; x_wconf 93' lang='lat' dir='ltr'><strong>in</strong></span> <span class='ocrx_word' id='word_1_619' title='bbox 940 5263 1210 5338; x_wconf 87' lang='lat' dir='ltr'><strong>Vulgata</strong></span> <span class='ocrx_word' id='word_1_620' title='bbox 1241 5278 1381 5318; x_wconf 91' lang='lat' dir='ltr'><strong>cum</strong></span> <span class='ocrx_word' id='word_1_621' title='bbox 1439 5259 1674 5337; x_wconf 62' lang='lat' dir='ltr'><strong>insigni</strong></span> <span class='ocrx_word' id='word_1_622' title='bbox 1716 5259 2077 5317; x_wconf 86' lang='lat' dir='ltr'><strong>diversitate</strong></span> <span class='ocrx_word' id='word_1_623' title='bbox 2139 5260 2359 5334; x_wconf 87' lang='lat' dir='ltr'><strong>posita,</strong></span> <span class='ocrx_word' id='word_1_624' title='bbox 2419 5258 2709 5317; x_wconf 85' lang='lat' dir='ltr'><strong>lectorem</strong></span> <span class='ocrx_word' id='word_1_625' title='bbox 2742 5262 2976 5318; x_wconf 88' lang='lat' dir='ltr'><strong>fallunt</strong></span> <span class='ocrx_word' id='word_1_626' title='bbox 3037 5280 3049 5317; x_wconf 89' lang='lat'>:</span> <span class='ocrx_word' id='word_1_627' title='bbox 3117 5279 3230 5317; x_wconf 80' lang='lat' dir='ltr'><strong>nec</strong></span> <span class='ocrx_word' id='word_1_628' title='bbox 3265 5271 3472 5319; x_wconf 85' lang='lat' dir='ltr'><strong>tamen</strong></span> <span class='ocrx_word' id='word_1_629' title='bbox 3507 5262 3579 5320; x_wconf 91' lang='lat' dir='ltr'><strong>iis</strong></span> <span class='ocrx_word' id='word_1_630' title='bbox 3611 5280 3732 5319; x_wconf 90' lang='lat' dir='ltr'><strong>non</strong></span> 
     </span>
    </p>
   </div>
   <div class='ocr_carea' id='block_1_51' title="bbox 330 5356 3730 5438">
    <p class='ocr_par' dir='ltr' id='par_1_51' title="bbox 330 5356 3730 5438">
     <span class='ocr_line' id='line_1_51' title="bbox 330 5356 3730 5438; baseline -0.003 -12"><span class='ocrx_word' id='word_1_631' title='bbox 330 5365 803 5429; x_wconf 71' lang='lat' dir='ltr'><strong>animadversis,</strong></span> <span class='ocrx_word' id='word_1_632' title='bbox 841 5361 1050 5438; x_wconf 57' lang='lat' dir='ltr'><strong>tlj&#39;rilli</strong></span> <span class='ocrx_word' id='word_1_633' title='bbox 1111 5358 1481 5417; x_wconf 84' lang='lat' dir='ltr'><strong>sententiam</strong></span> <span class='ocrx_word' id='word_1_634' title='bbox 1544 5360 1742 5434; x_wconf 48' lang='lat' dir='ltr'><strong>poesis</strong></span> <span class='ocrx_word' id='word_1_635' title='bbox 1801 5357 2072 5435; x_wconf 85' lang='lat' dir='ltr'><strong>assequi.</strong></span> <span class='ocrx_word' id='word_1_636' title='bbox 2120 5356 2274 5416; x_wconf 86' lang='lat' dir='ltr'><strong>Vide</strong></span> <span class='ocrx_word' id='word_1_637' title='bbox 2329 5356 2517 5435; x_wconf 89' lang='lat' dir='ltr'><strong>hujus</strong></span> <span class='ocrx_word' id='word_1_638' title='bbox 2566 5357 2652 5416; x_wconf 89' lang='lat' dir='ltr'><strong>rei</strong></span> <span class='ocrx_word' id='word_1_639' title='bbox 2695 5359 2983 5435; x_wconf 87' lang='lat' dir='ltr'><strong>exempla</strong></span> <span class='ocrx_word' id='word_1_640' title='bbox 3022 5356 3297 5429; x_wconf 84' lang='lat' dir='ltr'><strong>Procat.,</strong></span> <span class='ocrx_word' id='word_1_641' title='bbox 3346 5378 3407 5417; x_wconf 93' lang='lat' dir='ltr'><strong>n.</strong></span> <span class='ocrx_word' id='word_1_642' title='bbox 3444 5363 3520 5425; x_wconf 86' lang='lat'><strong>7;</strong></span> <span class='ocrx_word' id='word_1_643' title='bbox 3557 5365 3659 5419; x_wconf 89' lang='lat' dir='ltr'><strong>cat</strong></span> <span class='ocrx_word' id='word_1_644' title='bbox 3688 5358 3730 5437; x_wconf 84' lang='grc' dir='ltr'><strong>Ι,</strong></span> 
     </span>
    </p>
   </div>
   <div class='ocr_carea' id='block_1_52' title="bbox 330 5458 1761 5528">
    <p class='ocr_par' dir='ltr' id='par_1_52' title="bbox 330 5458 1761 5528">
     <span class='ocr_line' id='line_1_52' title="bbox 330 5458 1761 5528; baseline -0.006 -4"><span class='ocrx_word' id='word_1_645' title='bbox 330 5466 846 5525; x_wconf 75' lang='lat' dir='ltr'><strong>n.51cat.6.n.</strong></span> <span class='ocrx_word' id='word_1_646' title='bbox 883 5463 919 5519; x_wconf 78' lang='grc'><strong>2</strong></span> <span class='ocrx_word' id='word_1_647' title='bbox 954 5478 966 5525; x_wconf 88' lang='grc'><strong>;</strong></span> <span class='ocrx_word' id='word_1_648' title='bbox 1004 5466 1128 5519; x_wconf 84' lang='lat' dir='ltr'><strong>cat.</strong></span> <span class='ocrx_word' id='word_1_649' title='bbox 1160 5458 1219 5525; x_wconf 90' lang='lat'><strong>8,</strong></span> <span class='ocrx_word' id='word_1_650' title='bbox 1257 5475 1318 5515; x_wconf 93' lang='lat' dir='ltr'><strong>n.</strong></span> <span class='ocrx_word' id='word_1_651' title='bbox 1352 5458 1390 5514; x_wconf 89' lang='lat'>6</span> <span class='ocrx_word' id='word_1_652' title='bbox 1427 5474 1440 5528; x_wconf 91' lang='lat'>;</span> <span class='ocrx_word' id='word_1_653' title='bbox 1478 5459 1575 5527; x_wconf 78' lang='lat'><strong>22,</strong></span> <span class='ocrx_word' id='word_1_654' title='bbox 1611 5459 1761 5516; x_wconf 86' lang='lat' dir='ltr'><strong>n.7.</strong></span> 
     </span>
    </p>
   </div>
   <div class='ocr_carea' id='block_1_53' title="bbox 408 5551 3727 5621">
    <p class='ocr_par' dir='ltr' id='par_1_53' title="bbox 408 5551 3727 5621">
     <span class='ocr_line' id='line_1_53' title="bbox 408 5551 3727 5621; baseline -0.002 0"><span class='ocrx_word' id='word_1_655' title='bbox 408 5563 542 5621; x_wconf 79' lang='lat' dir='ltr'><strong>XIV</strong></span> <span class='ocrx_word' id='word_1_656' title='bbox 606 5561 668 5619; x_wconf 88' lang='lat' dir='ltr'><strong>In</strong></span> <span class='ocrx_word' id='word_1_657' title='bbox 705 5555 1251 5618; x_wconf 62' lang='lat' dir='ltr'><strong>(lihCl‘VﬂJiOllibllS</strong></span> <span class='ocrx_word' id='word_1_658' title='bbox 1309 5561 1370 5613; x_wconf 92' lang='lat' dir='ltr'><strong>et</strong></span> <span class='ocrx_word' id='word_1_659' title='bbox 1429 5555 1588 5613; x_wconf 87' lang='lat' dir='ltr'><strong>notis</strong></span> <span class='ocrx_word' id='word_1_660' title='bbox 1651 5553 2143 5613; x_wconf 86' lang='lat' dir='ltr'><strong>moderationem</strong></span> <span class='ocrx_word' id='word_1_661' title='bbox 2204 5551 2398 5611; x_wconf 90' lang='lat' dir='ltr'><strong>animi</strong></span> <span class='ocrx_word' id='word_1_662' title='bbox 2451 5559 2512 5612; x_wconf 86' lang='lat' dir='ltr'><strong>et</strong></span> <span class='ocrx_word' id='word_1_663' title='bbox 2563 5553 2977 5613; x_wconf 89' lang='lat' dir='ltr'><strong>eruditionem</strong></span> <span class='ocrx_word' id='word_1_664' title='bbox 3042 5552 3284 5612; x_wconf 88' lang='lat' dir='ltr'><strong>laudes.</strong></span> <span class='ocrx_word' id='word_1_665' title='bbox 3354 5553 3572 5611; x_wconf 76' lang='lat' dir='ltr'><strong>Editor</strong></span> <span class='ocrx_word' id='word_1_666' title='bbox 3602 5572 3727 5616; x_wconf 91' lang='lat' dir='ltr'><strong>non</strong></span> 
     </span>
    </p>
   </div>
   <div class='ocr_carea' id='block_1_54' title="bbox 335 5650 3728 5729">
    <p class='ocr_par' dir='ltr' id='par_1_54' title="bbox 335 5650 3728 5729">
     <span class='ocr_line' id='line_1_54' title="bbox 335 5650 3728 5729; baseline -0.004 -9"><span class='ocrx_word' id='word_1_667' title='bbox 335 5662 703 5727; x_wconf 83' lang='lat' dir='ltr'><strong>catholicus,</strong></span> <span class='ocrx_word' id='word_1_668' title='bbox 784 5657 934 5716; x_wconf 59' lang='lat' dir='ltr'><strong>n.hil</strong></span> <span class='ocrx_word' id='word_1_669' title='bbox 995 5656 1055 5714; x_wconf 91' lang='lat' dir='ltr'><strong>in</strong></span> <span class='ocrx_word' id='word_1_670' title='bbox 1101 5653 1459 5714; x_wconf 84' lang='lat' dir='ltr'><strong>Catholicos</strong></span> <span class='ocrx_word' id='word_1_671' title='bbox 1491 5670 1732 5729; x_wconf 85' lang='lat' dir='ltr'><strong>aspere,</strong></span> <span class='ocrx_word' id='word_1_672' title='bbox 1794 5652 1947 5710; x_wconf 90' lang='lat' dir='ltr'><strong>nihil</strong></span> <span class='ocrx_word' id='word_1_673' title='bbox 1997 5650 2447 5709; x_wconf 87' lang='lat' dir='ltr'><strong>contumeliose</strong></span> <span class='ocrx_word' id='word_1_674' title='bbox 2496 5652 2665 5710; x_wconf 88' lang='lat' dir='ltr'><strong>dicit.</strong></span> <span class='ocrx_word' id='word_1_675' title='bbox 2737 5651 3024 5711; x_wconf 59' lang='lat' dir='ltr'><strong>Ecclesia</strong></span> <span class='ocrx_word' id='word_1_676' title='bbox 3083 5650 3409 5709; x_wconf 64' lang='lat' dir='ltr'><strong>catholicae</strong></span> <span class='ocrx_word' id='word_1_677' title='bbox 3470 5670 3728 5729; x_wconf 83' lang='lat' dir='ltr'><strong>operam</strong></span> 
     </span>
    </p>
   </div>
   <div class='ocr_carea' id='block_1_55' title="bbox 332 5747 3728 5830">
    <p class='ocr_par' dir='ltr' id='par_1_55' title="bbox 332 5747 3728 5830">
     <span class='ocr_line' id='line_1_55' title="bbox 332 5747 3728 5830; baseline -0.002 -12"><span class='ocrx_word' id='word_1_678' title='bbox 332 5767 523 5819; x_wconf 78' lang='lat' dir='ltr'><strong>naval</strong></span> <span class='ocrx_word' id='word_1_679' title='bbox 580 5759 641 5817; x_wconf 90' lang='lat' dir='ltr'><strong>iu</strong></span> <span class='ocrx_word' id='word_1_680' title='bbox 701 5753 1151 5817; x_wconf 79' lang='lat' dir='ltr'><strong>conﬁrmandis</strong></span> <span class='ocrx_word' id='word_1_681' title='bbox 1210 5750 1493 5830; x_wconf 88' lang='lat' dir='ltr'><strong>pluribus</strong></span> <span class='ocrx_word' id='word_1_682' title='bbox 1549 5750 1869 5823; x_wconf 57' lang='lat' dir='ltr'><strong>institutis,</strong></span> <span class='ocrx_word' id='word_1_683' title='bbox 1931 5757 1997 5809; x_wconf 92' lang='lat' dir='ltr'><strong>ut</strong></span> <span class='ocrx_word' id='word_1_684' title='bbox 2039 5750 2219 5827; x_wconf 89' lang='lat' dir='ltr'><strong>signo</strong></span> <span class='ocrx_word' id='word_1_685' title='bbox 2247 5750 2472 5822; x_wconf 88' lang='lat' dir='ltr'><strong>crucis,</strong></span> <span class='ocrx_word' id='word_1_686' title='bbox 2521 5747 3488 5822; x_wconf 80' lang='lat' dir='ltr'><strong>exorcismis,insufﬂationibus,</strong></span> <span class='ocrx_word' id='word_1_687' title='bbox 3528 5751 3728 5828; x_wconf 87' lang='lat' dir='ltr'><strong>preci-</strong></span> 
     </span>
    </p>
   </div>
  </div>
