4090 6268
211 396 276 459 Si
1693 399 1793 462 PR
1808 397 2136 461 EFATlO.
3554 405 3632 464 22

211 531 318 593 bus
347 549 460 608 pro
490 533 788 602 mortuis,
825 552 964 612 qua
1007 533 1324 612 plerisque
1383 535 1890 594 Protestantibus
1943 534 2232 593 videntur
2289 551 2486 605 nova,
2519 551 2658 593 cum
2689 533 2812 594 sint
2844 536 3241 614 perantiqua.
3274 537 3624 616 Scriptores

216 630 575 692 catholicos.
644 631 709 691 in
772 631 868 690 bis
898 633 1172 694 sodalitii
1231 634 1426 693 no-tri
1478 633 1820 694 monachos
1869 632 2325 711 perlionoriﬁce
2373 651 2620 711 semper
2674 634 3000 711 appellat;
3034 654 3375 714 eorumque
3407 643 3628 699 aucto-

219 728 394 788 ritate
423 727 654 806 sapius
688 730 885 788 utitur
941 749 1131 809 quam
1166 750 1444 790 suorum.
1508 731 1901 791 Catholicum
1940 748 2074 791 esse
2114 730 2382 807 jurares,
2421 731 2471 789 si
2503 730 2641 789 aliis
2671 731 2732 790 in
2767 733 2920 790 locis
2948 750 3205 810 operam
3239 753 3361 792 non
3397 743 3628 798 tereret

219 826 273 887 in
307 826 740 903 impugnanda
771 828 858 909 (α)
910 828 1214 888 clericalis
1245 830 1652 889 continentia
1723 829 1882 905 lege,
1918 828 2372 907 permiseendis
2429 828 2514 910 (ὁ)
2572 829 2865 908 baptismi
2897 837 2959 888 et
2991 832 3376 906 poenitentia
3411 833 3620 892 diver-

219 923 292 984 sis
323 924 820 994 characteribus,
851 934 912 987 et
944 927 1318 988 testimoniis
1356 929 1436 1006 (c)
1485 928 1842 1005 prasentia
1889 926 2073 986 realis
2107 926 2489 1004 perabsurde
2537 927 2866 988 eludentis.
2925 932 3091 986 Inest
3138 929 3353 988 iisdem
3409 931 3622 990 obser-

221 1023 574 1084 vationibus
632 1044 755 1084 non
791 1027 1120 1085 mediocris
1174 1025 1572 1104 antiquitatis
1629 1026 1952 1104 cognitio:
2014 1025 2122 1084 sed
2155 1032 2362 1085 tamen
2421 1025 2573 1103 quid
2625 1025 2776 1084 mihi
2806 1044 2927 1084 non
2961 1026 3262 1104 probetur
3284 1047 3623 1104 exponam.

221 1121 468 1182 Videtur
504 1125 564 1184 1⁸
597 1141 720 1182 non
755 1125 904 1183 satis
934 1131 1298 1184 constanter
1368 1125 1431 1184 in
1491 1124 1655 1183 notis
1699 1123 2093 1201 apponendis
2127 1123 2359 1181 versari
2435 1141 2448 1182 :
2487 1142 2629 1181 nam
2692 1123 2753 1181 in
2813 1123 3030 1199 primis
3057 1123 3134 1181 ad
3169 1125 3623 1186 Itluminandos

224 1219 648 1280 catecbesibus
679 1229 739 1280 et
770 1222 832 1280 in
869 1223 1294 1300 mystagogica
1340 1222 1543 1300 prima
1601 1240 1758 1299 pene
1813 1221 2089 1281 luxuriat
2121 1239 2135 1294 ;
2197 1220 2258 1280 in
2315 1221 2454 1280 aliis
2481 1226 2716 1292 autem,
2751 1239 2892 1298 qua
2925 1241 3047 1280 non
3085 1224 3290 1282 minus
3347 1223 3624 1286 materia

221 1319 731 1397 suppeditabant,
767 1321 958 1380 tadio
990 1321 1222 1380 laboris
1279 1323 1553 1399 quodam
1617 1320 1804 1379 modo
1850 1319 2116 1379 exaruit.
2151 1324 2215 1378 2°
2275 1318 2436 1379 Illud
2501 1318 2700 1377 multo
2753 1319 3032 1396 gravius,
3094 1320 3263 1396 quod
3317 1321 3377 1379 in
3437 1321 3624 1381 rebus

218 1417 496 1476 contritis
537 1421 601 1477 et
651 1417 1057 1494 pervulgatis,
1118 1418 1337 1493 quales
1367 1423 1516 1476 sunt
1551 1416 1820 1476 nominis
1865 1427 2012 1476 ante
2060 1416 2375 1494 baptisma
2436 1414 2631 1475 dandi
2663 1416 3077 1486 consuetudo,
3133 1417 3628 1478 abrenuntiatio-

223 1531 349 1583 nes,
383 1513 608 1590 triplex
642 1515 983 1584 immersio,
1016 1521 1077 1573 et
1107 1515 1232 1573 alia
1292 1513 1680 1590 hujusmodi,
1740 1514 1974 1573 multus
2023 1520 2086 1573 et
2137 1513 2446 1573 disertus:
2483 1513 2546 1573 in
2606 1514 2820 1574 arduis
2878 1523 3087 1575 autem
3121 1522 3182 1574 et
3215 1516 3448 1594 spissis,
3484 1536 3624 1578 cum

220 1611 540 1688 scriptoris
566 1611 876 1672 sententia
905 1612 1283 1690 quibusdam
1340 1613 1530 1672 veluti
1566 1613 1839 1672 tenebris
1882 1612 2246 1684 involvitur,
2295 1619 2404 1672 aut
2451 1631 2489 1672 a
2536 1613 2856 1672 communi
2886 1613 3173 1673 doctrina
3225 1615 3477 1686 recedit,
3513 1621 3626 1676 aut

220 1727 256 1770 a
310 1728 462 1768 vero
531 1710 590 1769 in
646 1711 834 1770 rebus
864 1710 1180 1772 historicis
1209 1713 1484 1784 aberrat,
1519 1721 1631 1773 aut.
1685 1712 1747 1772 in
1781 1712 2064 1772 obscuris
2097 1712 2318 1772 ritibus
2350 1719 2655 1783 versatur,
2691 1712 2750 1771 in
2785 1712 2904 1783 his,
2929 1712 3213 1791 inquam,
3242 1713 3499 1790 jejunus
3529 1721 3627 1776 est

217 1813 272 1868 et
302 1825 461 1885 pene
494 1809 864 1870 taciturnus.
897 1813 962 1870 3°
1002 1815 1214 1888 Neque
1276 1810 1433 1870 illud
1495 1810 1684 1870 etiam
1733 1828 1771 1870 a
1825 1809 2098 1870 Millesio
2139 1814 2524 1888 susceptum,
2559 1809 2728 1886 quod
2765 1817 2971 1869 tamen
3008 1810 3348 1870 lectoribus
3383 1811 3533 1870 utile
3564 1819 3627 1872 et

212 1903 583 1984 jucundum,
621 1913 690 1966 ut
745 1908 959 1986 Cyrilli
1014 1908 1358 1986 Scriptura
1417 1906 1696 1987 legenda
1751 1907 2059 1967 rationem
2106 1907 2491 1984 expenderet
2560 1906 2624 1965 in
2685 1906 2898 1966 multis
2937 1925 2974 1966 a
3017 1914 3227 1966 nostra
3259 1909 3627 1986 discrepan-

221 2009 340 2063 tem
377 2022 392 2076 ;
426 2011 490 2064 et
521 2024 665 2084 qua
690 2006 957 2083 Cyrillus
1000 2026 1078 2067 ex
1119 2007 1529 2085 scriptoribus
1557 2013 1707 2066 natu
1768 2006 2138 2084 majoribus,
2199 2024 2345 2083 qua
2390 2004 2728 2082 scriptores
2779 2011 2931 2065 natu
2987 2007 3256 2066 minores
3286 2026 3363 2067 ex
3393 2008 3625 2086 Cyrillo

214 2099 698 2182 descripserunt,
729 2105 792 2164 in
827 2107 1033 2165 medio
1066 2112 1351 2184 poneret.
1397 2105 1464 2164 In
1524 2112 1842 2183 postremo
1902 2121 2132 2181 genere
2191 2111 2322 2162 tam
2371 2101 2781 2180 indiligenter
2829 2111 3114 2162 versatus
3170 2111 3285 2175 est,
3323 2113 3388 2162 ut
3421 2105 3624 2164 moni-

214 2205 307 2260 tus
338 2200 419 2259 ab
450 2201 657 2262 amico
689 2203 766 2263 de
797 2190 1071 2282 quadam
1129 2203 1343 2283 Cyrilli
1403 2202 1714 2262 sententia
1772 2201 1851 2261 ab
1899 2201 2232 2262 Anastasio
2292 2200 2568 2266 laudata,
2632 2201 2735 2259 diu
2795 2201 3123 2278 quas-itam
3160 2221 3273 2261 nec
3304 2203 3623 2262 inventam

211 2297 436 2378 Cyrillo
497 2300 878 2378 abjudicaiit
908 2322 922 2374 ;
960 2319 1101 2380 qua
1134 2310 1338 2361 tamen
1367 2302 1427 2359 in
1462 2300 1772 2360 catechesi
1799 2300 2067 2376 septima
2096 2298 2301 2357 verbis
2329 2297 2822 2375 conceptissimis
2853 2298 3101 2376 legitur.

280 2400 408 2460 XV.
446 2399 666 2478 ()peris
722 2400 923 2470 initia,
985 2400 1155 2478 quod
1241 2397 1679 2460 Pembrocbia
1763 2405 1825 2457 et
1884 2395 2460 2456 Montis-Gomerici
2515 2395 2728 2456 comiti
2790 2405 3216 2474 nuncupatur,
3307 2398 3608 2458 Piafatio

208 2499 433 2577 legitur
462 2500 540 2559 de
570 2501 698 2559 vita
729 2511 792 2559 et
821 2499 1070 2577 scriptis
1116 2498 1353 2576 Cyrilli,
1390 2499 1466 2557 de
1528 2497 1716 2556 variis
1747 2495 2153 2565 editionibus,
2188 2512 2261 2553 ac
2292 2496 2544 2552 demum
2579 2494 2656 2552 de
2717 2494 3053 2554 Uxoniensi
3103 2496 3308 2554 brevis
3341 2505 3402 2556 et
3462 2496 3628 2557 dilu-

209 2599 362 2658 cida.
405 2601 599 2658 Erant
654 2597 716 2657 in
779 2596 964 2657 rebus
1021 2598 1216 2675 gestis
1273 2595 1485 2674 Cyrilli
1547 2594 1864 2674 permulta
1926 2594 2228 2670 majorem
2289 2593 2350 2651 in
2416 2593 2668 2651 modum
2703 2593 2970 2652 obscura
3003 2601 3063 2652 et
3097 2595 3437 2672 implicata,
3477 2615 3619 2673 qua

207 2697 564 2774 diligentius
626 2697 907 2771 expediri
969 2702 1259 2774 poterant
1308 2695 1428 2764 ;de
1461 2693 1838 2771 soriptnrum
1887 2710 2142 2770 quoque
2195 2709 2479 2759 numero,
2531 2691 2812 2762 veritate,
2875 2693 3258 2769 integritate,
3293 2713 3520 2771 g-nere
3553 2699 3616 2755 et

208 2801 432 2856 natura
469 2795 725 2854 uberius
757 2796 1209 2872 disputandum
1257 2795 1480 2852 fuerat.
1516 2792 1807 2851 Veterum
1852 2792 2076 2850 deinde
2137 2788 2494 2848 testimonia
2552 2788 2612 2848 in
2676 2789 2880 2848 medio
2914 2793 3138 2867 ponit:
3207 2793 3404 2850 multa
3463 2811 3615 2853 sane

213 2894 610 2973 conquisivit,
675 2913 798 2952 non
862 2904 1070 2953 tamen
1103 2891 1440 2970 occupavit
1496 2891 1732 2960 omnia,
1797 2897 1862 2949 ut
1919 2908 1995 2948 ex
2044 2889 2136 2947 lii-
2169 2907 2311 2966 qua
2343 2887 2711 2965 collegimus
2746 2889 3003 2964 patebit.
3041 2889 3132 2948 Ad
3168 2891 3399 2948 calcem
3441 2891 3617 2950 Volu-

216 2993 394 3051 minis
428 2992 772 3069 apponitur
802 2997 864 3048 l°
898 2991 1151 3051 Boberti
1209 2990 1354 3050 Coei
1413 3007 1678 3048 censura
1736 2989 1812 3048 de
1872 2988 2083 3066 Cyrilli
2144 2988 2220 3045 ad
2285 2986 2697 3062 Augustinum
2761 2988 3050 3063 epistola,
3113 2989 3279 3046 etde
3340 2990 3619 3066 quinque

215 3090 659 3169 mystagogicis
689 3089 1164 3157 catechesibus;
1226 3107 1370 3148 vera
1399 3087 1512 3148 illa
1571 3087 1847 3165 quidem.
1911 3098 2217 3165 quantum
2280 3088 2355 3144 ad
2418 3084 2777 3163 epistulam,
2837 3086 2953 3144 θιςὶ
3012 3085 3071 3144 in
3107 3086 3453 3144 catholicns
3490 3090 3616 3146 ira-

212 3191 492 3261 cundior,
559 3190 634 3248 de
693 3189 1128 3248 catechesibus
1185 3195 1396 3247 autem
1463 3204 1716 3263 prorsus
1774 3185 2093 3256 absurda;
2155 3188 2219 3244 2°
2283 3183 2587 3242 Rivetide
2619 3183 2848 3259 Cyrillo
2882 3184 3140 3260 ejusque
3173 3183 3614 3261 scriptisjudi-

209 3289 396 3364 cium,
434 3306 556 3346 non
595 3287 745 3346 satis
776 3288 1034 3363 dignum
1069 3286 1236 3363 quod
1289 3304 1327 3344 a
1381 3284 1646 3344 Millesio
1708 3284 1862 3342 tanti
1919 3283 2094 3342 ﬁeret
2131 3301 2143 3351 ;
2181 3288 2242 3340 3°
2278 3281 2546 3357 denique.
2579 3281 2893 3340 Edmundi
2926 3281 3241 3339 Albertini
3275 3287 3348 3339 de
3385 3284 3622 3360 tiyrillo

209 3389 485 3465 ejusque
517 3385 766 3461 rCl‘lpiiS
824 3385 1194 3462 disputatio,
1231 3403 1355 3443 non
1389 3391 1514 3441 tam
1566 3381 1920 3458 eXplicandi
1977 3381 2187 3456 Cyrilli
2223 3398 2414 3455 quam
2459 3379 2819 3444 exagitandi
2871 3388 2930 3436 et
2984 3379 3370 3455 depravandi
3407 3383 3621 3439 studio

211 3491 519 3556 suscepta.
557 3492 728 3559 llpus
761 3488 956 3541 totum
1020 3481 1220 3540 indice
1255 3479 1482 3556 triplici
1545 3479 1883 3538 clauditur.
1935 3479 2180 3538 Primus
2230 3483 2290 3535 et
2345 3477 2684 3553 Scriptura
2721 3476 3218 3535 testininnioruni
3261 3495 3272 3546 ;
3310 3481 3620 3538 secundus

213 3583 613 3660 scriptorum.
673 3599 830 3657 quos
886 3581 1088 3638 editor
1145 3580 1204 3638 in
1266 3579 1395 3638 Suis
1452 3578 1998 3637 obscurationibus
2057 3576 2274 3636 citavit
2331 3584 2393 3632 et
2451 3575 2830 3644 emendavit,
2893 3578 3181 3651 quitlzvis
3241 3578 3394 3634 nihil
3463 3599 3617 3648 pene

213 3678 642 3740 emendaverit
675 3695 688 3744 ;
726 3679 944 3736 tertius
1006 3695 1210 3735 rerum
1246 3677 1304 3734 in
1361 3683 1654 3734 contextu
1697 3681 1759 3732 et
1803 3676 1965 3732 notis
2029 3672 2555 3747 memorabilium,
2618 3675 2814 3731 multo
2875 3693 3061 3748 quam
3099 3676 3156 3732 in
3192 3677 3618 3752 superioribus

216 3780 617 3845 edi'ionibus,
653 3791 956 3853 quantum
995 3777 1070 3834 ad
1104 3784 1468 3834 contextum
1506 3774 1748 3843 attinet,
1790 3773 2182 3848 luenpletior.

293 3880 420 3941 XVI
551 3875 800 3935 ditionis
865 3886 1082 3934 nostra
1139 3872 1470 3940 consilium,
1540 3906 1597 3916 —
1649 3875 1742 3933 Aul
1796 3890 1868 3930 ea
1901 3889 2041 3949 qua
2078 3871 2136 3928 in
2170 3890 2202 3927 e.
2233 3870 2444 3928 titione
2494 3867 2828 3926 Uxoriiensi
2877 3869 3079 3926 minus
3112 3872 3440 3928 commode
3477 3893 3618 3949 pro-

221 3979 346 4038 visa
385 3975 983 4047 demonstravimus,
1045 3975 1197 4032 illud
1254 3971 1595 4030 aCCthBbﬂt
1656 3980 1719 4028 ut
1769 3972 1906 4043 eius
1963 3970 2349 4044 exemplatia
2411 3967 2506 4026 his
2562 3967 2622 4025 in
2678 3969 3036 4043 regionibus
3085 3987 3222 4025 rura
3278 3969 3616 4029 admodum

221 4077 444 4152 vixque
477 4084 682 4132 essent
745 4074 1070 4148 parabilia.
1108 4071 1291 4132 Multi
1349 4071 1651 4128 suberant
1707 4068 1940 4126 stimuli
2008 4083 2185 4125 nova
2245 4065 2540 4122 editionis
2598 4064 3034 4139 suscipienda.
3101 4066 3156 4121 in
3198 4066 3413 4140 primis
3447 4086 3624 4125 amur

223 4175 470 4253 quidam
507 4182 570 4234 et
599 4175 936 4232 admiratio
967 4171 1177 4247 Cyrilli
1211 4187 1498 4244 operum.
1562 4185 1701 4242 qua
1733 4173 2026 4224 aCCurate
2084 4163 2406 4220 emendari
2468 4169 2528 4221 et
2583 4163 2904 4230 illustrari,
2959 4181 3078 4220 non
3120 4168 3288 4236 parvi
3324 4163 3625 4225 interesse

222 4276 295 4331 ad
332 4293 458 4332 rem
493 4271 980 4330 ecclesiasticam
1017 4267 1366 4326 videbatur.
1427 4266 1546 4324 Sed
1606 4264 1960 4323 deterrebat
2023 4261 2474 4320 mediomitatis
2535 4277 2686 4318 mea
2747 4261 3148 4322 conscientia.
3188 4280 3261 4318 ne
3298 4265 3620 4324 materi-tm

221 4370 448 4430 viribus
480 4369 647 4428 haud
707 4384 953 4444 aquam
1013 4381 1346 4424 sumerem.
1381 4363 1547 4422 Cessi
1607 4369 1858 4420 tandem
1895 4359 2374 4436 prapo-itorum
2412 4357 2740 4426 voluntati,
2781 4361 3032 4416 monitis
3091 4359 3461 4424 amicorum,
3501 4380 3620 4420 non

220 4468 448 4528 invitus
484 4487 496 4540 ;
532 4485 804 4544 eumque
839 4465 1117 4524 laborem
1151 4460 1418 4539 suscepi,
1453 4460 1513 4519 in
1549 4477 1674 4537 quo
1735 4457 1886 4516 mihi
1945 4459 2220 4514 divinam
2275 4474 2461 4534 opem
2513 4456 2898 4526 adfuturam,
2965 4475 3187 4534 meque
3221 4459 3625 4519 suaviSsimos

223 4567 457 4626 fruetus
492 4574 930 4644 percepturum
965 4561 1320 4639 sperabam,
1357 4560 1407 4618 si
1443 4559 1594 4638 quid
1631 4558 1918 4617 Ecclesia
1950 4556 2281 4615 catholica
2317 4573 2634 4614 navarem.

305 4666 482 4726 XVII.
526 4664 744 4726 Texta:
773 4662 1113 4722 emendatio.
1151 4692 1230 4705 —
1262 4657 1653 4734 Pracipuam
1717 4661 1955 4733 partem
2016 4652 2289 4730 suscepti
2334 4653 2606 4712 muneris
2640 4650 3014 4723 existimavi,
3078 4653 3362 4712 Granum
3424 4672 3632 4713 exem-

229 4766 386 4842 plar,
420 4765 467 4823 si
502 4781 627 4842 qua
689 4763 928 4820 ratione
959 4757 1262 4836 consequi
1321 4773 1590 4834 possem,
1653 4754 1738 4814 ita
1773 4771 1996 4831 purun
2060 4759 2120 4810 et
2176 4751 2624 4810 intaminatum
2676 4751 2880 4820 edere,
2943 4758 3089 4828 tanq
3119 4770 3239 4810 μω
3275 4772 3306 4811 e
3343 4754 3632 4814 manibus

228 4863 499 4922 auctoris
532 4861 833 4940 prodiret.
895 4857 1319 4930 Quamobrem
1380 4854 1560 4916 illud.
1622 4870 1812 4931 quam
1873 4849 2352 4927 diligentissime
2414 4849 2612 4927 potui,
2665 4866 2805 4907 cum
2844 4848 3230 4908 tirodeciana
3266 4853 3633 4929 interpreta-

231 4961 420 5030 tione,
455 4960 698 5021 Morelii
727 4966 790 5018 et
847 4955 1120 5016 Prevotii
1177 4952 1575 5019 editionibus,
1639 4969 1780 5009 cum
1842 4949 2165 5009 codicibus
2226 4947 2666 5023 manuscriptis
2725 4945 2784 5004 in
2849 4945 2965 5004 hac
3027 4948 3177 5005 urbe
3236 4950 3630 5011 exstantibus

231 5061 489 5119 contuli.
555 5062 980 5119 Romanorum
1041 5053 1319 5111 diversas
1376 5051 1674 5109 let-tiones
1733 5048 2081 5108 amicorum
2141 5063 2338 5124 opera
2395 5050 2770 5104 consecutus
2829 5063 3016 5103 sum:
3083 5064 3223 5122 qua
3283 5055 3493 5106 autem
3555 5066 3631 5108 ex

232 5157 586 5236 Anglicanis
613 5156 897 5215 collecta
931 5152 1179 5210 fuerant
1237 5167 1274 5208 a
1334 5147 1617 5216 Millesio,
1679 5165 1785 5205 eas
1818 5146 1896 5204 ad
1942 5163 2088 5203 usus
2123 5162 2292 5203 meos
2323 5141 2609 5220 adjunxi.
2651 5145 2869 5222 Neque
2901 5144 3089 5201 etiam
3139 5145 3447 5219 neglectui
3499 5164 3630 5206 esse

233 5253 498 5332 judicavi
556 5255 749 5315 citata
807 5251 888 5310 ab
947 5247 1220 5325 antiquis
1279 5246 1494 5323 Cyrilli
1553 5244 1936 5314 testimonia,
1995 5259 2071 5301 ex
2130 5241 2358 5319 quibus
2403 5241 2552 5319 quid
2586 5240 2732 5299 olim
2772 5242 3092 5300 Iectumin
3128 5242 3362 5318 (lyr-illo
3423 5243 3631 5315 fuerit,

236 5374 499 5435 quamve
531 5355 592 5413 in
627 5349 932 5412 sententia
965 5349 1100 5423 eius
1157 5359 1417 5423 accepta
1448 5344 1661 5412 verba,
1726 5341 2122 5422 perspicitur.
2188 5343 2337 5400 Inde
2397 5347 2549 5398 nata
2607 5339 2951 5399 lectionum
3013 5339 3400 5397 diversarum
3454 5343 3632 5404 silva,

236 5453 300 5516 in
328 5455 554 5535 quibus
585 5448 891 5529 eligendis
927 5465 1047 5506 non
1087 5445 1289 5504 minus
1323 5461 1532 5522 opera
1564 5441 1682 5502 fuit
1738 5460 1928 5520 quam
1987 5440 2049 5500 in
2111 5439 2481 5518 colligendis
2514 5458 2528 5498 :
2565 5437 2834 5498 alterum
2893 5437 3057 5497 enim
3091 5437 3438 5513 diligentia,
3475 5441 3634 5501 alte-

242 5654 322 5719 (at
347 5657 404 5707 At
437 5656 550 5708 cat.
585 5649 756 5716 42,n.
796 5646 903 5719 2⁸5.Δ
1046 5717 1074 5719 _
1224 5717 1230 5719 _
1387 5712 1445 5719 __
2061 5639 2256 5719 (c)_Ad
2309 5643 2420 5694 cat.
2475 5639 2561 5706 19,
2624 5655 2681 5694 n.
2734 5638 2770 5691 7
2811 5662 2826 5707 ;
2868 5641 2961 5693 cat
3011 5637 3099 5704 21,
3155 5654 3213 5691 n.
3273 5637 3342 5703 3;
3404 5642 3516 5691 cat.
3539 5639 3629 5691 29.

319 5725 390 5798 (δ)
420 5727 502 5782 Ad
535 5711 762 5778 cat.'23.
797 5735 856 5773 ιι.
881 5717 934 5786 4,
955 5720 1010 5771 et
1037 5717 1251 5772 Procat.
1286 5729 1342 5768 n.
1379 5712 1465 5769 17.

596 5711 762 5777 ιῑ.’23.
797 5735 856 5773 ιι.
881 5717 934 5786 4,
955 5720 1010 5771 et
1037 5717 1251 5772 Procat.
1286 5729 1342 5768 n.
1379 5712 1465 5769 17.
1984 5727 2043 5767 n.
2075 5713 2125 5779 I,
2156 5711 2211 5766 3.
