4094 6282
401 423 478 484 23
1883 405 2333 474 PREFATIO.
3739 414 3820 474 ,ι

403 575 543 617 rum
579 552 1005 616 meditationis
1037 557 1132 613 est
1162 558 1225 613 et
1258 550 1481 631 judicii
1540 568 1665 611 non
1728 543 2083 608 mediocris.
2145 542 2311 602 Nam
2376 556 2568 619 saepe,
2632 537 2752 598 nisi
2809 538 3022 600 cautio
3077 539 3457 603 adhibeatur
3514 547 3817 618 maxima,

408 656 660 718 codices
691 652 936 732 antiqui
994 652 1225 711 ducent
1281 652 1344 710 in
1406 651 1624 709 vitium
1663 667 1678 718 ;
1716 652 2054 726 propterea
2111 640 2278 719 quod
2343 638 2615 698 librariis
2670 638 2955 698 solemne
3011 648 3104 699 est
3151 641 3561 704 similitudine
3593 664 3818 707 vocum

402 772 639 823 errare,
673 761 734 812 et
765 771 840 811 ea
872 754 1078 829 legere
1110 750 1230 809 sibi
1288 749 1507 818 videri,
1572 763 1714 826 quae
1771 743 1975 806 aetatis
2032 741 2094 800 in
2153 757 2280 817 qua
2336 738 2651 815 degebant
2707 739 3299 808 consuetudinibus.
3362 751 3472 801 aut
3533 745 3817 822 legenda

405 853 752 928 Scriptura;
783 856 846 909 et
900 850 977 908 de
1038 849 1221 908 rebus
1280 846 1652 924 theologicis
1712 840 2009 920 loquendi
2066 836 2415 897 rationibus
2476 837 2674 913 magis
2731 843 3175 897 consentanea.
3237 842 3686 915 Quamobrem,
3753 854 3823 908 ιιι

407 949 626 1027 Cyrilli
683 947 1059 1009 emendandi
1128 946 1436 1005 rationem
1514 962 1591 1003 ex
1669 939 1993 1001 codicibus
2069 954 2214 996 mss.
2304 941 2588 1012 repetere
2672 932 2864 1003 soleo,
2927 934 3015 994 ita
3099 936 3417 998 interdum
3479 940 3650 1018 ipsos
3706 961 3813 1004 co-

407 1049 577 1108 dices
638 1066 782 1106 mss.
872 1046 951 1107 ad
1043 1043 1256 1122 Cyrilli
1341 1051 1404 1103 et
1488 1039 1790 1119 loquendi
1874 1044 1937 1097 et
2020 1033 2329 1094 sentiendi
2418 1031 2693 1092 rationes
2781 1034 3009 1092 referre
3073 1043 3328 1095 coactus
3386 1056 3549 1105 sum,
3611 1046 3675 1101 et
3706 1041 3823 1101 uni

410 1145 611 1207 codici
642 1164 781 1205 cum
815 1144 952 1221 ejus
983 1144 1147 1221 stylo
1179 1150 1238 1202 et
1271 1141 1562 1202 doctrina
1593 1134 2009 1199 consentienti
2070 1132 2210 1210 plus
2269 1130 2546 1190 tribuere
2606 1147 2793 1206 quam
2860 1130 3072 1190 multis
3103 1131 3639 1196 di-sentientibus.
3676 1141 3823 1199 Non

412 1244 586 1303 nulla
617 1247 992 1303 exstiterunt
1023 1259 1290 1320 quorum
1324 1238 1404 1299 ad
1463 1235 1968 1297 emendationem
2028 1231 2276 1291 codices
2334 1227 2579 1305 antiqui
2636 1226 2793 1287 nihil
2852 1228 3173 1289 afferrent.
3239 1233 3385 1292 Hec
3445 1234 3825 1313 conjecturis

411 1358 635 1401 sanare
668 1348 933 1400 conatus
991 1356 1149 1408 sum,
1190 1355 1312 1396 non
1374 1343 1586 1395 tamen
1645 1334 1709 1392 in
1740 1335 2102 1391 contextum
2161 1326 2433 1405 injectis,
2495 1325 2600 1387 sed
2662 1327 2726 1385 in
2771 1326 3053 1404 margine
3084 1330 3411 1405 appositis.
3446 1331 3528 1391 At
3559 1334 3664 1393 ubi
3696 1352 3826 1396 cer—

399 1440 661 1504 tissimis
690 1438 938 1498 indiciis
984 1436 1062 1495 ad
1106 1438 1339 1497 fontem
1400 1432 1630 1493 erroris
1689 1429 1964 1510 perveni,
2028 1426 2120 1486 ibi
2176 1432 2541 1485 contextum
2611 1431 2857 1484 mutare
2916 1443 3041 1484 non
3103 1425 3412 1488 dubitavi.
3477 1430 3598 1491 Sed
3662 1432 3827 1494 hanc

403 1538 724 1601 licentiam
758 1544 881 1595 tam
921 1553 1104 1614 parce.
1138 1540 1391 1611 tamque
1452 1531 1796 1611 prudenter
1852 1524 2118 1604 sumpsi,
2156 1523 2347 1602 idque
2405 1541 2656 1601 semper
2714 1523 3039 1583 admonito
3099 1523 3352 1599 lectore,
3384 1528 3480 1593 ,‘ut
3512 1530 3826 1592 neminem

407 1636 942 1717 reprehensorum
980 1641 1190 1711 putem
1228 1650 1243 1705 ;
1277 1649 1418 1691 cum
1470 1626 1814 1708 praesertim
1876 1630 2010 1684 tota
2074 1623 2443 1699 plerumque
2499 1622 2560 1681 in
2622 1620 2984 1699 bujusmodi
3028 1621 3182 1683 locis
3224 1626 3603 1698 emendatio,
3638 1630 3828 1691 unius

407 1736 635 1797 litteras
667 1738 771 1792 aut
805 1731 1185 1809 diphthongi
1246 1729 1593 1789 mutatione
1645 1724 2065 1786 contineatur.
2125 1720 2325 1781 Paulo
2386 1719 2642 1779 liberius
2700 1724 2985 1779 versatus
3041 1738 3177 1779 sum
3238 1721 3299 1780 in
3360 1723 3823 1803 distinguendis

407 1829 1045 1910 iuterpunctionibus,
1078 1847 1219 1907 quae
1254 1835 1482 1887 temere
1514 1844 1551 1885 a
1585 1822 1855 1884 librariis
1900 1827 1961 1880 et
2006 1819 2083 1879 ad
2117 1817 2447 1877 arbitrium
2511 1818 2747 1895 positae,
2810 1817 3026 1896 Cyrilli
3057 1819 3409 1880 orationem
3472 1825 3812 1900 parenthe-

412 1932 586 1994 sibus
615 1937 677 1990 et
707 1928 972 1989 concisis
1002 1926 1325 1986 sententiis
1358 1928 1760 1983 intertextam
1797 1935 1962 1997 smpe
1993 1918 2529 1977 deformaverant.

494 2030 708 2090 XVIII.
746 2024 919 2086 Nova
966 2021 1406 2103 interpretatio.
1450 2054 1527 2065 —
1570 2019 1992 2079 Deliberatum
2051 2014 2232 2073 initio
2290 2014 2515 2084 fuerat,
2579 2031 2806 2073 novam
2866 2013 3448 2092 interpretationem
3513 2037 3635 2078 non
3689 2022 3821 2083 ela-

414 2129 663 2195 borare,
700 2127 804 2185 sed
841 2132 1084 2183 tantum
1121 2120 1604 2187 Grodecianam,
1637 2114 1925 2194 quaajam
1958 2134 1993 2173 a
2022 2112 2339 2173 nonnullis
2382 2112 2704 2171 emendari
2762 2120 3060 2190 ceperat,
3097 2113 3463 2191 diligentius
3494 2119 3830 2197 castigare.

417 2227 534 2289 Sed
573 2234 696 2285 tam
736 2222 932 2283 multa
962 2219 1378 2280 occurrebant
1417 2217 1741 2281 mutanda,
1780 2222 1847 2271 ut
1880 2230 2108 2270 novum
2161 2227 2321 2287 opus
2363 2213 2671 2269 coniicere
2722 2229 2845 2269 non
2904 2210 3085 2269 valde
3142 2210 3464 2271 dillicilius
3495 2213 3692 2275 visum
3729 2219 3831 2277 sit:

421 2343 610 2405 quam
646 2321 983 2381 emendare
1045 2324 1221 2377 vetus
1254 2333 1267 2375 :
1305 2315 1604 2392 Cyrillum
1641 2319 1850 2371 autem
1888 2310 1991 2368 nni
2052 2310 2271 2368 forma
2332 2308 2590 2366 reddere
2653 2307 2850 2366 multo
2882 2307 3254 2387 elegantius,
3319 2329 3509 2388 quam
3542 2312 3834 2377 detexere

422 2429 518 2485 tot
551 2422 700 2481 locis
731 2428 793 2480 et
827 2427 1126 2478 retexere.
1166 2414 1481 2475 Nonnulla
1515 2422 1725 2472 tamen
1762 2408 2011 2482 retinui,
2076 2427 2218 2486 quae
2276 2413 2386 2466 aut
2442 2425 2480 2465 a
2529 2406 2836 2467 Grodecio
2896 2414 3060 2467 recte
3128 2409 3332 2485 posita
3366 2421 3474 2468 aut
3505 2415 3839 2474 commode

427 2523 505 2582 ab
537 2521 674 2579 aliis
706 2518 1040 2577 emendata
1074 2516 1341 2573 fuerant.
1379 2513 1444 2572 In
1503 2508 1981 2586 interpretando
2018 2508 2406 2584 pr0positum
2474 2505 2790 2583 imprimis
2860 2505 2978 2565 fuit
3010 2513 3077 2564 ut
3106 2507 3430 2583 scriptoris
3460 2511 3835 2573 sententiam

428 2626 720 2682 accurate
750 2623 811 2674 et
872 2614 1194 2692 perspicue
1241 2612 1590 2670 redderem.
1656 2611 1800 2669 Non
1863 2625 1959 2667 me
2021 2606 2172 2665 latet
2229 2605 2559 2682 elegantias
2612 2604 2965 2663 habendam
3020 2623 3155 2664 esse
3207 2606 3540 2679 rationem,
3577 2608 3837 2688 idquea

430 2736 553 2788 me,
588 2716 692 2774 ubi
729 2733 823 2773 res
853 2713 1004 2789 ipsae
1040 2710 1315 2768 tulerunt
1371 2707 1727 2782 neglectum
1763 2724 1888 2763 non
1947 2721 2079 2764 esse
2136 2722 2319 2781 spero
2354 2722 2367 2775 ;
2435 2702 2542 2761 sed
2601 2702 2868 2779 diligens
2924 2709 2986 2761 et
3015 2710 3349 2761 accuratus
3409 2706 3603 2765 malui
3637 2708 3835 2768 videri

425 2833 617 2895 quam
651 2813 906 2888 elegans
962 2814 1025 2866 et
1054 2814 1335 2866 ornatus.
1402 2804 1678 2864 Liberior
1735 2820 1998 2879 campus
2056 2813 2380 2861 oratorum
2440 2807 2503 2859 et
2565 2807 2891 2876 poetarum
2933 2799 3383 2877 interpretibus
3414 2804 3829 2863 conceditur;

425 2912 614 2972 datur
646 2909 828 2971 venia
859 2905 1199 2965 elaborata
1230 2901 1662 2971 concinnitati,
1699 2918 1812 2960 nec
1843 2899 2051 2958 studio
2084 2898 2429 2957 venustatis
2459 2916 2496 2956 a
2527 2896 2852 2975 scriptoris
2884 2897 3197 2956 sententia
3244 2896 3537 2958 aberrare
3594 2902 3834 2978 grande

428 3010 761 3087 ﬂagitium.
796 3010 869 3066 At
904 3003 963 3062 in
999 3003 1230 3062 sanctis
1261 3000 1576 3069 Patribus,
1614 3017 1686 3058 ac
1719 2999 2067 3077 praesertim
2100 2997 2161 3056 in
2195 2996 2455 3075 Cyrillo,
2490 2995 2599 3073 qui
2633 3002 2801 3055 totus
2832 3005 2924 3056 est
2980 2997 3041 3055 in
3076 3015 3254 3056 sacro
3301 2998 3597 3075 dogmate
3628 3018 3830 3079 expo-

428 3109 658 3177 uendo,
690 3105 947 3164 liberior
977 3099 1434 3177 interpretatio,
1471 3098 1716 3156 etiamsi
1748 3097 1825 3155 de
1883 3101 2208 3154 sententias
2269 3094 2545 3170 pondere
2601 3100 2665 3154 et
2721 3097 3080 3173 argumenti
3142 3107 3458 3159 momento
3516 3097 3673 3157 nihil
3719 3098 3834 3159 de-

431 3208 663 3275 trahat,
699 3204 865 3282 qnod
900 3201 996 3259 vix
1032 3218 1104 3259 ac
1136 3219 1211 3259 ne
1244 3200 1341 3257 vix
1377 3198 1631 3277 quidem
1668 3197 1799 3256 ﬁeri
1835 3202 2036 3272 potest
2069 3214 2084 3267 ;
2120 3195 2272 3253 illud
2335 3201 2499 3252 certe
2533 3193 2871 3253 lectoribus
2916 3199 3130 3257 Graece
3158 3198 3579 3258 nescientibus
3610 3198 3835 3277 eripiet

428 3300 963 3385 perincommode,
1013 3317 1088 3356 ne
1121 3302 1195 3357 ile
1248 3296 1572 3374 scriptoris
1603 3296 1764 3374 ston
1797 3294 2139 3370 etingenio
2199 3292 2559 3353 existimare
2622 3294 2886 3371 possint.
2950 3297 3371 3363 Quamobrem
3433 3297 3710 3356 litteram
3770 3303 3837 3359 et

420 3403 709 3470 verbum,
744 3404 1050 3479 quantum
1112 3395 1441 3473 utriusque
1499 3394 1733 3472 lingua
1792 3391 2235 3451 dissimilitudo
2297 3392 2557 3468 patitur,
2616 3391 2679 3451 in
2714 3393 3193 3470 interpretando
3235 3403 3487 3457 secutus
3518 3414 3681 3464 sum.
3720 3414 3833 3457 nec

423 3520 608 3563 voces
638 3496 1058 3559 ecclesiastico
1087 3512 1201 3553 usu
1260 3493 1586 3564 contritas,
1648 3490 1762 3551 etsi
1822 3509 1945 3549 non
1983 3489 2231 3568 placere
2290 3490 2607 3566 puriorem
2670 3490 3075 3552 Latinitatem
3138 3493 3499 3554 amantibus
3532 3493 3830 3567 sciebam,

423 3615 728 3675 usurpare
758 3593 1064 3653 dubitavi.
1099 3592 1441 3668 Scripturaa
1501 3589 1881 3666 testimonia,
1945 3594 2078 3647 tum
2138 3605 2279 3664 quae
2336 3588 2604 3665 Cyr-illus
2664 3588 2853 3647 refert
2909 3591 3177 3666 integra,
3243 3597 3375 3650 tum
3437 3609 3578 3670 quas
3640 3592 3835 3651 veluti

423 3691 1123 3777 praeteriensd’signat,
1165 3696 1231 3748 ut
1263 3689 1540 3748 indicare
1599 3688 1955 3764 diligenter,
2019 3687 2104 3745 ita
2136 3686 2606 3745 accuratissime
2666 3686 2937 3745 reddere
2997 3696 3263 3747 conatus
3322 3708 3483 3748 sum.
3547 3688 3831 3765 Vulgata

423 3795 618 3856 verba
653 3793 910 3857 retineo,
949 3790 1050 3847 ubi
1086 3792 1299 3847 Graeca
1356 3804 1495 3845 cum
1557 3806 1631 3844 ea
1663 3788 2079 3844 consentiunt.
2145 3784 2262 3845 Ubi
2320 3791 2529 3843 autem
2594 3802 2714 3841 non
2749 3784 2949 3842 solum
2985 3803 3020 3843 a
3057 3785 3351 3862 Vulgata.
3389 3786 3494 3844 sed
3528 3787 3716 3845 etiam
3751 3787 3829 3847 ab

427 3892 610 3954 editis
642 3888 870 3949 Graecis
902 3887 1170 3966 Cyrillus
1202 3885 1538 3961 discrepat,
1572 3883 1657 3941 ita
1689 3884 2087 3959 interpretor.
2127 3890 2193 3939 ut
2227 3883 2388 3941 hanc
2420 3881 2905 3958 discrepantiam
2970 3883 3237 3941 lectores
3294 3884 3826 3946 animadvertant.

425 3993 731 4051 Numeros
763 3989 890 4046 sive
925 3984 1359 4063 paragraphos
1395 3999 1622 4056 magno
1680 3998 1883 4038 comm
1913 3979 2012 4039 ldo
2072 3978 2372 4038 Millesius
2431 3980 2491 4038 in
2553 3979 2854 4055 Cyrillum
2894 3980 3130 4056 primus
3162 3982 3412 4040 induxit
3448 3999 3461 4041 :
3526 3984 3630 4041 sed
3667 3984 3831 4043 ordi-

425 4105 564 4147 nem
600 4085 679 4145 ab
711 4104 784 4143 eo
817 4082 1173 4141 institutum
1209 4098 1257 4137 δέ
1278 4078 1387 4157 qui
1421 4097 1541 4137 non
1578 4078 1769 4155 potui.
1813 4086 2145 4152 propterea
2176 4078 2341 4154 Quod
2378 4094 2546 4152 sape
2581 4095 2770 4135 unum
2851 4087 3247 4154 rgumentum
3295 4078 3512 4138 multis
3553 4081 3830 4140 numeris

423 4184 667 4252 dividit,
705 4180 901 4239 multa
932 4196 1097 4254 sape
1131 4195 1254 4235 uno
1290 4174 1691 4254 paragrapho
1724 4174 2221 4251 Comprehendit.
2285 4173 2495 4232 Satius
2546 4173 2743 4232 visum
2780 4184 2872 4234 est
2903 4175 2962 4233 in
2998 4176 3433 4237 distribuenolo
3466 4184 3665 4247 textu,
3703 4197 3828 4238 non

425 4282 615 4344 verba
647 4288 709 4337 et
744 4279 939 4336 lineas
975 4294 1331 4344 numerare,
1365 4275 1471 4333 sed
1514 4274 1760 4333 divorsa
1799 4272 2101 4332 orationis
2159 4271 2368 4349 capita
2427 4278 2488 4332 et
2545 4273 2852 4351 cujusque
2911 4273 3135 4351 capitis
3194 4282 3567 4352 argumenta
3616 4276 3822 4353 sequi.

424 4384 570 4444 Haec
605 4399 724 4439 non
760 4378 961 4437 solum
998 4374 1271 4434 numeris
1306 4373 1620 4443 distincta,
1682 4373 1787 4430 sed
1848 4372 2035 4430 etiam
2091 4372 2168 4432 ad
2206 4371 2548 4448 marginem
2587 4378 2799 4431 notata
2831 4372 3218 4433 summatim.
3255 4373 3485 4431 Ibidem
3524 4390 3827 4450 praeferea

424 4499 523 4541 res
552 4477 987 4539 observatione
1064 4474 1292 4551 dignm,
1359 4471 1494 4530 loca
1554 4471 1783 4530 similia
1837 4468 2219 4541 indicantur,
2282 4488 2464 4530 voces
2521 4470 2914 4531 obscuriores
2975 4471 3146 4531 brevi
3207 4471 3525 4530 interdum
3582 4471 3824 4534 scholio

425 4577 837 4657 explicantur.
875 4570 1217 4633 PlEﬂllSrw
1249 4570 1507 4647 singulis
1540 4567 1970 4629 catechesibus
2024 4568 2483 4629 admonitiones
2540 4568 2731 4628 totius
2789 4569 3090 4628 orationis
3147 4569 3631 4647 descriptionem
3686 4570 3824 4630 bre-

421 4676 582 4736 viter
615 4679 856 4752 ponunt
887 4677 1030 4729 ante
1062 4668 1300 4739 oculos,
1363 4667 1705 4726 lectoribus
1762 4666 2038 4725 animum
2102 4666 2467 4725 necessariis
2496 4665 3043 4726 observationibus
3075 4669 3528 4744 praemuniunt,
3564 4686 3691 4746 quo
3723 4666 3824 4728 die

424 4772 833 4853 pronuntiata
864 4767 1229 4833 catechesis,
1263 4784 1423 4844 quos
1456 4764 1534 4824 ad
1567 4764 1813 4824 codices
1837 4765 2172 4825 emendata
2203 4764 2663 4824 demonstrant.

504 4872 659 4932 XIX.
698 4869 878 4929 Nam
908 4866 1085 4947 hujus
1114 4864 1418 4925 editionis.
1446 4897 1522 4908 --
1556 4865 1739 4923 Nota:
1795 4869 1854 4923 et
1913 4863 2381 4923 observationes
2415 4880 2589 4924 mete.
2656 4869 2964 4941 quantum
2998 4862 3364 4938 conjectura
3393 4881 3722 4939 assequor.
3757 4865 3823 4925 in

424 4988 640 5031 eorum
678 4964 1224 5044 reprehensionem
1258 4962 1602 5031 incurrent,
1649 4961 1755 5037 qui
1814 4961 2080 5019 multum
2128 4978 2338 5038 operas
2388 4961 2448 5019 in
2506 4962 2599 5019 bis
2650 4963 2837 5019 rebus
2889 4961 3120 5020 insumi
3178 4979 3302 5019 non
3364 4961 3637 5038 probant
3672 4979 3686 5032 ;
3717 4961 3826 5021 sed

424 5085 529 5125 eos
562 5079 773 5123 malos
806 5063 947 5120 Volo
982 5080 1057 5119 ne
1080 5058 1447 5118 sententiam
1509 5057 1570 5116 in
1608 5075 1703 5115 me
1760 5057 1966 5117 dic-ant
2030 5076 2094 5118 re
2153 5077 2275 5117 non
2308 5059 2657 5136 explorata.
2724 5060 2964 5137 Duplex
3027 5066 3319 5118 notarum
3362 5077 3560 5134 genus
3591 5060 3829 5138 duplici

422 5166 658 5226 indicio
692 5165 975 5241 signatur
1009 5176 1024 5219 :
1059 5160 1199 5219 alias
1231 5158 1292 5216 in
1326 5165 1497 5217 textu
1560 5158 1789 5218 Graecis
1819 5157 2141 5217 elementis
2192 5157 2483 5218 indicata:
2515 5164 2878 5217 contextum
2931 5166 3215 5236 spectant
3247 5177 3262 5231 ;
3308 5159 3448 5218 alia;
3495 5160 3556 5217 in
3614 5160 3830 5221 Latina

423 5262 945 5343 interpretatione
980 5257 1258 5317 numeris
1290 5257 1635 5335 designalm
1668 5258 1870 5317 varias
1928 5256 2139 5334 Cyrilli
2171 5257 2511 5315 sententias
2543 5257 2882 5316 illustrant.
2950 5257 3010 5315 In
3072 5257 3147 5315 iis
3179 5275 3320 5333 qum
3352 5260 3427 5316 ad
3464 5266 3828 5321 contextum

422 5366 742 5446 pertinent
775 5381 789 5431 ;
827 5361 891 5420 1°
923 5355 1114 5415 variae
1150 5354 1445 5413 lectiones
1479 5365 1897 5422 recensentur,
1935 5372 2057 5412 non
2115 5372 2333 5413 omnes
2368 5363 2601 5417 tamen.
2661 5355 2766 5413 sed
2829 5371 2969 5431 quas
3005 5353 3170 5412 haud
3235 5354 3350 5413 levi
3414 5354 3590 5430 pretii
3631 5373 3646 5427 ;
3681 5375 3825 5416 nam

421 5482 563 5542 quas
598 5460 844 5519 levioris
880 5453 1206 5515 momenti.
1249 5460 1388 5530 post
1419 5471 1612 5523 opera
1643 5452 1852 5530 Cyrilli
1886 5452 1945 5509 in
1980 5450 2327 5511 indiculnm
2368 5452 2615 5529 rejeczag
2679 5470 2694 5515 ε
2754 5452 2815 5512 iu
2850 5452 2924 5511 iis
2981 5460 3191 5511 autem
3227 5471 3365 5529 qua;
3397 5470 3652 5530 prorsus
3683 5462 3830 5516 sunt

417 5560 693 5624 inutilos.
733 5568 978 5633 tempus
1038 5570 1160 5611 non
1225 5552 1508 5609 terimus.
1579 5551 1863 5609 Diversae
1921 5557 2128 5608 autem
2191 5548 2490 5609 lrctiones
2546 5550 2915 5628 simpliciter
2972 5558 3031 5609 et
3065 5551 3229 5609 nude
3264 5569 3388 5607 non
3454 5550 3679 5627 refero,
3715 5553 3823 5613 sed

426 5663 746 5718 momento
778 5654 1051 5733 quodam
1086 5657 1147 5709 et
1176 5648 1436 5725 judicio.
1477 5648 1581 5707 ubi
1616 5667 1830 5708 earum
1877 5648 2155 5706 delectus
2213 5646 2538 5707 habendus
2594 5649 2731 5717 fuit,
2794 5648 3146 5708 examinavi
3181 5665 3194 5707 :
3232 5654 3293 5706 :i°
3331 5655 3391 5707 nt
3426 5666 3695 5727 quaeque
3728 5670 3825 5712 res

423 5756 491 5818 in
527 5764 695 5817 textu
732 5758 997 5823 mutata,
1032 5747 1492 5809 emendationis
1525 5747 1684 5808 ratio
1717 5745 1933 5807 lectori
1965 5746 2298 5825 subjicitur
2331 5767 2346 5821 ;
2379 5749 2447 5806 3°
2476 5764 2619 5825 qum
2651 5748 2719 5825 Ο)
2740 5747 2917 5808 rillus
2974 5766 3048 5807 ex
3079 5747 3218 5808 aliis
3246 5747 3678 5827 scriptoribus,
3714 5756 3826 5811 aut
