4094 6282
496 269 573 327 35
1980 267 2425 333 PREFATIO.
3832 271 3909 333 28

499 399 605 461 alii
639 417 716 460 ex
744 397 996 480 Cyrillo,
1029 396 1157 459 sive
1185 415 1483 478 expresso
1513 397 1789 468 nomine,
1824 398 1952 459 sive
2001 403 2196 461 tacito
2256 407 2544 477 mutuati,
2607 406 2670 465 in
2704 405 2922 465 iisdem
2984 405 3151 466 notis
3207 404 3584 466 indicamus.
3621 405 3904 466 Alterum

499 518 698 576 genus
732 505 1026 558 notarum
1061 499 1148 558 sic
1179 516 1242 556 se
1279 499 1469 556 habet
1503 514 1516 556 :
1555 501 1615 556 1°
1645 498 1960 576 ambigue
1995 517 2178 559 voces
2234 519 2425 580 quam
2461 504 2581 562 vim
2618 513 2678 564 et
2735 505 3110 564 sententiam
3148 504 3446 576 habeant,
3481 505 3858 583 eXpenditur
3897 525 3910 578 ;

499 599 607 661 ubi
638 598 793 658 certi
827 597 982 656 nihil
1017 597 1273 656 extundi
1309 596 1536 675 putuit,
1565 595 1876 674 judicium
1912 598 2131 657 lectori
2165 603 2550 677 permittitur
2585 620 2598 673 ;
2635 611 2696 661 2°
2732 603 2987 681 majoris
3051 604 3350 662 momenti
3382 605 3709 664 sententie
3741 604 3915 662 simi-

498 699 660 758 libus
689 697 906 774 Cyrilli
938 703 1049 756 aut
1104 696 1376 756 aliorum
1439 696 1591 756 locis
1651 695 2054 773 explicantur
2089 716 2101 768 ;
2136 699 2199 756 3°
2229 718 2371 776 que
2430 703 2782 760 doctrinam
2844 709 2956 762 aut
3013 701 3345 761 historiam
3406 711 3698 779 spectant
3730 703 3918 761 variis

504 797 702 856 modis
732 797 1144 866 illustramus,
1183 795 1383 854 lucem
1418 795 1702 854 obscuris
1733 794 1967 871 dando,
2006 795 2165 854 male
2198 797 2259 855 in
2292 798 2551 858 dubium
2612 810 2832 861 vocata
2899 802 3355 870 confirmando,
3395 802 3628 859 fontem
3663 801 3912 870 erroris,

499 897 548 954 si
584 895 732 973 quid
768 901 1045 952 erratum
1079 896 1180 963 sit,
1243 893 1730 971 investigando:
1792 901 1940 952 sunt
1968 894 2132 953 enim
2192 896 2255 954 in
2316 898 2545 973 Cyrillo
2605 900 2932 975 nonnulla,
2996 917 3137 977 que
3202 900 3402 974 prima
3435 899 3636 974 specie
3669 916 3912 957 nevum

501 1011 636 1052 esse
695 992 888 1061 dicas,
957 991 1216 1068 propius
1274 997 1558 1067 spectata
1617 1009 1741 1049 non
1802 989 2145 1068 improbes.
2209 992 2348 1052 Alia
2411 993 2847 1055 hereticorum
2913 996 3535 1074 interpretationibus
3595 998 3919 1072 exagitata

502 1109 660 1169 opus
692 1090 879 1150 fuita
922 1089 1100 1148 nobis
1159 1087 1464 1146 vindicari
1499 1105 1513 1158 ;
1548 1087 1673 1146 alia
1733 1089 1940 1146 minus
1997 1089 2165 1148 dicta
2225 1093 2576 1163 commode,
2646 1094 2813 1152 velut
2844 1093 2919 1153 de
2978 1103 3216 1154 eterno
3273 1093 3504 1154 Christi
3564 1095 3916 1152 sacerdotio

501 1207 626 1248 non
683 1187 977 1265 equidem
1044 1185 1332 1263 purgavi,
1390 1186 1498 1244 sed
1559 1190 1766 1244 tamen
1827 1203 1863 1244 a
1924 1185 2130 1263 pravis
2190 1190 2740 1250 consecutionibus
2798 1192 3070 1250 defendi.
3134 1192 3199 1251 In
3237 1191 3499 1250 historia
3531 1192 3801 1267 Cyrillus
3832 1191 3917 1251 sic

505 1291 811 1356 versatur,
875 1290 942 1344 ut
972 1283 1111 1342 aliis
1168 1283 1484 1342 interdum
1545 1285 1970 1342 monumentis
2000 1285 2413 1363 explicandus
2470 1289 2569 1357 sit,
2633 1307 2761 1348 sue
2793 1289 3107 1348 interdum
3171 1288 3490 1348 memorie
3524 1302 3624 1347 aut
3662 1289 3916 1348 incertis

508 1383 930 1452 monumentis
983 1382 1145 1440 male
1205 1381 1492 1439 videatur
1549 1379 1908 1440 credidisse.
1945 1383 2012 1441 In
2047 1382 2141 1441 his
2198 1384 2493 1444 omnibus
2553 1386 3024 1446 observationes
3085 1405 3252 1446 meas
3311 1405 3433 1446 non
3497 1404 3717 1464 passus
3775 1405 3912 1445 sum

507 1480 868 1542 desiderari.
901 1483 970 1540 4°
1003 1478 1154 1548 Oue
1185 1477 1352 1556 apud
1386 1476 1686 1555 Cyrillum
1721 1477 1796 1536 de
1855 1495 2175 1538 sacrorum
2213 1479 2492 1539 locorum
2553 1483 2700 1556 situ,
2763 1489 2874 1543 aut
2903 1487 2976 1541 de
3037 1483 3262 1542 ritibus
3296 1481 3586 1542 Ecclesie
3620 1481 3913 1541 Hieroso-

505 1579 822 1659 lymitaue
856 1577 1124 1656 propriis
1156 1579 1472 1654 leguntur,
1509 1593 1604 1632 res
1635 1582 1815 1634 erant
1847 1576 2242 1636 auditoribus
2311 1586 2458 1638 ante
2515 1581 2728 1638 oculos
2763 1580 3006 1657 posite,
3042 1587 3106 1639 at
3162 1580 3499 1639 lectoribus
3531 1599 3653 1639 non
3691 1598 3912 1656 parum

507 1676 741 1756 negntii
800 1676 1130 1744 facessent,
1196 1673 1310 1732 nisi
1370 1672 1510 1730 aliis
1571 1673 1994 1732 monumentis
2051 1674 2469 1737 illustrentur.
2533 1679 2594 1736 3°
2652 1678 2832 1756 Sepe
2874 1680 3134 1738 discedit
3165 1678 3433 1756 Cyrillus
3493 1697 3529 1736 a
3588 1677 3913 1737 communi

501 1774 788 1852 legende
819 1780 880 1830 et
910 1768 1403 1848 iuterpretande
1436 1768 1777 1846 Scripture
1810 1769 2100 1831 ratione:
2137 1771 2243 1848 qui
2302 1772 2357 1830 ei
2406 1773 2522 1832 hac
2569 1773 2631 1832 in
2693 1793 2758 1833 re
2817 1775 3200 1852 pieiverint,
3263 1776 3499 1852 quique
3557 1776 3906 1852 suﬂ‘ragati,

502 1873 721 1951 paucis
751 1870 1312 1929 demonstrandum
1347 1866 1664 1926 duximus.
1702 1867 1811 1926 His
1839 1873 1899 1926 in
1934 1868 2120 1928 rebus
2152 1877 2316 1930 note
2377 1879 2607 1933 nostre
2641 1881 2988 1943 versantur,
3055 1892 3174 1932 non
3210 1873 3333 1932 ille
3365 1873 3614 1950 quidem
3649 1874 3911 1932 eruditis

501 1971 891 2046 necessarie,
929 1970 1094 2028 haud
1144 1976 1350 2026 tamen
1412 1968 1540 2026 scio
1573 1985 1651 2025 an
1713 1966 1926 2025 multis
1985 1968 2172 2028 rebus
2229 1986 2501 2048 asperse
2561 1989 2718 2047 quas
2777 1972 3006 2031 eruditi
3066 1974 3344 2031 nondum
3407 1973 3906 2044 observaverint,

497 2076 668 2129 certe
704 2066 1102 2128 mediocriter
1159 2065 1360 2124 doctis
1392 2082 1516 2122 non
1552 2067 1795 2123 futuras
1824 2064 2078 2123 inutiles
2135 2084 2485 2144 speramus.
2550 2071 2683 2128 Duo
2744 2069 3138 2146 potissimum
3202 2069 3349 2127 vitia
3382 2069 3442 2127 in
3506 2071 3624 2128 hoc
3683 2088 3910 2146 genere

496 2170 779 2229 cavenda
809 2185 943 2227 esse
974 2165 1148 2235 duxi,
1186 2167 1456 2224 alterum
1494 2181 1592 2235 ne,
1630 2165 1779 2222 dum
1817 2182 2159 2242 paucorum
2194 2166 2442 2226 fastidia
2476 2168 2769 2235 formido,
2807 2187 3055 2244 agerem
3091 2169 3151 2226 in
3185 2168 3580 2227 defendenda
3614 2169 3907 2230 Ecclesie

492 2286 684 2327 causa
715 2274 776 2326 et
807 2264 1185 2325 illustrando
1218 2264 1448 2341 Cyrillo
1481 2262 1770 2340 segnius;
1808 2268 2072 2322 alterum
2110 2282 2184 2323 ne
2217 2272 2464 2343 tempus
2496 2274 2759 2326 tererem
2805 2268 2865 2326 in
2927 2267 3112 2324 rebus
3149 2266 3553 2344 pervulgatis.
3591 2267 3905 2338 Quamob—

496 2385 629 2428 rem
663 2368 724 2425 in
761 2365 834 2424 iis
865 2382 1006 2442 que
1035 2363 1168 2440 jam
1204 2368 1610 2441 pertractata,
1646 2361 1723 2419 ad
1783 2379 1890 2420 eos
1945 2361 2055 2440 qui
2091 2370 2443 2423 tractarunt
2500 2365 2814 2424 dimittere
2846 2369 3038 2432 soleo,
3078 2383 3151 2423 ne
3211 2376 3418 2423 acmm
3451 2383 3637 2442 agere
3669 2365 3904 2423 videar.

497 2468 581 2525 Ac
615 2464 924 2541 profecto,
957 2462 1007 2520 si
1037 2461 1290 2537 judiciis
1321 2459 1484 2518 adsit
1516 2459 1803 2536 equites,
1838 2459 1952 2518 erit
1989 2460 2140 2519 mihi
2201 2462 2400 2540 magis
2458 2464 2824 2531 verendum,
2861 2480 2936 2522 ne
2993 2480 3250 2539 Operam
3316 2480 3517 2521 meam
3553 2462 3815 2521 lectores
3846 2462 3909 2520 in

501 2561 690 2621 rebus
723 2579 845 2620 non
879 2556 1379 2628 contemnendis,
1413 2574 1572 2635 quas
1604 2564 1671 2616 ut
1702 2563 1882 2617 notas
1913 2558 2311 2635 pretermisi,
2345 2561 2616 2621 defuisse
2665 2560 3045 2632 existiment,
3079 2577 3271 2639 quam
3331 2579 3407 2620 ne
3465 2560 3528 2620 in
3566 2559 3905 2620 levioribus

500 2667 857 2739 querantur
887 2655 1292 2735 superfuisse.

582 2759 708 2819 XX.
749 2755 910 2827 Quid
949 2753 1061 2813 hac
1090 2753 1347 2814 editione
1401 2753 1794 2813 contineatur.
1859 2787 1927 2797 —
1967 2754 2196 2814 Omnia
2253 2755 2469 2834 Cyrilli
2498 2774 2714 2834 opera,
2752 2763 2882 2816 tum
2941 2773 3082 2834 que
3144 2774 3287 2816 vera
3317 2763 3380 2815 et
3408 2773 3733 2834 germana,
3770 2762 3906 2815 tum

510 2875 654 2934 que
687 2855 1015 2934 supposita
1047 2862 1157 2912 aut
1197 2851 1389 2912 dubia
1447 2869 1589 2910 cum
1650 2852 2019 2929 fragmentis
2076 2863 2479 2931 represento.
2517 2855 2878 2914 Admonitio
2910 2855 3171 2932 singulis
3205 2857 3460 2932 preiixa
3493 2856 3641 2932 quid
3678 2855 3753 2913 de
3785 2855 3908 2912 illis

499 2955 778 3033 judicem
815 2952 1119 3012 declarat.
1153 2949 1492 3029 Supposita
1526 2949 1852 3010 eliminare
1885 2953 2274 3029 propositum
2327 2952 2506 3011 initio
2566 2954 2770 3011 fuerat
2804 2972 2818 3026 ;
2882 2955 2986 3011 sed
3022 2953 3212 3012 satius
3272 2953 3470 3010 visum
3533 2959 3625 3010 est
3657 2953 3810 3011 nihil
3843 2953 3905 3012 in

501 3055 629 3114 hoc
664 3053 981 3113 volumine
1039 3049 1404 3124 desiderari,
1440 3051 1607 3127 quod
1642 3049 1896 3127 quidem
1957 3050 2171 3128 Cyrilli
2230 3068 2456 3110 nomen
2520 3055 2862 3129 pret‘erret,
2926 3051 3001 3110 iis
3059 3059 3266 3110 tamen
3302 3051 3600 3128 exceptis,
3638 3069 3904 3127 quorum

493 3159 702 3212 certus
734 3169 806 3210 ac
838 3158 1024 3208 notus
1065 3154 1158 3207 est
1218 3165 1466 3225 parens.
1530 3148 1680 3206 Post
1738 3166 1930 3225 opera
1988 3147 2205 3226 Cyrilli
2263 3148 2650 3208 diversarum
2713 3149 3052 3208 lectionum
3114 3149 3459 3206 indiculum
3496 3148 3900 3225 apponimus,

493 3249 724 3309 deinde
756 3247 1176 3307 dedicatorias
1208 3245 1493 3305 Grodecii
1525 3253 1585 3303 et
1619 3245 1889 3304 Ptevotii
1920 3245 2237 3324 epistolas,
2273 3247 2333 3304 in
2367 3247 2596 3325 quibus
2643 3247 2720 3306 de
2780 3248 3124 3306 editionum
3159 3265 3412 3305 suarum
3473 3246 3904 3304 instrumentis

489 3347 831 3407 disserunt.
868 3347 976 3405 His
1037 3343 1327 3402 addimus
1383 3342 1675 3402 Grodecii
1741 3343 1995 3402 brevem
2055 3344 2553 3403 dissertationem
2616 3346 2676 3404 in
2737 3345 2929 3402 vitam
2989 3351 3050 3403 et
3108 3343 3343 3421 scripta
3388 3343 3628 3420 Cyrilli,
3663 3341 3906 3402 Millesii

491 3445 928 3526 prefationem
964 3461 1104 3502 cum
1141 3441 1384 3502 selectis
1417 3443 1579 3500 notis
1613 3460 1626 3499 :
1663 3442 1722 3500 in
1760 3443 1854 3500 his
1902 3442 2196 3502 omnibus
2253 3443 2573 3502 communi
2629 3445 2974 3502 editionum
3037 3442 3477 3502 consuetudini
3508 3442 3903 3501 serviendum

487 3545 810 3604 duximus.
845 3541 1228 3620 Appendicis
1287 3540 1426 3598 loco
1485 3539 1816 3615 subjicitur
1845 3540 2182 3616 descriptio
2240 3541 2830 3618 Hierosolymitane
2889 3541 3133 3602 Sancte
3191 3543 3405 3602 Crucis
3463 3559 3568 3599 seu
3603 3545 3900 3601 Resurre-

490 3643 717 3704 ctionis
749 3641 1052 3708 ecclesie,
1089 3640 1148 3697 in
1184 3656 1310 3716 qua
1369 3636 1641 3715 Cyrillus
1699 3637 1940 3695 catecho
1964 3655 2060 3695 ses
2118 3640 2574 3715 pronuntiavit,
2636 3641 2942 3720 cujusque
2997 3648 3372 3699 ornamenta
3430 3658 3596 3716 sepe
3627 3656 3902 3697 comme-

492 3748 723 3800 morat.
784 3735 1312 3816 lchnograpbiam
1377 3735 1566 3812 bujus
1601 3735 1818 3812 templi
1877 3735 2180 3795 delineari
2239 3738 2475 3808 curavi,
2537 3737 2798 3815 ejusque
2832 3738 3159 3796 historiam
3223 3738 3394 3796 brevi
3451 3737 3734 3796 oratione
3771 3755 3904 3814 per-

486 3857 740 3916 sequor.
805 3840 1170 3913 Sequuntur
1227 3834 1352 3893 duo
1412 3834 1646 3892 indices
1705 3835 1947 3912 copiosi
2009 3853 2022 3895 :
2089 3835 2328 3912 primus
2385 3836 2724 3913 Scripture
2784 3836 3309 3902 tes:imoniorum,
3355 3835 3513 3894 alter
3573 3853 3778 3893 rerum
3841 3835 3903 3893 in

490 3937 727 4016 Cyrillo
760 3933 1293 4001 mtmoiabilium,
1329 3939 1461 3991 tum
1502 3935 1690 3991 etiam
1725 3951 1940 3990 earum
1977 3952 2117 4010 que
2179 3933 2364 4003 notis,
2426 3933 2824 4002 Prefatioue,
2887 3932 3435 3992 Dissertationibus
3475 3933 3898 3991 continentur.

485 4035 677 4099 Initio
727 4033 1085 4103 Voluminis,
1148 4043 1294 4090 ante
1328 4041 1604 4090 veterum
1667 4037 1729 4090 et
1785 4034 2208 4109 quorumdam
2270 4033 2687 4090 recentiorum
2748 4031 2825 4090 de
2885 4031 3113 4110 Lyriilo
3173 4032 3554 4098 testimonia,
3591 4031 3898 4106 tripliCem

490 4133 995 4193 dissertationem
1031 4123 1436 4189 instituimus.
1487 4130 1702 4189 Prima
1749 4139 1840 4188 est
1874 4129 1950 4186 de
1985 4129 2111 4188 vita
2144 4137 2201 4189 et
2237 4131 2422 4188 rebus
2453 4132 2643 4206 gestis
2673 4129 2910 4208 Cyrilli,
2945 4147 3102 4207 quas
3163 4148 3285 4188 non
3353 4128 3794 4204 perfunctorie,
3834 4134 3902 4186 ut

488 4230 850 4308 superiores
883 4228 1178 4298 editores,
1215 4229 1318 4284 sed
1353 4227 1681 4303 operOsius
1715 4226 2172 4305 persequimur,
2208 4227 2296 4286 ita
2328 4235 2397 4286 ut
2440 4228 2501 4286 in
2561 4227 2679 4286 hac
2713 4227 2988 4288 hi~torie
3023 4234 3196 4304 parte
3254 4225 3630 4286 illustranda
3660 4225 3901 4300 aliquid

495 4348 594 4389 me
623 4345 868 4406 sperem
906 4325 1262 4404 profecisse.
1299 4325 1444 4402 Agit
1475 4324 1602 4382 alia
1659 4324 1736 4383 de
1768 4324 2047 4400 ejusdem
2082 4325 2352 4403 scriptis,
2414 4344 2682 4404 quorum
2743 4325 2932 4385 index
2991 4325 3245 4396 texitur,
3307 4323 3558 4395 veritas,
3622 4321 3896 4398 antiqui-

486 4434 608 4490 tas.
643 4427 977 4502 integritas
1038 4423 1458 4488 vindirantnr.
1494 4441 1567 4482 ac
1624 4421 1701 4480 de
1763 4422 2172 4485 Catec/zesibus
2205 4424 2622 4500 potissimum,
2685 4443 2811 4503 quo
2847 4429 3128 4501 tempore
3160 4429 3221 4482 et
3251 4423 3389 4483 loco
3447 4420 3897 4500 pronuntiate,

486 4544 615 4605 qua
649 4524 908 4594 ratione,
950 4521 1248 4581 methodo
1306 4527 1366 4580 et
1425 4525 1588 4598 stylo
1620 4521 2007 4598 composite,
2073 4519 2436 4598 inquiritur.
2498 4521 2648 4592 Que
2682 4521 2758 4579 de
2815 4521 3027 4598 Cyrilli
3085 4520 3373 4580 doctrina
3431 4519 3734 4578 disserere
3767 4535 3891 4575 non

485 4624 668 4684 licuit
696 4623 759 4682 in
795 4621 980 4691 notis,
1016 4639 1090 4679 ea
1120 4621 1180 4678 in
1216 4620 1462 4678 tertiam
1505 4619 2006 4679 dissertationem
2069 4619 2478 4696 conjecimus.
2540 4621 2605 4679 ln
2668 4619 2886 4698 primis
2944 4619 3161 4696 Cyrilli
3218 4617 3527 4677 sententia
3558 4617 3634 4675 de
3665 4616 3893 4676 Christi

485 4729 551 4783 et
591 4722 860 4800 Spiritus
909 4718 1110 4779 sancti
1169 4717 1496 4777 divinitate
1555 4718 1956 4795 expenditur,
2017 4717 2416 4794 apertissima
2471 4718 2549 4778 de
2611 4718 2900 4779 Ecclesie
2960 4724 3021 4776 et
3080 4715 3435 4776 traditionis
3496 4716 3891 4791 auctoritate‘

483 4821 564 4880 de
626 4817 958 4897 presentia
1026 4815 1180 4875 reali
1248 4821 1310 4874 et
1386 4815 2058 4875 transubstantiatione
2147 4815 2504 4875 testimonia
2588 4815 2668 4874 ab
2701 4815 3142 4876 hereticorum
3202 4814 3708 4874 cavillationibus
3767 4811 3895 4870 \‘in-

485 4918 800 4977 dicantur.

567 5013 721 5075 XXI.
755 5009 1463 5087 Commemorandijam
1503 5009 1657 5070 mihi
1688 5017 1832 5069 sunt
1863 5010 1905 5069 ii
1964 5029 2231 5088 quorum
2294 5011 2622 5079 beneﬁcio,
2684 5027 2879 5086 opera
2938 5017 2998 5067 et
3029 5008 3286 5068 consi'io
3347 5008 3408 5066 in
3471 5008 3587 5068 hac
3619 5007 3892 5067 editione

485 5112 881 5181 adornanda,
948 5127 1096 5167 usus
1153 5126 1314 5166 sum.
1355 5107 1429 5167 Ut
1487 5108 1566 5165 ab
1597 5108 1826 5167 exteris
1888 5107 2248 5185 regionibus
2305 5107 2550 5167 initium
2612 5110 2862 5176 ducam,
2912 5107 3250 5183 plurimum
3313 5105 3508 5163 debeo
3539 5104 3896 5162 eminentis-

482 5211 646 5270 simo
679 5206 983 5268 cardinali
1016 5203 1337 5276 tittoboni,
1400 5203 1579 5282 cujus
1611 5205 1917 5263 ditissima
1952 5204 2355 5274 bibliotheca,
2392 5213 2459 5262 ut
2517 5221 2682 5281 sepe
2739 5202 2895 5263 alias
2954 5205 3275 5262 sodalibus
3337 5205 3583 5270 noslris,
3621 5206 3704 5259 ita
3741 5200 3893 5259 mihi

483 5309 567 5370 ad
625 5309 746 5368 hoc
804 5324 967 5385 opus
1028 5322 1256 5380 magno
1331 5303 1465 5362 usui
1554 5303 1814 5380 exstitit,
1903 5304 2150 5362 codices
2212 5321 2356 5362 mss.
2447 5309 2817 5382 explorante
2902 5304 2973 5362 D.
3064 5301 3358 5380 Philippo
3449 5302 3701 5366 Ratiier,
3785 5300 3891 5372 qui

484 5416 617 5468 tum
651 5413 782 5467 erat
817 5403 1094 5465 sodalizii
1130 5401 1324 5460 nostri
1356 5401 1416 5459 in
1453 5401 1627 5460 curia
1660 5402 1941 5459 Romana
2003 5409 2377 5479 procurator
2433 5401 2766 5478 generalis.
2819 5401 2988 5460 Idem
3026 5400 3374 5459 commodis
3409 5400 3558 5457 meis
3590 5406 3887 5466 attentus,

477 5525 513 5566 a
548 5506 916 5566 doctissimo
951 5501 1086 5560 viro
1119 5501 1190 5559 D.
1253 5499 1523 5559 Antonio
1583 5499 1786 5559 Maria
1845 5499 2083 5560 Salvini
2115 5501 2496 5578 impetravit,
2534 5509 2602 5558 ut
2661 5518 2774 5557 sua
2836 5500 2894 5557 in
2955 5498 3295 5556 editionem
3356 5495 3568 5573 Cyrilli
3599 5512 3699 5552 an.
3740 5496 3893 5552 1640

476 5603 714 5665 scholia
746 5623 872 5665 non
916 5617 1139 5679 parum
1177 5598 1329 5656 mihi
1364 5598 1693 5676 profutura
1741 5601 2135 5659 concederet.
2172 5600 2237 5658 ln
2305 5598 2420 5656 hac
2455 5600 2627 5666 urbe,
2691 5596 3085 5657 Bibliotheca
3146 5599 3365 5672 Regia.
3406 5607 3700 5668 magnum
3737 5587 3892 5644 illud.

473 5701 895 5766 litteratorum
961 5695 1344 5776 perfugium,
1409 5697 1855 5773 percommode
1916 5695 2068 5755 mihi
2130 5697 2357 5773 patuit,
2413 5703 2731 5754 annuente
2791 5693 3218 5752 illustrissimo
3269 5692 3498 5749 abbate
3536 5682 3799 5743 Camillo
3833 5682 3889 5738 le

470 5799 693 5863 Tellier
719 5804 800 5864 de
831 5794 1138 5870 Louvois,
1171 5792 1571 5854 bibliothecae
1608 5793 2028 5868 moderatore,
2072 5793 2450 5854 doctissimis
2511 5793 2678 5852 viris.
2716 5791 2788 5852 D.
2841 5795 2919 5849 de
2950 5791 3203 5866 Targny
3233 5794 3295 5846 et
3344 5788 3416 5844 D.
3473 5777 3693 5845 Boivin
3727 5791 3890 5830 sum-

3813 5887 3881 5935 θ,
