4094 6282
198 354 277 412 27
562 320 565 325 ’
1674 357 1774 417 pa
1787 357 2117 418 muro.
3527 356 3603 421 es

201 508 366 552 mam
402 492 858 555 humanitatem
891 490 1418 569 slgniﬁcantibus.
1453 492 1576 554 Sed
1634 489 1996 570 praesidium
2054 490 2241 568 longe
2284 492 2624 553 maximum
2658 494 2720 554 in
2770 494 3153 556 Coisliniana
3191 493 3602 556 constitutum

198 589 414 666 habui,
449 611 638 671 quam
673 590 1240 653 excellentissimus
1298 589 1597 651 Metensis
1626 589 1956 668 cpiscopus
1991 591 2111 649 DD.
2149 591 2454 650 Henricus
2485 591 2567 651 du
2623 593 2957 666 Cambout,
3018 592 3145 652 dux
3205 591 3283 651 de
3343 593 3598 661 (Zoislin,

199 706 313 765 pro
343 706 457 748 suo
495 689 801 768 singulari
858 689 919 748 in
968 708 1082 748 nos
1141 707 1376 760 amore,
1441 689 1888 747 asservandam
1946 686 2010 747 in
2043 686 2165 747 hoc
2216 687 2780 750 San-Germanensi
2842 689 3226 751 monasterio
3259 689 3600 767 deposuit:

198 783 254 844 ei
286 786 611 860 prafectus
667 791 854 845 antea
887 786 1091 845 fuerat
1156 787 1251 844 vir
1280 785 1431 845 clar.
1468 786 1539 844 D.
1601 784 1981 856 Blanchard,
2041 784 2264 844 doctor
2318 785 2723 855 Sorbonicus,
2767 807 2953 867 quem
3007 788 3251 847 facilem
3289 795 3350 847 et
3382 788 3606 849 huma-

198 900 351 941 num
379 891 673 959 expertus
701 902 862 942 sum.
901 883 1007 941 Vir
1036 882 1496 942 illustrissimus
1535 885 1607 943 D.
1666 882 1944 942 Joannes
1972 882 2246 954 Colbert,
2303 901 2513 943 comes
2546 885 2620 943 de
2682 885 3041 965 Seignelay,
3105 893 3320 945 notam
3379 885 3605 946 sodali-

198 978 315 1039 bus
374 982 603 1041 nostris
660 979 1133 1041 beneficentiam
1191 979 1347 1039 mihi
1403 998 1527 1040 non
1586 979 1858 1048 clausit;
1923 979 2187 1058 ejusque
2244 979 2644 1042 bibliotheca
2705 985 3035 1059 praefectus
3092 984 3163 1042 D.
3227 984 3309 1041 du
3362 982 3605 1043 Chesne

198 1085 530 1156 promptus
577 1079 657 1139 ab
717 1078 874 1138 bene
934 1082 1009 1138 de
1076 1098 1171 1138 me
1232 1081 1596 1140 merendum
1647 1078 1787 1139 fuit.
1854 1079 1995 1139 Pari
2059 1097 2156 1139 me
2218 1079 2609 1140 humanitate
2670 1081 3109 1159 impertierunt
3157 1081 3504 1142 doctissimi
3536 1085 3600 1143 S.

197 1177 527 1238 Genofeva
562 1176 1041 1237 bibliothecarii.
1109 1178 1289 1237 Viros
1346 1177 1406 1237 in
1460 1178 1578 1237 hac
1638 1178 1791 1237 urbe
1849 1176 2130 1237 eruditos
2193 1177 2625 1256 pratermitto,
2661 1179 2770 1258 qui
2803 1181 2881 1240 de
2933 1180 3118 1240 rebus
3147 1180 3432 1240 obscuris
3464 1199 3608 1240 con-

197 1274 428 1334 sulenti
460 1275 661 1335 lucem
696 1275 930 1353 ingenii
986 1275 1079 1335 sui
1114 1294 1238 1335 non
1270 1275 1652 1337 inviderunt.
1706 1277 1835 1349 Nec
1883 1274 2228 1336 domestica
2260 1275 2539 1335 subsidia
2595 1277 2849 1337 defuere
2903 1297 2917 1340 :
2984 1285 3053 1337 ut
3082 1296 3189 1337 eos
3220 1284 3461 1337 taceam
3496 1278 3608 1356 qui

197 1373 458 1433 consilio
481 1372 808 1451 juverunt,
845 1373 914 1431 D.
948 1374 1224 1435 Iacobus
1259 1376 1473 1451 Leger,
1536 1374 1687 1433 olim
1746 1373 2025 1433 sodalitii
2085 1373 2305 1444 nostri,
2370 1391 2534 1433 nunc
2593 1374 2959 1434 austerioris
2989 1374 3132 1435 vita
3164 1374 3370 1434 studio
3403 1379 3602 1453 Trap-

197 1469 407 1549 pensis
441 1470 805 1540 monachus,
844 1488 986 1529 cum
1018 1470 1322 1549 Cyrillum
1357 1471 1692 1531 vernacule
1724 1471 1985 1531 reddere
2042 1470 2431 1543 instituisset,
2496 1471 2602 1531 ubi
2634 1472 2876 1532 consilii
2938 1471 3059 1531 mei
3116 1472 3347 1531 certior
3404 1470 3605 1532 factus

198 1572 313 1637 est,
402 1567 665 1627 libenter
746 1568 1239 1628 communicavit
1296 1568 1603 1646 quidquid
1689 1586 1767 1629 ex
1836 1587 1981 1628 mss.
2059 1576 2479 1646 excerpserat,
2569 1576 2679 1628 aut
2752 1569 2813 1629 in
2873 1569 3180 1645 Cyrillum
3237 1569 3609 1630 observave-

197 1672 315 1723 rat.
357 1664 580 1726 Utilem
612 1683 871 1742 operam
905 1672 1215 1725 navarunt
1244 1666 1370 1726 duo
1427 1666 1534 1726 alii
1591 1666 1861 1738 sodales,
1922 1684 2193 1745 quorum
2227 1666 2388 1725 alter
2445 1667 2729 1727 arctioris
2762 1667 3078 1739 amicitia,
3139 1667 3299 1727 alter
3347 1666 3609 1728 fraterni

196 1761 523 1839 sanguinis
552 1762 802 1823 vinculo
859 1763 1432 1841 conjunctissimus.
1496 1766 1683 1825 Nunc
1740 1763 2041 1824 exorandi
2074 1762 2358 1833 lectores,
2425 1770 2515 1834 ut,
2574 1782 2718 1842 qua
2777 1764 3151 1844 incogitanti
3215 1764 3608 1837 exciderunt,

197 1866 308 1921 aut
340 1862 545 1921 minus
599 1864 928 1924 commode
976 1864 1302 1941 cogitanti,
1339 1863 1650 1942 patienter
1695 1869 2044 1936 excusent;
2096 1881 2170 1922 ac
2226 1863 2447 1923 saltem
2511 1863 2805 1925 Ecclesia
2864 1863 3195 1925 catholica
3225 1863 3607 1925 inserviendi

197 1958 497 2037 studium,
533 1978 659 2039 quo
715 1959 796 2019 ad
827 1960 947 2022 hoc
992 1980 1155 2041 opus
1187 1960 1655 2041 suscipiendum
1695 1961 2005 2022 adductus
2028 1979 2189 2035 sum,
2224 1961 2391 2042 aqui
2419 1962 2696 2042 bonique
2716 1964 3083 2023 consulant.

1851 2146 1932 2167 ω

282 2272 516 2333 Auctor
545 2270 729 2348 huius
755 2271 1039 2333 editionis
1065 2271 1381 2333 laudatur.
1420 2305 1493 2318 —-
1526 2271 1789 2332 Videtur
1818 2269 1921 2331 hic
1951 2269 2126 2331 locus
2165 2287 2298 2330 esse
2356 2269 2739 2331 admonendi
2794 2271 3068 2345 lectoris,
3129 2270 3433 2330 domuum
3469 2273 3601 2332 Au-

205 2361 522 2440 gustinum
558 2364 845 2429 'l‘outtée,
882 2360 1312 2440 presbyterum
1347 2368 1410 2421 et
1468 2359 1849 2421 monachum
1887 2359 2396 2437 congregationis
2447 2362 2511 2440 S_.
2564 2360 2792 2427 Mauri,
2832 2360 3021 2434 huius
3079 2377 3258 2420 nova
3315 2359 3610 2420 editionis

206 2456 553 2519 auctorem,
586 2467 726 2508 cum
750 2449 917 2528 typis
939 2450 1296 2509 mandasset
1318 2456 1518 2510 totum
1552 2451 1616 2509 S.
1643 2448 1858 2527 Cyrilli
1878 2455 2266 2517 contextum,
2292 2466 2365 2508 ac
2383 2449 2825 2508 Pratationem
2848 2455 2908 2508 et
2935 2447 3413 2507 Dissertationes
3439 2449 3611 2525 prelo

203 2537 589 2617 parassetjn
611 2537 987 2597 hoclaboris
1005 2537 1268 2597 decursu
1293 2538 1542 2598 obiisse.
1568 2538 1762 2597 Natus
1805 2544 1942 2597 erat
1968 2537 2288 2614 Ricomagi
2314 2537 2462 2596 Idib.
2498 2538 2791 2597 Decemb.
2842 2556 2945 2597 an.
2978 2541 3150 2606 1677,
3175 2554 3251 2596 ex
3306 2544 3480 2611 patre
3524 2537 3613 2597 fo-

205 2626 369 2686 rensi
402 2626 676 2702 eloquio,
707 2625 870 2703 juris
899 2625 1097 2684 civilis
1128 2626 1408 2693 scientia,
1446 2643 1690 2685 morum
1728 2627 2040 2702 probitate
2069 2633 2374 2703 spectato.
2409 2626 2684 2687 Peractis
2705 2626 2954 2703 egregie
2976 2625 3142 2703 apud
3163 2626 3445 2686 eruditos
3462 2629 3621 2687 Ora-

204 2713 351 2773 torii
380 2713 737 2772 sacerdotes
770 2712 869 2772 litt
890 2731 1120 2772 irarum
1158 2714 1625 2773 humaniorum.
1652 2713 2069 2790 philosophia
2101 2720 2159 2772 et
2184 2714 2518 2791 theologia
2549 2715 2792 2784 studiis,
2823 2713 3232 2773 monasticam
3261 2715 3449 2774 vitam
3486 2733 3614 2772 am-

209 2802 433 2880 plexus
454 2808 569 2873 est,
603 2820 795 2879 seque
825 2802 981 2861 votis
1013 2802 1400 2862 solemnibus
1428 2802 1765 2863 obstrinxit
1795 2804 1856 2861 in
1892 2801 2271 2861 monasterio
2309 2802 2772 2867 Vindoriuensi.
2835 2818 2894 2861 iv
2925 2804 3034 2862 Kal
3088 2804 3251 2862 Nov.
3288 2821 3391 2862 an.
3428 2803 3607 2862 1698.

213 2893 363 2951 Post
393 2895 688 2949 navatam
722 2891 947 2950 iterum
987 2891 1169 2951 rebus
1200 2892 1571 2968 theologicis
1600 2909 1880 2969 operam.
1920 2890 2245 2968 presbyter
2275 2909 2485 2949 mense
2517 2890 2843 2951 Decemin
2868 2910 2971 2949 an.
3004 2892 3156 2951 1702
3174 2898 3440 2961 creatus,
3470 2890 3606 2968 phi-

202 2978 554 3057 losophiam
589 2978 769 3038 annis
799 2979 1066 3051 duobus,
1106 2980 1305 3040 tribus
1341 2980 1726 3058 theologiam
1770 2979 1831 3038 in
1869 2979 2249 3040 monasterio
2309 2979 2688 3039 Floriacensi
2722 2980 2935 3039 docuit
2971 2999 2983 3040 :
3019 2979 3188 3057 quod
3225 2998 3450 3038 munus
3483 2997 3612 3038 ma-

202 3087 327 3147 gna
358 3087 500 3129 cum
537 3068 721 3129 laude
755 3070 1004 3147 pietatis
1032 3081 1089 3129 et
1123 3069 1492 3131 eruditionis
1517 3071 1904 3148 perfunctus.
1942 3069 2002 3127 in
2040 3071 2485 3128 monasterium
2515 3068 2576 3129 S.
2604 3068 2880 3144 Dionysii
2915 3074 3257 3127 accersitur
3287 3087 3389 3126 an.
3428 3070 3608 3141 1³708,

204 3158 308 3217 ubi
344 3159 656 3219 saniorem
692 3158 1078 3234 theologiam
1117 3177 1226 3236 per
1254 3178 1454 3219 annos
1485 3166 1761 3237 quatuor
1794 3157 2073 3235 proﬁteri
2109 3159 2402 3234 perrexit.
2437 3158 2610 3217 Hanc
2641 3164 2850 3217 autem
2885 3157 3151 3217 docendi
3187 3157 3348 3215 viam
3385 3174 3608 3235 seque-

204 3245 415 3317 batur,
452 3254 541 3316 ut,
579 3246 780 3305 missis
811 3247 1205 3307 scholastica
1236 3247 1450 3324 spinis.
1487 3247 1637 3324 quid
1670 3247 1867 3306 sancti
1900 3249 2116 3307 Patres
2148 3247 2483 3306 sensissent
2545 3247 2724 3305 unice
2756 3258 3025 3315 curaret,
3061 3253 3249 3322 atque
3280 3264 3357 3305 ex
3389 3262 3607 3304 eorum

203 3334 399 3403 libris,
436 3355 595 3412 quos
630 3347 936 3394 nocturna
968 3334 1319 3414 diurnuque
1355 3354 1540 3394 manu
1578 3340 1886 3407 versabat,
1924 3352 2177 3393 omnem
2211 3334 2492 3395 dictandi
2527 3336 2851 3394 materiam
2884 3342 3335 3412 comportarat.
3372 3337 3497 3395 Hos
3527 3336 3604 3395 ad

212 3443 355 3483 usus
387 3424 734 3483 litterarum
767 3427 1129 3485 Gracarum
1164 3424 1524 3501 prasidium
1560 3423 1674 3484 sibi
1713 3431 2063 3499 paraverat,
2098 3424 2158 3482 in
2193 3423 2424 3500 quibus
2471 3424 2556 3483 ita
2588 3424 2891 3483 contritus
2950 3423 3086 3491 fait,
3126 3432 3190 3482 ut
3223 3442 3363 3483 cum
3401 3424 3611 3483 excel-

206 3511 481 3571 lentibus
512 3512 571 3569 in
610 3511 727 3571 hoc
761 3529 985 3585 genere
1016 3513 1371 3589 comparari
1409 3520 1636 3589 posset.
1672 3514 1775 3572 Sic
1807 3512 2150 3571 instruvtus
2207 3519 2269 3571 et
2303 3512 2579 3572 munitus
2637 3511 2717 3571 ad
2777 3531 3002 3572 novam
3037 3512 3374 3572 editionem
3409 3516 3471 3572 S.
3500 3514 3616 3592 Cy-

208 3600 332 3660 rilli
365 3600 797 3658 adnrnandam
832 3601 1112 3677 accessit,
1148 3601 1558 3661 suadentibus
1591 3601 1833 3669 amicis,
1871 3601 2637 3678 prapositisjuhentihns.
2672 3600 2843 3677 Opus
2875 3602 3193 3677 inceptum
3220 3603 3278 3660 in
3312 3610 3614 3661 monaste-

210 3690 304 3751 rio
335 3690 400 3750 S.
438 3688 738 3766 Dionysii,
775 3689 1046 3748 absolvit
1077 3690 1135 3748 in
1169 3690 1759 3761 San'Germanensi,
1798 3694 1952 3752 Luto
1989 3692 2109 3750 iam
2159 3699 2418 3750 vocatus
2448 3710 2548 3750 an.
2618 3692 2794 3749 1712.
2858 3693 3075 3750 Utrum
3113 3690 3409 3747 eximiam
3448 3690 3613 3750 hunc

210 3778 578 3855 scriptorem
615 3787 903 3837 accurate
933 3778 1382 3856 interpretatus
1407 3782 1508 3843 sit.
1544 3780 1876 3839 commode
1909 3780 2359 3839 emendaverit.
2392 3780 2799 3839 illustraverit
2848 3798 2953 3837 eru
2989 3778 3109 3849 uite,
3175 3779 3425 3855 publico
3451 3779 3616 3855 judi-

213 3869 309 3929 cio
340 3867 528 3927 statui
565 3868 751 3936 mnlu,
788 3886 974 3943 quem
1014 3886 1149 3926 mea
1186 3866 1654 3945 ptadicatione.
1700 3870 1969 3927 Tantum
2004 3870 2229 3931 dicam.
2268 3872 2433 3945 quod
2486 3869 2695 3946 argnti
2745 3866 2998 3943 judices
3028 3868 3177 3926 satis
3213 3869 3611 3946 perspicient,

212 3957 348 4033 ejus
380 3963 559 4017 notas
590 3965 647 4016 et
682 3957 1150 4017 dissertationes
1185 3976 1306 4017 non
1341 3977 1414 4017 ex
1453 3958 1676 4018 alienis
1710 3958 2016 4017 mn-ssibns
2047 3958 2393 4033 decerptas.
2453 3957 2560 4015 sed
2594 3977 2666 4015 ex
2729 3956 3048 4016 diti~simis
3106 3958 3477 4016 adVer-ariis
3507 3961 3612 4018 de-

213 4052 562 4127 promptae,
598 4063 741 4121 qua
772 4046 904 4122 ipse
933 4047 1051 4105 sibi
1084 4047 1382 4107 omnibus
1421 4047 1704 4106 Patribus
1735 4054 1795 4104 et
1827 4045 2110 4106 conciliis
2140 4046 2360 4103 ordine
2396 4045 2672 4121 legendis
2707 4057 3055 4120 pepererat.
3112 4050 3421 4107 Auctores
3455 4067 3616 4105 nou-

213 4135 373 4195 nulli
406 4136 672 4200 fuerant,
712 4144 776 4192 ut
808 4135 867 4193 iu
906 4136 1067 4193 notis
1097 4136 1490 4212 apponendis
1524 4153 1749 4212 parcus
1780 4143 1949 4193 esset
1979 4140 2042 4193 et
2075 4133 2302 4201 tenuis,
2339 4134 2444 4193 alii
2478 4133 2791 4192 dehortati
2837 4133 3219 4193 nelectorem
3254 4135 3416 4212 aptis
3446 4138 3523 4194 ad
3556 4137 3619 4197 S.

209 4224 412 4286 Patris
444 4230 833 4293 contextum,
871 4223 950 4280 ad
985 4224 1217 4298 dOgma
1246 4232 1306 4282 et
1339 4225 1737 4299 disciplinam
1768 4222 2317 4282 observationibus
2349 4221 2775 4282 defraudaret.
2823 4222 3049 4283 Maluit
3084 4225 3423 4284 multorum
3462 4223 3621 4282 utili-

211 4316 327 4376 tati
359 4314 591 4373 servire
622 4330 809 4392 qnam
839 4329 1182 4388 paucorum
1223 4314 1472 4371 fastidia
1504 4312 1743 4383 fugere.

293 4408 449 4481 Spes
480 4400 821 4476 aﬂulgebat
860 4400 1175 4458 hominem
1215 4400 1395 4459 firma
1428 4401 1805 4465 valetudine,
1869 4405 2054 4462 atate
2085 4399 2356 4467 ﬂorenti.
2419 4400 2773 4460 eruditione
2829 4419 2950 4458 non
2989 4401 3384 4478 quotidiana,
3421 4400 3621 4462 multa

217 4491 456 4572 ingenii
484 4489 581 4549 sui
614 4484 1025 4547 monumenta
1058 4489 1422 4548 relicturum
1462 4509 1475 4561 ;
1510 4490 1616 4547 sed
1650 4506 1793 4566 qua
1829 4488 2091 4567 legendo
2124 4496 2184 4548 et
2218 4489 2580 4549 meditando
2630 4500 3136 4566 comparaverat.
3172 4508 3269 4563 ea,
3329 4491 3379 4549 si
3416 4490 3621 4548 minus

222 4586 298 4644 ad
332 4583 728 4657 exspectatos
758 4578 895 4654 ejus
927 4577 1213 4636 laborum
1252 4579 1512 4649 fructus,
1534 4577 1653 4655 ipsi
1682 4585 1850 4637 certe
1874 4578 1950 4637 ad
1989 4579 2175 4639 vitam
2202 4579 2656 4638 sanctissimam
2690 4584 2753 4638 et
2777 4580 3322 4656 praclarissimam
3361 4586 3623 4639 mortem

222 4670 618 4753 profuerunt.
659 4667 806 4739 Ejus
836 4668 1002 4725 enim
1036 4667 1390 4726 studiorum
1443 4666 1622 4726 labor
1654 4666 1804 4726 nihil
1837 4666 2007 4727 aliud
2070 4667 2314 4739 habuit,
2350 4668 2467 4726 nisi
2530 4668 2996 4728 meditationem
3033 4669 3261 4729 Christi
3291 4669 3575 4729 crucitixi
3608 4689 3624 4744 ;

221 4767 393 4822 totus
423 4758 485 4816 in
519 4758 630 4815 SS.
678 4757 799 4816 PP.
829 4755 1211 4820 evolvendis,
1238 4772 1361 4814 non
1391 4756 1593 4815 solum
1625 4773 1840 4814 eorum
1875 4756 1951 4815 de
1981 4757 2279 4834 dogmate
2305 4756 2679 4817 sententiam
2732 4762 2959 4817 nostra
2982 4758 3446 4818 Catholicomm
3484 4775 3626 4834 per-

220 4848 511 4916 similem,
542 4843 650 4903 sed
683 4844 870 4902 etiam
910 4842 1229 4921 religionis
1260 4844 1466 4902 studia
1491 4844 1717 4903 nostris
1747 4845 1989 4920 majora
2035 4844 2450 4922 perspiciebat
2483 4862 2497 4916 ;
2536 4864 2658 4904 non
2692 4847 2893 4905 solum
2956 4849 3258 4921 praclare
3289 4847 3455 4906 dicta
3507 4846 3628 4904 cnl-

220 4936 479 5015 ligebat,
513 4934 619 4993 sed
653 4933 840 4990 etiam
864 4930 1048 4990 fidem
1083 4940 1146 4991 et
1172 4932 1548 4992 charitatem
1582 4934 1790 4991 adhuc
1830 4934 1889 4992 in
1922 4932 2020 4993 his
2053 4934 2227 4994 libris
2275 4935 2644 5010 spirantem.
2683 4936 2788 4994 His
2818 4935 2879 4993 in
2914 4935 3190 4994 fontibus
3221 4935 3521 4993 eximium
3546 4934 3622 4993 il-

221 5029 351 5089 lum
385 5039 665 5083 amorem
703 5021 983 5081 veritatis
1015 5021 1333 5090 hauserat,
1370 5039 1557 5100 quem
1595 5029 1686 5081 tot
1718 5022 1902 5081 rebus
1933 5022 2277 5082 declaravit
2310 5043 2326 5100 ;
2365 5042 2477 5083 nec
2530 5046 2541 5093 ι
2573 5041 2718 5082 rave
2752 5024 2992 5101 pudens
3036 5023 3096 5081 in
3126 5042 3199 5083 ea
3233 5024 3626 5099 amplecten-

223 5117 326 5187 da,
356 5130 469 5171 nec
498 5111 559 5169 in
593 5110 988 5169 defendenda
1012 5110 1289 5177 timidus.
1317 5111 1579 5171 libenter
1600 5111 1945 5170 emendans
1976 5111 2024 5170 si
2048 5112 2196 5190 quid
2232 5120 2500 5172 errasset
2526 5113 2915 5190 imprudens,
2946 5113 3302 5190 patronisui
3328 5113 3632 5172 doctrina

223 5202 542 5265 liberrime
577 5200 826 5259 afﬁxus.
869 5198 1048 5257 Haud
1083 5199 1345 5258 verebor
1399 5200 1617 5259 iisdem
1662 5198 1883 5258 studiis
1941 5208 2267 5277 acceptum
2304 5201 2554 5270 referre,
2590 5201 2757 5277 quod
2816 5201 2893 5260 de
2942 5204 3288 5260 monastico
3322 5202 3631 5272 instituto,

227 5311 300 5353 ac
322 5292 397 5349 de
429 5287 866 5348 ecclesiasticis
897 5287 1224 5364 praceptis
1254 5294 1316 5346 et
1341 5288 1736 5348 documentis
1768 5296 1892 5346 tam
1931 5289 2263 5371 magniﬁce
2296 5290 2624 5361 sentiebat,
2654 5288 2962 5366 imprimis
2991 5308 3137 5348 Vero
3161 5296 3235 5348 ite
3259 5290 3392 5367 ipsa
3427 5290 3636 5350 Eccle-

221 5382 315 5442 sia
346 5376 685 5445 catholica,
723 5378 904 5451 cujus
937 5393 1126 5434 causa
1148 5377 1445 5453 cupiebat
1478 5378 1758 5436 mirifice.
1794 5377 2039 5436 Nemini
2073 5378 2354 5454 profecto
2383 5378 2792 5445 concedebat,
2823 5378 2930 5456 qui
2964 5379 3104 5455 plus
3135 5379 3372 5439 doloris
3391 5397 3466 5437 ex
3498 5377 3635 5455 ejus

223 5462 412 5522 rebus
443 5458 720 5517 adv»-rsis
749 5457 1097 5534 colligeret,
1125 5475 1197 5515 ac
1234 5459 1455 5533 majori
1482 5458 1702 5517 latitia
1731 5457 1791 5515 in
1849 5459 2164 5535 prosperis
2194 5458 2521 5518 efferretur
2553 5476 2568 5530 ;
2604 5466 2828 5519 etcum
2880 5458 3067 5536 longa
3129 5460 3503 5536 agritudine
3551 5457 3629 5517 ad

227 5568 447 5612 omnes
480 5549 619 5608 vita
651 5555 909 5607 eventus
943 5547 1401 5624 percalluisset,
1440 5548 1573 5608 hac
1598 5565 1724 5607 una
1746 5564 1843 5606 res
1865 5564 2006 5605 eum
2044 5549 2387 5619 recreabat,
2415 5546 2464 5607 si
2496 5547 2650 5625 quid
2681 5546 2971 5608 Ecclesia
2992 5548 3072 5607 ad
3119 5565 3295 5626 spem
3337 5546 3636 5626 paciﬁca-

228 5640 442 5709 tionis,
480 5636 726 5697 veritati
750 5637 827 5694 ad
862 5635 1254 5714 triumphum
1285 5637 1623 5698 accessisse
1660 5634 2078 5696 nuntiaretur.

306 5729 446 5791 Jam
481 5735 604 5788 tres
627 5726 756 5785 fere
786 5725 935 5785 anni
964 5732 1113 5785 sunt
1141 5724 1285 5804 ipsi,
1322 5744 1466 5787 cum
1501 5744 1643 5785 eum
1680 5724 1868 5785 tussis
1892 5723 2407 5801 perincommoda
2440 5730 2816 5785 tentaverat.
2870 5723 3033 5785 Male
3059 5731 3280 5785 curata
3311 5723 3651 5785 vellicabat

223 5817 564 5885 interdum.
598 5814 722 5877 Sed
752 5833 856 5888 an,
895 5817 1044 5876 1716
1067 5821 1357 5891 exeunte,
1392 5817 1478 5876 sic
1506 5814 1736 5876 insedit
1772 5813 2013 5894 pectori
2043 5822 2110 5875 ut
2167 5815 2490 5894 sanguinis
2538 5813 2847 5877 vomitum
2904 5833 3031 5877 non
3083 5815 3277 5877 semel
3314 5814 3650 5884 exciverit.
