4090 6268
305 329 374 390 33
1714 323 1979 386 DISSEF

2092 322 2238 386 .TlO
2281 327 2329 387 Ι.
3649 335 3730 396 34

306 458 636 533 Epiphanio
664 457 887 531 aequali
904 463 963 513 et
984 456 1248 530 ejusdem
1262 457 1579 530 provincia:
1601 460 1829 514 auctori
1844 473 1964 513 cre-
1993 458 2043 523 Α
2078 455 2319 525 lendam
2337 459 2388 531 ej
2400 476 2467 515 us
2489 460 2652 530 Vitas,
2677 461 2725 515 si
2751 461 2990 532 quidem
3018 462 3091 518 ab
3112 479 3181 518 eo
3208 464 3428 536 scripta
3443 466 3534 524 sit.
3538 467 3728 539 jactu-

314 550 506 605 dimus
537 551 640 619 (1),
683 565 719 604 a
750 549 971 620 Cyrillo
1003 548 1119 603 alio
1146 548 1531 619 competitore
1560 564 1688 604 suo.
1725 554 1783 602 et
1814 547 1975 603 sedis
2082 561 2231 601 ram.
2266 548 2399 602 Cum
2427 548 2679 619 legissent
2708 551 3069 606 Bollandistae
3118 554 3175 607 in
3216 555 3439 623 publico
3487 557 3730 626 quodam

314 638 580 709 ejusdem
612 644 753 709 post
782 636 985 708 Cyrilli
1018 637 1204 692 nostri
1237 638 1778 693 exauctorationem
1810 637 1970 692 invao

318 743 487 793 sore;
521 742 871 797 quanquam
904 743 1024 781 non
1053 726 1271 781 desunt
1300 726 1399 797 qui
1434 726 1832 798 Epiphanium
1864 742 1974 797 pu-

316 820 444 871 tent
473 816 761 887 Cyrillum
795 814 1074 871 eumdem
1102 814 1163 869 in
1206 815 1356 870 duos
1404 815 1559 869 male
1603 814 1969 881 distraxisse,

321 921 447 976 quas
478 921 572 959 res
605 921 639 960 a
671 904 850 959 nobis
883 921 988 958 suo
1021 903 1150 959 loco
1174 904 1327 975 (cap.
1359 904 1411 965 8,
1436 920 1476 957 n
1519 905 1605 973 48)
1629 902 1972 975 diligentius

320 994 716 1067 indagabitur.
743 994 943 1049 Alium
967 1000 1259 1049 memorat
1278 993 1437 1049 idem
1460 992 1827 1064 Epiphanius
1850 992 1970 1047 has-

320 1084 432 1140 resi
462 1100 660 1147 1.11m,
690 1100 751 1137 n.
779 1085 866 1137 37.
889 1083 1175 1155 Cyrillum
1215 1083 1538 1146 seniorem,
1570 1078 1850 1154 Κυρίλλου
1876 1082 1972 1132 τοῦ

318 1170 596 1246 γέροντος,
622 1188 805 1243 quem
825 1172 897 1227 ab
915 1172 1199 1243 Eutychio
1221 1170 1810 1243 Eleutheropolitano
1835 1186 1973 1242 per-

320 1269 495 1337 petuo
528 1263 735 1335 Cyrilli
766 1263 957 1318 nostri
997 1262 1240 1317 inimico
1271 1262 1334 1317 in
1364 1261 1747 1317 Caesariensis
1770 1259 1973 1315 Eccle—

323 1353 423 1409 sim
454 1353 593 1409 sede
617 1353 977 1409 collocatum
1000 1355 1199 1409 refert.
1227 1354 1398 1425 pulso
1418 1352 1556 1408 inde
1598 1351 1972 1418 Philumena,

327 1457 502 1512 quem
532 1441 790 1514 Cyrillus
822 1447 1026 1497 noster
1054 1443 1108 1496 ei
1140 1441 1266 1497 sedi
1299 1441 1664 1513 praefecerat,
1706 1440 1806 1511 qui
1841 1439 1971 1510 qui-

329 1530 462 1585 dem
487 1530 743 1602 Cyrillus
765 1530 969 1585 senior
989 1547 1112 1585 non
1133 1531 1219 1585 ita
1247 1530 1434 1584 multo
1462 1534 1596 1601 post
1624 1529 1752 1584 loco
1778 1534 1974 1583 motus

327 1624 444 1685 est,
477 1621 719 1690 ejusque
751 1620 813 1673 in
844 1619 1040 1674 locum
1074 1618 1653 1690 constituitCyrillus
1676 1618 1973 1674 Gelasium

332 1708 555 1763 sororis
586 1725 701 1762 sua:
728 1708 941 1762 tilium.
978 1709 1093 1763 Cur
1121 1708 1224 1762 ille
1254 1708 1510 1779 Cyrillus
1542 1708 1742 1763 senior
1771 1706 1971 1779 appel-

2080 638 2465 704 inslrumento,
2499 641 2573 694 ad
2600 655 2653 694 se
2708 642 3045 696 Interamna
3079 643 3137 695 in
3183 642 3356 697 Italia
3400 646 3581 711 misso,
3622 648 3726 700 Pe-

2083 731 2231 779 trum
2258 726 2566 782 Antonium
2621 730 2892 791 Nardum.
2950 731 3415 787 Interamnensem
3461 735 3630 788 civem
3680 741 3735 789 et

2081 814 2412 870 cathedralis
2441 816 2675 873 ecclesiae
2699 821 2970 889 priorem,
3026 835 3175 874 anno
3226 821 3363 874 1474
3412 829 3739 878 commenta-

2077 905 2188 958 rios
2216 920 2402 959 rerum
2429 912 2706 975 gestarum
2749 924 2873 962 cum
2932 908 3173 963 aliorum
3227 915 3565 978 sanctorum,
3619 918 3733 967 tum

2079 992 2142 1048 B.
2178 992 2375 1063 Cyrilli
2411 997 2545 1051 civis
2590 998 3022 1053 Interamnensis
3079 1000 3323 1069 episcopi
3368 1001 3732 1068 Hierusalem,

2079 1081 2298 1147 injuria
2329 1088 2631 1154 temporum
2658 1085 2999 1141 oblitteratos
3028 1092 3081 1141 et
3108 1089 3227 1155 fere
3256 1090 3409 1142 omni
3430 1095 3595 1159 parte
3624 1090 3729 1145 ob-

2081 1167 2224 1235 litos,
2256 1186 2357 1226 sua
2387 1171 2687 1242 diligentia
2714 1180 2767 1229 et
2796 1177 3045 1245 impensa
3066 1192 3174 1246 per
3203 1182 3380 1231 totum
3406 1180 3522 1246 fere
3544 1179 3728 1235 orbem

2080 1261 2353 1327 quaesitos.
2386 1265 2659 1319 memoriae
2681 1266 3027 1334 posteritatis
3065 1265 3361 1321 tradendos
3411 1269 3685 1323 curavisse
3704 1289 3727 1336 ,-

2082 1362 2190 1417 quo
2230 1350 2531 1406 immatura
2577 1359 2749 1407 morte
2805 1354 3043 1421 sublato,
3102 1355 3327 1409 Petrum
3370 1356 3724 1412 Franciscu-m

2080 1444 2334 1506 nepotem
2364 1456 2428 1493 ea
2456 1440 2727 1508 edidisse;
2760 1443 2953 1497 statim
2984 1443 3223 1499 codicem
3275 1443 3385 1499 sibi
3412 1446 3733 1501 Interamna

2081 1526 2228 1579 mitti
2244 1536 2596 1596 rogaverunt.
2619 1530 2728 1585 Sed
2746 1531 2980 1586 mortuis
3000 1534 3069 1586 iis
3092 1533 3152 1586 in
3198 1548 3433 1603 quorum
3458 1540 3734 1603 potestate

2082 1612 2263 1669 dictus
2283 1616 2457 1671 codex
2487 1623 2615 1672 tunc
2642 1620 2778 1687 fuit,
2811 1635 3126 1690 responsum
3156 1627 3233 1676 est
3260 1624 3451 1691 quovis
3482 1622 3731 1678 adhibito

2081 1705 2261 1758 studio
2291 1705 2437 1760 nihil
2458 1709 2701 1776 potuisse
2742 1710 2996 1777 reperiri.
3042 1710 3176 1764 Hazc
3226 1710 3604 1765 Bollandistaa
3660 1711 3734 1767 ad

324 1795 653 1861 letur,num
671 1798 1211 1869 propterCyrillum
1228 1796 1975 1868 aliumjunioremnescire
2011 1807 2053 1871 Β
2085 1790 2240 1847 diem
2279 1794 2344 1847 18
2376 1795 2588 1857 Martii,
2624 1812 2790 1851 num.
2823 1798 2912 1849 40.
2947 1797 3155 1851 Mirum
3188 1814 3331 1853 sane
3363 1804 3422 1853 et
3449 1799 3527 1854 ad
3557 1800 3728 1854 illum

328 1902 421 1942 me
452 1886 661 1942 fateor.
698 1890 780 1942 Ac
809 1886 979 1942 valde
1006 1886 1344 1957 suspicarer
1369 1885 1643 1941 eumdem
1677 1901 1807 1941 esse
1838 1900 1976 1940 cum

331 1975 886 2048 Hierosolymitanas
937 1976 1093 2031 sedis
1122 1977 1413 2043 invasore,
1449 1976 1550 2046 qui
1579 1974 1650 2030 ab
1690 1974 1978 2046 Eutychio

329 2064 564 2135 utrique
597 2064 877 2120 Ecclesia;
908 2064 1257 2120 Caesariensi
1295 2071 1353 2120 et
1400 2064 1978 2136 Hierosolymitanm,

330 2167 464 2207 cum
488 2152 561 2208 ab
589 2153 778 2209 altera
798 2153 1072 2209 exclusus
1103 2159 1282 2216 esset,
1307 2153 1624 2225 impositus
1656 2153 1751 2208 sit.
1782 2153 1836 2207 S.
1871 2153 1976 2207 Ba-

334 2240 505 2296 silius
535 2243 707 2314 epist.
744 2244 867 2303 187.
898 2258 1011 2315 pag
1065 2243 1190 2310 202,
1240 2241 1444 2315 Cyrilli
1496 2241 1807 2313 cujusdam
1854 2240 1980 2312 epi-

337 2331 497 2402 scopi
528 2331 619 2386 vel
652 2331 983 2386 Satalorum
1015 2330 1105 2386 vel
1133 2347 1318 2403 prope
1349 2331 1545 2387 Satala
1592 2330 1655 2386 in
1698 2329 1981 2386 Armenia

335 2420 630 2487 meminit,
664 2420 765 2490 qui
798 2436 934 2475 cum
967 2419 1039 2475 ab
1073 2420 1333 2476 inimicis
1376 2421 1735 2476 calumniam
1769 2434 1980 2490 passus

338 2515 511 2575 esset,
544 2508 915 2565 Satalensem
944 2510 1230 2581 populum
1261 2527 1295 2566 a
1326 2509 1525 2581 sua[l[
1555 2508 1977 2564 communione

335 2596 605 2670 refugere
635 2597 849 2653 dolens
880 2598 1043 2660 vidit,
1076 2597 1449 2670 deprehensa
1470 2614 1504 2653 a
1524 2596 1739 2653 Basilio
1762 2597 1982 2653 calum-

334 2687 455 2754 nia,
492 2686 567 2742 de
597 2704 717 2758 qua
746 2693 1017 2743 auctores
1035 2687 1147 2759 ipsi
1163 2687 1419 2743 confessi
1446 2693 1605 2743 sunt.
1630 2686 1795 2742 Idem
1816 2685 1979 2741 vide—

335 2779 432 2829 tur
454 2775 714 2847 Cyrillus
745 2792 897 2843 esse,
922 2775 993 2831 de
1018 2792 1133 2848 quo
1160 2776 1410 2831 Basilius
1431 2776 1491 2830 in
1514 2775 1701 2832 altera
1727 2774 1981 2847 epistola

336 2861 621 2935 loquitur,
656 2866 811 2936 epist
865 2866 954 2932 58,
985 2881 1113 2937 pag.
1148 2867 1237 2932 86,
1292 2866 1460 2937 cujus
1501 2866 1565 2920 in
1612 2865 1808 2920 locum
1843 2879 1979 2920 cum

335 2953 655 3008 Anthimus
686 2955 941 3009 alterum
991 2956 1354 3026 episcopum,
1413 2971 1627 3026 nempe
1676 2954 1978 3019 Faustum,

338 3042 693 3109 ordinasset,
726 3049 850 3098 tota
885 3042 1279 3099 seditionibus
1308 3043 1547 3116 oppleta
1568 3049 1658 3099 est
1677 3043 1976 3098 Armenia.

2088 1879 2245 1936 diem
2262 1881 2599 1938 inauditum
2617 1884 2774 1954 quod
2788 1884 3042 1956 Cyrillus
3059 1886 3630 1958 Hierosolymitanus
3642 1890 3732 1944 In-

2089 1974 2443 2027 teramnensis
2467 1972 2591 2044 [lil]
2623 1973 2766 2028 civis
2795 1973 2978 2029 fuisse
3010 1973 3278 2030 dicatur:
3313 1992 3381 2031 ac
3412 1977 3501 2031 vel
3532 1993 3603 2032 ex
3629 1977 3734 2033 illa

2091 2059 2216 2114 sola
2246 2077 2331 2123 re,
2365 2076 2543 2132 quam
2600 2078 2814 2134 parum
2871 2065 3440 2120 commentariorum
3488 2066 3734 2121 illorum

2090 2147 2349 2205 dolenda
2380 2149 2457 2204 sit
2487 2150 2660 2206 nobis
2681 2152 2940 2223 jactura,
2973 2153 3117 2207 satis
3149 2151 3504 2209 declaratur.

2158 2239 2212 2294 4.
2239 2239 2353 2293 nes
2386 2239 2564 2308 igitur
2592 2246 2787 2312 gestas
2809 2240 2864 2295 s.
2889 2241 3091 2314 Cyrilli
3125 2258 3195 2297 ex
3221 2243 3350 2314 ejus
3382 2230 3638 2316 scriptis,
3674 2250 3732 2300 et

2089 2341 2159 2381 ex
2180 2326 2442 2381 historias
2464 2327 2757 2400 generalis
2773 2329 3116 2385 auctoribus
3136 2330 3334 2404 colligi
3356 2347 3599 2387 necesse
3618 2338 3728 2389 est.

2090 2414 2201 2470 Sed
2230 2414 2302 2470 de
2335 2432 2396 2470 se
2424 2415 2678 2486 Cyrillus
2710 2417 2950 2488 scripsit
2978 2434 3167 2490 pauca
3190 2435 3204 2486 ;
3233 2420 3553 2490 omniaque
3575 2421 3727 2493 ejus,

2089 2520 2229 2574 quae
2252 2503 2541 2559 habemus
2572 2506 2811 2576 scripta,
2845 2506 3220 2577 episcopatus
3242 2506 3404 2563 illius
3427 2508 3596 2563 initio
3619 2514 3733 2564 ter-

2086 2592 2582 2648 minantur.Inter
2609 2594 2871 2665 aequales
2888 2595 3106 2667 Cyrillo
3129 2596 3466 2667 scriptores.
3493 2613 3612 2652 non
3633 2614 3726 2654 sa-

2088 2682 2164 2737 tis
2194 2682 2471 2737 convenit
2489 2699 2503 2750 ;
2533 2682 2720 2754 aliqui
2754 2691 3090 2740 monstrosa
3118 2701 3361 2756 prorsus
3382 2690 3440 2740 et
3467 2685 3729 2742 incredi-

2085 2769 2233 2826 bilia
2262 2776 2527 2827 narrant.
2561 2773 3015 2829 Recentioribus
3055 2774 3293 2841 Graecis,
3342 2774 3442 2846 qui
3494 2775 3559 2830 in
3611 2778 3727 2831 Me-

2087 2861 2234 2915 nmis
2267 2865 2325 2915 et
2355 2859 2713 2931 Synaxariis,
2747 2861 2999 2933 aliisque
3031 2863 3434 2917 monumentis
3456 2863 3628 2934 plura
3658 2864 3730 2920 de

2091 2965 2158 3004 eo
2184 2949 2469 3018 referunt,
2494 2951 2864 3006 auctoritatis
2887 2952 3030 3006 satis
3052 2968 3173 3006 non
3199 2956 3383 3015 est,ut
3401 2953 3728 3024 quidquam

2089 3053 2160 3092 ex
2192 3037 2316 3092 solo
2350 3054 2556 3093 eorum
2588 3039 2929 3094 testimonio
2961 3040 3258 3095 affirmare
3299 3039 3494 3096 liceat.
3529 3040 3730 3111 Itaque

334 3132 399 3186 In
423 3131 676 3203 epistola
701 3131 918 3186 Liberii
951 3148 1116 3205 papas
1148 3132 1221 3187 ad
1268 3132 1604 3205 complures
1652 3131 1804 3187 Asiae
1854 3130 1981 3202 epi—
2012 3173 2055 3241 C
2094 3126 2327 3200 singula
2356 3126 2673 3199 diligenter
2703 3128 3074 3192 excutienda,
3108 3144 3225 3199 qua
3271 3127 3332 3182 in
3380 3143 3442 3183 re
3491 3129 3733 3200 conjec-

337 3235 542 3241 __-___
607 3220 699 3241 ---ἰ
736 3219 805 3241 -.1
840 3221 1031 3241 2..---..Α
1077 3220 1410 3241 Δ-Ι-----..ι
1482 3220 1630 3241 ______I
1679 3222 1971 3241 0----L-..
2093 3220 2238 3241 4.-....
2276 3221 2328 3241 ,ι
2367 3215 2627 3241 -..ἐκέκ-..ζ
2663 3217 2876 3241 -.η-ιε---
2914 3232 3083 3241 ---η-..-
3121 3223 3273 3241 -Α..ιρ
3309 3218 3729 3241 ------Α...ιέΑ..ε

334 3235 566 3292 scapos.
600 3220 700 3290 qui
733 3219 810 3275 ad
840 3221 1038 3292 ipsum
1068 3220 1432 3294 delegerant.
1477 3220 1634 3293 apud
1678 3222 1976 3275 Socratem

333 3305 436 3363 lib.
470 3325 527 3362 IV
555 3310 700 3364 Hist.
734 3324 865 3381 cap.
900 3311 984 3375 12,
1020 3309 1223 3381 Cyrilli
1256 3326 1477 3365 nomen
1497 3309 1870 3381 reperiturin
1892 3309 1980 3363 in-

337 3397 660 3469 scriptione
692 3397 952 3453 secundo
986 3397 1115 3453 loco
1163 3399 1508 3469 ascriptum.
1559 3398 1837 3454 Fueritne
1878 3396 1981 3452 ille

335 3485 551 3557 aliquis
575 3502 646 3541 ex
669 3487 1154 3541 commemoratis
1174 3487 1450 3557 superius
1472 3488 1765 3542 Armeniae
1795 3491 1855 3541 et
1879 3485 1980 3557 Sy-

337 3574 439 3629 rias
469 3575 707 3646 Cyrillis
738 3576 1032 3629 incertum
1059 3592 1073 3642 ;
1106 3590 1251 3629 num
1285 3575 1438 3630 idem
1465 3575 1689 3630 sitcum
1715 3575 1981 3630 Hieroso-

333 3661 643 3735 lymitano,
680 3664 860 3734 hujus
891 3662 1329 3718 dissertationis
1360 3680 1487 3734 cap.
1526 3664 1591 3717 t2
1621 3670 1680 3718 et
1718 3679 1883 3720 num.
1912 3664 1980 3718 70

332 3752 747 3826 indagabimus
804 3752 1199 3822 Hieronymus
1229 3769 1386 3808 anno
1414 3754 1517 3807 379
1537 3752 1627 3807 vel
1659 3753 1837 3809 etiam
1854 3754 1976 3819 380,

331 3841 394 3896 in
426 3841 608 3914 Syriae
640 3857 841 3895 eremo
872 3856 906 3895 τι
937 3840 1186 3896 diversis
1205 3842 1421 3896 Meletii
1449 3848 1507 3897 et
1528 3841 1781 3905 Paulini,
1805 3858 1874 3897 ac
1898 3843 1985 3896 Vi-

342 3931 473 3985 talis
503 3930 863 3986 factionibus
892 3937 1156 3996 vexatus,
1216 3931 1423 4001 Cyrillo
1466 3931 1684 3986 cuidam
1731 3934 1984 4003 episcopo

346 4023 711 4091 conscriptam
742 4035 796 4075 se
823 4019 985 4088 fidem
1032 4021 1240 4075 dedisse
1298 4027 1548 4076 testatur.
1601 4022 1812 4076 Noster
1859 4026 1983 4076 tum

343 4109 747 4181 lerosolymis,
781 4108 953 4179 longe
976 4124 1009 4162 a
1026 4107 1260 4163 deserto
1281 4109 1665 4178 Chalcidis,in
1688 4127 1803 4181 quo
1821 4126 1981 4165 com-

345 4198 686 4253 morabatur
722 4197 1136 4268 Hieronymus.
1189 4197 1414 4269 agebat.
1464 4198 1630 4253 Alius
1672 4199 1874 4270 itaque
1908 4199 1981 4255 ab

342 4288 467 4358 ipso
489 4293 579 4342 est
596 4286 1095 4356 Hieronymianus
1115 4285 1216 4340 ille
1242 4285 1517 4357 Cyrillus,
1536 4288 1778 4343 incertas
1800 4288 1864 4342 in
1888 4287 1985 4359 Sy-

338 4376 425 4432 ria
479 4384 543 4432 ut
576 4376 830 4439 videtur,
865 4375 1025 4429 sedis
1059 4374 1392 4446 episcopus.

410 4468 458 4521 3.
480 4465 746 4536 S.Cyrilli
775 4463 1291 4534 Hierosolymitani
1320 4464 1503 4519 Vitam
1518 4464 1723 4520 nullus
1735 4464 1982 4536 aequalis

2093 3220 2239 3271 turea
2273 3221 2331 3272 et
2363 3215 2632 3287 opinioni
2663 3217 2879 3288 saepius
2909 3232 3089 3289 quam
3116 3223 3276 3272 certe
3307 3218 3732 3273 asseverationi

2090 3303 2260 3361 locus
2290 3305 2422 3361 erit.

2740 3395 2972 3452 CAPUT
3007 3396 3079 3452 ΙΙ.

2092 3482 2170 3538 De
2198 3488 2344 3551 ortu,
2359 3486 2574 3555 patria,
2592 3500 2804 3557 genere,
2825 3487 3133 3557 monastico
3150 3486 3421 3554 instituto,
3462 3493 3515 3542 et
3532 3489 3734 3557 primis

2640 3555 2840 3611 studiis
2869 3556 2927 3612 S.
2962 3556 3178 3626 Cyrilli.

2165 3665 2216 3717 5.
2250 3663 2374 3728 Quo
2408 3678 2565 3718 anno
2596 3663 2660 3718 in
2690 3663 2884 3719 lucem
2941 3664 3231 3735 prodierit
3277 3664 3531 3738 Cyrillus
3579 3664 3732 3721 nulli

2096 3757 2367 3807 auctores
2397 3751 2724 3819 declarant,
2779 3769 2848 3807 ex
2902 3753 3077 3808 variis
3126 3759 3324 3809 tamen
3373 3755 3735 3826 conjecturis

2095 3839 2379 3895 aestimari
2400 3846 2737 3911 potesteum
2750 3840 2986 3896 circiter
2997 3858 3220 3897 annum
3238 3844 3339 3897 315
3353 3849 3558 3898 natum
3582 3860 3732 3899 esse.

2093 3928 2291 3983 Primo
2321 3928 2481 3984 enim
2513 3945 2670 3984 anno
2701 3930 2803 3983 347
2835 3929 2924 3983 vel
2954 3931 3078 3992 348,
3105 3947 3220 4001 quo
3254 3931 3594 3986 catecheses
3647 3932 3734 3987 di-

2095 4016 2284 4075 cebat.
2320 4017 2630 4090 presbyter
2661 4025 2805 4084 erat,
2836 4034 2947 4073 nec
2978 4035 3167 4074 novus
3198 4019 3525 4090 presbyter,
3558 4026 3623 4074 ut
3644 4020 3739 4075 in-

2092 4105 2278 4162 ferius
2300 4107 2619 4179 probamus
2645 4123 2773 4179 cap.
2799 4109 2851 4170 3,
2877 4124 3019 4163 num
3067 4111 3153 4162 l2.
3188 4108 3245 4163 Si
3276 4109 3561 4181 Cyrillum
3594 4126 3736 4181 sup-

2094 4212 2385 4268 ponamus
2407 4213 2503 4251 an.
2531 4199 2631 4252 345
2655 4204 2916 4253 creatum
2941 4196 3347 4270 presbyterum
3372 4214 3529 4254 anno
3548 4200 3737 4255 astatis

2095 4284 2556 4357 tricesimo.quaa
2579 4285 2845 4359 legitima
2865 4293 2922 4341 et
2946 4287 3201 4360 vulgaris
3224 4288 3583 4359 suscipiendi
3602 4305 3735 4361 pre-

2096 4373 2341 4446 sbyterii
2371 4381 2513 4431 astas
2545 4381 2690 4441 erat,
2737 4374 3092 4431 habebimus
3139 4393 3365 4432 annum
3414 4378 3737 4433 nativitatis

2095 4463 2362 4535 ejusdem
2385 4463 2598 4519 Christi
2619 4466 2740 4519 315.
2770 4464 2935 4528 Quod
2961 4472 3156 4520 autem
3185 4465 3738 4538 dicimusCyrillum

345 4560 545 4609 auctor
565 4552 1039 4623 scripsit.nullus
1058 4551 1473 4623 quodquidem
1498 4553 1679 4609 sciam
1697 4555 1983 4626 posterio-
2017 4543 2062 4608 D
2094 4552 2433 4608 catecheses
2464 4569 2622 4610 anno
2653 4554 2844 4609 anatis
2873 4568 3026 4609 xxx"
3059 4559 3161 4609 aut
3204 4571 3382 4610 χχχιιι
3435 4554 3736 4625 habuisse,

344 4660 471 4699 rum
498 4651 836 4715 temporum
870 4642 1191 4698 Graeculus.
1218 4644 1361 4699 Cum
1385 4644 1671 4699 asservari
1691 4645 1990 4700 diceretur

345 4732 405 4787 in
434 4733 794 4789 Messanensi
829 4732 1256 4787 monachorum
1306 4733 1720 4788 Basiliensium
1770 4732 1983 4789 biblio-

346 4823 513 4878 theca
534 4823 644 4878 scri
654 4829 756 4895 pta
777 4837 811 4877 a
835 4822 1224 4892 Metaphraste
1238 4822 1441 4893 Cyrilli
1468 4822 1986 4893 Hierosolymitani

348 4911 487 4967 Vita.
521 4910 903 4966 bibliothecae
934 4910 1241 4964 custodem
1275 4926 1382 4981 per
1410 4910 1640 4966 litteras
1697 4911 1892 4985 rogavi
1924 4917 1991 4966 ut

347 5000 487 5056 mihi
520 4998 827 5071 exemplar
856 4998 1171 5052 transcribi
1206 5003 1265 5053 et
1293 5015 1327 5054 a
1358 5016 1451 5055 me
1484 4999 1778 5055 edendum
1800 5007 1987 5056 trans-

349 5090 498 5144 mitti
530 5094 806 5153 curaret;
841 5086 941 5158 qui
974 5103 1108 5141 cum
1138 5087 1593 5160 diligentissime
1626 5088 1848 5144 forulos
1891 5089 1982 5144 bi-

344 5178 648 5237 bliothecee
674 5178 1191 5251 perlustrassetac
1212 5177 1362 5232 nihil
1387 5179 1622 5249 penitus
1643 5179 1983 5249 reperisset,

346 5268 695 5342 signiﬁcavit
731 5265 877 5320 mihi
928 5265 1375 5336 perhumaniter
1421 5266 1569 5323 falso
1620 5283 1714 5322 me
1764 5267 1985 5322 indicio

346 5373 532 5413 usum.
568 5358 648 5412 Ex
681 5356 758 5410 iis
787 5370 923 5425 quae
953 5352 1025 5407 de
1056 5354 1273 5425 Cyrillo
1307 5355 1730 5426 Metaphrastes
1759 5354 1823 5410 in
1859 5357 1988 5411 Vita

342 5446 397 5503 ετ
426 5445 733 5505 Athanasii
764 5442 971 5511 refert,
1002 5442 1355 5517 colligimus,
1388 5460 1509 5499 non
1529 5443 1852 5502 admodum
1878 5443 1987 5501 do-

409 5629 484 5701 (1)
513 5625 731 5702 Epiph.
765 5622 917 5681 her.
948 5634 1095 5691 mm,
1126 5637 1188 5679 ιι.
1219 5624 1308 5679 20.

2095 4642 2156 4697 id
2186 4643 2376 4715 primo
2409 4644 2631 4716 optime
2662 4646 2962 4700 consentit
2991 4645 3042 4699 S.
3072 4644 3740 4717 Hieronymo,scribenti

2096 4731 2158 4786 in
2194 4733 2447 4803 Catalag.
2476 4736 2664 4804 script.
2697 4750 2755 4789 ec
2784 4735 2873 4789 les.
2910 4733 3082 4788 illum
3113 4736 3456 4790 catecheses
3477 4738 3535 4790 in
3555 4737 3740 4791 adole-

2096 4820 2305 4876 scentia
2348 4824 2723 4892 composuisse.
2775 4822 3135 4877 Adolescens
3183 4823 3343 4878 enim
3398 4811 3452 4879 Si
3511 4824 3739 4880 doctori

2099 4915 2227 4963 erat
2252 4908 2339 4962 vir
2366 4926 2544 4964 χχχιιι
2573 4925 2891 4971 annorum,
2919 4915 2979 4964 et
2998 4926 3195 4981 supra.
3220 4911 3350 4982 Ipse
3372 4911 3656 4982 prooemio
3678 4913 3739 4967 in

2096 4997 2358 5065 Abdiam,
2394 5014 2455 5052 se
2487 5000 2545 5052 in
2576 4998 2941 5054 adolescentia
2973 5015 3075 5054 sua
3122 4998 3373 5054 Abdiam
3423 5001 3738 5073 allegorice

2096 5085 2553 5158 interpretatum
2576 5102 2705 5142 esse
2729 5086 3136 5158 narrat,idque
3154 5103 3215 5142 se
3238 5088 3739 5159 puerumlusisse,

2097 5179 2221 5228 tum
2254 5190 2387 5230 vero
2419 5190 2608 5229 annos
2639 5181 2814 5229 natus
2847 5181 2970 5231 erat
3002 5175 3239 5231 circiter
3286 5176 3528 5249 triginta
3568 5178 3738 5233 duos.

2095 5263 2344 5336 Prologo
2378 5265 2437 5317 in
2472 5264 2746 5319 Danielem
2778 5264 2861 5319 ait
2901 5281 2963 5320 se
2994 5263 3454 5320 adolescentulum
3487 5266 3737 5322 Hebrai-

2097 5367 2226 5406 cam
2259 5351 2522 5421 linguam
2554 5351 2934 5417 addidicisse,
2970 5370 3101 5408 cum
3137 5359 3294 5409 esset
3322 5359 3520 5409 tamen
3552 5372 3742 5411 annos

2095 5446 2271 5497 natus
2300 5458 2499 5512 χχχιιι,
2534 5448 2636 5498 aut
2663 5458 2857 5498 xxxiv.
2893 5442 3164 5498 Secundo
3195 5442 3449 5517 Cyrillus
3498 5444 3742 5500 ordina-
