4090 6268
305 305 380 364 35
1623 295 1726 355 DE
1769 295 1951 356 VITA
1995 294 2059 356 S.
2107 295 2442 358 CYRILLI.

307 442 403 491 tus
461 440 551 490 est
580 452 612 489 a
641 433 890 488 Macario
937 431 1244 496 diaconus,
1299 435 1367 484 ut
1422 427 1577 483 infra
1623 427 1954 483 videbimus
1988 433 2033 495 Α
2069 435 2388 501 postquam
2423 433 2582 487 enim
2631 435 2893 506 virgines
2944 439 3034 493 sui
3083 439 3316 496 institui
3363 444 3730 502 excellentia

301 533 457 597 (cap.
493 528 544 591 3,
588 542 646 580 n.
683 527 791 592 10).
821 539 929 576 nec
961 522 1020 575 id
1053 520 1178 575 ﬁeri
1214 523 1404 591 potuit
1436 519 1628 573 serius
1649 535 1804 573 anno
1829 521 1950 581 334,

313 617 412 687 qui
439 613 670 668 Macarii
694 612 824 665 vita:
841 616 1138 665 extremus
1159 608 1262 662 fuit
1322 608 1644 662 Diaconum
1671 625 1803 662 vero
1836 624 1954 662 non

312 720 626 760 censemus
658 702 878 756 factum
912 715 1098 753 annos
1130 705 1336 752 natum
1371 698 1568 752 minus
1617 698 1818 768 viginti
1868 696 1958 751 vel

311 793 739 849 novemdecim.
765 791 958 844 Tertio
992 789 1062 844 de
1095 788 1274 842 veteri
1309 794 1650 842 sanctorum
1686 787 1956 842 locorum

307 890 488 949 statu,
523 889 842 951 antequam
876 897 945 933 ea
975 877 1348 932 Constantini
1380 883 1438 932 et
1470 877 1708 931 Helenae
1739 877 1957 949 pietate

310 979 707 1044 purgarentur
738 976 794 1024 et
826 974 1273 1029 exornarentur,
1309 966 1392 1020 sic
1417 965 1682 1036 loquitur
1702 965 1956 1036 Cyrillus

311 1062 482 1133 quasi
511 1078 578 1116 ea
600 1066 735 1116 ante
761 1065 1083 1130 praesentes
1106 1056 1510 1127 reparationes
1529 1054 1955 1125 conspexisset.

312 1154 433 1205 (lat.
473 1154 557 1210 12,
591 1166 651 1204 n.
683 1152 775 1212 20,
811 1147 1153 1202 Bethlehem
1186 1145 1381 1200 locum
1415 1151 1550 1199 ante
1582 1160 1802 1215 paucos
1850 1159 1956 1198 an-

315 1257 422 1295 nos
457 1240 642 1294 fuisse
697 1238 1030 1293 silvestrem
1082 1235 1372 1290 observat.
1425 1239 1544 1289 Cat.
1583 1236 1665 1287 14.
1701 1251 1758 1287 n.
1794 1235 1845 1298 5,
1878 1232 1962 1287 ait

316 1331 378 1384 in
411 1329 565 1394 loco,
600 1328 661 1382 in
694 1344 808 1398 quo
841 1325 1108 1380 Christus
1133 1325 1453 1379 cruciﬁxus
1480 1329 1586 1387 est,
1622 1323 1786 1394 prius
1817 1323 1953 1376 hor-

321 1427 449 1474 tum
477 1417 681 1483 fuisse,
703 1418 875 1486 cujus
898 1415 1090 1470 adhuc
1112 1414 1352 1486 vestigia
1380 1419 1437 1467 et
1458 1411 1724 1482 reliquiae
1755 1427 1962 1466 mane-

318 1516 490 1575 rent;
526 1525 690 1564 num.
725 1510 776 1572 9,
816 1513 1017 1561 monet
1037 1511 1172 1560 ante
1218 1503 1474 1574 sepulcri
1509 1503 1960 1558 exornationem

319 1617 350 1653 a
383 1597 772 1653 Constantino
803 1596 1040 1661 factam,
1075 1594 1421 1665 speluncam
1447 1592 1628 1647 fuisse
1653 1598 1855 1646 sancto
1878 1607 1963 1645 se-

319 1687 526 1758 pulcro
555 1703 660 1758 pro
690 1684 1000 1750 vestibulo,
1031 1700 1161 1754 quae
1191 1681 1562 1737 Constantini
1588 1682 1762 1751 jussu
1792 1697 1961 1736 erasa

2070 519 2399 588 admonuit,
2436 521 2590 578 idem
2625 524 2938 582 observare
2973 531 3402 585 monachorum
3457 533 3729 590 ordinem

2061 607 2253 678 jubet,
2287 609 2711 684 subjungitque
2746 631 2909 670 num.
2947 617 3012 670 33
3053 633 3066 670 :
3100 620 3222 672 Non
3252 621 3397 674 enim
3430 624 3726 691 privamur

2068 699 2176 750 υἰνὶ
2206 700 2546 767 integritatis
2577 701 2856 769 dignitate
2912 704 2983 758 Se
3039 712 3237 760 autem
3292 724 3362 762 ex
3414 713 3721 782 proposito

2069 793 2368 857 perpetuae
2384 790 2636 845 castitati
2652 791 2955 848 addictum
2977 795 3290 865 perspicue
3304 796 3728 863 declarat,cum

2069 874 2163 930 his
2193 875 2386 931 verbis
2418 883 2530 932 cat.
2595 882 2683 940 12,
2729 898 2788 935 n.
2841 884 2909 935 l:
2956 883 3229 938 Puritatis
3275 886 3493 942 alumni
3540 896 3591 944 et
3637 906 3732 946 ca-

2067 965 2276 1018 stitatis
2304 965 2588 1035 discipuli,
2615 969 2779 1023 Deum
2812 987 2880 1024 ea:
2907 972 3125 1040 virgine
3155 979 3354 1028 natum
3396 976 3577 1045 plenis
3628 993 3724 1033 ca-

2067 1055 2255 1108 stitate
2275 1054 2436 1110 labiis
2456 1057 2782 1113 celebremus
2809 1078 2823 1124 ;
2847 1066 2972 1115 tum
2999 1061 3130 1115 istis
3161 1079 3326 1118 num.
3359 1064 3427 1118 34
3454 1081 3466 1119 :
3528 1065 3723 1123 Omnes

2071 1149 2251 1198 autem
2285 1145 2467 1216 (quod
2494 1145 2567 1200 de
2598 1148 2906 1204 monachis
2938 1157 2997 1205 et
3026 1151 3350 1224 virginibus
3399 1155 3718 1212 manifeste

2071 1230 2322 1303 dictum)
2353 1237 2624 1291 castitatis
2645 1252 2861 1292 cursum
2890 1241 2988 1294 Dei
3017 1244 3207 1309 gratia
3251 1257 3607 1300 curramus...
3658 1250 3725 1300 ut

2073 1322 2335 1378 Dominus
2363 1324 2431 1379 de
2459 1326 2615 1382 nobis
2643 1328 2796 1382 dicat
2827 1335 2941 1382 tum
2997 1329 3133 1387 viris
3181 1330 3557 1402 integritatem
3608 1350 3727 1390 ser-

2066 1411 2342 1474 vantibus.
2378 1419 2491 1468 tum
2527 1417 2746 1482 feminis
2776 1419 3052 1473 coronatis
3083 1435 3102 1472 .°
3127 1442 3154 1468 «
3189 1419 3519 1477 Inhabitabo
3548 1425 3606 1478 in
3661 1423 3728 1479 il-

2071 1501 2137 1554 lis
2173 1503 2210 1552 '.
2248 1525 2271 1547 ››
2305 1503 2470 1567 Quod
2502 1504 2548 1558 si
2586 1506 2912 1561 monachus
2941 1507 3073 1575 fuit,
3107 1526 3242 1564 cum
3266 1511 3475 1580 junior
3515 1512 3588 1568 ad
3622 1528 3721 1567 or-

2072 1589 2243 1645 dines
2277 1607 2476 1648 sacros
2505 1600 2812 1664 promotus
2843 1596 2938 1663 sit,
2971 1612 3094 1653 non
3126 1597 3186 1652 in
3245 1598 3496 1656 desertis
3546 1601 3717 1670 locis,

2074 1695 2184 1734 nec
2216 1680 2365 1735 forte
2397 1682 2457 1736 in
2489 1681 2795 1744 coenobiis.
2829 1683 2934 1740 sed
2964 1685 3144 1754 domi,
3175 1689 3444 1744 ascetivm
3476 1690 3607 1745 vitae
3635 1690 3724 1746 la-

317 1778 410 1831 sit.
449 1777 629 1831 Porro
662 1781 865 1829 sancta
899 1774 1030 1827 loca
1061 1778 1192 1842 post
1221 1788 1445 1827 annum
1478 1772 1580 1824 3'26
1613 1770 1847 1841 purgari
1903 1776 1962 1824 et
2002 1801 2046 1863 Β
2079 1767 2272 1835 bores,
2307 1787 2454 1841 quos
2486 1787 2606 1826 non
2638 1789 2756 1826 uno
2789 1773 3072 1830 describit
3099 1778 3248 1843 loco,
3300 1777 3538 1834 videtur
3571 1779 3721 1833 tole-

319 1864 518 1918 ornari
551 1867 875 1929 cmperunt.
912 1859 1017 1924 Qui
1052 1876 1186 1932 ergo
1220 1876 1288 1913 ea
1319 1857 1639 1911 vidissetet
1669 1857 1853 1912 oculis
1878 1856 1968 1910 lu-

319 1959 584 2018 strasset,
612 1958 676 2006 ut
695 1957 952 2006 veterem
976 1955 1193 2003 statum
1227 1955 1426 2019 posset
1449 1953 1582 2018 post
1609 1950 1827 2000 multos
1858 1962 1968 2000 an-

322 2061 431 2097 nos
465 2041 814 2114 depingere;
841 2057 909 2094 ea
932 2056 1050 2093 non
1075 2038 1134 2092 in
1157 2037 1429 2096 infantia.
1465 2036 1706 2106 sedjam
1728 2035 1968 2090 adultus

325 2138 383 2186 et
415 2131 710 2186 duodenis
762 2129 970 2184 saltem
1007 2127 1386 2198 conspexisse
1409 2124 1696 2180 dicendus
1720 2131 1825 2180 est.
1845 2125 1969 2178 Non

324 2222 500 2293 igitur
530 2221 719 2274 serius
767 2235 922 2273 anno
965 2220 1066 2272 315
1097 2217 1156 2271 in
1189 2217 1386 2271 lucem
1455 2215 1792 2287 prodivisse
1822 2214 1979 2285 Cyri]

320 2309 442 2365 lum
476 2310 903 2364 existimamus.

392 2406 444 2455 6.
474 2401 741 2471 [lV]Quze
775 2399 903 2467 ejus
929 2396 1118 2468 patria
1148 2395 1347 2462 fuerit,
1374 2411 1407 2449 a
1431 2393 1597 2448 nullo
1637 2393 1861 2465 pariter
1893 2397 1983 2446 est

324 2489 644 2562 proditum.
694 2490 774 2542 Ex
807 2486 878 2540 iis
906 2503 1036 2557 qum
1068 2484 1242 2539 modo
1292 2484 1570 2545 diximus,
1621 2489 1784 2555 patet
1833 2498 1969 2538 eum

331 2577 749 2647 Hierosolymis
782 2575 1105 2629 enutritum
1139 2580 1199 2628 et
1231 2573 1542 2628 educatum
1576 2572 1647 2626 ab
1697 2572 1973 2626 infantia.

330 2668 508 2722 Multa
530 2665 708 2720 habet
731 2665 790 2718 in
815 2662 1224 2718 catechesibus
1247 2662 1306 2715 in
1333 2679 1447 2732 quo
1473 2677 1637 2716 suam
1665 2667 1721 2715 et
1765 2660 1974 2715 Hiero-

337 2756 830 2828 solymitanorum
875 2752 1124 2806 aliorum
1185 2751 1484 2805 fortunam
1536 2750 1757 2813 laudat,
1821 2748 1979 2820 quod

328 2845 536 2900 omnia
558 2842 716 2914 apud
743 2859 804 2896 se
824 2842 1102 2911 mysteria
1127 2845 1363 2912 peracta
1389 2839 1536 2905 sint;
1563 2838 1722 2908 quod
1743 2838 1980 2892 videant

339 2933 450 3004 ipsi
474 2940 532 2986 et
563 2937 933 2987 contrectent
964 2946 1094 3000 quaa
1127 2930 1322 2983 caeteri
1380 2928 1630 2984 audiunt
1662 2933 1888 2982 tantum
1923 2933 1979 2982 et

341 3023 610 3078 credunt.
636 3024 708 3074 At
729 3021 789 3074 in
815 3019 907 3074 his
931 3036 1046 3073 non
1075 3034 1429 3090 magnopere
1453 3018 1629 3084 nitor,
1656 3033 1786 3086 qum
1817 3015 1889 3070 ab
1913 3032 1981 3070 eo

339 3113 477 3167 licet
509 3110 649 3166 alibi
684 3116 842 3170 nato,
877 3125 1009 3163 cum
1036 3107 1460 3178 Hierosolymis
1487 3111 1981 3176 versaretur,per-

338 3201 476 3257 inde
501 3199 613 3255 dici
641 3205 977 3270 potuerunt.
1006 3197 1090 3251 Ad
1114 3203 1388 3268 parentes
1412 3196 1569 3267 quod
1590 3195 1974 3259 attinet,dici-

338 3298 432 3345 tur
465 3290 524 3344 in
556 3289 792 3342 Menmis
819 3286 1101 3358 Cyrillum
1137 3286 1252 3356 piis
1285 3292 1341 3339 et
1381 3284 1768 3339 orthodoxam
1803 3284 1980 3338 ﬁdem

336 3377 754 3450 proﬁtentibus
786 3375 1134 3447 parentibus
1166 3379 1370 3428 natum
1409 3391 1419 3426 :
1455 3373 1513 3427 id
1547 3373 1705 3443 quod
1728 3373 1982 3428 maxime

336 3466 641 3540 probabile
666 3471 774 3533 est,
799 3481 932 3519 cum
949 3463 1161 3518 nullibi
1188 3479 1249 3517 se.
1271 3461 1594 3533 aliquando
1616 3469 1717 3517 aut
1737 3463 1986 3518 numina

342 3558 491 3612 falsa
515 3555 791 3613 coluisse.
818 3561 922 3607 aut
940 3554 1001 3607 in
1033 3560 1193 3608 secta
1223 3551 1294 3607 ab
1317 3552 1577 3607 Ecclesia
1604 3559 1874 3622 separata
1901 3551 1986 3606 vi-

341 3649 583 3714 xisse,et
602 3645 732 3717 agni
745 3651 800 3699 ta
815 3644 1055 3698 veritate
1069 3642 1141 3698 ad
1166 3643 1441 3697 meliores
1458 3648 1654 3713 partes
1678 3642 1985 3697 transiisse

345 3735 674 3805 signiﬁcet;
711 3734 829 3788 imo
861 3733 1029 3803 quasi
1061 3732 1263 3803 pietati
1301 3732 1626 3786 innutritus
1645 3747 1879 3802 semper
1899 3731 1987 3785 lo-

342 3831 575 3896 quatur.
609 3823 731 3878 Cat.
767 3826 818 3888 7,
855 3838 912 3876 n.
947 3825 1030 3881 16,
1065 3821 1136 3875 de
1163 3819 1387 3875 honore
1440 3820 1785 3891 parentibus
1834 3820 1987 3875 refe-

339 3914 524 3969 rendo
558 3913 697 3967 dum
732 3911 907 3966 verba
937 3912 1093 3968 facit.
1120 3909 1349 3965 videtur
1372 3926 1433 3964 se
1455 3910 1528 3964 iis
1550 3909 1872 3981 adjungere
1888 3909 1986 3979 qui

341 4011 617 4076 parentes
640 4003 831 4058 adhuc
850 4001 1198 4072 superstites
1222 4008 1274 4053 et
1297 3999 1692 4054 Christianam
1709 4000 1988 4070 pietatem

343 4093 606 4147 colentes
639 4091 871 4146 habeat.
903 4091 1175 4143 Sororem
1207 4088 1414 4142 habuit
1457 4094 1703 4142 matrem
1752 4085 1987 4152 Gelasii,

345 4198 521 4252 quem
555 4181 768 4235 Acacio
804 4184 1037 4232 mortuo
1079 4177 1334 4248 Cyrillus
1365 4175 1859 4231 Ctesariensemin
1883 4179 1993 4229 Pa-

348 4273 580 4326 laestina
612 4271 954 4341 episcopum
981 4268 1150 4326 fecit:
1181 4268 1336 4321 hunc
1358 4272 1628 4321 auctores
1642 4265 1991 4321 ecclesiasti-

345 4361 395 4415 ci
429 4360 655 4429 magnis
676 4364 917 4430 propter
937 4356 1268 4410 doctrinam
1290 4362 1347 4408 et
1377 4356 1654 4424 pietatem
1677 4355 1992 4425 praeconiis

345 4449 562 4522 passim
579 4449 885 4503 celebrant
908 4463 1066 4516 :qua:
1092 4444 1220 4498 laus
1244 4445 1304 4498 in
1327 4443 1609 4514 Cyrillum
1634 4443 1990 4497 avunculum

2078 1876 2241 1915 rasse
2270 1877 2281 1925 ;
2317 1875 2385 1914 ac
2419 1861 2668 1930 μονάζων
2704 1863 2898 1932 potius
2929 1881 3109 1934 quam
3165 1867 3495 1923 monachus
3544 1868 3729 1922 exsti-

2075 1948 2240 2003 tisse.
2275 1950 2418 2004 Nam
2440 1951 2764 2006 monachos
2787 1961 3506 2024 nunquammonazontas
3529 1962 3728 2012 autem

2079 2053 2234 2108 saepe
2270 2046 2728 2107 commemorat;
2762 2041 2864 2110 qui
2895 2058 3029 2096 cum
3060 2043 3120 2096 in
3152 2043 3299 2098 urbe
3323 2043 3629 2117 degerent,
3653 2043 3728 2100 ad

2079 2126 2392 2182 ecclesiam
2423 2143 2543 2183 una
2572 2145 2707 2184 cum
2738 2129 2870 2185 aliis
2893 2131 3345 2192 conveniebant.
3373 2139 3644 2204 separato
3671 2132 3734 2190 in

2078 2214 2208 2269 loco
2241 2215 2590 2272 residentes.
2629 2219 2845 2272 Horum
2879 2235 2942 2274 se
2970 2221 3171 2281 statui.
3205 2228 3508 2293 perpetua
3541 2223 3729 2278 conti-

2081 2304 2318 2365 nentiae,
2353 2311 2412 2359 et
2442 2305 2754 2361 laboriosis
2786 2308 3148 2378 paenitentia)
3190 2309 3492 2381 operibus,
3528 2327 3726 2368 seces-

2081 2394 2291 2464 suique
2338 2393 2594 2464 addicto,
2653 2412 2774 2452 non
2823 2397 3072 2452 obscure
3122 2405 3397 2455 accenset
3438 2401 3499 2455 in
3549 2400 3726 2456 citato

2083 2489 2196 2538 cat.
2234 2484 2298 2536 12
2330 2483 2480 2538 loco.

2153 2572 2202 2626 8.
2229 2572 2517 2627 Praeclare
2543 2578 2734 2628 actam
2758 2574 3354 2646 Cyrillijuventutem
3403 2594 3476 2634 ex
3507 2577 3736 2634 ordini-

2084 2661 2196 2718 bus
2228 2663 2288 2716 in
2323 2664 2514 2733 prima
2543 2671 2714 2719 aatate
2747 2666 3038 2736 susceptis
3071 2668 3350 2740 colligere
3394 2685 3733 2740 possumus.

2086 2753 2271 2816 Quam
2291 2753 2609 2825 diligenter
2631 2754 2964 2810 doctrinam
2996 2757 3458 2814 ecclesiasticam
3505 2758 3738 2815 addidi-

2089 2840 2258 2905 cerit,
2291 2840 2467 2896 ﬁdem
2503 2842 2728 2896 faciunt
2757 2860 2937 2914 opera
2988 2844 3051 2900 in
3079 2845 3296 2916 quibus
3327 2847 3415 2917 [V]
3449 2863 3517 2901 ea
3547 2853 3606 2902 et
3635 2863 3737 2902 ro-

2089 2929 2431 2984 bustissime
2462 2932 2750 2986 asseritur
2774 2938 2833 2986 et
2875 2932 3221 3003 planissime
3253 2935 3601 3006 explicatur.
3636 2936 3737 2992 Sa-

2091 3034 2220 3074 cras
2243 3018 2470 3073 litteras
2493 3035 2627 3073 eum
2650 3019 2864 3076 diurna
2885 3027 2943 3076 et
2961 3030 3253 3079 nocturna
3276 3041 3454 3079 manu
3473 3041 3736 3081 versasse

2091 3108 2446 3179 penitusque
2468 3108 2668 3163 animo
2692 3108 2985 3177 hausisse,
3011 3113 3224 3182 probat
3248 3113 3441 3168 facilis
3463 3120 3521 3168 et
3542 3130 3734 3185 prom-

2093 3204 2228 3268 ptus
2251 3197 2490 3252 illarum
2513 3199 3178 3270 usus.Extemporaliter
3199 3203 3358 3257 enim
3377 3203 3736 3260 dicens.non

2090 3286 2281 3342 solum
2314 3287 2501 3340 multa
2531 3287 2799 3342 cumulat
2823 3288 2897 3343 ad
2954 3289 3364 3361 probationem
3422 3294 3513 3348 sui
3563 3309 3741 3365 argu-

2089 3375 2274 3430 menti
2295 3375 2725 3446 Scripturarum
2752 3379 3225 3444 testimonia,sed
3250 3387 3371 3435 tota
3393 3381 3521 3450 ejus
3545 3382 3740 3437 oratio

2092 3480 2162 3518 ex
2195 3465 2376 3519 sacris
2411 3464 2666 3519 textibus
2698 3465 2816 3519 sive
2849 3469 3243 3539 transcriptis,
3279 3470 3398 3524 sive
3429 3487 3534 3541 per
3581 3470 3743 3526 allu-

2093 3552 2291 3608 siones
2322 3553 2597 3608 indicatis
2625 3559 2682 3608 et
2713 3554 2891 3610 veluti
2924 3555 3117 3610 obiter
3147 3559 3340 3624 tactis,
3373 3559 3599 3614 intexta
3632 3564 3742 3615 est.

2092 3641 2392 3697 Hebraicaz
2424 3642 2640 3714 linguas
2673 3644 2945 3698 notitiam
2977 3645 3067 3699 vel
3119 3646 3348 3702 nullam
3398 3647 3607 3702 habuit
3650 3645 3744 3702 vel

2091 3729 2455 3786 levissimam
2491 3748 2504 3785 :
2533 3739 2883 3803 argumento
2915 3733 3036 3788 sint
3066 3735 3222 3790 inter
3251 3735 3368 3790 alia
3398 3737 3584 3790 multa
3605 3735 3738 3791 duas

2094 3820 2508 3875 Hebraicorum
2525 3823 2826 3876 nominum
2845 3823 3404 3895 interpretationesa
3426 3840 3486 3877 re
3501 3839 3744 3894 prorsus

2093 3908 2329 3975 alienae,
2363 3925 2511 3980 quas
2544 3909 2616 3964 ab
2650 3910 2786 3965 aliis
2810 3910 2957 3966 forte
2988 3912 3240 3981 Cyrillus
3265 3913 3745 3982 acceperat.Pro-

2095 4004 2202 4052 cat.
2239 4014 2297 4051 n.
2351 3998 2437 4062 14,
2487 3998 2570 4052 ait
2626 3999 2960 4055 Samuelem
3010 4000 3344 4071 signiﬁcare
3399 4002 3751 4057 exaudientis

2098 4087 2194 4140 Dei
2220 4086 2498 4151 salutem;
2528 4093 2642 4141 cat.
2685 4089 2767 4154 l3,
2801 4105 2855 4142 n.
2894 4091 2982 4156 27,
3017 4088 3163 4144 dicit
3208 4089 3392 4144 Bosor
3433 4089 3591 4161 apud
3637 4090 3751 4144 He-

2095 4174 2288 4230 brmos
2318 4177 2682 4244 ignominiam
2716 4194 2948 4233 sonare.
2987 4181 3060 4233 At
3089 4179 3523 4236 ecclesiasticos
3573 4181 3755 4234 inter-

2105 4271 2302 4336 pretes
2333 4265 2651 4338 diligenter
2680 4266 2922 4339 legerat,
2948 4267 3030 4322 ita
3060 4275 3125 4322 ut
3155 4269 3215 4322 in
3250 4286 3369 4324 uno
3421 4286 3576 4340 saepe
3626 4269 3754 4324 loco

2105 4355 2296 4408 varias
2326 4355 2850 4426 interpretationes
2882 4356 3115 4412 referat.
3146 4358 3260 4412 Nec
3293 4375 3428 4413 vero
3447 4358 3757 4429 proprium

2099 4442 2415 4514 Scripturaa
2431 4460 2671 4499 sensum
2699 4451 2776 4498 att
2791 4445 3027 4500 ribuere
3057 4447 3226 4506 solet.
3274 4447 3376 4501 sed
3401 4463 3577 4517 quem
3603 4462 3763 4501 com-

343 4539 448 4593 viri
483 4544 818 4608 patronum,
853 4534 1291 4599 consiliarium,
1326 4539 1385 4587 et
1414 4532 1564 4587 forte
1620 4532 2000 4588 educatorem
2035 4523 2074 4586 ι)
2114 4532 2372 4587 muniter
2402 4533 3181 4604 ascribebantinterpretes.
3204 4535 3650 4591 Ecclesiasticos
3673 4534 3756 4590 di-

351 4625 709 4682 refunditur.

419 4720 469 4769 7.
504 4718 626 4780 Qua
657 4721 825 4770 {etate
858 4714 1185 4785 baptizatus
1217 4713 1294 4766 sit
1341 4710 1616 4783 Cyrillus.
1671 4711 1991 4767 nescimus.

353 4805 533 4859 αι’ωοί
560 4805 622 4857 in
645 4803 968 4875 Synaxario
985 4801 1453 4856 Claromontensi
1479 4801 1804 4872 superiusa
1828 4799 1998 4855 nobis

356 4893 666 4964 exscripto,
702 4892 985 4962 Cyrillum
1016 4891 1259 4945 tradunt
1291 4889 1644 4944 monachum
1709 4891 1900 4961 primo
1945 4894 2003 4944 et

352 4989 610 5038 ascetam
643 4981 846 5035 fuisse.
882 4980 1014 5034 Fuit
1040 4995 1181 5034 sane
1212 4979 1369 5049 apud
1401 4995 1535 5033 eum
1561 4995 1772 5050 magna
1795 4993 1999 5033 mona-

357 5072 516 5126 sticaa
544 5071 673 5124 vitm
704 5070 832 5125 laus
857 5076 915 5124 et
937 5069 1403 5133 commendatio;
1430 5069 1608 5137 hujus
1630 5067 1884 5122 instituti
1908 5083 2004 5122 su-

356 5160 714 5214 blimitatem
751 5176 816 5213 ac
836 5164 1163 5212 certantem
1185 5174 1314 5211 cum
1342 5157 1568 5229 angelis
1590 5157 2005 5211 excellentiam

361 5249 577 5319 saepius
605 5247 888 5313 celebrat,
919 5247 1246 5317 praesertim
1274 5253 1383 5300 cat.
1420 5248 1471 5303 4.
1503 5263 1559 5299 n.
1585 5247 1673 5308 24,
1709 5252 1898 5301 etcat.
1923 5246 2011 5324 12,

357 5354 415 5391 n.
451 5340 515 5391 33
547 5345 604 5391 et
646 5339 732 5392 34.
766 5338 830 5390 In
879 5335 971 5389 his
1022 5341 1218 5389 autem
1271 5334 1598 5389 catechesis
1650 5333 2014 5389 duodecimae

373 5425 520 5482 locis
553 5443 613 5482 se
645 5423 1074 5480 monachorum
1129 5423 1323 5478 ordini
1376 5423 1608 5478 videtur
1652 5423 2014 5498 adjungere;

429 5606 441 5640 ¹
476 5605 605 5663 Lev.
640 5620 794 5673 xxvr,
821 5605 889 5660 12
915 5617 931 5672 ;
960 5602 1012 5658 ll
1040 5602 1173 5661 Cor.
1206 5616 1282 5672 τι,
1315 5603 1406 5658 16.

2104 4628 2466 4692 sceptatores
2500 4621 2763 4676 studiose
2797 4621 2960 4694 legit,
2993 4629 3045 4678 et
3080 4641 3199 4678 non
3231 4642 3363 4680 raro
3399 4625 3620 4685 laudat.
3673 4625 3762 4679 uti

2105 4710 2468 4764 Clementem
2503 4711 2860 4776 Romanum,
2895 4712 3209 4772 Irena-um.
3233 4721 3342 4768 etc.
3372 4714 3640 4768 Historiae
3664 4729 3761 4768 ec-

2109 4799 2454 4855 clesiastica
2473 4799 2636 4854 rudis
2656 4817 2776 4854 non
2801 4800 2928 4866 fuit,
2951 4807 3010 4856 et
3043 4803 3229 4857 multa
3256 4803 3326 4858 de
3361 4803 3658 4858 haereticis
3692 4819 3764 4859 ex

2111 4889 2352 4959 optimis
2375 4887 2639 4942 fontibus
2662 4896 2898 4960 sumpta
2920 4898 3364 4946 commemorat.
3396 4892 3557 4962 lpsos
3579 4892 3766 4948 barre-

2113 4978 2388 5043 ticorum,
2422 4993 2490 5032 ac
2521 4980 2851 5050 praasertim
2886 4981 3342 5035 Manichaeorum
3365 4981 3568 5047 libros,
3594 4980 3764 5036 solli-

2117 5066 2230 5121 cite
2261 5065 2648 5135 conquisitos,
2683 5065 2942 5121 studiose
3002 5082 3062 5121 se
3113 5067 3325 5138 legisse
3356 5067 3439 5121 ait
3464 5073 3574 5122 cat.
3611 5069 3660 5124 6.
3700 5083 3760 5124 n.

2120 5155 2206 5216 34,
2240 5154 2382 5208 dum
2415 5153 2710 5208 horrenda
2741 5155 2812 5209 de
2845 5155 2915 5209 iis
2946 5162 3003 5209 et
3027 5162 3359 5210 monstrosa
3380 5155 3764 5210 narrantibus

2125 5243 2302 5298 ﬁdem
2327 5241 2610 5297 adhibere
2635 5242 2922 5298 detrectat
2967 5245 3046 5297 Eo
3072 5261 3132 5298 se
3158 5246 3218 5299 in
3253 5245 3451 5300 studio
3471 5251 3768 5298 versatum

2123 5331 2288 5384 addit
2306 5337 2544 5402 propter
2565 5333 2898 5387 auditorum
2927 5333 3247 5388 utilitatem
3294 5341 3360 5388 ut
3381 5351 3511 5404 quas
3542 5331 3770 5403 fugien-

2126 5419 2201 5475 da
2225 5426 2425 5475 essent
2447 5419 2584 5475 vitia
2620 5420 2896 5476 ﬁdelibus
2929 5421 3114 5477 tutius
3145 5423 3463 5490 indicaret;
3488 5420 3646 5492 quod
3677 5436 3771 5475 ar-
