4090 6268
380 272 456 331 37
1786 268 2061 330 DISSER

2173 267 2303 331 TlO
2347 269 2398 330 Ι.
3039 256 3044 260 ”
3721 275 3803 335 38

385 408 659 477 gumento
693 419 833 458 esse
867 409 1076 474 potest,
1125 404 1185 458 in
1237 404 1294 459 id
1346 403 1526 458 studii
1575 408 1806 458 tantum
1836 406 2044 473 postea
2075 411 2118 466 Α
2155 406 2360 456 natum
2394 401 2466 456 ab
2498 401 2603 457 illo
2623 401 2904 458 collatum
2929 403 3321 474 repudiare.si
3344 406 3519 461 modo
3545 406 3656 461 sibi
3679 407 3802 462 vel-

385 509 561 563 quam
595 492 894 546 factusest
926 493 1250 563 presbyter,
1275 499 1332 547 et
1359 494 1746 547 catecheseon
1778 490 2043 545 officium

393 583 672 652 suscepit,
708 582 807 636 inc
855 582 1073 635 buisse.

469 675 522 727 9.
559 672 925 741 Prmcipualu
979 670 1235 742 Cyl-illus
1280 671 1342 725 in
1395 669 1788 726 sanctioribus
1842 666 2054 722 studiis

394 777 632 830 operam
665 761 886 830 prnsuit,
921 766 986 813 ut
1016 766 1213 814 tamen
1247 759 1667 814 humaniorum
1716 758 2051 811 litterarum

392 866 630 904 cursum
654 865 774 902 non
797 849 1043 902 omnino
1069 849 1525 920 prmtermisisse
1549 847 2049 902 videatur.Gram-

391 939 624 994 maticaa
647 938 792 992 artis
819 944 877 991 et
903 938 1176 992 oratoria:
1202 937 1434 992 tametsi
1467 954 1587 992 non
1620 936 1877 1007 perfecte
1909 949 2051 1005 gna-

393 1045 496 1083 rus
529 1028 640 1082 fuit
695 1033 754 1082 at
781 1043 1023 1098 prorsus
1073 1027 1415 1097 imperitum
1469 1032 1526 1082 et
1557 1027 1929 1096 inexpertum
1964 1021 2055 1076 di-

394 1133 528 1172 cere
562 1133 682 1170 non
716 1116 871 1170 licet.
906 1117 1253 1187 Quanquam
1290 1117 1350 1170 in
1380 1115 1670 1170 electione
1697 1119 1755 1168 et
1778 1117 2053 1166 constru-

388 1207 588 1261 ctione
620 1207 932 1259 verborum
968 1221 1174 1276 parum
1206 1203 1821 1262 artificiosus.diserte
1857 1209 2056 1255 tamen

389 1301 447 1350 et
477 1295 784 1367 perlucide
819 1311 996 1349 sensa
1029 1295 1386 1364 exprimere.
1422 1294 1691 1364 apposite
1722 1292 2055 1346 orationem

393 1385 623 1456 partiri,
654 1391 712 1438 et
744 1384 903 1453 quod
947 1384 1198 1438 oratoris
1244 1384 1572 1438 maximum
1629 1388 1736 1447 est,
1793 1381 1846 1433 vi
1876 1379 2058 1433 ratio-

403 1490 548 1529 num
583 1473 940 1544 persuadere
973 1478 1233 1527 noverat.
1271 1473 1462 1539 Nulla,
1498 1471 1585 1525 vel
1612 1487 1820 1542 pauca,
1838 1486 1905 1522 ex
1926 1484 2053 1522 ora-

402 1568 598 1618 torum
624 1569 679 1616 et
697 1569 1007 1634 poetarum
1027 1561 1340 1617 sententiis
1360 1566 1716 1615 ornamenta
1738 1558 2054 1629 depromit:

409 1653 774 1708 ethnicorum
811 1657 1010 1706 tamen
1062 1651 1439 1722 mythologiaa
1494 1666 1614 1704 non
1671 1664 1732 1703 se
1785 1649 2056 1720 ignarum

2157 491 2283 548 lent
2307 497 2601 554 constare,
2634 491 2952 548 debebant.
2986 493 3149 558 Quod
3175 495 3221 548 si
3257 512 3289 549 a
3320 497 3570 551 Macario
3601 497 3804 552 diaco-

2159 588 2332 635 natus
2363 579 2634 636 ordinem
2685 582 2948 651 suscepit
2995 582 3272 653 Cyrillus,
3323 587 3513 640 serius
3556 586 3614 640 id
3647 603 3803 641 anno

2159 671 2260 724 334
2292 670 2380 724 vel
2410 670 2729 724 inchoante
2763 671 2862 724 335
2897 671 3240 743 contingere
3264 689 3382 728 non
3415 675 3642 744 potuit:
3669 693 3805 731 cum

2159 758 2474 812 Maximum
2515 759 2746 813 Macarii
2771 776 3175 815 successorem
3200 777 3356 816 anno
3393 764 3493 817 335
3518 764 3576 818 in
3602 765 3806 819 conci-

2159 848 2238 902 lio
2271 849 2439 919 Tyrio
2467 847 2746 902 adversus
2779 848 3170 904 Athanasium
3215 857 3416 905 coacto
3467 852 3692 907 sedisse
3724 853 3810 907 vi-

2160 936 2405 992 deamus
2427 935 2578 1007 apud
2603 937 2728 991 Ruf.
2760 937 2880 991 Lib.
2908 956 2922 991 ι
2948 939 3088 992 Hist.
3131 938 3283 1006 eccl.,
3336 956 3461 1010 cap.
3499 943 3585 1008 17,
3619 949 3675 996 et
3707 942 3811 997 So-

2159 1041 2469 1080 zomenum
2495 1025 2595 1079 lib.
2624 1041 2686 1092 u,
2709 1041 2832 1095 cap.
2867 1028 2954 1079 25.
3001 1028 3146 1081 Tum
3194 1027 3447 1099 Cyrillus
3479 1029 3669 1084 aetatis
3700 1047 3808 1085 an-

2162 1131 2269 1168 nos
2302 1113 2555 1169 habebat
2592 1114 2796 1181 viginti
2829 1116 2918 1169 vel
2948 1115 3203 1170 circiter.
3239 1118 3352 1171 Cur
3373 1119 3579 1188 juveni
3620 1121 3811 1192 gravis

2162 1204 2380 1258 simum
2414 1204 2476 1258 in
2511 1204 2771 1259 Ecclesia
2795 1221 3012 1260 munus
3043 1206 3424 1262 commissum
3450 1225 3484 1264 a
3506 1211 3810 1265 sanctissi-

2161 1308 2257 1346 mo
2288 1293 2545 1363 przpsule
2577 1293 2674 1359 sit,
2709 1294 2875 1348 nulla
2907 1294 3023 1350 alia
3066 1312 3243 1350 causa
3288 1304 3503 1368 praeter
3532 1298 3812 1354 eximiam

2164 1381 2568 1436 honestissimi
2599 1382 3043 1454 castissimique
3094 1384 3490 1442 adolescentis
3533 1387 3809 1443 virtutem

2165 1470 2310 1544 ﬁngi
2344 1475 2555 1542 potest.

2239 1562 2323 1614 11.
2362 1561 2638 1618 Macario.
2666 1563 2835 1634 cujus
2858 1563 3224 1634 temporibus
3246 1564 3377 1620 loca
3400 1581 3567 1621 sacra
3596 1581 3817 1638 expur-

2167 1656 2300 1722 gata
2331 1650 2569 1705 Helena;
2603 1652 2810 1706 matris
2843 1660 2899 1706 et
2931 1652 3037 1706 ﬁlii
3070 1654 3444 1709 Constantini
3482 1656 3722 1727 pietate,
3759 1660 3818 1710 et

409 1741 623 1813 prodit,
656 1741 794 1796 dum
830 1757 1086 1812 paganos
1120 1757 1187 1795 ex
1227 1741 1350 1794 suis
1406 1740 1672 1812 ipsorum
1717 1737 1935 1792 fabulis
1967 1752 2061 1790 re-
2090 1756 2134 1819 Β
2168 1747 2377 1795 ornata
2408 1747 2564 1807 sunt,
2600 1743 2904 1809 successit,
2942 1743 2992 1796 S.
3026 1744 3308 1798 Maximus
3335 1761 3346 1798 :
3372 1761 3503 1816 quae
3536 1746 3812 1816 praesule,

402 1831 687 1886 fellitcat.
712 1834 766 1897 4,
809 1848 868 1885 n.
893 1833 944 1886 6.
993 1837 1103 1886 cat.
1127 1834 1180 1891 6,
1217 1847 1274 1884 n.
1307 1831 1370 1882 10
1393 1835 1452 1884 et
1487 1832 1566 1895 H;
1599 1834 1710 1883 cat.
1748 1829 1832 1892 12,
1865 1842 1922 1880 n.
1959 1828 2047 1890 27,

402 1926 455 1976 et
487 1920 813 1990 aliquando
869 1922 982 1975 Nec
1007 1920 1202 1974 minus
1226 1918 1550 1973 dialecticae
1586 1924 1741 1972 recte
1763 1917 2052 1970 institutas

402 2010 717 2081 praeceptis
731 2009 1170 2070 utebatur,nam
1185 2009 1476 2063 accuratis
1500 2024 1654 2078 saepe
1673 2008 1800 2061 etin
1825 2012 2020 2060 utram
2035 2035 2049 2044 -

403 2121 517 2176 que
549 2110 782 2176 partem
813 2102 1164 2157 ferientibus
1195 2101 1527 2157 ratiociniis
1550 2106 1607 2155 et
1636 2097 1957 2169 aliquando
1983 2111 2054 2149 ex

399 2195 616 2249 intima
652 2194 1054 2264 metaphysica
1084 2192 1473 2263 depromptis,
1510 2189 1681 2246 docte
1712 2188 1964 2260 gentiles
1998 2190 2057 2240 et

397 2283 710 2338 haereticos
735 2284 1017 2338 confutat.
1059 2282 1184 2337 Vid.
1224 2286 1336 2336 cat.
1375 2283 1427 2348 6,
1471 2297 1530 2336 n.
1578 2282 1664 2342 12,
1708 2279 1927 2343 t3;cat.
1966 2276 2054 2342 18,

395 2387 456 2426 n.
494 2375 542 2429 1,
578 2375 630 2429 2.
665 2372 716 2435 3,
751 2373 812 2436 ις
843 2377 955 2426 cat.
996 2372 1075 2426 14.
1111 2387 1149 2424 n
1203 2371 1402 2436 15,15.
1437 2374 1548 2424 etc.
1576 2367 1885 2439 Physicam
1909 2381 2054 2436 quo-

396 2477 513 2532 que
546 2461 826 2532 attigerat
856 2476 868 2513 :
901 2459 1110 2513 mundi
1161 2459 1322 2513 enim
1372 2463 1752 2518 structuram,
1787 2454 2059 2524 neglecta

402 2549 787 2604 Hebrmorum
825 2555 884 2602 et
913 2547 1234 2602 multorum
1267 2563 1386 2601 sum
1411 2546 1602 2601 aetatis
1633 2542 2057 2599 ecclesiastico-

397 2656 529 2694 rum
552 2645 866 2694 auctorum
901 2637 1114 2692 coelum
1138 2643 1196 2691 et
1217 2642 1437 2691 terram
1457 2631 1774 2689 ordinandi
1807 2633 2056 2693 ratione,

398 2744 470 2783 ex
504 2726 994 2798 philosophorum
1047 2725 1282 2797 placitis
1335 2723 1617 2778 describit
1653 2728 1762 2778 cat.
1794 2723 1846 2775 6.
1880 2737 1939 2775 n.
1985 2720 2015 2774 3
2037 2734 2058 2779 ,'

397 2823 512 2871 cat.
545 2818 631 2880 16,
657 2831 716 2871 n.
744 2818 831 2869 22.
863 2815 1131 2870 Historiae
1165 2813 1458 2869 naturalis
1489 2819 1718 2884 partem
1765 2828 1882 2865 non
1916 2825 2060 2864 con-

403 2904 790 2961 temnendam
815 2904 1110 2959 catechesi
1144 2919 1318 2956 nonae
1353 2902 1625 2967 inseruit,
1659 2917 1767 2955 nec
1799 2897 2060 2953 medico-

403 3011 538 3049 rum
569 3001 758 3049 artem
792 2993 1150 3064 neglexerat,
1181 2992 1282 3063 qui
1315 2991 1385 3046 de
1410 2990 1657 3045 humani
1691 2988 1956 3060 corporis
1977 2986 2060 3041 fa-

400 3084 570 3138 brica
602 3099 723 3138 non
760 3082 948 3137 semel
980 3081 1247 3152 apposite
1279 3079 1564 3150 loquitur,
1606 3084 1717 3134 sat.
1767 3079 1822 3147 4,
1855 3093 1915 3132 n.
1947 3077 2017 3131 22
2045 3091 2059 3143 ;

419 3179 532 3228 cat.
569 3174 623 3239 9,
655 3188 716 3227 n.
752 3175 838 3239 15,
871 3178 981 3227 etc.

1000 3312 1112 3384 [γι]
1143 3311 1374 3368 CAPUT
1403 3311 1499 3366 III.

408 3439 654 3510 οντέιιυε
705 3455 738 3492 a
784 3439 1048 3503 Macario,
1099 3444 1163 3510 ut
1202 3437 1434 3510 quidem,
1469 3435 1718 3510 videtur,
1757 3433 2068 3510 diaconus;

484 3528 519 3564 a
546 3512 796 3565 Maximo
842 3525 970 3563 vero
995 3505 1284 3579 presbyter
1335 3509 1644 3570 ordinatur,
1698 3505 2068 3579 habendisque

480 3582 853 3636 catechesihus
899 3587 948 3634 et
997 3578 1152 3650 plebi
1211 3579 1526 3633 erudiendae
1579 3578 1902 3650 praeficitur.
1950 3578 2070 3642 Qua

484 3653 594 3720 ﬁde
631 3660 682 3707 et
711 3647 1017 3708 sedulitate
1036 3651 1344 3706 catechistae
1364 3665 1562 3704 munus
1592 3647 1914 3718 impleverit.

492 3800 577 3852 10.
613 3797 770 3862 Quos
798 3795 1078 3850 ordinum
1109 3794 1329 3865 gradus
1359 3791 1772 3864 pertransierit
1815 3789 2069 3862 Cyrillus

409 3892 736 3956 antequam
769 3885 842 3939 ad
874 3884 1254 3939 diaconatum
1274 3883 1630 3954 perveniret,
1667 3881 1834 3936 nulla
1864 3896 2068 3934 monu-

414 3981 618 4031 menta
649 3974 1039 4045 prodiderunt
1079 3973 1450 4028 Diaconuma
1481 3970 1532 4024 S.
1557 3969 1804 4024 Macario
1837 3969 2071 4024 ordina-

415 4072 546 4119 tum
561 4080 690 4118 esse
709 4063 874 4118 nulla
889 4068 1050 4117 certa
1069 4059 1354 4128 ratio,sed
1376 4059 1701 4131 probabilis
1726 4059 2072 4130 conjectura

416 4155 754 4226 persuadet.
810 4155 1017 4208 Narrat
1047 4153 1444 4222 Hieronymus
1472 4151 1532 4204 in
1555 4150 1835 4205 chronico
1866 4149 1939 4204 ad
1970 4165 2066 4204 an.

422 4246 546 4302 349.
603 4244 852 4298 Maximo
909 4243 1456 4312 Hierosolymorum
1505 4240 1782 4309 episcopo
1811 4246 2069 4308 mortuo,

415 4332 697 4388 Acacium
732 4339 789 4386 et
821 4338 1070 4386 caeteros
1103 4331 1353 4385 Arianos
1385 4327 1692 4399 episcopos
1724 4327 2072 4398 Cyrillo,qui

419 4422 522 4492 qui
555 4438 588 4476 a
621 4421 868 4476 Maximo
896 4420 1107 4474 fuisset
1128 4417 1440 4490 presbyter
1465 4416 1794 4480 ordinatus,
1830 4417 1955 4486 ejus
1972 4433 2073 4470 ur-

2167 1844 2324 1883 anno
2368 1831 2489 1891 335,
2518 1830 2644 1899 jam
2676 1832 2938 1902 perfecta
2970 1830 3195 1886 Sanctae
3228 1834 3701 1890 Resurrectionis
3726 1852 3820 1890 ec-

2163 1918 2364 1986 clesia,
2400 1934 2720 1974 numeroso
2757 1919 3173 1990 episcoporum
3207 1922 3458 1976 concilio
3490 1923 3818 1996 Hierosoly-

2167 2024 2324 2062 mam
2345 2015 2660 2063 convocato
2693 2007 2964 2064 dedicata
2994 2015 3097 2063 est.
3129 2009 3215 2064 Ab
3249 2027 3316 2064 eo
3341 2012 3591 2082 pressule
3625 2013 3818 2085 Cyril-

2166 2097 2285 2150 lum
2319 2097 2730 2168 presbyterum
2757 2104 3020 2154 creatnm
3045 2098 3245 2157 fuisse.
3274 2105 3420 2154 teste
3455 2101 3812 2173 Hieronymo

2163 2187 2760 2242 commemoravimus
2784 2204 2945 2242 num.
2974 2187 3345 2258 prmcedenti.
3370 2188 3492 2254 Quo
3511 2207 3644 2244 vero
3661 2208 3806 2261 pras-

2165 2276 2284 2330 cise
2316 2293 2472 2331 anno
2505 2293 2574 2332 ea
2602 2277 2756 2332 facta
2787 2278 2862 2332 sit
2891 2278 3183 2332 ordinatio
3215 2277 3477 2332 divinare
3509 2296 3629 2334 non
3663 2296 3807 2351 pos-

2167 2382 2390 2419 sumus.
2419 2366 2537 2420 Duo
2569 2372 2767 2420 tamen
2788 2366 2957 2421 nobis
2979 2366 3470 2421 afﬁrmareliceat
3497 2385 3509 2421 :
3544 2371 3600 2421 1ο
3623 2367 3813 2438 Cyril-

2166 2453 2290 2507 lum
2322 2470 2479 2508 anno
2512 2456 2633 2519 347,
2666 2455 2755 2509 vel
2787 2457 2909 2508 348.
2937 2471 3073 2525 quo,
3100 2471 3198 2510 eas
3229 2471 3376 2526 quas
3409 2456 3824 2526 habemus,ca-

2167 2543 2434 2596 techeses
2473 2542 2640 2610 dixit,
2691 2543 3104 2614 presbyterum
3153 2544 3481 2599 exstitisse:
3515 2549 3570 2599 2°
3601 2563 3817 2601 novum

2169 2636 2310 2685 tunc
2339 2631 2751 2703 presbyterum
2785 2649 2904 2687 non
2943 2633 3148 2696 fuisse,
3205 2633 3307 2689 sed
3339 2633 3568 2704 aliquot
3605 2635 3817 2690 saltem

2172 2725 2306 2774 ante
2333 2721 2506 2775 annis
2538 2738 2605 2776 eo
2639 2721 2863 2778 honore
2894 2728 3154 2777 auctum.
3180 2724 3260 2778 Ac
3293 2723 3552 2794 primum
3575 2723 3814 2794 quidem

2172 2809 2422 2880 probatu
2447 2809 2690 2865 difﬁcile
2713 2827 2831 2865 non
2847 2817 2953 2866 est.
2972 2811 3120 2866 Sunt
3150 2812 3250 2882 qui
3284 2812 3358 2866 ad
3385 2812 3442 2867 id
3468 2813 3822 2868 vincendum

2174 2915 2240 2952 eo
2271 2899 2508 2953 trahant
2537 2899 2694 2970 quod
2726 2900 2905 2956 habet
2934 2905 3046 2956 cat.
3080 2901 3171 2968 23,
3206 2917 3264 2955 n.
3301 2903 3354 2967 2,
3390 2901 3462 2956 de
3495 2919 3676 2957 sacra)
3726 2919 3821 2956 ac-

2172 2988 2350 3042 tionis
2381 2988 2550 3042 initio
2581 2989 2834 3059 loquens
2861 3005 2872 3043 :
2916 2990 3115 3044 Vidisti
3144 2991 3439 3046 diaconum
3483 3007 3686 3061 aquam
3714 2993 3817 3046 ab-

2179 3077 2390 3133 luendis
2419 3078 2669 3133 manibus
2710 3080 3010 3133 tradentem
3056 3081 3325 3134 sacerdoti
3373 3087 3425 3134 et
3453 3083 3819 3136 circumstan-

2177 3167 2320 3221 tibus
2352 3169 2444 3221 Dei
2473 3168 2652 3222 altare
2675 3168 3050 3238 presbyteris;
3072 3184 3324 3239 quorum
3357 3185 3608 3223 numero
3637 3185 3698 3224 se
3734 3186 3832 3225 ac-

2173 3271 2417 3311 censere
2474 3255 2706 3310 videtur
2753 3257 3140 3328 sequentibus
3189 3256 3423 3312 verbis:
3471 3259 3826 3328 Nequaquam

2170 3361 2298 3401 vero
2328 3345 2402 3400 ad
2456 3347 2820 3416 extergendas
2865 3346 3007 3418 [V11]
3067 3349 3314 3416 corporis
3369 3348 3553 3403 sordes
3610 3349 3824 3412 dabat;

2171 3451 2280 3491 non
2309 3443 2605 3508 propterea
2632 3454 2780 3493 sane.
2814 3439 2996 3507 Neque
3025 3440 3170 3492 enim
3199 3439 3423 3493 sordido
3454 3456 3680 3510 corpore
3710 3442 3824 3495 ini—

2173 3527 2250 3581 tio
2280 3527 2558 3582 ecclesiam
2584 3529 2812 3596 ingressi
2858 3543 3092 3583 eramus.
3145 3527 3310 3592 Quod
3346 3535 3545 3584 tamen
3594 3546 3715 3584 non
3750 3528 3822 3586 de

2173 3615 2535 3686 presbyteris
2567 3616 2781 3676 solum.
2817 3616 2920 3671 sed
2952 3623 3009 3670 et
3036 3616 3108 3672 de
3130 3617 3514 3673 audientibus
3540 3618 3826 3674 omnibus

2175 3705 2290 3760 dici
2317 3707 2527 3778 potuit.
2565 3709 2635 3762 At
2664 3722 2726 3762 se
2753 3707 2948 3778 ipsum
2975 3709 3309 3778 signiﬁcare
3340 3709 3575 3764 videtur
3602 3709 3834 3780 presby-

2176 3797 2281 3849 teri
2309 3795 2550 3850 nomine
2583 3797 2806 3850 Procat.
2843 3813 2901 3850 n.
2939 3798 3025 3860 13,
3060 3797 3201 3852 dum
3233 3797 3669 3854 illuminandos
3695 3813 3828 3853 mo-

2175 3899 2345 3944 nens.
2371 3889 2437 3938 ut
2456 3901 2576 3938 suae
2590 3883 2663 3940 ad
2695 3884 3060 3955 baptismum
3079 3886 3534 3956 prmparationis
3563 3892 3830 3958 tempore

2175 3989 2354 4028 vanas
2367 3972 2636 4043 nihilque
2656 3972 2728 4028 ad
2744 3989 2806 4028 se
2823 3973 3188 4044 pertinentes
3209 3974 3648 4030 sollicitudines
3663 3974 3835 4030 omit-

2177 4067 2388 4130 terent,
2424 4067 2584 4117 vetat
2614 4078 2714 4117 eos
2744 4062 2944 4116 scitari
2977 4063 3115 4132 quid
3141 4065 3336 4132 fecerit
3361 4065 3834 4134 imperator.quid

2177 4154 2478 4221 episcopus.
2540 4149 2668 4221 quis
2709 4153 3018 4222 presbyter.
3063 4153 3248 4218 Quem
3309 4153 3468 4208 enim
3532 4169 3621 4213 ea.
3656 4169 3836 4224 quam

2178 4240 2353 4295 modo
2386 4239 2660 4305 vidimus,
2713 4240 3194 4312 presbyterorum
3245 4242 3419 4298 turba
3470 4241 3836 4314 singularem

2177 4328 2590 4401 presbyterum
2603 4331 3015 4397 recenset,nisi
3035 4348 3169 4387 eum
3185 4332 3284 4402 qui
3303 4331 3833 4386 illuminandorum

2177 4420 3020 4491 institutioni,eorumdemque
3036 4421 3322 4492 profectui
3339 4420 3675 4493 indagando
3691 4439 3836 4492 prai-

417 4511 507 4566 bis
542 4510 950 4582 episcopatum
983 4509 1090 4563 hac
1125 4509 1249 4579 lege
1292 4505 1601 4572 obtulisse,
1649 4511 1714 4559 ut
1743 4504 2071 4560 ordinatio-
2105 4499 2152 4562 D
2184 4509 2431 4581 positus,
2457 4509 2619 4579 ipsos
2635 4510 2941 4581 speciatim
2962 4509 3482 4580 respiciebat?Sed
3498 4511 3833 4582 episcopiet

419 4617 560 4656 nem
589 4600 821 4654 Maximi
856 4597 1231 4669 repudiaret;
1283 4595 1566 4666 Cyrillum
1612 4593 1950 4648 conditione
1983 4611 2076 4650 ac-

423 4696 594 4759 cepta
627 4688 1023 4744 diaconumin
1037 4685 1300 4742 Ecclesia
1330 4685 1981 4755 ministrasse,eamque
1999 4683 2073 4740 ob

425 4779 793 4850 impietatem
826 4775 1142 4832 sacerdotii
1175 4773 1448 4830 mercede
1479 4779 1812 4844 pensatum.
1841 4773 2073 4830 Fabulaa

431 4868 611 4938 hujus
640 4867 711 4922 ab
763 4866 1028 4922 inimicis
1075 4864 1277 4935 Cyrilli
1325 4862 1686 4935 excogitatae.
1722 4862 2072 4934 idoneisque

427 4957 782 5012 testimoniis
813 4954 1154 5013 confutata,
1178 4953 1498 5008 falsitatem
1522 4951 1712 5022 capite
1737 4951 1944 5022 quinto
1971 4951 2076 5007 de-

427 5047 918 5102 monstrabimus;
941 5041 1092 5097 nihil
1107 5049 1304 5097 tamen
1324 5039 1601 5112 prohibet
1614 5039 1936 5110 quominus
1953 5041 2072 5095 veri

424 5136 670 5206 aliquid,
704 5134 861 5206 quod
895 5132 969 5188 ad
993 5131 1354 5187 calumniam
1388 5130 1589 5200 Cyrilli
1613 5146 1732 5184 non
1756 5131 2071 5200 pertineat,

425 5228 486 5280 in
519 5243 586 5280 ea
617 5225 1034 5281 contineatur:
1069 5220 1633 5292 nempeCyrilluma
1667 5219 1914 5273 Maximo
1949 5235 2076 5290 pre-

429 5315 729 5387 sbyterum
758 5309 1191 5370 tantummodo,
1229 5309 1546 5363 diaconum
1579 5323 1712 5360 vero
1740 5306 1811 5361 ab
1843 5308 1958 5362 alio
1981 5309 2076 5362 ni-

431 5404 643 5459 mirum
676 5420 711 5458 a
756 5399 1010 5456 Macario
1059 5399 1298 5453 factum.
1344 5398 1487 5452 Nam
1537 5396 1584 5449 si
1630 5395 2012 5452 diaconatum
2042 5414 2078 5454 8.

423 5495 673 5549 Maximo
706 5489 1055 5561 recepisset,
1089 5487 1127 5540 ii
1160 5486 1260 5558 qzai
1292 5486 1729 5540 ordinationem
1761 5486 2078 5544 sacerdotii

422 5599 456 5639 δ
484 5585 736 5641 Μειιὶωο
759 5573 1724 5653 profestamhorrobant,eamdem
1744 5573 1873 5648 lege
1887 5574 2080 5634 diaco-

2184 4597 2514 4670 presbyteri
2546 4598 2792 4654 nomina
2823 4599 2916 4653 hic
2951 4599 3078 4653 sine
3127 4598 3378 4653 articulo
3421 4601 3632 4670 posita.
3665 4598 3838 4655 facile

2182 4693 2430 4759 possunt
2463 4704 2569 4759 per
2599 4687 2931 4759 enallagem
2957 4688 3189 4742 numeri
3225 4687 3298 4742 de
3322 4690 3527 4758 quovis
3549 4689 3825 4760 episcopo

2182 4792 2249 4832 ac
2279 4776 2623 4847 presbytero
2657 4775 2970 4830 indefinite
3002 4775 3279 4850 intelligi.
3313 4777 3623 4833 Efﬁcacius
3650 4778 3833 4850 igitur

2182 4865 2624 4937 presbyteratus
2655 4864 2880 4936 Cyrilli,
2915 4864 3155 4934 quando
3205 4867 3546 4922 catecheses
3576 4865 3829 4934 dicebat,

2182 4958 2598 5025 argumentum
2621 4967 2690 5006 ex
2716 4953 2822 5006 hac
2844 4952 2972 5021 ipsa
2994 4951 3297 5007 iunctione
3316 4953 3678 5010 desumitur:
3703 4971 3834 5025 quae

2182 5058 2319 5097 cum
2333 5043 2392 5096 in
2407 5040 2680 5096 universa
2692 5041 2814 5095 fere
2829 5041 3091 5096 Ecclesia
3113 5043 3372 5115 episcopi
3397 5044 3636 5116 propria
3649 5048 3834 5109 esset,

2182 5149 2248 5188 ac
2276 5131 2658 5203 Jerosolymis
2689 5131 2762 5186 ab
2795 5132 2924 5202 ipso
2955 5131 3158 5203 Cyrilli
3201 5150 3540 5190 successore
3588 5150 3828 5190 exerce-

2183 5229 2370 5286 retur,
2402 5229 2468 5277 ut
2486 5222 2613 5291 ipse
2637 5228 2888 5278 testatur
2908 5223 3064 5294 apud
3093 5223 3518 5295 Hieronymum
3540 5225 3712 5296 epist.
3737 5225 3829 5294 6t,

2186 5328 2346 5368 nunc
2378 5311 2466 5376 38,
2499 5326 2533 5365 a
2557 5310 2612 5366 S.
2649 5312 2918 5379 Maximo,
2952 5329 3072 5367 non
3102 5313 3295 5384 potuit
3337 5313 3452 5369 nisi
3484 5313 3832 5386 presbytero

2188 5399 2671 5456 committi.Adde
2716 5401 3002 5473 Cyrillum
3047 5408 3264 5473 printer
3309 5405 3699 5458 catecheseon
3731 5419 3837 5457 cu-

2185 5505 2334 5551 ram,
2356 5489 2534 5545 etiam
2554 5487 2830 5544 homilias
2852 5490 2912 5544 in
2937 5489 3143 5562 synaxi
3171 5490 3378 5545 eodem
3409 5497 3675 5563 tempore
3701 5505 3836 5560 pro-

2184 5577 2501 5639 nuntiandi
2531 5579 2796 5640 ofﬁcium
2810 5579 3091 5639 habuisse
3117 5595 3132 5636 :
3163 5585 3230 5636 ut
3259 5580 3440 5640 etiam
3460 5578 3835 5654 supersitho-
