4094 6282
246 315 323 375 39
1527 289 1631 350 DE
1675 287 1874 346 ViTA
1925 280 1988 341 s.
2036 278 2372 342 CYRILLI.
3583 277 3664 337 4o

247 448 416 504 milia
446 447 571 511 ejus
603 445 660 496 in
686 439 1006 510 paralitycu

247 550 445 604 scopo,
479 531 577 600 qui
629 533 834 599 postea
877 522 1339 577 concionaturus
1393 520 1538 578 erat,
1598 512 1772 566 dicta.
1828 511 1901 562 At

242 619 600 694 praedicandi
635 615 1007 671 ordinarium
1025 611 1082 664 in
1099 607 1353 662 ecclesia
1373 619 1583 658 munus
1611 601 1754 655 solis
1774 601 1902 652 erat

241 691 604 782 presbyteris
635 706 738 760 illo
775 711 1038 773 tempore
1054 695 1522 754 attributum.Ne
1555 691 1898 762 quisautem

245 776 405 854 dicat
426 776 773 853 Vcatecheses
805 809 838 846 a
869 789 1085 861 Cyrillo
1102 793 1417 858 postquam
1444 782 1633 836 factus
1656 776 1901 848 fuitepi-

247 905 460 958 scopus
492 874 1443 957 peroratasobstantgravissimae
1475 865 1896 936 rationes,qui-

246 956 450 1032 bus—in
486 956 758 1044 sequenti
793 965 1350 1033 dissertationecap.
1372 963 1606 1025 2,num.
1645 959 1708 1010 10
1737 956 1896 1017 etii,

250 1073 308 1120 et
336 1083 464 1135 cap.
500 1067 551 1126 5,
670 1064 758 1124 31,
808 1056 1130 1129 probamus
1170 1068 1268 1106 eas
1291 1065 1445 1105 anno
1469 1047 1591 1109 348,
1616 1050 1682 1099 ut
1709 1041 1899 1097 serius

246 1153 686 1226 pronuntiatas,
762 1145 1090 1201 viventibus
1151 1139 1382 1195 duobus
1439 1131 1899 1206 imperatoribus

245 1220 587 1299 Constantio
645 1245 702 1293 et
759 1238 1097 1291 Constante.
1161 1233 1235 1285 At
1293 1228 1605 1299 episcopus
1645 1220 1899 1293 Cyrillus

258 1350 378 1387 non
411 1331 523 1386 fuit
553 1329 668 1383 nisi
703 1333 835 1397 post
861 1321 1198 1378 Constantis
1229 1333 1458 1372 necem.

319 1426 403 1476 12.
443 1422 702 1477 Alterum
735 1414 1109 1488 probandum
1143 1413 1433 1481 superest,
1468 1404 1756 1476 Cyrillum
1787 1399 1899 1455 ali-

245 1519 390 1583 quot
419 1518 743 1579 antequam
777 1504 1117 1560 catecheses
1162 1504 1397 1554 nostras
1443 1495 1668 1549 diceret
1698 1491 1895 1554 annis,

241 1603 366 1674 jam
401 1599 812 1672 presbyterum
845 1594 1045 1647 fuisse.
1087 1591 1280 1643 Primo
1314 1587 1498 1650 enim,
1532 1583 1664 1654 quis
1697 1579 1900 1636 credat

244 1668 587 1762 presbytero
617 1681 1002 1740 adolescenti.
1029 1678 1265 1750 qualem
1293 1675 1686 1743 Hieronymus
1717 1668 1897 1740 Cyril-

1008 451 1084 499 m,
1119 433 1342 486 vivente
1368 432 1427 482 et
1447 429 1740 498 prasente
1773 420 1891 492 epi-
1925 418 1972 483 A
2007 433 2233 472 canone
2267 419 2351 470 11.
2388 415 2502 469 Nec
2547 412 2736 469 multo
2781 417 2918 467 ante
2949 427 3174 466 annum
3230 427 3264 466 a
3305 410 3479 467 nobis
3505 411 3663 466 assi-

2007 513 2249 580 gnatum
2309 505 2618 576 presbyter
2668 508 2758 558 est
2811 508 3067 565 creatus,
3133 502 3233 572 qui
3269 517 3365 556 an.
3420 502 3522 555 347
3571 499 3664 554 vel

2006 598 2128 656 348,
2165 595 2358 650 adhuc
2390 597 2450 648 in
2479 593 2843 648 adolescentia
2873 597 3018 655 erat,
3054 591 3102 646 si
3133 590 3431 646 credimus
3463 590 3664 644 Hiero-

2008 702 2212 756 nymo.

2083 777 2166 829 13.
2202 775 2327 829 Non
2357 772 2712 844 simpliciter
2736 774 2796 826 et
2836 769 3154 842 vulgariter
3200 767 3486 840 Cyrillum
3516 784 3651 840 pre-

2009 864 2312 936 sbyterum
2341 863 2482 918 fecit
2513 879 2654 916 suus
2696 861 3029 932 episcopus.
3082 859 3268 926 Hunc,
3304 863 3506 929 postea
3537 856 3656 913 sal-

2007 960 2150 1017 tem,
2178 953 2408 1009 caeteris
2435 951 2677 1024 collegis
2702 949 3042 1022 praeposuit,
3068 949 3151 1004 ita
3172 954 3239 1002 ut
3258 947 3353 1019 pel
3377 945 3659 1005 solus.vel

2007 1043 2276 1097 omnium
2311 1048 2668 1113 postremus,
2701 1039 2858 1110 quod
2875 1036 3180 1110 dignitatis
3212 1041 3508 1100 erat,ante
3533 1035 3657 1107 epi-

2008 1148 2252 1203 scopum
2276 1131 2518 1186 diceret.
2550 1128 2607 1183 ld
2638 1133 2801 1200 patet
2830 1143 2902 1182 ex
2934 1126 3180 1181 homilia
3207 1129 3266 1180 in
3290 1124 3652 1196 paraliticum

2006 1224 2070 1278 in
2102 1223 2220 1278 ﬁne
2249 1239 2414 1277 num.
2448 1224 2535 1276 20.
2569 1220 2754 1276 Citius
2784 1219 2943 1274 enim
2967 1216 3269 1288 abrumpit
3297 1215 3656 1281 orationem,

2006 1329 2081 1368 ne
2114 1312 2420 1384 prolixitas
2453 1311 2581 1382 ejus
2612 1308 2997 1380 subsequenti
3030 1307 3218 1362 Patris
3249 1303 3526 1360 concioni
3549 1303 3656 1358 im-

2006 1403 2415 1474 pedimentum
2449 1399 2694 1472 aliquod
2716 1400 2972 1454 afferret.
2999 1397 3069 1452 Se
3093 1398 3154 1451 in
3197 1393 3447 1466 singulis
3480 1407 3659 1463 syna-

2006 1493 2180 1548 xibus
2213 1491 2523 1548 Dominica
2552 1490 2647 1546 die
2680 1490 3011 1544 orationem
3045 1485 3323 1541 habuisse
3375 1483 3517 1538 satis
3548 1481 3654 1536 de-

2009 1583 2215 1643 clarat.
2243 1598 2377 1637 cum
2409 1582 2470 1634 in
2503 1596 2620 1634 una
2673 1577 3137 1648 Quadragesima
3172 1574 3423 1630 duarum
3457 1571 3660 1626 Domi-

2008 1673 2143 1727 nica
2174 1671 2268 1726 die
2283 1670 2619 1725 habitarum
2637 1668 2992 1722 concionum
3011 1664 3352 1719 meminerit
3375 1682 3388 1719 :
3413 1661 3659 1716 alterius

247 1751 375 1834 lum
410 1751 694 1848 depingit.
721 1773 918 1827 statim
945 1770 1016 1824 ab
1041 1766 1413 1822 ordinatione
1439 1779 1543 1817 sua
1583 1759 1897 1814 Maximum
1935 1783 1980 1846 Β
2012 1767 2123 1817 cat.
2161 1763 2245 1825 to,
2280 1776 2339 1813 ῃ,
2380 1761 2461 1825 14,
2496 1757 2740 1812 alterius
2767 1761 2879 1811 cat.
2915 1757 3000 1820 14,
3029 1770 3088 1807 η,
3125 1755 3212 1809 24,
3247 1752 3426 1807 Plura
3475 1751 3651 1805 etiam

261 1869 664 1924 confessorem
728 1860 1162 1933 gravissimum,
1195 1855 1557 1926 praecipuum
1591 1848 1772 1904 ofﬁcii
1811 1847 1901 1901 sui

242 1974 462 2014 munus
479 1952 936 2009 concredidisse.
949 1949 1296 2018 priusquam
1313 1941 1786 2012 experimentum
1802 1934 1902 1989 ali-

250 2047 408 2119 quod
426 2046 514 2100 sui
533 2041 862 2097 dedissetin
879 2036 1198 2093 ordinariis
1212 2025 1900 2099 homiliis?Cyrillumita-

252 2154 365 2207 que
382 2150 596 2190 censeo
614 2129 866 2201 simplici
886 2123 1245 2199 praedicandi
1265 2134 1508 2175 munere
1540 2116 1768 2185 aliquot
1798 2129 1900 2168 an-

250 2227 343 2281 nis
363 2225 625 2278 functum
639 2266 648 2280 .
660 2227 977 2288 antequam
996 2215 1046 2268 ei
1061 2212 1450 2268 catecheseon
1465 2223 1606 2261 cura
1618 2210 1905 2276 praeterea

254 2317 679 2385 imponeretur.
717 2306 1008 2370 Secundo,
1042 2319 1152 2356 nec
1184 2299 1427 2370 primas.
1461 2296 1604 2350 istas
1634 2310 1782 2364 quas
1806 2292 1906 2346 ha-

251 2381 482 2467 bemus,
516 2418 550 2455 a
580 2398 798 2470 Cyrillo
834 2394 1018 2448 dictas
1038 2389 1376 2445 catecheses
1411 2390 1612 2456 putem
1646 2383 1718 2437 Ut
1741 2381 1901 2434 enim

263 2493 557 2553 omittam,
591 2469 751 2557 quod
783 2490 894 2538 cat.
929 2482 984 2546 6,
1019 2497 1076 2533 n.
1111 2481 1198 2538 21,
1233 2493 1363 2546 quae
1406 2473 1478 2528 de
1528 2470 1774 2526 Manetis
1806 2469 1898 2523 hi-

253 2581 440 2637 storia
469 2579 736 2632 dicturus
768 2578 911 2626 erat:
947 2585 1015 2622 ea
1034 2569 1157 2635 jam
1183 2583 1215 2619 a
1238 2582 1320 2625 se,
1346 2565 1419 2617 iis
1441 2579 1588 2632 quos
1614 2559 1687 2615 ad
1710 2558 1903 2628 bapti—

261 2685 454 2724 smum
488 2661 839 2719 instituebat
859 2653 1330 2729 praecedentibus
1354 2651 1527 2705 annis
1553 2649 1710 2703 dicta
1731 2647 1902 2718 signi.

263 2760 439 2813 ﬁcare
473 2755 722 2812 videtur,
758 2746 1060 2804 annotatio
1095 2740 1504 2799 catechesibus
1535 2744 1667 2809 post
1697 2751 1901 2791 earum

247 2847 514 2901 indicem
546 2843 606 2896 in
641 2856 781 2894 mss.
818 2837 1061 2908 praeﬁxa
1092 2839 1150 2888 et
1181 2849 1213 2886 a
1253 2830 1424 2885 nobis
1465 2833 1600 2882 ante
1631 2830 1899 2896 procate-

258 2935 462 2990 chesin
487 2931 645 2987 edita
665 2928 945 2991 declarat,
972 2923 1257 2995 Cyrillum
1281 2935 1398 2973 non
1423 2919 1529 2971 hos
1567 2915 1722 2970 solas
1745 2920 1899 2969 cate-

257 3025 486 3089 cheses,
511 3021 613 3076 sed
638 3016 886 3089 singulis
908 3015 1082 3069 annis
1101 3010 1328 3066 similes
1351 3007 1566 3061 dixisse
1595 3029 1606 3064 ς
1634 3005 1774 3058 istas
1796 3019 1901 3057 au-

257 3120 374 3166 tem
406 3128 440 3166 a
472 3108 754 3164 studiosis
790 3103 927 3157 viris
960 3119 1029 3156 ex
1060 3117 1158 3154 ore
1187 3097 1439 3153 dicentis
1473 3093 1690 3162 scripto
1730 3107 1900 3145 exce—

253 3207 405 3272 ptas.
449 3195 775 3252 Verisimile
810 3198 899 3247 est
931 3189 1226 3245 studiosos
1259 3187 1414 3251 illos,
1448 3200 1567 3237 non
1598 3198 1744 3252 quas
1779 3180 1897 3251 pri-

254 3269 418 3344 mum
444 3287 592 3342 dixit
608 3283 862 3355 Cyrillus
885 3279 1081 3334 statim
1101 3271 1538 3345 scripsissezsed
1562 3269 1904 3341 praeceden-

251 3381 403 3433 tium
435 3373 830 3432 admiratione
863 3375 920 3423 et
950 3370 1144 3421 fructu
1178 3361 1538 3420 admonitos.
1573 3360 1716 3413 istas
1747 3373 1901 3412 anno

255 3469 456 3537 aliquo
488 3463 912 3531 subsequente,
942 3455 1160 3525 scripto
1195 3452 1268 3507 ad
1291 3447 1657 3522 posteritatis
1685 3462 1902 3500 memo-

251 3536 404 3610 riam
431 3567 778 3609 conservare
801 3547 1076 3602 voluisse.
1101 3542 1314 3601 Tertio,
1341 3541 1424 3593 ita
1474 3536 1643 3608 [VIII]
1674 3537 1736 3589 in
1781 3540 1901 3590 toto

250 3645 641 3700 catecheseon
675 3653 918 3709 corpore
947 3634 1211 3704 loquitur
1240 3629 1407 3700 quasi
1441 3645 1510 3682 ex
1551 3625 1901 3681 auctoritate

251 3750 512 3796 summa,
529 3729 700 3801 quasi
725 3727 887 3782 solus
911 3716 1653 3779 auditoruminstitutionis
1685 3721 1742 3769 et
1761 3730 1867 3784 pro
1886 3744 1899 3753 -

247 3827 442 3881 fectus
471 3837 671 3900 curam
693 3810 1194 3883 sustinens,quasi
1217 3810 1276 3862 in
1302 3810 1412 3863 hoc
1435 3822 1648 3879 genere
1667 3803 1900 3858 dicendi

250 3915 528 3970 subactus
560 3893 618 3965 et
647 3908 1004 3964 exercitatus
1061 3900 1277 3956 Nullibi
1311 3914 1431 3952 suae
1465 3894 1720 3950 recentis
1744 3892 1898 3947 ordi-

251 4002 511 4057 nationis
531 3995 914 4061 meminit,ve|
932 3989 1258 4063 juventutis
1277 3986 1509 4041 veniam
1528 3983 1899 4054 deprecatur;

249 4092 408 4162 quod
438 4091 522 4143 vir
553 4084 1028 4142 modestissimus
1060 4096 1178 4134 non
1210 4076 1442 4130 videtur
1471 4070 1903 4145 praetermissu-

247 4199 352 4236 rus
383 4180 582 4234 fuisse.
618 4176 928 4229 Meliorum
958 4187 1018 4223 se
1053 4170 1179 4239 ipso
1213 4164 1652 4236 magistrorum,
1703 4157 1803 4228 qui
1836 4173 1904 4212 ea

252 4288 384 4340 quae
410 4268 655 4321 dixisset
673 4260 988 4317 sublimius
1003 4263 1061 4310 et
1083 4254 1400 4327 perfectius
1426 4249 1753 4320 cogitarent
1778 4261 1900 4300 me-

250 4360 426 4414 minit
454 4362 565 4410 cat.
602 4355 689 4417 18,
722 4368 761 4406 n
817 4352 904 4412 32,
949 4344 1315 4414 antiquiores
1364 4356 1500 4393 vero
1551 4343 1609 4391 et
1637 4336 1902 4390 seniores

248 4465 368 4503 non
401 4446 559 4499 dicit.
588 4445 804 4507 Quarto
832 4436 1092 4500 tandem,
1119 4434 1274 4486 inter
1301 4427 1684 4500 Cyrillianam
1710 4422 1902 4477 homi-

2012 1853 2503 1905 commemorata
2548 1861 2608 1901 se
2644 1862 2764 1899 non
2815 1845 2896 1899 ita
2944 1841 3173 1915 pridem
3224 1857 3329 1912 pro
3379 1843 3653 1910 suggestu

2011 1945 2260 1995 tractata
2289 1945 2346 1993 et
2376 1937 2661 2008 exposita,
2695 1950 2947 2005 quorum
2979 1932 3152 1988 facile
3181 1936 3454 2002 poterant
3486 1926 3651 1982 audi-

2011 2036 2167 2083 tores
2198 2026 2515 2081 recordari.
2551 2025 2673 2079 Vid.
2709 2029 2820 2078 cat.
2858 2026 2944 2088 12,
2975 2039 3034 2077 n.
3067 2023 3174 2087 28;
3216 2025 3328 2074 cat.
3365 2020 3451 2084 13,
3503 2033 3562 2070 n.
3598 2017 3654 2070 9.

2008 2117 2352 2172 Habitarum
2381 2115 2452 2170 ab
2485 2115 2618 2169 aliis
2652 2113 3007 2168 concionum
3045 2127 3166 2164 non
3201 2106 3512 2173 meminit;
3545 2120 3656 2158 nec

2005 2213 2318 2278 propterea
2343 2211 2543 2260 tamen
2575 2209 2821 2259 caeteros
2852 2201 3228 2273 presbyteros
3257 2202 3450 2252 mutos
3481 2210 3653 2249 man-

2006 2297 2153 2351 sisse
2181 2303 2402 2366 putem.
2437 2295 2581 2348 Nam
2636 2308 2768 2346 eum
2825 2306 3076 2349 morem.
3129 2287 3228 2359 qui
3281 2287 3343 2340 in
3375 2283 3651 2356 plurimis

2005 2385 2260 2441 Orientis
2283 2384 2492 2439 saltem
2513 2381 2792 2437 Ecclesils
2823 2379 3183 2442 servabatur,
3217 2382 3282 2431 ut
3318 2370 3647 2447 presbyteri

2005 2491 2159 2529 unus
2194 2479 2325 2544 post
2340 2473 2520 2528 alium
2536 2471 3034 2526 concionarentur
3049 2473 3108 2523 et
3123 2465 3370 2521 ultimus
3383 2463 3649 2518 omnium

2008 2564 2341 2634 episcopus,
2366 2563 2543 2617 etiam
2569 2559 2989 2630 Hierosolymis
3005 2561 3298 2612 retentum
3316 2552 3649 2626 signiﬁcare

2005 2653 2238 2708 videtur
2267 2653 2360 2706 his
2391 2651 2582 2706 verbis
2601 2653 2829 2704 Procat.
2855 2664 3020 2702 num.
3044 2648 3100 2713 4,
3129 2644 3344 2715 quibus
3368 2639 3649 2698 admirari

1998 2741 2222 2814 jubens
2253 2740 2562 2813 praesentis
2595 2737 2981 2794 ecclesiastici
3013 2739 3337 2790 conventus
3377 2731 3646 2786 ordinem

2007 2836 2064 2884 et
2095 2829 2604 2901 compositionem.
2639 2826 2816 2881 simul
2847 2830 3119 2880 recenset
3147 2816 3495 2875 διδατκαλίας
3529 2816 3652 2869 ἀκο-

2008 2915 2247 2980 λουθῖαν,
2281 2918 2511 2974 docendi
2541 2918 2788 2971 ordinem
2820 2923 2871 2969 et
2899 2919 3127 2979 seriem;
3179 2910 3334 2983 quod
3365 2909 3456 2963 vix
3486 2904 3648 2962 aliud

2007 3014 2222 3080 praeter
2243 3007 2673 3077 subsequentes
2692 3021 2759 3059 ex
2774 3003 2982 3058 ordine
3005 3002 3322 3058 conciones
3338 2997 3650 3068 designare

2011 3103 2221 3169 potest.
2256 3098 2337 3151 Ex
2369 3095 2685 3151 commissa
2715 3100 2913 3148 tamen
2956 3091 3343 3147 catecheseon
3376 3093 3434 3142 et
3461 3083 3652 3156 bapti-

2012 3187 2332 3242 zandorum
2365 3202 2506 3241 cura
2535 3185 2609 3240 ad
2641 3185 2984 3255 episc0pum
3025 3181 3262 3252 proprie
3295 3177 3652 3249 pertinente,

2012 3293 2121 3332 nec
2152 3275 2323 3331 facile
2350 3275 2484 3330 aliis
2506 3272 2938 3332 commendata.
2967 3285 3088 3325 una
3114 3284 3248 3323 cum
3276 3262 3657 3335 frequenti,et

2012 3365 2248 3421 assiduo
2280 3365 2340 3418 in
2373 3363 2691 3434 synaxibus
2727 3358 3120 3416 concionandi
3152 3351 3655 3424 munere,optime

2012 3454 2328 3526 colligitur,
2362 3452 2648 3522 Cyrillum
2679 3468 2713 3506 a
2751 3455 2954 3505 saneto
3000 3445 3252 3519 praesule
3282 3441 3656 3516 presbytero-

2012 3560 2144 3598 rum
2177 3543 2529 3613 principem,
2558 3549 2615 3595 et
2641 3540 2809 3611 quasi
2863 3539 3149 3609 majorem
3198 3550 3266 3589 ac
3295 3530 3659 3605 generalem,

2009 3634 2095 3688 uti
2126 3633 2402 3698 dicimus,
2434 3630 2718 3685 vicarium
2750 3627 3139 3683 constitutum
3167 3641 3180 3677 :
3234 3622 3428 3694 qualis
3458 3625 3664 3691 postea

2010 3721 2465 3776 fuit.\ntiochiae
2490 3719 2598 3774 sub
2623 3716 2852 3773 Meletio
2891 3716 3147 3771 Joannes
3184 3712 3660 3782 Chrysostomus,

2013 3818 2071 3866 et
2092 3811 2357 3882 Hippone
2382 3809 2490 3864 sub
2512 3795 2739 3862 Valerio
2766 3804 3128 3877 Augustinus
3174 3800 3447 3855 Intimam
3489 3797 3656 3850 illam

2013 3899 2246 3954 Maximi
2270 3899 2331 3953 in
2354 3897 2572 3968 Cyrillo
2597 3893 2718 3968 [IX]
2746 3893 3046 3956 ﬁduciam,
3081 3891 3351 3946 dubitare
3375 3903 3491 3942 non
3520 3885 3661 3939 licet

2014 4006 2080 4045 ex
2113 3988 2415 4058 reciproco
2440 3984 2642 4056 Cyrilli
2666 3985 2727 4038 in
2759 3983 3076 4038 Maximum
3106 3974 3656 4046 affectu,obsequio,

2014 4076 2407 4140 observantia,
2442 4072 2749 4140 ﬁdelitate,
2795 4071 3230 4127 sententiarum
3263 4065 3660 4121 unanimitate

2012 4172 2070 4221 et
2099 4162 2376 4219 concordi
2407 4162 2708 4218 voluntate
2737 4162 3084 4233 profectam,
3115 4156 3405 4212 nutritam
3441 4159 3499 4209 et
3527 4168 3659 4208 cor—

2013 4253 2372 4308 roboratam.

2085 4344 2170 4399 14.
2199 4344 2383 4408 Quam
2415 4342 2487 4398 de
2519 4341 2736 4414 Cyrillo
2786 4356 2954 4411 spem
2988 4341 3342 4408 conceperat
3387 4333 3437 4388 S.
3475 4329 3656 4386 Maxi-

2010 4450 2163 4501 mus,
2192 4451 2312 4488 non
2339 4432 2548 4488 fefellit
2587 4431 2971 4504 dignissimus
3014 4427 3342 4498 presbyter.
3377 4424 3504 4478 Non
3535 4424 3661 4474 erat

247 4539 391 4593 liam
424 4505 869 4604 inpa-relyticum
895 4524 1282 4598 ejusdemque
1308 4516 1667 4579 catecheses,
1685 4529 1753 4567 ea
1768 4511 1900 4582 styli

2012 4523 2155 4577 levis
2177 4523 2512 4578 catechistaa
2531 4521 2776 4576 functio.
2812 4520 2969 4574 inter
2990 4518 3107 4573 alia
3137 4514 3465 4588 praisertim
3505 4525 3655 4582 prae-

253 4624 653 4695 discrepantia
677 4615 1300 4689 deprehenditur.quaa
1317 4605 1620 4661 homiliam
1639 4621 1671 4658 a
1685 4605 1902 4674 juvene

258 4723 316 4772 et
346 4718 665 4770 immaturo
697 4725 806 4763 nec
841 4706 982 4761 satis
1013 4703 1074 4756 in
1128 4708 1250 4755 arte
1301 4695 1536 4751 die-udi
1583 4699 1900 4747 exerc1tato

251 4806 583 4880 profectam
617 4798 949 4871 signiﬁcet;
984 4790 1324 4847 catecheses
1348 4801 1481 4839 vero
1515 4800 1549 4838 a
1582 4781 1899 4836 robustiori

253 4891 682 4960 maturiorique
745 4885 1002 4955 ingenio.
1067 4881 1205 4944 Quae
1265 4893 1398 4931 cum
1458 4874 1540 4927 ita
1591 4872 1728 4930 sint.
1763 4871 1902 4926 licet

249 5001 451 5057 presse
483 4999 550 5036 ac
582 4980 1010 5046 circumspecte
1042 4985 1265 5026 annum
1298 4964 1689 5020 ordinationis
1720 4962 1902 5034 Cyril-

248 5075 422 5129 lianaa
438 5069 691 5125 definire
714 5083 828 5120 non
851 5055 1531 5134 possimus,conjicimus
1553 5059 1750 5106 tamen
1766 5067 1897 5105 eum

250 5179 406 5218 anno
441 5161 545 5213 344
584 5157 672 5210 vel
707 5158 828 5212 345.
861 5169 982 5206 non
1014 5149 1205 5204 serius
1237 5144 1647 5216 presbyterum
1681 5141 1899 5196 factum

250 5268 400 5312 esse;
429 5249 603 5304 annis
631 5245 815 5299 tribus
837 5242 925 5296 vel
951 5245 1204 5311 quatuor
1226 5241 1543 5303 antequam
1581 5247 1717 5285 suas
1739 5237 1898 5285 cate-

251 5341 458 5395 cheses
477 5335 1172 5407 pronuntiaret:eumque
1197 5331 1319 5378 tum
1352 5337 1538 5376 annos
1571 5327 1776 5373 natum
1795 5319 1902 5372 tri-

251 5429 416 5502 ginta
444 5427 533 5480 vel
563 5424 799 5479 circiter
827 5439 840 5485 ;
875 5436 1005 5489 quae
1027 5413 1363 5471 communis
1387 5417 1445 5465 et
1475 5410 1738 5481 legitima
1767 5426 1902 5480 pre-

251 5516 566 5589 sbyteralis
597 5509 991 5568 ordinationis
1019 5513 1160 5562 mtas
1193 5509 1338 5560 erat.
1374 5505 1438 5554 ut
1467 5504 1628 5570 patet
1659 5515 1728 5553 ex
1760 5516 1898 5554 con-

248 5607 371 5663 cilii
402 5599 894 5662 Neocaesariensis
923 5598 1017 5654 his
1045 5597 1169 5654 fere
1210 5589 1585 5665 temporibus
1614 5590 1898 5650 celebrati

2014 4612 2345 4684 sbyteratus
2365 4612 2588 4667 munia.
2613 4612 2674 4664 in
2697 4608 3153 4679 occupatissima
3173 4605 3426 4660 civitate.
3453 4602 3662 4656 Totum

2013 4707 2140 4774 ejus
2173 4703 2254 4757 rei
2284 4701 2548 4756 laborem
2583 4699 2798 4770 Cyrillo
2832 4698 3164 4770 resignasse
3181 4694 3413 4749 videtur
3442 4691 3661 4762 episco-

2011 4808 2141 4863 pus,
2175 4807 2310 4845 cum
2341 4789 2412 4844 de
2446 4789 2550 4843 illo
2583 4788 2837 4859 Cyrillus
2861 4785 3072 4841 nullibi
3103 4785 3402 4854 loquatur.
3429 4777 3662 4833 Admit-

2014 4880 2331 4935 tendorum
2365 4879 2464 4950 qui
2496 4895 2557 4933 se
2573 4876 2921 4943 offerebant,
2956 4871 3663 4929 etinscribendorumeo-

2012 4968 2284 5025 rumdem
2317 4969 2626 5022 nominum
2650 4983 2851 5021 curam
2881 4981 2942 5019 se
2965 4964 3158 5018 solum
3185 4959 3462 5016 habuisse
3486 4953 3664 5028 signi-

2016 5059 2153 5113 ﬁcat
2183 5060 2393 5112 l’rocat
2431 5073 2596 5111 num.
2631 5057 2834 5111 4.cum
2851 5070 2910 5107 se
2932 5053 3006 5108 ad
3032 5047 3499 5122 permittendum
3527 5042 3664 5098 uni-

2014 5148 2227 5218 cuique
2251 5143 2876 5218 ingressumjanitoris
2903 5142 3023 5196 vice
3046 5139 3206 5212 fungi
3233 5137 3332 5192 ait.
3358 5138 3540 5190 Erant
3565 5147 3666 5187 au-

2014 5242 2132 5291 tem
2157 5236 2357 5306 plures
2381 5234 2480 5305 qui
2505 5232 2814 5288 erudiendi
2837 5230 3220 5294 accedebant;
3253 5243 3373 5282 non
3404 5225 3563 5280 enim
3595 5235 3665 5274 ex

2015 5327 2546 5398 Hierosolymitana
2570 5327 2714 5382 urbe
2739 5323 3062 5388 solum,sed
3078 5340 3146 5377 ex
3168 5320 3398 5394 pagiset
3416 5313 3662 5371 urbibus

2014 5419 2188 5472 etiam
2215 5415 2651 5488 episcopalibus
2674 5415 2952 5470 habuisse
2969 5412 3197 5467 videtur
3218 5410 3541 5467 auditores;
3557 5399 3661 5471 qui

2015 5505 2229 5562 deinde
2261 5505 2347 5560 vel
2374 5504 2446 5559 ab
2479 5504 2770 5576 episc0pis
2795 5502 2884 5558 vel
2908 5499 3322 5574 apresbyteris
3352 5493 3437 5549 vel
3474 5508 3507 5546 a
3537 5489 3664 5544 dia-

2013 5595 2179 5653 conis
2198 5593 2535 5668 baptizandi
2556 5602 2746 5661 erant;
2766 5609 2916 5666 quos
2937 5591 3159 5649 idcirco
3181 5589 3387 5645 monet
3421 5587 3536 5640 cat.
3579 5580 3672 5673 17’
