4090 6268
253 317 317 374 41
1665 301 2191 370 DISSEBTATIO
2235 307 2284 367 Ι.

256 462 417 503 num.
441 447 537 514 35,
560 445 840 502 eamdem
864 461 995 501 esse
1018 460 1254 516 semper
1274 442 1560 516 baptismi
1580 441 1698 497 vim
1722 446 1780 496 et
1798 456 1924 513 gra-
1951 440 2003 505 Α
2034 438 2211 495 stidio
2243 439 2522 511 consulit,
2553 456 2623 497 ac
2666 440 3029 498 catecheson
3074 438 3478 514 prolixitatem
3511 454 3690 498 excu-

258 538 423 601 tiam,
454 537 802 607 quicunque
834 535 1073 591 tandem
1105 551 1175 589 ex
1200 534 1324 589 illis
1354 532 1616 605 praefatis
1636 533 1818 587 ritum
1842 545 1930 586 sa-

265 644 433 682 crum
461 627 908 681 administrent.
946 625 1332 696 Singulorum
1363 623 1694 678 voluntates
1729 618 1931 692 explo-

267 717 474 774 raudaa
498 722 686 780 erant,
718 732 790 769 ne
825 714 959 785 quis
990 714 1079 768 vel
1129 713 1336 769 doloso
1382 713 1604 780 animo,
1636 711 1727 765 vel
1757 724 1935 781 prava

273 806 393 861 alia
422 805 603 861 animi
628 804 974 859 inductione
998 802 1344 858 accederet:
1372 808 1495 857 tum
1517 800 1814 873 profectus
1841 799 1935 853 in-

278 894 550 967 dagandi.
584 894 745 964 quod
799 909 860 948 se
912 892 1169 948 sollicite
1201 892 1680 948 examinaturum
1712 889 1797 944 ait
1842 887 1935 943 his

273 984 461 1039 verbis
494 986 716 1039 Procat.
768 1000 826 1037 n.
863 986 924 1036 15
953 999 964 1035 :
1000 982 1207 1037 Videbo
1236 983 1480 1037 studium
1503 979 1937 1048 uniuscujusque

200 1068 211 1147 ξ
283 1076 405 1137 viri.
438 1072 634 1128 videbo
678 1073 1048 1142 unicujusque
1102 1073 1327 1140 femina:
1365 1072 1650 1140 pietatem.
1685 1067 1773 1123 Ad
1809 1067 1936 1121 haac

200 1168 213 1241 μ
279 1162 690 1220 accedentium
724 1161 1135 1216 confessiones
1185 1159 1521 1227 audiendas,
1555 1175 1689 1230 quas
1733 1156 1941 1227 omnia

198 1244 211 1335 ξ
276 1269 519 1324 prorsus
548 1256 840 1306 anteactae
871 1252 1003 1306 vitae
1035 1256 1278 1322 peccata
1308 1266 1545 1305 summa
1579 1247 1699 1302 fide
1740 1245 1940 1317 expri-

279 1357 436 1397 mere
470 1340 795 1402 debebant,
833 1345 947 1395 cat.
984 1343 1034 1407 l,
1069 1355 1236 1394 num.
1271 1342 1324 1403 5,
1358 1338 1462 1393 sed
1509 1335 1846 1409 praecipuus
1876 1333 1941 1388 in

280 1429 531 1485 dicendo
564 1429 753 1483 labor.
784 1430 1007 1483 Praeter
1040 1427 1377 1483 ordinarias
1406 1427 1468 1481 in
1490 1423 1812 1496 synaxibus
1836 1421 1943 1477 ho-

281 1520 500 1585 milias,
536 1523 654 1573 tres
696 1523 800 1573 aut
855 1523 1112 1588 quatuor
1171 1516 1422 1589 singulis
1470 1510 1944 1569 hebdomadibus

283 1609 542 1666 habebat
591 1609 969 1675 catecheses;
1022 1624 1274 1679 quarum
1322 1606 1525 1661 multm
1578 1603 1843 1677 prolixae,
1887 1605 1946 1655 et

204 1692 221 1753 ἱ
287 1713 625 1753 sermonem
660 1698 720 1751 in
753 1702 992 1751 noctem
1026 1696 1275 1751 traxisse
1307 1694 1602 1748 videntur.

358 1790 442 1841 15.
472 1786 607 1840 Haec
628 1785 831 1840 omnia
852 1784 1190 1840 admirabili
1225 1783 1535 1855 diligentia
1558 1788 1616 1837 et
1638 1779 1946 1837 alacritate

286 1874 633 1947 perfunctus
654 1875 933 1946 Cyrillus.
958 1874 1325 1945 Praacipuam
1357 1873 1420 1927 in
1452 1871 1555 1927 Dei
1585 1869 1806 1926 auxilio
1839 1884 1946 1940 po-

288 1966 405 2020 suit
436 1965 741 2031 ﬁduciam,
769 1965 939 2034 cujus
961 1980 1134 2035 opem
1163 1962 1275 2017 sibi
1298 1961 1639 2017 auditorum
1671 1957 1947 2035 precibus

286 2070 440 2125 saepe
473 2052 759 2107 accersiri
790 2052 1073 2123 postulat.
1108 2050 1235 2105 Vid.
1262 2056 1373 2105 cat.
1415 2053 1477 2104 12
1521 2066 1580 2105 n.
1616 2049 1648 2102 4
1673 2065 1686 2115 ;
1708 2052 1822 2102 cat.
1858 2045 1945 2112 13,

286 2159 344 2197 n.
377 2144 432 2196 8.
468 2143 614 2196 Tum
652 2141 1126 2196 ecclesiasticam
1158 2139 1489 2194 doctrinam
1527 2142 1707 2192 totam
1747 2135 1948 2191 animo

286 2231 657 2302 complexus,
693 2247 825 2285 eam
848 2230 908 2285 in
944 2236 1029 2284 tot
1046 2234 1195 2300 quot
1214 2228 1476 2300 oportuit
1496 2225 1834 2282 catecheses
1855 2222 1950 2278 di-

287 2321 497 2386 visam,
526 2337 636 2391 per
659 2325 839 2374 totam
858 2318 1387 2391 Quadragesimam
1413 2315 1709 2371 indefesse
1730 2312 1956 2369 audito-

287 2427 419 2465 rum
446 2409 670 2465 animis
702 2408 1030 2474 instillavit,
1062 2413 1175 2462 cat.
1222 2407 1309 2473 18,
1341 2423 1401 2461 n.
1436 2404 1528 2472 32,
1558 2403 1723 2460 omni
1768 2418 1949 2475 argu-

288 2506 632 2554 mentorum
664 2513 880 2570 genere
913 2496 1222 2567 probatam
1248 2515 1261 2562 ;
1298 2500 1359 2550 et
1378 2500 1587 2550 contra
1614 2508 1822 2548 omnes
1852 2493 1954 2546 Ec-

293 2588 492 2643 clesiae
525 2588 753 2653 hostes,
783 2586 1055 2658 gentiles,
1090 2584 1430 2647 Samaritas,
1465 2582 1717 2651 Judazos,
1763 2581 1955 2636 hiare-

292 2677 468 2741 ticos,
504 2676 768 2747 propriis
801 2675 1079 2730 adversus
1126 2688 1556 2745 unosquosque
1588 2669 1955 2740 argumentis

298 2716 468 2741 υννα,
507 2716 768 2747 per”...
801 2716 1079 2730 “me”..-
1133 2716 1556 2745 ......,...,.......,...,
1589 2716 1954 2740 ...μυ-ηπ--

188 2716 201 2836 ἕ
293 2767 642 2821 roboratam
670 2783 684 2832 ;
712 2765 868 2836 quod
902 2771 960 2818 et
992 2766 1209 2819 Procat.
1238 2780 1403 2818 num.
1440 2765 1505 2816 10
1535 2763 1831 2817 facturum
1860 2775 1954 2814 re-

289 2854 474 2927 cepit,
538 2859 599 2907 et
651 2852 1106 2925 diligentissime
1147 2858 1462 2907 exsecutus
1511 2856 1619 2906 est.
1663 2847 1956 2921 Cogitanti

297 2943 813 3017 quemadmodum
867 2942 1133 2999 securius
1164 2950 1223 2998 et
1250 2942 1429 2997 altius
1474 2940 1709 3014 singula
1736 2946 1957 2994 nostra;

284 3034 611 3107 religionis
643 3033 917 3104 dogmata
942 3033 1003 3087 in
1036 3031 1376 3087 auditorum
1407 3028 1624 3085 animis
1655 3027 1958 3099 imprime-

283 3128 530 3185 rentur,
555 3122 850 3176 succurrit
870 3122 929 3175 in
952 3119 1289 3193 generalem
1314 3118 1479 3190 prius
1503 3123 1561 3173 et
1579 3114 1958 3187 compendio-

284 3228 426 3267 sam
457 3210 733 3265 omnium
761 3209 895 3263 ﬁdei
929 3208 1191 3279 capitum
1225 3206 1655 3278 expositionem
1687 3203 1951 3276 praemito

280 3306 451 3357 teret
480 3299 543 3353 in
570 3304 687 3353 cat.
719 3300 773 3356 4.
798 3313 915 3368 qua
943 3298 1185 3352 natione
1209 3301 1575 3367 prmparatus
1605 3293 1949 3349 auditorum

281 3391 388 3446 ani
400 3405 540 3444 mus
555 3388 791 3460 singula
805 3394 935 3458 post
948 3387 1058 3441 hac
1071 3402 1176 3441 suo
1190 3384 1398 3439 ordine
1413 3383 1649 3456 proprie
1666 3383 1963 3455 explican-

284 3479 366 3535 da.
390 3478 638 3533 facilius
662 3476 1037 3548 intelligeret.
1067 3476 1136 3529 Et
1157 3475 1282 3529 haec
1304 3490 1420 3529 una
1442 3472 1769 3528 catechesis
1790 3469 1961 3542 quasi

284 3568 715 3641 perfunctorie
740 3573 799 3620 et
825 3565 1275 3636 praeparationis
1309 3568 1538 3618 tantum
1564 3562 1771 3634 gratia,
1802 3577 1837 3615 a
1861 3560 1963 3632 Cy-

286 3660 433 3714 rillo
468 3659 661 3721 dicta,
694 3656 866 3728 plura
921 3655 1331 3727 complecitur,
1382 3668 1563 3724 quam
1608 3668 1815 3706 omnes
1842 3650 1964 3705 fere

285 3750 575 3808 Patrum.
612 3746 833 3818 quibus
865 3745 1117 3817 symboli
1153 3743 1532 3798 traditionem
1556 3747 1616 3796 et
1646 3739 1963 3812 expositio-

283 3856 437 3894 nem
488 3837 816 3893 absolvunt
881 3835 1201 3889 conciones
1260 3833 1446 3902 Hujus
1496 3830 1772 3892 instituti,
1808 3828 1966 3900 quod

281 3928 424 3998 ejus
446 3941 772 3981 successor
794 3923 1155 3993 sequebatur
1210 3928 1418 3976 auctor
1438 3920 1668 3974 videtur
1689 3918 1964 3989 Cyrillus,

279 4024 403 4072 cat.
443 4018 502 4083 4,
534 4032 594 4067 n.
631 4016 683 4066 3.
713 4013 1027 4066 Maximum
1060 4012 1231 4065 illum
1257 4008 1519 4063 studium
1542 4008 1842 4063 auditores
1865 4006 1966 4063 ad-

273 4120 538 4160 versum
563 4101 1004 4157 haereticorum.
1030 4115 1237 4156 eorum
1265 4098 1596 4170 praesertim
1629 4097 1729 4169 qui
1762 4097 1883 4151 illis
1907 4100 1967 4150 et

188 4204 189 4227 ῖ
273 4195 439 4249 locis
465 4200 530 4249 et
560 4190 933 4261 temporibus
955 4188 1378 4262 grassabantur
1400 4186 1518 4259 [X],
1544 4185 1712 4241 dolos
1736 4192 1795 4241 et
1817 4186 1969 4241 frau-

272 4282 389 4339 des
424 4297 708 4339 armare.
740 4281 1059 4350 Propterea
1085 4278 1402 4349 diligenter
1424 4292 1629 4331 eorum
1660 4275 1970 4330 historiam

196 892 209 1055 ἒ

268 4380 333 4429 et
366 4388 581 4444 prava
611 4370 893 4442 dogmata
923 4367 1245 4431 describit;
1280 4383 1392 4420 nec
1424 4364 1669 4420 timebat
1688 4382 1754 4420 os
1777 4371 1835 4420 et
1854 4364 1972 4419 lin-

2040 535 2151 597 sat,
2175 530 2334 601 quod
2365 548 2520 603 saepe
2545 531 2707 589 facit.
2741 532 2992 603 suoipse
3023 530 3209 588 labori
3230 548 3351 588 non
3380 530 3695 603 parcebat;

2040 618 2159 674 imo
2190 620 2264 675 ad
2284 621 2579 692 patienter
2603 628 2663 677 et
2684 628 3132 694 perseveranter
3151 621 3514 678 audiendum
3536 619 3697 694 quod

2042 708 2115 765 ad
2144 709 2410 781 ipsorum
2428 710 2752 767 utilitatem
2772 710 3130 784 pertinebat,
3153 711 3536 768 vehementer
3554 712 3697 768 hor-

2042 804 2220 856 tatur.
2257 800 2383 856 Vid.
2409 802 2630 858 Procat.
2666 818 2830 857 num.
2867 805 2957 870 10,
2985 807 3099 858 cat.
3146 805 3232 871 17,
3270 818 3436 857 num.
3464 803 3554 858 20.
3586 801 3696 858 Su-

2043 905 2146 944 um
2178 904 2248 945 ea
2278 889 2340 944 in
2369 906 2433 945 re
2464 891 2611 961 ipsis
2642 891 2981 963 exemplum
3004 889 3378 963 proponebat
3401 894 3515 946 cat.
3543 889 3597 957 4,
3633 905 3700 945 n.

2044 982 2150 1044 20;
2184 994 2323 1034 nam
2353 982 2400 1035 si
2419 979 2683 1045 doctores,
2717 980 2934 1052 inquit,
2966 996 3078 1036 non
3110 978 3402 1036 minimum
3427 979 3702 1050 deputant

2048 1069 2190 1124 lucri
2212 1069 2318 1124 sibi
2346 1070 2600 1124 accedere
2619 1070 2766 1141 quod
2788 1070 2907 1127 haec
2928 1071 3201 1137 addiscas,
3233 1076 3295 1125 tu
3314 1070 3438 1141 quis
3458 1067 3702 1126 addiscis

2046 1173 2158 1213 non
2186 1158 2343 1213 debes
2372 1157 2604 1214 libenter
2630 1159 3041 1215 multitudinem
3067 1174 3254 1214 rerum
3276 1172 3405 1230 quae
3439 1158 3706 1213 dicuntur

2050 1249 2354 1318 excipere?
2381 1247 2560 1315 Alibi,
2587 1248 2872 1303 nimirum
2903 1252 3016 1304 cat.
3054 1249 3140 1313 13,
3172 1265 3231 1303 n.
3255 1250 3346 1316 22,
3380 1262 3451 1303 ex
3479 1246 3611 1318 ipsa
3633 1246 3700 1302 in

2052 1336 2275 1393 sanctis
2297 1335 2445 1391 locis
2461 1336 2951 1402 commoratione,
2977 1335 3442 1408 eorumdemque
3460 1351 3708 1407 conspe-

2052 1429 2172 1491 ctu,
2214 1425 2446 1480 animos
2499 1440 2705 1481 eorum
2733 1425 2806 1482 ad
2836 1424 3250 1482 sustinendam
3292 1424 3581 1481 orationis
3628 1422 3702 1478 de

2053 1514 2298 1586 tropaeis
2347 1514 2580 1570 Domini
2639 1515 3041 1587 prolixitatem
3096 1517 3278 1572 exitat
3333 1521 3393 1572 et
3438 1514 3700 1572 roborat.

2051 1606 2270 1660 Tantus
2317 1603 2431 1675 ipsi
2478 1603 2962 1676 baptizandorum
3003 1611 3311 1677 respectus
3343 1609 3402 1660 et
3441 1619 3604 1672 cura,
3636 1608 3705 1659 ut

2053 1693 2233 1749 etiam
2264 1693 2327 1748 in
2356 1691 2624 1749 homiliis
2663 1694 2972 1751 Dominica
3000 1695 3096 1751 die
3144 1693 3220 1750 ad
3251 1699 3435 1750 totam
3465 1683 3702 1766 plebem

1977 1809 2025 1875 Β
2053 1782 2294 1850 habitis,
2324 1781 2463 1838 illos
2492 1783 2801 1854 speciatim
2831 1784 3176 1855 respiceret,
3194 1788 3253 1839 et
3280 1783 3353 1839 ad
3383 1799 3587 1840 eorum
3609 1781 3707 1839 in-

2057 1870 2432 1927 stitutionem
2462 1872 2795 1929 orationem
2825 1889 2993 1928 suam
3015 1872 3511 1941 accommodaret,
3544 1869 3704 1944 quod

2054 1964 2306 2016 testatur
2335 1965 2448 2016 cat.
2487 1963 2569 2025 14,
2603 1978 2663 2017 n.
2706 1964 2796 2017 24.
2849 1961 3087 2018 Utinam
3135 1961 3473 2018 catechistas
3516 1961 3707 2017 nostri

2054 2049 2223 2105 illam
2252 2049 2455 2122 Cyrilli
2487 2049 2667 2106 rudes
2716 2049 3070 2106 instituendi
3102 2049 3342 2123 plenam
3381 2048 3614 2105 roboris
3645 2053 3707 2106 et

2057 2137 2214 2193 succi
2246 2137 2538 2194 rationem
2580 2144 2992 2209 sequerentur,
3026 2154 3147 2194 non
3190 2144 3314 2194 tam
3362 2137 3578 2210 supina
3607 2151 3705 2192 re-

2057 2231 2266 2300 gnaret
2292 2233 2511 2284 nostra
2542 2227 2849 2302 religionis
2870 2227 3163 2301 ignoratio
3188 2226 3202 2283 l

2697 2334 2930 2391 CAPUT
2971 2335 3059 2390 VI.
3156 2351 3160 2353 ‘

2059 2424 2205 2495 Qua
2230 2424 2405 2491 fuerit
2434 2422 2631 2493 Cyrilli
2656 2430 2711 2478 et
2741 2424 2796 2479 S.
2849 2421 3105 2495 Maximi.
3154 2423 3521 2495 Ecclesiaeque
3547 2424 3705 2479 Jeru-

2126 2494 2493 2563 solymitanae.
2524 2495 2590 2550 de
2618 2495 2860 2552 dissidiis
2895 2494 3195 2552 Ecclesium
3222 2510 3285 2551 eo
3310 2494 3550 2566 tempore
3572 2509 3711 2553 con-

2133 2566 2484 2622 turbantibus
2511 2569 2804 2622 sententia.

2137 2675 2222 2728 16.
2254 2674 2379 2739 Quo
2419 2678 2685 2746 tempore
2728 2673 2985 2748 Cyrillus
3014 2673 3252 2732 diaconi
3294 2679 3355 2731 et
3380 2674 3713 2749 presbyteri

2063 2762 2247 2835 gradu
2264 2763 2325 2818 in
2357 2764 2619 2819 Ecclesia
2642 2762 3039 2831 ministrabat,
3062 2763 3336 2837 gravibus
3360 2764 3465 2820 illa
3486 2762 3714 2836 procel-

2065 2853 2141 2908 lis
2163 2852 2540 2924 jactabatur;
2577 2869 2724 2925 quas
2766 2853 2896 2926 ipse
2945 2853 3236 2925 deplorat.
3283 2859 3344 2910 et
3370 2858 3433 2909 ut
3460 2850 3714 2926 proximi

2067 2941 2417 2997 Antichristi
2447 2942 2734 2999 adventus
2762 2943 3129 3014 prtenuntias
3176 2948 3424 3014 spectat,
3475 2947 3589 2999 cat.
3624 2942 3714 3011 15,

2066 3048 2127 3087 n.
2161 3036 2213 3098 7,
2246 3035 2277 3087 9
2309 3038 2368 3088 et
2397 3033 2482 3087 18.
2517 3032 2789 3104 Episcopi
2816 3032 3127 3088 adversum
3157 3032 3489 3105 episcopos,
3513 3027 3716 3086 clerici

2068 3126 2276 3177 contra
2305 3120 2570 3178 clericos.
2604 3120 2807 3193 populi
2831 3121 2892 3176 in
2921 3121 3172 3194 populos
3194 3126 3357 3177 tanto
3378 3119 3714 3176 animorum

2066 3210 2295 3266 fervore
2313 3209 2857 3273 debacchabantur.
2886 3216 2954 3265 ut
2972 3209 3047 3266 ad
3068 3210 3417 3283 sanguinem
3439 3225 3630 3281 usque
3649 3223 3722 3266 ea

2063 3299 2316 3355 dissidia
2336 3299 2720 3371 prosilirent;
2747 3299 2893 3357 ibid.
2919 3316 2979 3355 n.
3004 3304 3057 3356 7.
3082 3300 3372 3356 Nimirum
3392 3298 3532 3354 Ario
3554 3304 3613 3353 et
3628 3313 3722 3355 se-

2065 3391 2360 3462 quacibus
2385 3390 2448 3446 in
2480 3391 2718 3447 Nicaana
2775 3391 3001 3463 synodo
3048 3390 3344 3448 damnatis
3372 3396 3432 3446 et
3459 3387 3726 3446 Ecclesia

2069 3481 2119 3551 ej
2132 3480 2298 3547 ectis,
2332 3479 2630 3536 Eusebius
2659 3486 2916 3553 uterque
2946 3481 3346 3537 Cmsariensis.
3379 3497 3447 3537 ac
3475 3494 3731 3552 praeser-

2069 3569 2172 3624 tim
2197 3569 2685 3629 Nicomediensis.
2703 3585 2822 3625 una
2843 3586 2977 3625 cum
3002 3570 3136 3625 aliis
3153 3569 3431 3626 factionis
3454 3568 3727 3641 ejusdem

2070 3674 2203 3714 cum
2224 3657 2344 3713 Arii
2367 3665 2420 3712 et
2440 3674 2707 3729 personae
2723 3664 2780 3713 et
2795 3658 3152 3731 dognatibus
3169 3665 3341 3725 tecte,
3362 3658 3482 3714 imo
3501 3664 3559 3714 et
3579 3658 3724 3714 satis

2069 3752 2272 3819 aperte
2303 3747 2604 3802 faverent:
2650 3746 3061 3814 Athanasium,
3107 3746 3508 3816 Eustathium,
3551 3751 3730 3803 caste-

2070 3852 2288 3907 rosque
2308 3835 2564 3892 fervidos
2595 3835 3233 3892 consubstantialitatis
3258 3836 3605 3892 defensores
3633 3851 3729 3891 ar-

2076 3926 2235 3981 tibus
2266 3925 2542 3981 omnibus
2573 3941 2937 3999 oppugnare,
2962 3932 3022 3982 et
3042 3926 3286 3981 sedibus
3316 3924 3574 3995 dejicere
3600 3930 3728 3982 ten-

2070 4020 2275 4071 tarunt
2321 4015 2475 4069 Hinc
2490 4019 2720 4070 atroces
2734 4015 2974 4085 jactataa
3000 4013 3396 4070 adversuseos
3418 4012 3734 4069 calumnia

2074 4104 2298 4176 quibus
2331 4102 2471 4159 dum
2502 4104 2637 4175 plus
2681 4120 2853 4174 sequo
2899 4103 3104 4160 faciles
3136 4102 3209 4159 ab
3248 4101 3730 4175 imperatoribus,

2070 4193 2295 4265 alioqui
2318 4193 2452 4265 piis,
2467 4208 2640 4248 aures
2665 4192 3209 4257 accommodantur,
3232 4191 3378 4264 ipsis
3397 4191 3731 4248 assentien-

2077 4282 2233 4338 tibus
2264 4298 2333 4338 ac
2355 4281 2732 4353 jubentibus,
2768 4281 3164 4354 depositione,
3190 4280 3419 4348 exsilio,
3438 4280 3735 4353 variisque

2072 4371 2262 4442 pomis
2291 4369 2750 4442 sanctiores[Xl]
2773 4376 3062 4426 vexantur
3074 4368 3360 4443 episcopi.
3391 4367 3536 4426 Inde
3559 4369 3739 4426 inur-

261 4479 469 4537 gnam
508 4458 837 4515 recensitis
868 4473 1075 4512 eorum
1107 4454 1472 4526 blasphemis
1494 4460 1553 4508 et
1573 4453 1825 4525 impuris
1847 4453 1970 4509 sive
2004 4531 2041 4537 _
2074 4457 2248 4514 bibus
2267 4456 2619 4526 seditiones,
2654 4457 2797 4514 dum
2827 4458 2964 4514 novi
2993 4459 3055 4514 in
3088 4458 3259 4515 sedes
3287 4459 3601 4515 charorum
3630 4472 3738 4532 po-

260 4531 628 4625 dogmatis,
650 4548 775 4602 sive
801 4546 969 4601 factis
1000 4544 1476 4608 commaculare;
1502 4548 1753 4605 tantum,
1775 4558 1851 4598 ne
1874 4558 1966 4597 ea-
2004 4531 2052 4598 D
2083 4547 2240 4620 pulis
2270 4547 2682 4620 episcOporum
2712 4554 2942 4605 armata
2972 4548 3030 4603 vi
3053 4546 3478 4616 intruduntur;
3510 4553 3614 4604 aut
3633 4531 3739 4606 ive-

257 4660 411 4699 rum
441 4654 672 4695 rerum
704 4636 895 4709 ignari
947 4634 1250 4690 auditores
1301 4648 1509 4687 eorum
1557 4631 1883 4688 mendaciis
1913 4636 1973 4687 et

256 4724 834 4797 blandiloquentia
856 4730 1232 4796 caperentur.
1262 4721 1403 4776 Vide
1422 4726 1535 4777 cat.
1567 4723 1650 4788 16,
1677 4738 1737 4778 n.
1760 4725 1790 4775 5
1817 4738 1830 4790 ;
1856 4726 1969 4777 cat.

256 4825 317 4889 6,
358 4836 565 4876 num.
612 4818 673 4870 13
706 4820 767 4869 et
796 4816 883 4868 34.
917 4816 1180 4884 Cumque
1212 4811 1483 4866 omnium
1510 4810 1766 4866 maxime
1800 4810 1978 4866 Mani-

256 4912 427 4966 (εὴωὶ
473 4904 830 4979 periculum
859 4908 1149 4963 crearent.
1184 4901 1293 4955 hos
1322 4900 1529 4972 majori
1562 4917 1743 4971 opera
1772 4905 1975 4955 etom-

262 5000 471 5054 nibus
515 4996 677 5049 locns
696 4998 1017 5063 oppugnat.
1044 4992 1169 5045 Non
1201 4988 1542 5044 erudiendis
1572 4995 1631 5043 et
1661 4989 1975 5044 instituen-

257 5092 363 5145 dis
400 5087 634 5143 solum
668 5081 1039 5135 auditoribus
1071 5079 1337 5134 ofﬁcium
1371 5095 1548 5133 suum
1583 5077 1744 5132 ﬁniri
1772 5078 1976 5133 existi-

260 5179 496 5235 mabat
525 5192 543 5239 ;
571 5172 684 5226 sed
715 5178 771 5224 et
796 5170 869 5225 ad
893 5169 1279 5241 pugnandum
1306 5168 1539 5222 etultro
1563 5167 1978 5222 lacessendum

260 5272 497 5326 hostes
524 5260 825 5317 Ecclesite
848 5266 903 5313 et
924 5260 997 5314 ad
1019 5256 1459 5328 praedicandum
1484 5256 1616 5311 aliis
1642 5256 1802 5328 quod
1823 5256 1978 5314 didi-

258 5362 657 5420 cerant,e05
682 5364 1011 5420 praeparare
1026 5348 1116 5402 sui
1136 5347 1399 5402 muneris
1421 5346 1839 5403 arbitrabatur.
1852 5347 1976 5403 Vid.

264 5458 387 5507 cat.
424 5450 487 5507 3,
525 5460 599 5497 n.
636 5440 700 5492 13
728 5456 741 5505 ;
769 5443 879 5491 cat.
907 5441 989 5504 12,
1015 5454 1070 5491 n.
1096 5440 1163 5490 2T
1187 5443 1246 5491 et
1274 5438 1375 5503 38;
1418 5442 1527 5491 cat.
1554 5438 1640 5503 13,
1664 5453 1809 5492 num
1832 5439 1901 5491 22
1924 5442 1983 5492 et

264 5543 335 5596 37
368 5557 386 5603 ;
424 5540 565 5592 cat.
618 5529 710 5591 14,
747 5542 909 5581 num.
944 5528 1008 5581 15
1038 5543 1052 5594 ;
1114 5530 1226 5581 cat.
1291 5527 1369 5580 15.
1405 5541 1570 5580 num.
1604 5528 1711 5594 26;
1743 5533 1855 5582 cat.
1892 5527 1980 5596 18,

266 5646 454 5688 num.
500 5624 583 5680 10
624 5624 692 5674 et
723 5619 808 5671 11.
840 5616 984 5673 Dum
1015 5621 1216 5672 autem
1239 5614 1577 5673 auditorum
1602 5615 1774 5673 1ωάἰο
1807 5622 1867 5674 et
1893 5616 1979 5674 fa-

654 5734 916 5794 ΡΑτιοι.
961 5732 1071 5794 Ga.
1115 5731 1378 5797 XXXlil.

2083 4642 2238 4693 teres
2268 4637 2606 4708 principum
2633 4635 2830 4693 favore
2859 4636 2950 4693 vel
2972 4636 3360 4693 conciliorum
3383 4637 3733 4694 auctoritate

2085 4725 2255 4783 sedes
2283 4725 2565 4798 pristinas
2607 4725 2798 4797 pulsis
2841 4726 3089 4782 intrusis
3118 4732 3415 4799 repetunt.
3450 4726 3563 4783 Sed
3592 4742 3739 4782 nus-

2084 4831 2263 4886 quam
2295 4815 2505 4885 majori
2524 4830 2660 4870 cum
2684 4815 2921 4886 piorum
2951 4815 3282 4872 otfensione
3302 4833 3364 4873 se
3386 4815 3650 4889 prodidit
3669 4813 3737 4871 il-

2083 4903 2186 4959 lud
2200 4903 2535 4975 episcopale
2557 4902 3078 4975 dissidium,quam
3103 4922 3239 4960 cum
3260 4911 3580 4961 convocato
3602 4919 3732 4960 am-

2085 4993 2296 5049 borum
2344 4993 2773 5063 imperatorum
2812 4993 3147 5049 Occidentis
3192 5001 3251 5049 et
3296 4994 3557 5051 Orientis
3590 5009 3733 5049 con-

2087 5096 2287 5143 sensu,
2316 5079 2647 5135 Sardicensi
2671 5079 2947 5146 concilio,
2971 5081 3384 5153 episcoporum
3416 5080 3734 5136 divortium

2085 5170 2308 5225 factum
2341 5174 2432 5223 est
2460 5185 2473 5234 ;
2499 5173 2558 5222 et
2580 5168 2770 5239 major
2797 5186 2954 5240 pars.
2979 5171 3417 5227 Catholicorum
3439 5169 3736 5238 videlicet,

2090 5258 2345 5315 Sardicee
2367 5263 2789 5312 remanserunt
2810 5274 2825 5325 ;
2853 5259 3171 5316 Eusebiani
3204 5260 3591 5316 tumultuaria
3606 5258 3745 5333 fuga

2092 5365 2154 5404 se
2174 5345 2634 5418 Philippopolim
2654 5348 3252 5421 recepere,privatum
3274 5363 3621 5407 concessum
3646 5362 3747 5404 ce-

2091 5435 2400 5494 lebraturi.
2428 5435 2618 5492 Ambo
2649 5437 2906 5494 concilia
2934 5455 3064 5495 sese
3096 5441 3319 5496 mutuis
3348 5436 3745 5496 anathemati:

2090 5525 2448 5601 percellunt,
2480 5525 2753 5598 datisque
2786 5527 3084 5600 synodicis
3125 5529 3201 5586 ad
3250 5531 3558 5586 universos
3583 5525 3745 5582 orbis

2093 5617 2404 5690 episcOpos
2436 5615 2651 5673 litteris
2675 5632 2805 5673 sese
2834 5618 3199 5691 gravissimis
3228 5612 3748 5680 criminationibus
