4090 6268
403 320 511 409 η
1720 324 1823 385 DE
1861 315 2051 381 VITA
2094 314 2160 376 s.
2205 312 2558 379 CYRlLLI.
3741 327 3821 385 44

404 484 673 543 onerant,
700 474 1081 533 Sardicenses
1103 466 1684 543 Philippopolitanos
1707 459 1938 514 Arianae
1962 451 2059 507 do‘
2094 448 2140 512 A
2174 449 2450 507 Ecclesiae
2475 455 2895 510 communione
2914 454 3664 513 fruebantur.Sabellianos
3683 475 3825 529 quo-

406 573 610 627 ctrinrc
630 613 642 637 ,
684 562 1208 638 Philippopolitani
1241 558 1621 616 Sardicenses
1650 548 2050 638 Sabellianaa-t

403 633 690 716 factarum
724 633 978 711 cred—ium—
997 654 1233 723 utrique
1257 642 1855 705 alterosinsimulaut.
1880 633 2056 691 Auxit

406 758 693 821 praeterea
724 753 781 799 et
820 746 959 798 favit
1015 758 1084 797 ea
1131 738 1408 794 Ecclesim
1444 732 1692 822 dissidia
1738 726 1954 822 dupleit
1987 738 2057 822 ea

409 814 783 908 iempestate,
819 850 949 904 quae
981 838 1047 886 ut
1075 829 1399 902 plurimum
1431 821 1896 911 verbiduntaxat
1922 814 2052 911 fuit,

406 928 507 982 sed
539 906 770 980 animos
804 929 1001 977 tamen
1033 920 1260 974 diverse
1294 915 1475 971 movit
1503 906 1905 967 controversia
1929 920 1941 969 ;
1964 906 2058 956 ni-

405 1018 622 1072 mirum
642 1015 713 1067 de
740 1007 1230 1066 consubstantiali
1258 1012 1317 1062 et
1335 1004 1523 1060 tribus
1549 994 1982 1072 hypostatibus.

478 1106 562 1159 17.
598 1103 746 1168 Quid
771 1103 833 1155 in
856 1101 949 1154 his
977 1094 1394 1153 controversiis
1412 1090 1630 1164 Cyrillo
1653 1085 1837 1143 animi
1855 1080 2055 1145 fuerit,

407 1210 622 1267 quasve
662 1198 856 1264 partes
888 1193 1130 1245 secutus
1164 1187 1261 1251 sit,
1296 1183 1556 1256 pretium
1588 1193 1781 1268 operai
1813 1177 1903 1228 est
1924 1168 2058 1268 dili-

405 1285 639 1356 gentius
673 1281 995 1351 inquirere.
1026 1277 1175 1331 Hinc
1209 1275 1372 1330 enim
1400 1267 1633 1340 scriptis
1652 1267 1782 1356 ejus
1803 1277 1925 1317 non
1946 1267 2060 1313 mi—

408 1355 571 1429 nima
604 1373 701 1425 lux
741 1368 1072 1441 atlulgebit.
1105 1371 1163 1421 et
1198 1360 1537 1435 probabiles
1585 1357 1656 1411 de
1689 1355 1820 1426 ejus
1850 1364 2058 1407 conse-

409 1457 1110 1533 quentibustempnribus
1124 1452 1437 1509 sententiis
1468 1454 1527 1503 et
1553 1445 1734 1508 gestis
1759 1442 2061 1533 conjectu-

410 1527 490 1606 rzn
509 1527 971 1604 ducentur.Tum
993 1546 1064 1600 de
1081 1543 1426 1599 Eusebianaa
1444 1537 1631 1611 partis
1652 1533 1826 1599 dolis,
1842 1537 1968 1585 tum
1990 1527 2062 1582 de

413 1640 752 1695 Athaniasae
791 1653 982 1691 causa:
999 1632 1235 1705 justitia
1263 1646 1385 1685 non
1408 1628 1551 1683 satis
1570 1625 1834 1683 edoctus.
1868 1616 2063 1674 neutri

413 1730 566 1801 parti
602 1744 779 1798 quam
812 1725 982 1781 alteri
1015 1722 1326 1782 abdictior,
1355 1724 1414 1774 et
1443 1719 1506 1772 in
1537 1722 1787 1785 utraque
1816 1706 2063 1765 fraterni

2162 556 2277 610 que
2306 557 2377 597 ea
2397 548 2569 598 aatate
2593 544 2679 598 vel
2704 545 2903 600 nullos
2926 547 3168 601 omnino
3188 547 3279 601 vel
3302 564 3521 619 paucos
3547 547 3825 602 novimus

2163 630 2260 700 qui
2297 632 2582 703 privatam
2619 639 2837 689 sectam
2873 637 3311 692 constituerent
3341 636 3412 692 ab
3434 637 3704 693 Ecclesia
3735 637 3828 692 di—

2162 720 2365 776 visam.
2391 721 2751 795 Sabelliique
2784 726 3028 781 nomine
3061 726 3478 798 gloriarentur.
3519 729 3645 782 Non
3676 727 3827 782 alios

2164 826 2301 882 erga
2325 811 2468 866 Filio
2494 814 2910 883 paternitatem
2936 815 2995 868 in
3021 816 3284 871 Ecclesia
3306 815 3630 887 praedicare
3654 816 3822 886 dicit,

2167 917 2343 970 quam
2358 901 2443 955 vel
2466 903 2804 958 Marcellum
2823 910 2881 957 et
2903 905 3218 959 Photinum
3244 911 3438 960 certos
3459 904 3663 977 Cyrilli
3687 920 3822 960 sen-

2165 990 2351 1044 tentia
2371 990 2711 1057 htereticos;
2733 992 2835 1046 sed
2853 1009 3106 1062 quorum
3126 994 3276 1049 alter
3296 1010 3331 1049 a
3346 994 3662 1048 Catholicis
3685 1011 3815 1049 sus-

2169 1078 2529 1145 tentabatur,
2564 1080 2738 1145 alter,
2772 1081 3110 1137 Sirmiensis
3142 1083 3458 1154 episcopus
3489 1082 3563 1138 ad
3597 1099 3824 1139 annum

2167 1182 2357 1237 usque
2388 1168 2481 1221 35t
2512 1170 2769 1236 mansit;
2804 1170 2894 1224 vel
2927 1171 3163 1226 tandem
3198 1178 3379 1227 totam
3410 1172 3819 1243 oppositorum

2168 1256 2517 1313 Eusebianis
2530 1259 3711 1331 episcoporum,etconsubstantialitatem
3727 1261 3827 1318 ad-

2166 1362 2373 1401 versus
2388 1363 2491 1402 eos
2503 1350 3005 1421 propugnantium
3025 1351 3280 1407 turbam.
3308 1353 3682 1408 Postremum
3710 1352 3823 1407 hoc

2173 1436 2409 1492 suaderi
2433 1444 2630 1509 potest
2646 1456 2713 1495 eo
2739 1441 3066 1497 catechesis
3094 1446 3174 1507 11,
3197 1458 3257 1497 n.
3285 1446 3371 1511 17,
3397 1443 3525 1498 loco
3548 1444 3647 1498 ubi
3674 1443 3822 1498 duas

2174 1527 2474 1598 oppositas
2534 1528 3004 1586 Sabellianorum
3050 1536 3110 1586 et
3152 1533 3506 1588 Arianorum
3565 1532 3825 1588 haereses

2172 1616 2472 1687 rejiciens,
2508 1617 2579 1672 de
2617 1619 2811 1689 prima
2838 1620 2956 1675 ait:
3004 1622 3145 1677 Deus
3199 1639 3358 1678 verus
3386 1631 3463 1679 est
3492 1624 3689 1687 Filius,
3724 1623 3824 1677 ha-

2175 1704 2297 1761 bens
2330 1707 2391 1760 in
2419 1722 2472 1761 se
2502 1709 2619 1775 ipso
2663 1709 2905 1773 Patrem,
2939 1726 3045 1764 non
3076 1712 3133 1765 in
3166 1713 3385 1767 Patrem
3430 1719 3692 1779 mutatus,
3726 1729 3825 1768 nec

410 1795 529 1872 odii
564 1795 635 1872 et
668 1818 803 1871 fatae
854 1816 1132 1869 hareseos
1189 1807 1588 1880 suspicionem
1619 1803 1921 1859 adhaerere
1967 1812 2068 1851 ex-
2096 1814 2144 1879 B
2173 1795 2321 1849 enim
2342 1795 2506 1849 Pater
2535 1795 2803 1850 hominem
2827 1798 3030 1862 induit,
3064 1799 3171 1854 Sed
3198 1800 3401 1865 Filius;
3437 1802 3656 1864 dicatur
3680 1803 3826 1855 enim

416 1906 713 1967 istimans,
739 1903 989 1973 jubebat
1018 1899 1320 1955 auditores
1375 1911 1442 1949 eo
1504 1889 1782 1948 seandalo
1813 1885 2061 1942 minime

419 1993 773 2066 perturbari,
811 1992 934 2045 haec
953 1992 1011 2044 in
1036 1995 1408 2044 antecessum
1432 2000 1467 2038 a
1494 1981 1747 2045 Christo,
1779 1982 2063 2066 tanquam

419 2063 672 2154 proximi
722 2079 1069 2135 Antichristi
1127 2076 1412 2131 adventus
1445 2073 1615 2144 signa
1665 2063 2066 2139 praenuntiata

418 2172 599 2227 fuisse
630 2187 899 2224 monens.
934 2167 1027 2221 Sic
1058 2165 1215 2220 enim
1250 2162 1514 2233 loquitur
1542 2164 1653 2215 cat.
1690 2159 1774 2211 15.
1808 2169 1975 2208 num.
1999 2155 2059 2206 7:

411 2262 472 2315 Si
502 2261 745 2313 audieris
774 2257 923 2327 quod
953 2254 1199 2326 episcopi
1228 2253 1517 2306 adversum
1547 2248 1847 2318 episcopos,
1875 2249 1926 2296 et
1956 2240 2062 2295 cle-

406 2351 509 2404 rici
553 2356 743 2403 contra.
778 2348 1022 2407 clericos,
1054 2350 1109 2399 et
1147 2342 1349 2413 populi
1379 2356 1438 2394 in
1462 2336 1703 2409 populos
1733 2335 1806 2389 ad
1832 2331 2062 2401 sangui-

409 2455 527 2493 nem
542 2454 709 2506 usque
725 2442 1071 2504 grassantur,
1086 2449 1155 2486 ne
1172 2429 1513 2503 perturberis
1540 2423 1899 2497 ;pr.aedictum
1924 2421 2067 2474 enim

409 2535 536 2581 ante
566 2530 695 2593 fuit.
733 2524 1031 2578 Inferius:
1081 2523 1143 2577 Si
1196 2520 1260 2574 in
1308 2516 1568 2589 apostolis
1624 2512 1962 2584 deprehensa
1990 2512 2069 2563 est

405 2618 678 2689 proditio,
718 2619 947 2669 miraris
1001 2615 1049 2668 si
1096 2614 1156 2666 in
1187 2610 1456 2681 episcopis
1487 2622 1702 2678 quoque
1757 2607 2070 2672 fraternum

417 2708 604 2761 odium
624 2707 951 2773 reperiatur.
981 2703 1175 2755 Monet
1196 2716 1270 2754 ne
1295 2696 1713 2769 magistrorum
1731 2690 2069 2761 exemplum

417 2802 474 2851 et
504 2796 919 2849 auctoritatem
945 2792 1095 2847 eain
1120 2807 1182 2845 re
1215 2792 1580 2860 sequantur;
1613 2784 1772 2856 quod
1801 2782 1873 2838 ad
1905 2795 1967 2835 se
1990 2780 2074 2849 ip-

417 2901 545 2939 sum
580 2885 759 2937 etiam
820 2882 864 2935 si
889 2878 1341 2935 similiafaceret
1370 2873 1655 2931 extendit.
1688 2873 1870 2942 Neque
1904 2870 2073 2923 etiam

415 2977 466 3028 si
498 2989 595 3041 ego
626 2975 724 3041 qui
757 2979 807 3024 te
836 2971 1001 3024 doceo
1025 2983 1270 3039 peream,
1325 2971 1384 3020 tu
1432 2979 1642 3019 mecum
1682 2976 1797 3016 una
1839 2969 2075 3029 pereas;

409 3066 506 3131 fas
528 3063 686 3114 enim
719 3067 793 3114 est
818 3060 1128 3113 auditorem
1148 3058 1415 3125 magistro
1433 3052 1713 3107 meliorem
1740 3050 1882 3119 ﬁeri.
1918 3043 2076 3101 Schi-

425 3158 612 3204 smata
646 3152 765 3203 haec
800 3147 1160 3219 populorum
1191 3152 1249 3200 et
1278 3142 1675 3198 Ecclesiarum
1706 3139 1777 3193 ab
1809 3135 1986 3191 variis
2015 3134 2074 3187 et

420 3239 735 3294 contrariis
793 3236 1119 3291 hmresibus
1167 3249 1313 3305 quas
1343 3232 1579 3302 utrique
1608 3229 1892 3292 foverent,
1934 3228 2074 3279 nata

431 3328 825 3383 existimabat.
855 3326 978 3380 Cat.
1007 3328 1093 3390 17,
1120 3339 1285 3378 num.
1317 3323 1403 3386 33,
1428 3332 1904 3375 commemorans
1924 3312 2073 3369 illud

426 3417 612 3472 sancti
647 3415 897 3485 Spiritus
928 3412 1295 3478 vaticinium,
1324 3410 1471 3481 quod
1502 3412 1560 3464 in
1602 3406 1909 3462 novissimis
1939 3410 2077 3458 tem-

417 3506 648 3576 poribus
671 3504 949 3558 discedent
966 3503 1185 3572 quidem
1206 3518 1240 3556 a
1260 3501 1366 3569 fide
1388 3499 1431 3560 ε.
1464 3498 1525 3553 id
1557 3498 1778 3553 factum
1805 3494 2077 3551 observat

421 3611 542 3650 non
568 3594 626 3647 in
655 3591 1147 3647 antecedentibus
1175 3590 1369 3645 solum
1393 3586 1782 3659 temporibus,
1808 3583 1911 3640 sed
1934 3583 2071 3637 etin

418 3683 814 3755 praesentibus
830 3680 1167 3735 schismatis
1184 3678 1390 3741 videri,
1407 3694 1541 3733 cum
1558 3676 1824 3731 diversus
1843 3678 1902 3729 et
1918 3672 2073 3728 mul-

418 3774 494 3826 tis
518 3772 711 3825 modis
730 3771 924 3825 varius
948 3774 1105 3824 esset
1126 3767 1541 3823 haereticorum
1572 3782 1755 3821 error.
1789 3764 1909 3818 Cat.
1934 3778 2070 3817 vero

420 3864 506 3919 15.
540 3878 597 3916 n.
630 3864 683 3927 9,
718 3859 1059 3931 generalem
1090 3874 1126 3913 a
1156 3857 1271 3913 fide
1301 3856 1716 3917 defectionem,
1750 3853 1867 3908 sive
1897 3867 2069 3922 apos-

417 3951 648 4007 tasiam.
676 3967 856 4020 quam
883 3949 1102 4004 Paulus
1133 3946 1473 4002 Antichristi
1497 3944 1771 4000 adventui
1792 3940 2069 4013 prmviam

415 4041 557 4094 olim
578 4046 919 4093 evs-nturam
946 4038 1115 4102 dixit,
1132 4037 1259 4107 jam
1275 4035 1483 4090 adesse
1500 4039 1719 4089 monet.
1745 4033 1897 4086 Nunc
1917 4046 2066 4099 vero,

415 4129 628 4199 inquit,
662 4129 898 4197 defectio
917 4134 1023 4181 est:
1073 4127 1387 4192 defecerunt
1418 4126 1560 4178 enim
1593 4122 1837 4176 homines
1857 4137 1892 4174 α
1919 4125 2069 4175 recta

412 4220 537 4286 ﬁde.
585 4224 653 4272 l-t
703 4219 805 4272 alii
846 4219 1065 4286 quidem
1117 4217 1259 4270 Filio
1312 4216 1707 4284 paternitatem
1730 4210 2063 4282 praedicant,

422 4311 524 4363 alii
552 4326 677 4363 vero
710 4309 985 4364 Christum
1016 4322 1085 4360 ea:
1120 4322 1233 4359 non
1280 4305 1599 4360 extantibus
1628 4305 1703 4358 ad
1732 4318 1840 4357 esse
1862 4303 2067 4372 perdu-

413 4406 557 4452 ctum
587 4399 766 4453 dicere
797 4397 1018 4452 audent.
1052 4396 1122 4448 Et
1157 4396 1315 4464 prius
1345 4393 1566 4463 quidem
1596 4393 1878 4462 conspicui
1906 4397 2063 4447 erant

411 4487 675 4549 haeretici,
709 4502 855 4540 nunc
886 4492 1069 4539 autem
1101 4485 1250 4539 tectis
1274 4483 1546 4538 haereticis
1572 4481 1736 4551 plena
1763 4486 1838 4537 est
1871 4480 2062 4537 Eccle-

408 4576 512 4630 sia.
547 4545 707 4640 Quod
744 4581 928 4630 tectos
972 4574 1118 4644 [XII]
1153 4577 1211 4626 et
1258 4573 1321 4626 in
1350 4545 1615 4627 Ecclesia
1657 4570 1910 4625 latentes
1959 4571 2061 4639 ait,
2094 4545 2140 4610 D

411 4682 559 4734 quos
594 4680 771 4733 supra
800 4662 1288 4717 commemoravit
1329 4660 1673 4725 haareticos;
1714 4664 2060 4732 argumento

410 4759 500 4807 est
522 4769 655 4807 eum
687 4753 757 4807 de
792 4752 1073 4822 professis
1112 4756 1171 4807 et
1198 4748 1455 4821 publicis
1483 4748 1857 4815 Sabellianis,
1890 4748 2059 4805 Aria-

405 4844 571 4897 nisve
604 4858 722 4895 non
758 4841 939 4911 loqui,
957 4840 1059 4895 sed
1085 4839 1158 4894 de
1176 4837 1489 4895 contrariis
1510 4837 1979 4892 Eusebianorum
2003 4842 2061 4892 et

410 4930 653 4985 diversae
670 4931 852 5000 partis
868 4928 1279 4999 episcoporum
1299 4926 1673 4982 factionibus.
1691 4928 1833 4981 Nam
1858 4926 2058 4982 Ariani

411 5021 685 5076 haeresim
718 5020 912 5090 palam
939 5024 997 5073 et
1016 5024 1216 5088 aperte
1237 5017 1606 5089 profitentes,
1636 5022 2060 5088 separatosque

412 5112 483 5167 ab
526 5111 789 5165 Ecclesia
819 5115 1143 5165 conventus
1168 5114 1438 5163 tenentes
1468 5125 1537 5163 eo
1567 5113 1833 5179 tempore
1864 5107 2059 5179 pauci,

415 5201 760 5270 Nicaenique
793 5198 1029 5253 concilii
1062 5197 1440 5254 anathemate
1470 5196 1543 5253 ab
1568 5196 1834 5252 Ecclesia
1862 5198 2058 5269 ejecti,

407 5290 705 5343 occultum
729 5286 1036 5358 licetapud
1053 5285 1418 5341 Eusebianos
1433 5287 1825 5358 patrocinium
1841 5287 2059 5358 reperi.

401 5385 553 5435 rent.
572 5377 644 5433 ab
678 5377 956 5432 omnibus
972 5381 1168 5431 tamen
1191 5374 1755 5447 derelictiexosique
1782 5374 2059 5431 videban-

401 5474 518 5524 tur.
552 5467 912 5523 Eusebianos
940 5466 1121 5540 igitur
1155 5466 1254 5522 hic
1302 5465 1461 5522 solos
1510 5471 1698 5537 notat,
1731 5466 1833 5537 qui
1865 5465 2058 5522 adhuc

479 5668 503 5704 ί
532 5668 558 5724 1
587 5667 733 5724 Lim.
765 5683 839 5738 ιν,
873 5668 924 5723 1.

2175 1882 2345 1937 libere
2359 1886 2578 1939 veritas.
2599 1886 2765 1949 Quod
2787 1887 2883 1942 hic
2905 1904 2967 1942 se
2990 1887 3310 1944 formidare
3332 1890 3703 1946 Sabellianos
3723 1906 3826 1945 ne-

2171 1971 2317 2044 gat?
2338 1972 2532 2026 Ulline
2563 1973 2671 2028 sub
2702 1973 3051 2030 Constantio
3072 1976 3291 2047 Cyrillo
3324 1976 3573 2032 timendi
3605 1976 3769 2031 fuere
3793 1976 3823 2031 ?

2172 2064 2261 2116 An
2293 2061 2633 2116 Marcellum
2654 2065 3010 2135 Aucyratem
3036 2065 3227 2120 solum
3252 2070 3309 2121 et
3339 2083 3624 2137 sequaces
3648 2064 3824 2121 intel-

2171 2149 2339 2222 ligit?
2358 2149 2520 2205 necii
2545 2150 2730 2223 magis
2751 2151 3177 2209 formidabiles.
3200 2156 3492 2210 Praeterea
3512 2155 3683 2209 tectis
3705 2155 3822 2209 ha)-

2172 2240 2372 2294 reticis
2401 2239 2493 2296 vel
2518 2240 2733 2296 Filium
2764 2248 3096 2298 creaturam
3146 2243 3517 2309 docentibus,
3551 2244 3642 2299 vel
3676 2243 3826 2298 Filio

2172 2330 2590 2401 paternitatem
2622 2329 3085 2401 praidicantibus
3107 2332 3349 2404 plenam
3373 2334 3696 2389 Ecclesiam
3722 2333 3827 2388 ait.

2176 2419 2350 2489 Atqui
2383 2418 2743 2474 Marcelliani
2790 2421 3113 2476 Ecclesiam
3159 2438 3281 2477 non
3328 2423 3657 2494 replebant.
3710 2421 3827 2476 nisi

2177 2524 2279 2563 eos
2310 2524 2343 2562 a
2390 2507 2604 2579 quibus
2654 2508 3049 2579 adjuvabatur
3079 2517 3133 2565 et
3184 2512 3628 2568 sustentabatur
3672 2512 3825 2566 Mar-

2177 2597 2385 2657 cellus.
2418 2614 2538 2653 una
2557 2600 2959 2669 conjunxeris.
2989 2600 3189 2656 Palam
3213 2601 3392 2674 igitur
3409 2607 3498 2657 est
3520 2618 3652 2657 eum
3684 2617 3830 2656 con-

2179 2687 2589 2744 substantialis
2612 2687 2974 2755 defensores,
3005 2707 3260 2760 quorum
3288 2708 3573 2747 numerus
3606 2697 3665 2746 et
3687 2706 3827 2746 auc-

2180 2776 2387 2831 toritas
2418 2783 2543 2831 erat
2572 2793 2804 2848 magna,
2838 2779 3155 2849 respicere.

2255 2867 2341 2920 18.
2373 2865 2458 2920 Ad
2483 2882 2613 2921 eam
2636 2866 2987 2922 Sabellianaa
3009 2868 3274 2936 hmresis,
3298 2886 3474 2940 quam
3500 2870 3561 2924 in
3583 2869 3702 2925 illis
3733 2869 3825 2924 vel

2182 2953 2244 3008 in
2275 2953 2474 3024 aliqua
2486 2970 2686 3008 eorum
2704 2961 2869 3025 parte
2894 2956 3711 3027 suspicabatur,formidinem
3732 2974 3828 3013 re-

2184 3060 2345 3109 voco,
2379 3044 2535 3115 quod
2558 3044 3086 3101 consubstantialis
3117 3064 3259 3103 voce
3302 3066 3421 3104 non
3454 3055 3544 3104 est
3573 3050 3633 3104 in
3667 3055 3830 3105 cate-

2184 3133 2462 3188 chesibus
2477 3150 2641 3197 usus,
2669 3149 3009 3205 quanquam
3034 3151 3164 3191 eam
3187 3137 3399 3193 nullibi
3422 3137 3829 3208 reprehendit.

2187 3225 2469 3281 Similiter
2490 3241 2599 3280 nec
2624 3225 2802 3280 unius
2825 3242 2935 3281 nec
2956 3227 3137 3282 trium
3159 3227 3556 3299 hypostaseon
3577 3230 3832 3286 mentio—

2182 3334 2320 3372 nem
2342 3317 2403 3371 in
2431 3316 2781 3387 explicanda
2795 3317 3078 3374 Trinitate
3100 3318 3343 3375 adhibet
3371 3341 3384 3387 ;
3409 3320 3578 3391 quasi
3598 3326 3831 3377 utrum-

2179 3423 2296 3478 que
2309 3422 2489 3479 prava
2501 3406 2793 3461 utentium
2808 3406 3298 3479 interpretatione
3314 3413 3833 3482 suspectumNam

2179 3493 2479 3567 incognita
2492 3493 2709 3566 Cyrillo
2727 3493 3069 3566 fuissequae
3087 3496 3243 3552 circa
3260 3496 3834 3554 consubstantialem

2179 3589 2238 3638 et
2264 3588 2386 3638 tres
2408 3583 2756 3655 hypostases
2778 3583 3103 3640 Ecclesiam
3131 3586 3567 3642 conturbabant
3583 3587 3835 3643 dissidia

2176 3670 2473 3726 versimile
2504 3687 2625 3726 non
2662 3686 2814 3725 reor.
2861 3670 3024 3735 Quod
3082 3677 3280 3726 autem
3333 3672 3395 3727 in
3428 3672 3656 3729 duabus
3704 3673 3826 3729 illis

2176 3760 2666 3826 Eusebianorum,
2699 3765 2759 3813 et
2787 3759 3031 3814 diversae
3057 3761 3238 3831 partis
3271 3762 3683 3834 episcoporum
3706 3762 3828 3817 fac-

2176 3849 2684 3918 tionibusutipse
2706 3847 3007 3915 censebat,
3052 3855 3111 3903 et
3149 3850 3478 3905 fraternum
3514 3851 3737 3917 odium,
3772 3853 3834 3906 et

2174 3937 2416 3992 haeresis
2450 3936 2848 4006 suspicionem
2897 3936 3124 3992 haerere
3156 3939 3554 4005 existimavit;
3589 3956 3709 3994 non
3762 3938 3822 3995 id

2175 4043 2310 4081 eum
2343 4025 2415 4079 de
2448 4024 2726 4079 omnibus
2756 4031 2815 4079 et
2862 4026 3110 4097 singulis
3142 4027 3243 4097 qui
3271 4044 3369 4083 eas
3400 4036 3599 4099 partes
3632 4034 3821 4084 secta-

2172 4115 2410 4181 bantur,
2432 4113 2726 4184 episcopis
2757 4115 3017 4169 sensisse
3050 4114 3432 4183 crediderint,
3466 4117 3569 4173 sed
3593 4124 3821 4173 tantum

2172 4205 2243 4260 de
2272 4203 2518 4258 ducibus
2551 4208 2610 4257 et
2648 4203 3035 4274 principibus.
3079 4207 3356 4270 Quamvis
3386 4208 3545 4261 enim
3572 4206 3819 4263 occultis

2171 4293 2468 4349 haareticis
2492 4292 2778 4364 repletam
2803 4293 3125 4349 Ecclesiam
3150 4295 3310 4351 dicat
3326 4303 3438 4351 cat.
3466 4300 3552 4355 13,
3575 4312 3721 4352 num
3762 4298 3816 4350 9.

2170 4384 2481 4439 observare
2512 4387 2710 4437 tamen
2742 4382 3044 4454 nosjubet
3091 4390 3201 4441 cat.
3242 4387 3325 4449 16,
3360 4402 3523 4441 num.
3558 4388 3645 4451 22,
3697 4402 3821 4441 non

2172 4473 2328 4545 apud
2360 4477 2590 4527 exteras
2634 4476 2862 4525 tantum
2905 4472 3198 4540 nationes,
3232 4472 3335 4529 sed
3375 4481 3433 4529 et
3462 4475 3522 4529 in
3553 4476 3825 4532 Romano

2171 4562 2419 4634 imperio
2443 4560 2693 4631 qualate
2705 4566 2885 4631 patet,
2918 4562 3247 4633 episcopos,
3278 4564 3674 4637 presbyteros,
3697 4564 3826 4621 dia-

2172 4667 2373 4711 conos,
2406 4657 2541 4715 etc.,
2574 4667 2608 4705 a
2637 4649 2858 4720 Spiritu
2890 4658 3094 4705 sancto
3126 4653 3598 4709 variisvirtutum
3624 4661 3683 4709 et
3704 4653 3821 4709 do-

2169 4757 2382 4797 norum
2414 4738 2761 4794 muneribus
2792 4738 3007 4795 dilatos
3032 4758 3044 4807 ;
3072 4746 3130 4795 et
3149 4748 3260 4797 cat.
3294 4744 3375 4807 18,
3402 4760 3565 4798 num.
3588 4747 3677 4808 27,
3711 4745 3824 4801 ﬂo-

2169 4836 2397 4887 rentem
2413 4829 3003 4901 postpersecutioncs
3020 4829 3295 4885 Ecclesiae
3317 4838 3533 4887 statum
3553 4832 3826 4908 depingit

2170 4925 2436 4992 Autergo
2475 4918 2694 4974 multos
2713 4918 3367 4975 existimavitnullasin
3410 4920 3732 4979 schismate
3762 4932 3826 4980 et

2170 5010 2380 5067 haeresi
2399 5008 2568 5082 [XIII]
2600 5016 2798 5078 partes
2822 5007 3057 5066 habere.
3077 5025 3325 5080 seseque
3347 5010 3409 5064 in
3433 5011 3553 5067 illis
3576 5019 3823 5070 conten-

2170 5100 2430 5156 tionibus
2461 5096 2690 5152 medios
2713 5097 2977 5153 tenuisse
3001 5115 3014 5165 ;
3048 5104 3151 5153 aut
3179 5099 3400 5156 multos
3433 5102 3613 5158 etiam
3640 5103 3701 5157 in
3730 5104 3820 5159 di-

2169 5191 2353 5247 versis
2374 5187 2642 5261 partibus
2659 5202 2793 5241 vere
2812 5187 3145 5244 Catholicos
3160 5195 3221 5245 et
3243 5190 3373 5261 pios
3396 5192 3817 5251 arbitrabatur.

2169 5282 2337 5337 Certe
2360 5294 2494 5334 cum
2526 5274 2725 5331 occulti
2756 5282 2985 5331 tantum
3045 5278 3084 5331 ii
3118 5286 3321 5334 essent
3350 5281 3620 5350 hxretici,
3654 5291 3821 5339 exte-

2168 5371 2387 5425 riorem
2400 5382 2534 5422 cum
2553 5365 2819 5436 utrisque
2831 5365 3109 5421 Ecclesia)
3131 5368 3471 5426 societatem
3498 5371 3818 5428 retinebat.

2240 5462 2328 5516 19.
2362 5459 2818 5527 Peroptaremus
2853 5469 2996 5510 sane
3039 5461 3105 5511 ut
3136 5457 3444 5515 Athanasii
3477 5466 3535 5516 et
3563 5462 3822 5534 conjun-
