4094 6282
216 349 298 408 45
1635 333 2161 407 DISSERTATIO
2202 347 2251 408 Ι.
3566 357 3647 418 to

217 490 460 539 ctorum
493 481 694 537 eidem
742 480 1177 551 episcoporum,
1211 475 1315 548 qui
1362 493 1424 532 se
1455 492 1560 548 pro
1592 474 1885 532 catholica
1914 473 1966 539 A
2003 492 2170 535 conc.
2223 481 2480 556 Philipp.
2540 484 2700 558 apud
2756 484 2868 541 Hil.
2930 484 3138 560 fragm.
3173 487 3226 554 3,
3258 503 3318 542 n.
3353 487 3444 553 23,
3488 487 3645 562 apud

213 573 332 629 ﬁde
365 572 594 627 tuenda
623 569 954 625 discrimini
986 567 1223 634 dedere,
1257 583 1496 623 causam
1529 568 1716 639 magis
1743 584 1876 639 per-

213 671 524 736 spectam;
559 660 1146 728 Eusebianorumque
1186 657 1375 723 dolos,
1419 657 1658 712 fraudes
1692 663 1751 712 et
1781 674 1881 712 ca-

211 754 483 809 lumnias
516 751 838 823 perfectius
873 766 941 804 ac
984 749 1222 820 penitus
1277 747 1740 818 comprehensas
1775 749 1881 802 ha-

213 844 489 908 buisset;
525 858 636 896 nec
673 847 976 911 utrosque,
1025 845 1080 893 et
1110 837 1576 893 calumniatores
1602 837 1879 892 Ecclesiae

218 933 398 988 ﬁdem
429 937 868 1003 oppugnantes,
919 935 976 984 et
1017 929 1377 984 calumniam
1420 943 1626 999 passos
1660 934 1878 984 sancta)

214 1023 520 1076 Trinitatis
547 1021 920 1085 defensores,
947 1037 1065 1074 uno
1089 1019 1297 1073 ordine
1322 1024 1378 1072 et
1399 1017 1527 1073 loco
1552 1018 1874 1073 habuisset.

213 1112 347 1166 Non
370 1112 554 1166 multo
576 1117 710 1181 post
725 1127 860 1164 eum
880 1109 952 1164 ab
971 1125 1167 1163 errore
1189 1108 1505 1162 liberatum
1524 1107 1873 1163 videbimus.

212 1201 461 1256 Interim
497 1200 684 1254 multa
732 1199 809 1254 ad
867 1197 1259 1252 sublevandas
1307 1197 1436 1268 ejus
1483 1197 1874 1268 suspiciones,

204 1290 626 1363 judiciumque
646 1289 1051 1345 excusandum
1075 1305 1195 1343 non
1217 1288 1453 1342 desunt.
1474 1288 1876 1348 Primum,nec

210 1378 364 1433 illud
395 1396 538 1434 sane
570 1394 786 1451 parum
834 1383 944 1444 est,
1003 1375 1162 1447 quod
1219 1393 1354 1431 cum
1414 1376 1613 1431 cmteri
1661 1375 1784 1430 fere
1814 1375 1874 1428 in

210 1469 456 1524 Oriente
492 1474 551 1523 et
576 1469 768 1540 Syria,
800 1467 1276 1522 Eusebianorum
1309 1466 1370 1520 in
1405 1466 1798 1521 Athanasium
1822 1471 1879 1520 et

214 1557 412 1612 socios
434 1557 752 1612 calumniis
775 1557 1603 1628 suffragarentur,eorumque
1637 1570 1877 1609 causam

217 1645 610 1716 adjuvarent;
645 1644 897 1715 Cyrillus
927 1645 991 1698 in
1039 1646 1124 1699 eis
1176 1649 1235 1699 et
1278 1643 1607 1698 fraternum
1650 1641 1874 1704 odium,

217 1740 276 1788 et
304 1735 667 1806 gravissimas
703 1735 945 1789 haeresis
996 1733 1418 1805 patrocinium,
1454 1739 1511 1787 et
1541 1732 1876 1802 suspicatus

1989 569 2265 624 eumdem
2295 572 2474 630 Hilar.
2511 573 2616 632 lib.
2656 592 2690 630 x
2739 575 2815 631 De
2860 575 3037 640 Trin.,
3071 591 3132 630 n.
3165 577 3218 641 5,
3251 581 3309 631 et
3341 575 3643 634 Socratem

1987 655 2089 712 lib.
2125 677 2162 725 1,
2194 662 2334 716 Hist.
2372 665 2581 732 eccles.,
2611 681 2738 736 cap.
2775 666 2864 719 23.
2891 666 3006 720 Nec
3037 665 3241 720 deerat
3274 667 3642 724 accusationi

1987 751 2151 806 color
2179 760 2238 808 et
2266 755 2452 811 locus.
2482 756 2771 812 Videbant
2797 757 2989 828 primo
3012 757 3356 813 Marcellum
3387 760 3646 829 Ancyra-

1986 855 2129 896 num
2163 843 2222 898 in
2256 844 2462 900 eadem
2493 863 2672 902 causa
2702 863 2837 902 cum
2870 847 3192 904 Athanasio
3226 848 3638 918 conjunctum,

1985 929 2422 990 Catholicorum
2453 935 2647 991 favore
2680 942 2738 991 et
2761 937 2948 1008 gratia
2978 942 3396 1004 sustentatum,
3430 955 3638 996 eorum

1987 1021 2256 1076 conciliis
2288 1023 2503 1079 iterum
2545 1042 2612 1080 ac
2663 1026 2846 1081 semel
2896 1024 3255 1090 absolutum,
3290 1043 3424 1082 cum
3457 1029 3637 1084 Euse-

1985 1106 2298 1166 bianorum
2331 1113 2600 1168 conciliis
2631 1114 2949 1170 damnatus
2981 1119 3158 1170 esset.
3196 1116 3366 1185 Atqui
3403 1117 3639 1172 Marcel-

1985 1195 2107 1251 lum
2141 1198 2472 1257 Orientales
2495 1203 2557 1257 in
2580 1203 2944 1275 gravissimis
2976 1203 3276 1258 erroribus
3308 1204 3637 1275 deprehen-

1983 1284 2143 1342 disse
2165 1305 2225 1343 se
2248 1306 2368 1344 non
2390 1290 2772 1347 dubitabant:
2799 1308 3053 1363 eumque
3073 1292 3327 1364 Cyrillus
3349 1310 3452 1364 pro
3475 1299 3636 1349 certo

1985 1380 2043 1428 et
2062 1375 2396 1434 indubitate
2420 1379 2697 1436 haaretico
2721 1381 2948 1449 habuit,
2979 1381 3311 1437 Sabellismi
3336 1387 3394 1436 et
3413 1383 3635 1454 pejoris

1985 1465 2162 1520 etiam
2196 1469 2413 1522 erroris
2444 1486 2566 1536 reo,
2598 1475 2710 1525 cat.
2748 1474 2832 1538 15,
2887 1488 2947 1527 n.
2981 1474 3070 1527 27.
3105 1472 3238 1526 Haec
3278 1487 3453 1542 porro
3486 1473 3636 1528 Mar-

1983 1554 2117 1609 celli
2150 1555 2418 1611 defensio
2441 1557 2877 1614 Catholicorum
2899 1558 3057 1631 apud
3079 1559 3410 1616 Orientales
3432 1561 3638 1616 existi-

1983 1645 2230 1699 mationi
2264 1644 2488 1701 dudum
2531 1649 2755 1714 nocuit,
2807 1654 2873 1703 ut
2919 1648 3309 1721 intelligimus
3361 1665 3429 1704 ex
3461 1649 3632 1720 epist.

1984 1734 2158 1790 Basil.
2190 1738 2274 1802 10,
2301 1752 2418 1806 qua
2438 1737 2781 1807 prmsidium
2805 1737 2953 1792 illud
2976 1739 3221 1793 haeresis
3243 1738 3634 1795 Marcellianm

213 1824 289 1877 sit
321 1830 380 1878 et
409 1823 895 1895 deprehenderit.
947 1823 1263 1878 Eusebiani
1305 1824 1414 1878 sub
1466 1822 1777 1877 catholicis
1809 1821 1870 1875 in
1900 1848 1947 1913 Β
1983 1823 2496 1880 confirmationem
2529 1826 2829 1897 appellat;
2865 1833 2924 1881 et
2971 1843 3064 1898 ep.
3099 1831 3185 1896 52,
3217 1828 3395 1898 idque
3422 1828 3632 1900 praeci-

212 1913 472 1982 speciem
507 1913 978 1985 professionibus
1009 1913 1436 1968 delitescebant
1460 1932 1472 1977 ;
1498 1929 1629 1983 quae
1660 1911 1733 1966 ad
1767 1927 1864 1966 ex-

210 2003 594 2074 pugnandam
628 2004 905 2058 haeresim
940 2019 1146 2058 revera
1193 2002 1597 2068 invalidiores,
1631 2007 1690 2055 et
1723 2001 1867 2072 ipsa)

211 2091 284 2147 ad
319 2093 596 2147 haeresim
628 2093 676 2147 si
711 2093 844 2163 quis
877 2092 1051 2146 vellet
1078 2108 1200 2146 non
1233 2109 1383 2163 aegre
1416 2090 1744 2150 flectendas,
1774 2091 1866 2144 ni-

211 2181 293 2235 hil
328 2187 531 2236 tamen
562 2181 680 2235 nisi
704 2198 907 2236 verum
939 2187 996 2236 et
1016 2181 1375 2236 catholicum
1399 2180 1727 2246 sonabant;
1756 2195 1866 2234 nec

209 2270 486 2325 haeresim
520 2271 716 2341 palam
748 2287 1036 2341 aperuere
1066 2270 1180 2324 nisi
1231 2276 1365 2341 post
1393 2269 1620 2340 aliquot
1649 2285 1862 2334 annos,

209 2360 326 2414 sive
375 2360 437 2414 in
483 2359 911 2415 Mediolanensi
944 2359 1195 2414 concilio
1227 2377 1323 2414 an.
1363 2361 1484 2422 353,
1521 2359 1637 2414 sive
1672 2358 1864 2430 potius

209 2449 270 2502 in
292 2449 606 2504 Sirmiensi
629 2451 857 2504 an.357.
882 2449 1214 2504 Catholicos
1237 2465 1357 2504 non
1381 2449 1602 2504 directe
1626 2453 1866 2519 propter

209 2539 581 2595 divinitatem
615 2541 833 2596 Christi
865 2547 1316 2614 propugnatam,
1349 2540 1454 2595 sed
1494 2546 1595 2595 aut
1625 2554 1864 2594 accusa-

211 2629 478 2684 tionibus
499 2630 674 2684 variis
698 2631 771 2686 ad
795 2647 991 2686 mores
1014 2630 1439 2702 spectantibus.
1467 2635 1568 2684 aut
1588 2628 1865 2698 imposita

207 2719 547 2774 Sabellismi
562 2721 977 2775 (‘riminatione
997 2719 1435 2793 oppugnabant.
1455 2718 1663 2773 Multos
1683 2717 1859 2772 etiam

207 2824 236 2862 e
267 2809 493 2862 sanctis
523 2809 857 2880 episcopos,
893 2809 1170 2864 simulato
1202 2808 1543 2864 orthodoxae
1576 2807 1859 2862 doctrinae

207 2903 308 2952 aut
326 2897 475 2952 recti
499 2897 730 2952 ordinis
753 2898 970 2966 studio,
993 2899 1053 2953 in
1076 2915 1211 2954 suas
1233 2904 1430 2970 partes
1454 2901 1864 2969 pertraxerant

208 2986 482 3042 dolorum
514 2999 574 3039 et
595 2986 824 3043 fraudis
856 2989 1112 3060 ignaros,
1145 2995 1211 3043 ut
1245 2989 1422 3043 etiam
1455 2987 1860 3043 confessorem

207 3075 259 3129 S.
295 3075 618 3130 Maximum
673 3076 1276 3147 Hierosolymitanum
1326 3078 1703 3147 episcopum;
1739 3092 1858 3130 non

205 3165 366 3218 enim
402 3180 612 3219 omnes
639 3166 740 3235 qui
770 3165 1005 3220 Arianis
1053 3166 1174 3221 illis
1205 3166 1474 3221 conciliis
1505 3167 1851 3229 intererant,

198 3251 430 3307 fraudis
463 3254 802 3324 principum
853 3261 912 3309 et
958 3255 1232 3310 factionis
1260 3255 1423 3310 socii.
1458 3255 1623 3310 Haud
1657 3261 1854 3310 tamen

201 3358 264 3396 se
297 3348 356 3396 et
387 3343 858 3397 Eusebianorum
895 3344 1144 3411 artibus,
1199 3350 1256 3398 et
1298 3344 1675 3415 imperatoris
1706 3344 1860 3399 hanc

203 3447 447 3485 causam
481 3432 874 3488 sustentantis
904 3433 1253 3488 auctoritate
1287 3433 1505 3488 moveri
1529 3451 1740 3504 passus
1772 3438 1861 3488 est

207 3519 482 3589 Cyrillus,
517 3526 583 3574 ut
610 3537 813 3575 eorum
838 3538 898 3575 se
927 3522 1194 3576 societati
1228 3527 1284 3576 et
1317 3539 1508 3577 causas
1537 3522 1858 3588 addiceret;

212 3608 312 3661 sed
336 3609 399 3663 in
425 3609 509 3662 eis
535 3611 777 3664 haeresis
799 3611 1028 3666 Arianaa
1054 3612 1444 3681 patrocinium
1464 3611 1860 3666 subodoratus

213 3703 318 3764 est,
354 3704 412 3752 et
445 3699 756 3754 inimicum
788 3700 849 3753 in
881 3700 1092 3755 fratres
1124 3701 1392 3754 animum
1425 3699 1858 3754 exhorruit.Se-

215 3787 429 3848 cundo,
462 3788 620 3858 quod
672 3789 734 3842 in
789 3793 1052 3843 adversas
1109 3790 1296 3861 partis
1327 3789 1620 3860 episcopis
1656 3789 1861 3844 eadem

213 3883 488 3948 suspecta
518 3877 746 3943 habuit,
781 3877 841 3930 id
882 3884 1217 3948 temporum
1257 3877 1596 3933 confusioni
1630 3885 1688 3932 et
1717 3878 1868 3934 cala-

211 3967 403 4021 mitati
456 3965 860 4021 tribuendum.
905 3968 1043 4021 Tam
1089 3972 1320 4022 atroces
1362 3967 1423 4020 in
1484 3984 1582 4022 eos
1615 3973 1673 4020 et
1704 3973 1866 4022 tanta

214 4054 432 4110 ﬁducia
458 4056 696 4125 jactatee
730 4054 1152 4127 ingerebantur
1172 4055 1506 4122 calumniae,
1533 4061 1595 4109 ut
1623 4073 1866 4127 prorsus

213 4143 566 4198 innocentes
585 4159 685 4197 eos
708 4144 981 4198 arbitrari
1006 4143 1249 4198 difficile
1271 4143 1865 4198 videretur.Nondum

212 4238 380 4287 erant
410 4232 587 4287 edita:
621 4232 854 4286 eximite
903 4232 1022 4286 illas
1073 4232 1144 4286 ab
1199 4233 1525 4287 Athanasio
1557 4233 1863 4305 apologis),

209 4322 565 4376 Arianorum
590 4321 874 4385 historias,
899 4322 1198 4376 orationes
1221 4328 1428 4377 contra
1449 4322 1629 4392 ipsos,
1654 4322 1867 4392 quibus

211 4409 279 4465 de
325 4417 454 4466 tota
508 4411 862 4464 Eusebianee
914 4426 1107 4464 causa;
1161 4411 1476 4481 iniquitate
1529 4411 1866 4476 edocemur,

210 4500 422 4555 Christi
442 4501 853 4554 confessorum
869 4499 1212 4554 innocentia
1225 4499 1870 4565 demonstratur,Atha-

1977 1929 2160 1983 puum
2212 1913 2323 1968 fuit
2371 1914 3073 1986 Philippopolitanorum,
3108 1933 3214 1971 cur
3253 1915 3632 1973 Sardicenses

1979 2001 2312 2056 Sabellismi
2336 2003 3345 2076 accusarentfundamentum,apud
3365 2005 3629 2078 Hil.frag.

1977 2091 2095 2157 3,n.
2121 2093 2209 2147 23.
2236 2093 2548 2158 Praeterea,
2576 2093 2716 2150 licet
2739 2093 3264 2149 consubstantialis
3287 2094 3632 2151 defensores

1976 2181 2128 2235 nihil
2159 2182 2326 2255 vulgo
2360 2184 2474 2238 nisi
2530 2185 2884 2240 catholicam
2932 2183 3263 2240 doctrinam
3298 2190 3629 2253 tuerentur,

1977 2270 2306 2340 suspiciosa
2336 2272 2730 2329 nihilominus
2761 2273 3163 2330 Orientalibus
3192 2289 3298 2328 vox
3333 2279 3477 2338 erat,
3511 2274 3632 2330 sive

1976 2365 2218 2429 propter
2262 2377 2600 2430 perversum
2652 2364 2783 2432 ejus
2831 2362 2976 2418 olim
3007 2363 3068 2416 in
3099 2378 3200 2417 ore
3231 2361 3396 2417 Pauli
3428 2361 3629 2418 Samo-

1977 2447 2232 2502 satensis
2265 2465 2460 2517 usum,
2495 2457 2856 2521 quaprOpter
2887 2452 2947 2505 in
2980 2451 3232 2506 concilio
3260 2450 3628 2506 Antiocheno

1975 2534 2257 2592 damnata
2284 2536 2625 2605 ferebatur;
2661 2540 2781 2594 sive
2829 2546 3071 2612 propter
3100 2539 3444 2607 nonnullos,
3478 2556 3627 2611 quos

1975 2623 2231 2681 Hilarius
2262 2626 2332 2681 de
2366 2628 2606 2699 synodis
2639 2645 2804 2684 num.
2833 2631 2924 2696 67,
2963 2628 3362 2684 confitebatur
3391 2645 3459 2684 ea
3487 2645 3624 2685 voce

1973 2713 2054 2769 ita
2100 2715 2207 2777 uti,
2260 2721 2323 2770 ut
2371 2717 2689 2773 homousion
2739 2720 2907 2789 impie
2954 2721 3128 2788 magis
3168 2735 3333 2790 quam
3357 2721 3454 2789 pie
3475 2735 3625 2789 prae-

1972 2804 2155 2859 dicare
2175 2807 2508 2862 viderentur.
2534 2807 2862 2864 Accedebat
2885 2807 3123 2863 tandem
3150 2808 3327 2863 trium
3352 2808 3626 2880 hyposta—

1972 2909 2114 2949 seon
2137 2895 2471 2952 dissidium.
2498 2897 2604 2961 Qui
2629 2913 2764 2952 cum
2790 2897 3104 2953 Athanasio
3124 2897 3428 2968 conjuncti
3453 2902 3625 2953 erant

1971 2985 2439 3055 episcopi,unam
2460 2985 2628 3058 vulgo
2671 2986 3038 3057 hypostasim
3093 2992 3151 3042 et
3195 2992 3314 3040 tres
3335 3002 3623 3056 personas

1969 3071 2394 3138 admittebant;
2415 3073 2572 3144 quod
2601 3074 2841 3144 quidem
2865 3073 3196 3129 Orientales
3223 3075 3445 3145 passim
3467 3074 3620 3129 nihil

1969 3178 2002 3215 a
2061 3160 2397 3216 Sabelliana
2442 3160 2792 3216 confusione
2837 3161 3076 3216 differre
3127 3163 3620 3219 criminabantur.

1969 3251 2317 3320 Quanquam
2336 3257 2534 3305 autem
2561 3251 2916 3306 Athanasius
2937 3251 3041 3306 diu
3059 3253 3332 3323 posthaec
3353 3257 3623 3323 tempora

1969 3340 2030 3393 in
2059 3340 2313 3395 concilio
2345 3339 2747 3396 Alexandrino
2800 3357 2894 3396 an.
2933 3343 3036 3395 362
3066 3341 3286 3396 auditis
3317 3347 3622 3397 utrorum-

1971 3445 2083 3498 que
2114 3429 2445 3484 rationibus
2469 3434 2526 3483 et
2548 3429 2682 3484 fidei
2709 3430 3097 3500 expositione,
3126 3430 3279 3486 hanc
3300 3431 3458 3485 verbi
3486 3446 3624 3486 con-

1970 3517 2314 3572 troversiam
2334 3533 2461 3572 esse
2483 3516 2978 3588 deprehendisset
2998 3524 3056 3573 et
3077 3525 3372 3586 notasset;
3395 3519 3620 3575 dudum

1971 3611 2169 3660 tamen
2210 3607 2430 3661 mansit
2477 3605 2780 3662 altercatio
2829 3624 2962 3662 cum
3008 3608 3342 3664 animorum
3392 3609 3620 3666 fervore

1971 3695 2323 3764 conjuncta:
2360 3694 2728 3766 Basiliusque
2751 3701 2949 3751 tantus
2971 3696 3076 3758 vir,
3101 3714 3219 3752 non
3250 3698 3403 3753 hanc
3433 3698 3623 3754 nomi-

1972 3784 2067 3838 nis
2099 3789 2158 3838 et
2186 3783 2476 3850 vocabuli,
2513 3785 2615 3839 sed
2646 3784 2991 3840 nullatenus
3014 3787 3536 3853 contemnendam,
3562 3791 3620 3842 et

1979 3873 2052 3927 ad
2081 3872 2320 3942 pietatis
2353 3889 2594 3944 scopum
2621 3873 3022 3944 pertinentem
3054 3875 3516 3945 disputationem
3542 3891 3632 3931 ar-

1974 3960 2331 4028 bitrabatur,
2363 3978 2494 4032 quae
2525 3962 2828 4017 schismati
2861 3963 3226 4018 Antiocheno
3255 3964 3629 4020 occasionem

1976 4049 2402 4105 ministrasset.
2437 4051 2608 4121 epist.
2641 4053 2763 4112 349,
2816 4068 2874 4122 p.
2925 4053 3046 4106 345.
3082 4051 3264 4107 Unius
3295 4053 3631 4125 hypostasis

1977 4140 2306 4194 assertione
2335 4139 2753 4195 Sabellismum
2788 4139 3106 4196 instaurari
3147 4141 3428 4197 censebat
3457 4142 3629 4214 epist.

1978 4230 2066 4293 64,
2099 4243 2230 4299 pag.
2267 4231 2390 4292 100,
2421 4243 2604 4282 unam
2644 4228 3009 4299 hypostasim
3055 4245 3088 4284 a
3123 4229 3377 4286 Sabellio
3410 4230 3630 4286 dictam

1979 4317 2176 4372 aiebat
2202 4317 2373 4388 epist.
2426 4317 2550 4380 349,
2604 4333 2662 4388 p.
2709 4319 2834 4382 345,
2867 4323 2925 4373 et
2953 4335 2988 4374 a
3017 4319 3292 4375 Marcello
3320 4326 3629 4392 Ancyrano

1981 4407 2151 4478 epist.
2186 4408 2276 4469 74,
2309 4423 2366 4476 p.
2404 4405 2524 4459 126.
2561 4407 2931 4478 Quapropter
2957 4408 3130 4479 epist.
3163 4407 3289 4475 325,
3321 4423 3449 4481 pag.
3503 4409 3628 4473 320,

1978 4494 2183 4550 laudat
2212 4493 2608 4566 Epiphanium
2655 4495 2813 4566 quod
2861 4496 3197 4567 scripsisset
3226 4497 3630 4553 necessarium

209 4591 359 4644 nasii
396 4596 457 4644 et
484 4589 785 4644 sociorum
819 4587 966 4642 ﬁdes
997 4589 1296 4643 luculente
1331 4588 1659 4660 explicatur
1689 4593 1748 4643 et
1776 4588 1872 4644 de-
1901 4572 1948 4638 1)
1980 4602 2108 4640 esse
2142 4589 2261 4638 tres
2303 4584 2653 4654 hypostases
2699 4583 2991 4638 confiteri.
3028 4585 3193 4649 Quod
3237 4586 3286 4640 si
3314 4601 3384 4641 ea
3415 4585 3630 4642 Basilio

209 4680 508 4736 fenditur:
542 4697 675 4750 quas
703 4679 818 4733 nisi
844 4679 1015 4734 nobis
1037 4679 1315 4734 adessent
1336 4680 1575 4742 auxilia,
1607 4679 1762 4733 haud
1791 4680 1873 4736 ita

211 4769 358 4824 forte
393 4775 628 4825 certum
662 4767 835 4823 nobis
866 4775 1024 4823 esset
1054 4768 1196 4838 quid
1228 4769 1299 4823 de
1341 4768 1574 4823 Arianis
1605 4768 1872 4823 conciliis

213 4865 681 4927 sanctorumque
696 4857 1174 4911 accusationibus
1190 4874 1298 4912 nos
1313 4857 1532 4912 sentire
1551 4863 1869 4928 oporteret.

214 4948 452 5006 Contra.
476 4947 706 5002 viderat
746 4946 1021 5016 Cyrillus,
1047 4946 1340 5016 siquidem
1374 4953 1506 5018 post
1528 4947 1872 5002 Sardicense

214 5039 540 5092 concilium
575 5035 831 5101 dicebat,
874 5036 1184 5105 utriusque
1239 5036 1476 5090 concilii
1508 5035 1873 5091 Sardicensis

216 5132 272 5180 et
311 5124 848 5196 PhilippOpolitani
896 5131 1291 5196 repugnantes
1334 5131 1390 5179 et
1435 5125 1870 5196 reciprocarum

215 5219 666 5272 accusationum
704 5215 910 5285 plenas
943 5214 1190 5278 litteras,
1227 5215 1439 5286 quibus
1482 5216 1716 5286 piorum
1742 5215 1871 5270 ani-

216 5323 358 5366 mos,
396 5307 497 5377 qui
527 5323 654 5360 rem
678 5304 913 5375 penitus
936 5320 1055 5357 non
1083 5311 1388 5361 noverant.
1413 5305 1577 5375 [XIV]
1596 5304 1875 5360 adversus

214 5402 494 5466 utrosque
527 5394 751 5450 offendi
789 5409 894 5462 par
927 5398 1052 5446 erat
1101 5394 1316 5457 Tertio,
1345 5393 1630 5449 Catholici
1655 5393 1874 5464 passim

215 5483 282 5539 ab
317 5485 680 5541 Eusebianis
710 5482 801 5537 uti
833 5481 1153 5536 Sabelliani
1181 5482 1660 5538 infamabantur:
1695 5481 1875 5537 hacac

223 5576 442 5631 cusatio
453 5593 528 5630 ne
547 5569 1198 5643 dejectusAntiochena
1215 5571 1478 5628 Ecclesia
1509 5571 1872 5629 Eustathius.

215 5663 347 5722 Eam
369 5666 432 5723 in
465 5680 684 5723 omnes
723 5661 872 5718 alios
915 5658 1268 5718 intentatam
1307 5661 1578 5719 videmus
1606 5661 1669 5718 in
1701 5661 1873 5734 epist.

1982 4675 2153 4730 venia
2185 4672 2378 4736 datur,
2414 4678 2635 4743 quanto
2686 4673 2914 4742 aequius
2956 4672 3174 4744 Cyrillo
3230 4673 3498 4742 debetur,
3530 4674 3633 4746 qui

1982 4763 2153 4834 longe
2178 4766 2314 4816 ante
2343 4759 2618 4831 scripsit?
2635 4777 2978 4832 quanquam
3001 4761 3126 4832 ipse
3149 4761 3327 4816 trium
3353 4762 3636 4834 hyposta-

1983 4869 2125 4909 seon
2147 4850 2632 4924 pronuntiatione
2655 4851 2962 4917 abstinuit,
2989 4852 3380 4908 Arianismum
3402 4854 3549 4909 forte
3572 4853 3634 4908 in

1982 4946 2093 5000 hac
2113 4943 2480 5014 professione
2504 4947 2874 5012 suspectans.
2898 4941 2953 4996 Si
2980 4948 3111 5013 post
3130 4942 3479 4998 Sardicense
3503 4958 3638 4999 con-

1982 5035 2185 5090 cilium
2219 5032 2562 5087 catecheses
2592 5030 2758 5096 dixit,
2791 5031 2989 5086 videre
3021 5037 3295 5102 potuerat
3324 5034 3638 5104 expositio-

1982 5139 2120 5178 nem
2150 5121 2307 5185 fidei,
2333 5137 2464 5190 quas
2495 5118 2569 5174 ad
2599 5119 2820 5175 calcem
2854 5120 3151 5191 synodicaa
3182 5121 3361 5192 hujus
3393 5123 3634 5177 concilii

1983 5209 2248 5284 epistolae
2271 5225 2405 5264 cum
2428 5224 2497 5263 ea
2518 5209 2893 5264 continenter
2915 5209 3165 5264 habetur
3187 5210 3340 5281 apud
3375 5211 3638 5266 Theodo-

1983 5308 2176 5357 retum
2211 5297 2311 5353 lib.
2347 5313 2404 5362 ιι,
2437 5298 2604 5352 Ηίεε..
2631 5313 2757 5368 cap.
2794 5299 2845 5363 8,
2873 5303 2930 5351 et
2957 5296 3030 5352 ab
3062 5299 3368 5353 nonnullis
3399 5299 3637 5355 concilii

1984 5387 2276 5447 Patribus.
2294 5385 2757 5441 reclamantibus
2780 5385 3029 5451 caeteris,
3054 5387 3316 5458 profecta
3338 5388 3640 5444 existima-

1984 5487 2098 5536 tur.
2133 5479 2198 5532 In
2243 5492 2312 5531 ea
2359 5481 2494 5547 post
2543 5474 2949 5530 vehementem
2998 5475 3177 5529 trium
3227 5483 3639 5547 separatarum

1985 5571 2383 5643 hypostaseon
2404 5567 2542 5638 [XV]
2567 5564 3170 5620 refutationemhanc
3195 5582 3257 5621 se
3283 5566 3640 5621 catholicam

1985 5660 2167 5719 ﬁdem
2201 5673 2270 5716 ac
2299 5655 2684 5714 traditionem
2730 5653 3032 5727 accepisse
3072 5653 3260 5723 aiunt,
3294 5671 3476 5711 unam
3509 5666 3641 5709 esse
