4090 6268
402 345 483 404 47
1694 337 1798 398 DE
1839 337 2033 399 VITA
2076 339 2140 399 S.
2173 337 2529 402 'GYRILLI.
3748 337 3825 395 48

403 476 588 535 trium
618 473 987 546 hypostasim
1019 487 1198 545 quam
1228 471 1493 528 hmretici
1524 468 1732 539 οὐσίαν,
1771 472 2061 528 essentiam
2092 471 2143 538 Α
2173 479 2431 546 gregato,
2464 490 2536 529 ex
2567 473 2910 546 eisdemque
2968 471 3262 545 episcopis
3318 470 3418 542 qui
3476 469 3613 540 Tyri
3647 472 3828 522 antea

401 565 492 622 vel
512 566 879 621 substantiam
902 563 1383 635 dicunt.Propter
1404 564 1886 634 intempestivam
1911 563 2062 617 forte

404 656 585 725 hujus
607 654 956 710 assertionis
968 653 1280 709 audaciam
1306 659 1364 708 et
1384 653 1643 709 adversm
1663 654 1845 725 partis
1869 653 2069 708 crimi-

406 745 681 800 nationes
705 745 921 798 factum
946 744 1244 798 utauctori
1257 748 1372 797 tate
1390 744 1648 798 caruerit
1667 759 1736 798 ea
1755 743 2068 814 expositio,

409 851 588 906 quam
642 834 1023 897 Athanasius,
1074 832 1362 888 Eusebius
1420 832 1815 887 Vercellensis
1848 833 2072 903 aliique

409 923 645 979 concilii
675 923 1058 977 Alexandrini
1082 939 1178 976 an.
1207 924 1330 979 362.
1355 924 1559 976 Patres
1581 922 1825 975 omnino
1844 922 1934 975 vel
1957 921 2073 993 legi

408 1012 500 1068 vel
522 1012 771 1083 proferri
797 1011 1349 1077 vetuerunt,Athan.
1376 1016 1515 1065 tom.
1542 1011 1615 1065 ad
1640 1012 1899 1065 Antioch.
1927 1028 1986 1065 n.
2016 1014 2068 1077 ὅ,

411 1102 505 1157 cui
529 1102 639 1165 rei,
663 1102 817 1156 sicut
844 1106 903 1155 et
932 1102 1163 1156 cmteris
1195 1101 1256 1154 in
1306 1116 1374 1155 eo
1410 1100 1662 1156 concilio
1689 1100 1944 1156 decretis
1976 1113 2073 1155 sa'

412 1189 600 1246 sensit
641 1195 699 1244 et
730 1189 1084 1261 subscripsit
1129 1189 1414 1244 Paulinus
1461 1189 1889 1247 Antiochenus.
1923 1188 2068 1246 ibid.

409 1296 469 1335 n.
503 1283 588 1336 11.
624 1278 741 1335 Hac
770 1278 1141 1351 expositione
1176 1296 1307 1350 quae
1334 1279 1494 1350 ipsos
1526 1278 1705 1334 unius
1735 1278 2071 1350 hypostasis

409 1376 735 1427 assertores
766 1370 1035 1437 offendit,
1061 1369 1111 1425 si
1142 1369 1396 1441 Cyrillus
1427 1370 1692 1426 offensus
1723 1375 1832 1437 est,
1862 1368 2068 1424 mirari

378 1476 381 1479 '
410 1474 532 1517 non
563 1458 879 1515 debemus.

480 1550 570 1602 20.
605 1547 763 1602 Illud
820 1564 1057 1618 quoque
1113 1563 1235 1602 non
1293 1562 1503 1618 parum
1545 1546 1620 1601 ad
1664 1546 2068 1622 excusandum

413 1637 699 1709 Cyrillum
733 1637 907 1704 valet,
938 1637 1096 1709 quod
1120 1653 1239 1692 non
1264 1637 1536 1708 proprios
1559 1637 1670 1692 sibi
1699 1637 1771 1692 de
1802 1635 2068 1692 dissidiis

416 1726 837 1782 ecclesiasticis
868 1743 1103 1793 sensus,
1135 1726 1236 1781 sed
1281 1743 1430 1796 quos
1460 1742 1494 1782 a
1533 1726 1781 1782 Maximo
1812 1726 2067 1798 prmsule

416 1822 746 1887 acceperat.
779 1816 1001 1886 quique
1046 1815 1107 1869 in
1152 1815 1415 1870 Ecclesia
1446 1816 1982 1888 Hierosolymitana
2010 1821 2070 1871 et

419 1911 542 1961 tota
560 1907 711 1962 forte
733 1907 1049 1962 Palmstina
1078 1923 1424 1962 communes
1457 1913 1646 1968 erant.
1679 1909 2064 1980 expressisse,

415 2009 483 2050 ac
514 1995 793 2051 meliores
821 1994 1060 2051 tandem
1111 2012 1247 2050 eum
1296 1997 1369 2051 iis
1421 1997 1745 2067 sumpsisse
1776 1997 2064 2052 videatur.

413 2084 553 2149 Quis
571 2084 729 2139 enim
749 2084 952 2140 credat
963 2085 1266 2157 juniorem
1288 2085 1701 2157 presbyterum
1715 2087 1825 2157 .cuj
1836 2103 1903 2141 us
1927 2086 2065 2141 ﬁdei

412 2178 596 2228 totam
615 2174 991 2245 episcopatus
1010 2174 1305 2229 sarcinam
1323 2174 1656 2230 crediderat
1668 2192 1810 2231 suus
1824 2176 2064 2246 praesul,

413 2261 561 2318 alios
592 2278 772 2333 quam
803 2263 1151 2334 episcopum
1183 2279 1357 2317 suum
1387 2262 1459 2319 de
1499 2264 1676 2319 rebus
1705 2265 2067 2337 gravissimis

414 2353 703 2425 cogitatus
734 2352 1015 2408 habuisse
1038 2352 1066 2407 ?
1096 2352 1227 2416 Sed,
1260 2358 1326 2407 ut
1375 2352 1432 2408 id
1468 2355 1653 2427 magis
1681 2355 2065 2426 approbetur,

406 2447 577 2513 juvat
597 2441 772 2513 paulo
795 2441 973 2497 altius
995 2441 1066 2497 de
1090 2441 1280 2498 sancti
1304 2443 1536 2497 Maximi
1559 2444 2066 2499 etPalestinorum

416 2530 740 2602 prassulum
770 2530 882 2585 hoc
913 2535 1175 2602 tempore
1207 2532 1506 2586 sententia
1535 2532 1861 2603 inquirere.
1890 2532 2067 2588 Maxi-

416 2634 550 2673 mus
572 2618 877 2674 confessor
897 2636 1032 2674 cum
1054 2618 1187 2673 aliis
1210 2620 1559 2675 Palaestinis
1580 2621 1873 2693 episcopis
1896 2623 2066 2693 Tyrio

419 2713 629 2763 contra
657 2707 1048 2763 Athanasium
1080 2709 1354 2771 concilio.
1391 2710 1745 2766 Arianorum
1779 2712 1932 2766 dolis
1963 2712 2065 2767 de-

419 2796 588 2852 lusus
632 2796 904 2851 interfuit
970 2798 1179 2852 Narrat
1225 2796 1455 2853 Rullnis
1508 2797 1607 2853 lib.
1646 2816 1664 2853 ι
1695 2801 1865 2865 Hist.,
1899 2818 1947 2855 c.
1982 2803 2065 2864 t7,

418 2885 579 2957 quod
608 2902 742 2940 cum
789 2886 1158 2957 Paphnutius
1208 2888 1523 2942 Maximum
1572 2889 1634 2943 in
1664 2890 1918 2945 concilio
1952 2906 2070 2945 una

418 2991 553 3031 cum
566 2974 871 3030 Athanasii
888 2974 1145 3030 inimicis
1168 2975 1471 3032 sedentem
1494 2977 1865 3049 vidisset.pro
1885 2979 2071 3034 nimia

418 3065 800 3136 simplicitate
832 3065 984 3120 nihil
1008 3064 1080 3121 de
1113 3065 1353 3121 illorum
1380 3067 1604 3122 scelere
1645 3068 2067 3138 suspicantem,

416 3154 779 3225 prehensum
802 3170 984 3209 manu
1007 3154 1255 3209 abduxit
1276 3172 1306 3210 e
1328 3164 1700 3217 consessu.et
1721 3157 1792 3211 de
1819 3157 2067 3229 singulis

415 3242 770 3298 instructum
788 3249 1072 3315 perpetua
1085 3244 1303 3300 dehinc
1315 3245 1637 3300 Athanasio
1651 3248 2070 3302 communione

421 3331 663 3388 sociavit
715 3331 880 3387 Idem
929 3332 1150 3388 factum
1201 3333 1556 3390 Sozomenus
1589 3335 1692 3391 lib.
1728 3353 1788 3401 ιι,
1822 3353 1951 3407 cap.
1984 3340 2075 3391 25:

419 3425 554 3493 post
582 3419 882 3476 decretam
907 3427 965 3476 et
986 3422 1431 3493 pronuntiatam
1454 3423 1515 3478 in
1539 3424 1791 3479 concilio
1816 3426 2077 3482 Athana-

427 3509 497 3565 sii
544 3509 993 3566 damnationem
1042 3511 1244 3578 refert,
1296 3512 1554 3569 innuens
1599 3513 1915 3569 Maximum
1944 3532 2075 3571 eam

429 3600 541 3655 hoc
568 3599 723 3655 facto
756 3599 1158 3672 improbasse;
1182 3601 1254 3656 de
1276 3608 1509 3658 retenta
1537 3609 1738 3658 tamen
1762 3620 1796 3658 a
1828 3606 2076 3661 Maximo

430 3688 739 3744 Athanasii
779 3690 1200 3745 communione
1249 3691 1402 3748 silet.
1438 3692 1578 3747 Utut
1617 3693 1693 3747 sit
1721 3693 1794 3747 de
1826 3693 1928 3748 illa
1960 3696 2079 3750 Ru-

432 3778 537 3834 ﬁni
571 3783 629 3833 et
648 3778 952 3834 Sozomeni
984 3780 1352 3847 narratione,
1380 3787 1605 3835 certum
1637 3782 1868 3837 videtur
1900 3783 2074 3838 Maxi-

429 3882 592 3922 mum
616 3873 674 3922 et
693 3868 1036 3923 Palmstinos
1054 3868 1583 3941 episcopos,sivein
1607 3872 1859 3926 concilio
1880 3874 2071 3943 Tyrio,

429 3956 547 4011 sive
578 3957 861 4027 postea.vi
888 3958 1227 4029 compulsos
1274 3958 1499 4029 aliquid
1537 3960 1595 4014 in
1623 3977 1841 4015 nomen
1896 3962 2073 4017 Atha«

429 4045 582 4099 nasii
598 4044 1025 4100 subscribendo
1040 4048 1637 4103 commisisseJiefert
1650 4050 1806 4103 enim
1824 4053 1886 4103 At
1900 4050 2078 4105 hana-

427 4133 550 4188 sius
580 4133 640 4187 in
685 4136 891 4188 Hister.
944 4138 1280 4192 Arianorum
1323 4138 1396 4191 ad
1442 4140 1754 4201 monachos,
1787 4155 1950 4194 num.
1983 4143 2073 4207 25,

424 4238 556 4294 pag.
591 4222 713 4289 358,
747 4239 882 4277 cum
928 4224 1053 4294 ipse
1085 4242 1178 4279 an.
1221 4225 1328 4279 349
1360 4226 1734 4282 Palmstinam
1769 4234 2072 4299 pertrans-

425 4308 558 4371 iret,
582 4326 790 4365 omnes
811 4310 1141 4367 Palaestinae
1164 4313 1496 4385 episcopos,
1522 4316 1752 4371 duobus
1774 4317 1864 4372 vel
1887 4317 2075 4372 tribus

427 4399 708 4470 exceptis,
768 4401 960 4471 iisque
1018 4402 1311 4473 suspectis
1366 4405 1529 4471 viris,
1562 4405 1644 4459 ita
1683 4405 2074 4461 Athanasium

425 4488 760 4558 suscepisse
805 4494 864 4543 et
906 4492 1390 4547 communionem
1423 4493 1553 4565 ejus
1585 4494 1888 4565 amplexos
1919 4511 2072 4562 esse,

2176 564 2414 620 fuerant
2443 566 2791 636 composito,
2825 563 3133 630 interfuit;
3168 563 3228 616 in
3278 560 3447 633 [XVI]
3502 576 3617 630 quo
3650 558 3826 612 Arius

2178 662 2238 710 et
2267 672 2549 726 sequaces
2580 655 2654 709 ad
2686 655 3167 709 communionem
3200 653 3328 707 sine
3360 649 3706 722 poenitentia
3735 664 3824 701 re-

2179 745 2333 815 cepti
2382 746 2565 799 fuere.
2619 747 2765 800 Num
2818 744 3150 799 temerariae
3196 742 3282 795 illi
3315 747 3372 795 et
3409 746 3616 795 contra
3666 738 3823 809 leges

2181 837 2612 892 ecclesiasticas
2634 837 2959 907 receptioni
2983 833 3406 897 intercesserit,
3437 847 3687 900 seseque
3720 846 3820 899 op-

2178 928 2445 998 posuerit
2499 928 2554 980 S.
2612 926 2918 991 Maximus,
2970 926 3284 980 incertum.
3334 923 3495 976 Unus
3549 920 3826 975 laudatur

2179 1017 2333 1087 apud
2356 1017 2744 1071 Sozomenum
2775 1015 2883 1069 lib.
2924 1032 2982 1081 ιι,
3015 1031 3142 1085 cap.
3167 1015 3254 1070 33.
3288 1011 3597 1067 Marcellus
3630 1012 3824 1078 Ancy-

2178 1122 2359 1161 ranus
2382 1107 2482 1177 qui
2507 1105 2859 1160 Arianorum
2883 1103 3232 1159 admissioni
3255 1101 3593 1157 consentire
3617 1098 3827 1152 nolue-

2176 1195 2390 1258 rit,nec
2403 1194 2834 1249 consecrationi
2852 1193 3113 1248 hasilicze
3132 1190 3587 1249 interessedum
3612 1188 3826 1242 horum

2177 1284 2591 1355 episcOporum
2615 1283 3097 1339 communionem
3123 1280 3351 1351 refugit.
3379 1278 3544 1343 Quod
3570 1277 3742 1330 Arius
3766 1275 3827 1329 in

2175 1373 2441 1429 Ecclesia
2488 1373 3029 1444 Hierosolymitana
3075 1368 3485 1426 communioni
3515 1366 3828 1421 restitutus

2177 1462 2272 1527 sit,
2296 1462 2436 1517 inde
2466 1462 2686 1517 factum
2720 1467 2860 1532 puto
2892 1466 2958 1515 ut
2986 1476 3123 1516 cum
3157 1460 3284 1530 ejus
3329 1456 3602 1512 haeresim
3636 1454 3828 1525 Cyril-

2176 1553 2269 1608 lus
2299 1553 2476 1607 variis
2505 1552 2651 1607 locis
2676 1552 2929 1623 graviter
2949 1555 3267 1623 oppugnet,
3297 1563 3627 1617 omnesque
3659 1546 3824 1600 illius

2176 1642 2446 1697 surculos
2476 1648 2889 1713 persequatur,
2921 1656 3231 1711 nunquam
3276 1644 3475 1693 tamen
3507 1636 3715 1691 Arium
3746 1634 3819 1689 de

2174 1732 2416 1786 nomine
2439 1731 2728 1801 appellet;
2747 1731 2836 1785 vel
2854 1730 2983 1800 ejus
3004 1726 3247 1783 haeresis
3262 1743 3545 1797 sequaces
3572 1724 3822 1779 Arianos

2174 1821 2346 1876 dicat.
2369 1820 2531 1875 Idem
2564 1821 2849 1875 Maximus
2868 1820 2940 1873 iis
2961 1818 3140 1873 dubio
3163 1818 3370 1889 procul
3405 1815 3661 1871 assensit
3691 1831 3821 1884 quae

2175 1915 2382 1964 contra
2396 1909 2736 1964 Marcellum
2754 1912 3105 1979 Ancyratem
3125 1906 3197 1961 ab
3219 1905 3566 1960 Eusebianis
3589 1904 3826 1958 decreta

2173 2007 2314 2058 sunt
2336 2003 2454 2057 sive
2478 2001 2902 2073 Hierosolymis
2925 2017 3018 2056 an.
3051 2001 3174 2064 335,
3204 1998 3303 2053 ubi
3336 2014 3513 2052 causa
3544 1997 3671 2066 ejus
3704 1995 3828 2067 pri-

2172 2108 2337 2147 mum
2370 2092 2696 2146 examinari
2728 2095 2937 2162 empta,
2972 2089 3091 2145 sive
3121 2086 3637 2156 Constantinopoli
3665 2101 3823 2139 anno

2173 2181 2468 2252 sequenti,
2501 2197 2659 2245 cum,
2692 2180 2777 2235 uti
2812 2179 2985 2251 plane
3019 2178 3343 2241 convictus,
3369 2176 3678 2230 abdicatus
3699 2174 3824 2244 epi-

2173 2276 2418 2341 scopatu
2450 2275 2578 2324 est:
2608 2286 2746 2324 nam
2778 2268 3055 2324 Ecclesiae
3087 2284 3210 2322 sum
3242 2266 3625 2322 sententiam.
3655 2269 3721 2317 ut
3743 2263 3825 2316 vi-

2172 2359 2365 2425 detur,
2398 2376 2702 2430 exponens
2761 2358 3015 2430 Cyrillus
3072 2362 3186 2412 cat.
3240 2358 3327 2413 15.
3361 2371 3420 2409 n.
3469 2357 3558 2412 27.
3592 2352 3664 2407 de
3698 2352 3828 2422 ejus

2172 2448 2381 2503 haeresi
2415 2448 2588 2502 verba
2642 2447 2890 2511 faciens,
2923 2447 3078 2501 hanc
3124 2443 3389 2516 appellat
3435 2442 3827 2497 novissimum

2174 2534 2449 2590 draconis
2472 2535 2836 2606 caput,quod
2858 2534 2919 2588 in
2946 2533 3171 2589 Galatia
3193 2548 3400 2586 recens
3420 2530 3823 2586 succrevisset.

2172 2626 2499 2681 Convocato
2527 2641 2619 2680 an.
2655 2626 2753 2679 341
2786 2624 2860 2679 ad
2888 2623 3164 2679 Encaenia
3198 2621 3473 2677 Ecclesiae
3508 2619 3823 2673 Antioche-

2173 2731 2264 2768 nzn
2288 2713 2779 2779 concilio,dedita
2795 2730 2970 2784 opera
2993 2712 3311 2767 Maximum
3325 2709 3585 2764 abfuisse
3605 2708 3825 2773 ferunt;

2174 2803 2523 2873 paenitentia
2554 2802 2795 2856 ductum
2820 2801 2904 2855 ait
2935 2800 3291 2855 Sozomenus
3341 2798 3442 2853 lib.
3499 2814 3575 2863 ιιι,
3608 2813 3736 2866 cap.
3773 2798 3826 2860 6,

2175 2891 2333 2961 quod
2357 2890 2560 2946 fraude
2588 2889 2871 2960 deceptus
2914 2904 3117 2943 eorum
3150 2888 3252 2958 qui
3285 2886 3677 2941 Athanasium
3711 2883 3831 2952 eje-

2175 2987 2382 3035 cerant
2407 2981 2772 3051 episcopatu,
2796 2977 3107 3033 sententiae
3140 2978 3495 3048 suffragatus
3528 2979 3701 3029 esset.
3729 2972 3832 3026 So-

2175 3074 2367 3124 crates
2391 3069 2492 3123 lib.
2519 3085 2635 3136 n,c.
2664 3066 2933 3135 8,eadem
2957 3066 3291 3121 confirmat.
3322 3067 3437 3119 Nec
3464 3063 3598 3117 aliis
3624 3067 3835 3132 postea

2185 3163 2302 3212 sive
2335 3158 2804 3212 Eusebienorum
2838 3156 2957 3211 sive
2979 3154 3415 3209 Catholicorum
3447 3151 3719 3207 conciliis
3742 3150 3839 3203 in-

2186 3247 2461 3301 terfuisse
2491 3246 2741 3301 videtur.
2799 3244 2971 3299 Nullo
3030 3249 3230 3299 tamen
3288 3249 3426 3297 ante
3476 3256 3698 3296 annum
3731 3241 3836 3293 349

2187 3334 2425 3407 publico
2458 3334 2798 3389 testimonio
2830 3351 2961 3404 quas
2993 3333 3054 3388 in
3087 3331 3475 3388 Athanasium
3507 3335 3675 3386 erant
3703 3344 3838 3397 ges-

2186 3431 2246 3481 ta
2271 3424 2631 3480 retractavit.

2256 3608 2343 3658 21.
2375 3605 2520 3658 Cum
2541 3607 2740 3658 autem
2764 3600 3143 3657 Palaestinam
3167 3600 3293 3671 ipse
3322 3615 3391 3654 ex
3420 3598 3623 3655 Galliis
3647 3596 3830 3652 redux

2186 3712 2254 3750 eo
2286 3711 2442 3750 anno
2472 3693 2879 3765 pertransiret,
2905 3708 3135 3758 omnes,
3158 3691 3247 3745 uti
3272 3691 3399 3759 jam
3431 3689 3573 3753 dixi,
3596 3688 3831 3759 provin-

2186 3785 2290 3839 cias
2324 3784 2485 3838 illius
2518 3781 2804 3853 episcopi.
2836 3780 3068 3836 duobus
3112 3779 3203 3835 vel
3252 3778 3459 3845 tribus,
3492 3778 3703 3832 Acacio
3736 3777 3837 3831 ni-

2190 3873 2407 3927 mirum
2459 3870 2809 3926 Caesariensi
2861 3875 2919 3923 et
2970 3868 3311 3940 Patrophilo
3354 3865 3841 3938 Scythopolitano

2187 3960 2465 4031 exceptis.
2490 3959 2916 4030 Hierosolymis
2947 3958 3267 4013 concilium
3300 3974 3435 4011 cum
3470 3956 3723 4010 Maximo
3751 3969 3839 4008 ce.

2184 4051 2506 4109 lebrantes.
2533 4049 2837 4103 Athanasii
2874 4047 3355 4103 communionem
3386 4045 3641 4115 amplexi
3677 4049 3835 4110 sunt,

2186 4155 2437 4209 quaeque
2471 4144 2680 4193 contra
2709 4155 2844 4192 eum
2880 4137 3259 4208 scripserant.
3285 4136 3334 4189 vi
3364 4135 3603 4189 adactos
3625 4133 3833 4187 fecisse

2184 4227 2337 4283 datis
2370 4227 2582 4281 litteris
2614 4233 2753 4282 sunt
2778 4226 3109 4281 contestati.
3143 4227 3393 4296 Insuper
3420 4224 3493 4279 ad
3525 4224 3835 4293 episcopos

2184 4316 2429 4388 Aigypti.
2453 4322 2512 4371 et
2532 4316 2765 4387 plebem
2790 4314 3247 4370 Alexandrinam
3282 4314 3507 4367 litteras
3541 4312 3839 4367 dederunt

2184 4406 2256 4461 de
2287 4406 2482 4460 reditu
2516 4405 2812 4460 Athanasii
2854 4404 3271 4476 gratulatorias
3296 4420 3310 4468 ;
3340 4402 3546 4472 eisque
3578 4401 3747 4455 aiunt
3775 4415 3839 4455 se

2184 4514 2384 4553 amore
2422 4496 2836 4551 ecclesiasticae
2867 4495 3029 4565 pacis
3079 4511 3214 4550 cum
3246 4494 3392 4565 ipsis
3424 4493 3841 4563 conspirantes

423 4575 510 4628 καὶ
546 4575 645 4640 τὴν
688 4576 825 4650 πρὸς
882 4577 1046 4631 αὐτον
1097 4579 1411 4646 ἠσπάσαντο
1461 4580 1771 4648 κοινωνίαν,
1804 4589 1869 4637 ut
1894 4584 2070 4638 etiam

2185 4586 2575 4641 Athanasium
2608 4586 2837 4656 priores
2880 4584 3184 4655 amplexos
3236 4600 3385 4649 esse,
3447 4599 3553 4652 per
3584 4597 3845 4651 eumque

424 4664 638 4719 litteris
672 4682 733 4721 se
767 4673 1136 4733 excusarent,
1172 4669 1330 4739 quod
1362 4686 1431 4726 ea
1461 4687 1593 4741 quas
1624 4671 1787 4742 prius
1820 4672 2077 4743 scripse-

423 4759 582 4815 rant.
614 4770 733 4809 non
767 4770 837 4809 ex
861 4756 1083 4825 animo,
1106 4758 1211 4812 sed
1231 4757 1282 4811 vi
1305 4759 1492 4814 coacti
1523 4758 1839 4815 fecissent:
1871 4760 1957 4820 Ὠς
1980 4758 2071 4813 καὶ

422 4841 623 4917 γράψαι
654 4842 742 4897 καὶ
774 4842 1241 4917 ἀπολογήσασθαι,
1293 4846 1376 4900 ὅτι
1420 4844 1453 4900 ἃ
1506 4847 1764 4922 πρότερον
1810 4846 2071 4922 ἔγραψαν,

423 4929 487 4985 οὗ
520 4930 655 4985 κατὰ
687 4932 998 5005 προαίρεσιν
1031 4934 1176 4989 ἀλλά
1209 4935 1526 5009 βιαζόμενοι
1570 4939 1920 5007 πεποιήκασι.
1952 4941 2070 4994 ΗΟ-

421 5037 556 5076 rum
582 5038 717 5077 vero
738 5024 1153 5095 episcoporum
1176 5027 1453 5099 princeps
1472 5029 1754 5085 Maximus
1772 5030 1882 5084 fuit
1902 5030 2072 5101 cujus

422 5126 636 5166 nomen
671 5112 729 5166 in
754 5112 966 5167 litteris
988 5117 1060 5170 ad
1087 5115 1396 5187 episcopos
1417 5120 1645 5190 Algypti
1668 5126 1726 5173 et
1754 5120 2070 5174 Ecclesiam

420 5198 884 5257 Alexandrinam
910 5220 1013 5274 pro
1035 5204 1354 5260 Athanasio
1382 5208 1619 5278 scriptis
1638 5215 1986 5263 cmterorum
2010 5209 2072 5262 in

422 5289 613 5359 capite
644 5289 1080 5363 habetur,apud
1102 5294 1378 5350 eumdem
1406 5297 1791 5353 Athanasium
1829 5300 2065 5368 Apolog.

421 5384 569 5431 cont.
606 5382 804 5436 Arian.
834 5397 1000 5436 num.
1035 5385 1123 5450 57,
1159 5400 1215 5454 p.
1276 5388 1395 5441 175.
1433 5386 1489 5441 Si
1521 5387 1655 5458 quis
1690 5388 2006 5442 Maximum
2037 5402 2073 5441 a

419 5469 723 5523 communi
756 5478 1107 5527 caaterorum
1139 5473 1315 5545 culpa
1364 5474 1621 5532 liberare
1653 5476 1812 5543 velit,
1846 5493 1952 5548 per
1975 5495 2070 5535 me

420 5554 560 5613 licet
608 5560 769 5617 Idem
805 5568 1004 5620 tamen
1035 5563 1245 5621 eodem
1291 5584 1473 5633 anno,
1506 5569 1761 5624 concilio
1799 5569 2071 5627 Hieroso-

418 5644 597 5721 lymis
614 5650 688 5709 ad
700 5651 1136 5712 dedicationem
1155 5654 1422 5714 basilica;
1438 5659 1918 5716 Resurrectionis
1936 5676 2073 5717 con-

2186 4692 2320 4731 cum
2370 4674 2516 4746 ipsis
2566 4674 3048 4738 communicare;
3102 4672 3259 4744 apud
3307 4671 3614 4734 Athenas,
3664 4669 3837 4738 Apol.

2185 4772 2329 4820 cont.
2364 4767 2552 4819 Arian.
2588 4780 2647 4817 n.
2699 4766 2789 4823 57.
2838 4778 2968 4834 pag.
3025 4766 3147 4827 175,
3199 4760 3516 4816 subscribit
3547 4759 3839 4814 Maximus

2184 4870 2317 4910 cum
2342 4854 2477 4908 aliis
2499 4851 2838 4923 quindecim
2863 4851 3180 4922 episcopis.
3210 4850 3429 4904 Eodem
3454 4855 3719 4917 tempore
3749 4847 3840 4903 fa-

2181 4951 2342 4999 ctum
2374 4943 2622 4998 videtur.
2658 4941 2817 5011 quod
2879 4941 3059 4994 iidem
3111 4938 3370 5010 episeopi
3432 4937 3730 5009 synodicae
3763 4936 3839 4993 ad

2185 5051 2392 5089 omnes
2424 5033 2603 5087 totius
2629 5031 2935 5087 catholica)
2958 5031 3234 5086 Ecclesia:
3266 5030 3574 5100 episcopos
3598 5036 3655 5083 et
3675 5046 3841 5083 com-

2186 5125 2494 5179 ministros
2524 5120 2768 5176 concilii
2796 5122 3164 5176 Sardicensis
3188 5120 3453 5191 epistola:
3478 5119 3842 5188 subscripse-

2182 5218 2360 5277 runt;
2393 5210 2548 5282 apud
2580 5211 2815 5271 Athan.,
2864 5212 3031 5280 Apol.
3070 5217 3216 5265 cont.
3250 5211 3451 5264 Arian.
3488 5226 3546 5262 ιι.
3581 5210 3668 5272 50,
3704 5225 3835 5279 pag.

2187 5300 2533 5357 I69.Eadem
2558 5305 2697 5353 sunt
2717 5300 2877 5354 enim
2898 5300 3311 5370 episcoporum
3333 5299 3575 5352 nomina
3598 5296 3837 5351 eodem-

2184 5408 2296 5463 que
2328 5391 2448 5446 fere
2480 5389 2689 5445 ordine
2740 5389 2979 5460 scripta,
3014 5389 3129 5443 nisi
3175 5388 3334 5459 quod
3376 5405 3539 5443 num.
3577 5391 3643 5441 5t)
3671 5386 3841 5442 deest

2182 5480 2425 5536 Macrini
2450 5495 2691 5538 nomen.
2712 5478 2932 5548 quique
2955 5477 3293 5532 The-odorus
3313 5477 3649 5547 appellatur
3670 5493 3838 5531 num.

2181 5572 2270 5639 57,
2305 5569 2401 5624 hic
2459 5567 2821 5623 Theodosius
2879 5567 3115 5623 dicitur.
3176 5571 3251 5621 Ac
3309 5565 3580 5620 Socrates
3629 5565 3732 5619 lib.
3774 5583 3839 5635 ιι,

2179 5676 2308 5731 cap.
2352 5659 2444 5728 24,
2492 5655 2856 5713 Sardicensis
2914 5655 3125 5730 synodi
3183 5654 3421 5710 decreta
3476 5654 3728 5712 Maximo
3759 5653 3833 5710 ab
