  <div class='ocr_page' id='page_1' title='image "/cluster/home/n/w/nwhite01/storage/ocr_20150623/33/mdp.39015078384412/032.png"; bbox 0 0 4090 6268; ppageno 0'>
   <div class='ocr_carea' id='block_1_1' title="bbox 243 375 1920 457">
    <p class='ocr_par' dir='ltr' id='par_1_1' title="bbox 243 375 1920 439">
     <span class='ocr_line' id='line_1_1' title="bbox 243 375 1920 439; baseline 0.002 -4"><span class='ocrx_word' id='word_1_1' title='bbox 243 376 316 437; x_wconf 69' lang='grc'>49</span> <span class='ocrx_word' id='word_1_2' title='bbox 1671 375 1920 439; x_wconf 81' lang='lat' dir='ltr'>DISSE]</span> 
     </span>
    </p>
   </div>
   <div class='ocr_carea' id='block_1_2' title="bbox 2036 375 3689 457">
    <p class='ocr_par' dir='ltr' id='par_1_2' title="bbox 2036 378 3689 457">
     <span class='ocr_line' id='line_1_2' title="bbox 2036 378 3689 457; baseline 0.003 -18"><span class='ocrx_word' id='word_1_3' title='bbox 2036 378 2195 441; x_wconf 74' lang='lat' dir='ltr'>LTIO</span> <span class='ocrx_word' id='word_1_4' title='bbox 2269 384 2317 444; x_wconf 89' lang='grc' dir='ltr'><strong>Ι.</strong></span> <span class='ocrx_word' id='word_1_5' title='bbox 3609 396 3689 457; x_wconf 67' lang='lat' dir='ltr'>eo</span> 
     </span>
    </p>
   </div>
   <div class='ocr_carea' id='block_1_3' title="bbox 247 506 3686 603">
    <p class='ocr_par' dir='ltr' id='par_1_3' title="bbox 247 506 3686 603">
     <span class='ocr_line' id='line_1_3' title="bbox 247 506 3686 603; baseline 0.007 -40"><span class='ocrx_word' id='word_1_6' title='bbox 247 507 600 603; x_wconf 39' lang='lat' dir='ltr'>Athanasio.</span> <span class='ocrx_word' id='word_1_7' title='bbox 625 506 961 603; x_wconf 73' lang='lat' dir='ltr'>significata</span> <span class='ocrx_word' id='word_1_8' title='bbox 989 511 1048 603; x_wconf 76' lang='lat' dir='ltr'>et</span> <span class='ocrx_word' id='word_1_9' title='bbox 1074 508 1405 603; x_wconf 33' lang='lat' dir='ltr'>nota‘facta</span> <span class='ocrx_word' id='word_1_10' title='bbox 1424 508 1607 603; x_wconf 74' lang='lat' dir='ltr'>dicit;</span> <span class='ocrx_word' id='word_1_11' title='bbox 1637 513 1917 603; x_wconf 59' lang='lat' dir='ltr'>xaraoavﬁ</span> <span class='ocrx_word' id='word_1_12' title='bbox 1953 510 2008 578; x_wconf 86' lang='grc' dir='ltr'><strong>Α</strong></span> <span class='ocrx_word' id='word_1_13' title='bbox 2038 512 2194 572; x_wconf 91' lang='lat' dir='ltr'>cium</span> <span class='ocrx_word' id='word_1_14' title='bbox 2225 518 2443 591; x_wconf 85' lang='lat' dir='ltr'>Cyrillo</span> <span class='ocrx_word' id='word_1_15' title='bbox 2464 525 2682 594; x_wconf 63' lang='lat' dir='ltr'>prater</span> <span class='ocrx_word' id='word_1_16' title='bbox 2702 523 2977 581; x_wconf 84' lang='lat' dir='ltr'><strong>eamdem</strong></span> <span class='ocrx_word' id='word_1_17' title='bbox 2998 530 3289 584; x_wconf 84' lang='lat' dir='ltr'>assertam</span> <span class='ocrx_word' id='word_1_18' title='bbox 3310 527 3569 601; x_wconf 88' lang='lat' dir='ltr'>objicere</span> <span class='ocrx_word' id='word_1_19' title='bbox 3584 545 3686 603; x_wconf 85' lang='lat' dir='ltr'>po-</span> 
     </span>
    </p>
   </div>
   <div class='ocr_carea' id='block_1_4' title="bbox 253 594 1932 672">
    <p class='ocr_par' dir='ltr' id='par_1_4' title="bbox 253 594 1932 672">
     <span class='ocr_line' id='line_1_4' title="bbox 253 594 1932 672; baseline 0.001 -21"><span class='ocrx_word' id='word_1_20' title='bbox 253 598 503 666; x_wconf 71' lang='grc' dir='ltr'>ποιήσας</span> <span class='ocrx_word' id='word_1_21' title='bbox 537 595 607 650; x_wconf 76' lang='grc' dir='ltr'><strong>τά</strong></span> <span class='ocrx_word' id='word_1_22' title='bbox 637 617 699 651; x_wconf 85' lang='grc' dir='ltr'><strong>τε</strong></span> <span class='ocrx_word' id='word_1_23' title='bbox 732 596 835 650; x_wconf 82' lang='grc' dir='ltr'>ὑπὸ</span> <span class='ocrx_word' id='word_1_24' title='bbox 873 603 971 663; x_wconf 78' lang='grc' dir='ltr'>τῆς</span> <span class='ocrx_word' id='word_1_25' title='bbox 1001 595 1053 649; x_wconf 85' lang='grc' dir='ltr'>ἐν</span> <span class='ocrx_word' id='word_1_26' title='bbox 1106 594 1351 671; x_wconf 72' lang='grc' dir='ltr'>Σαρδικῇ</span> <span class='ocrx_word' id='word_1_27' title='bbox 1405 595 1631 653; x_wconf 77' lang='grc' dir='ltr'>συνόδου</span> <span class='ocrx_word' id='word_1_28' title='bbox 1662 597 1932 672; x_wconf 69' lang='grc' dir='ltr'>γνωσθέν-</span> 
     </span>
    </p>
   </div>
   <div class='ocr_carea' id='block_1_5' title="bbox 255 687 1927 762">
    <p class='ocr_par' dir='ltr' id='par_1_5' title="bbox 255 687 1927 762">
     <span class='ocr_line' id='line_1_5' title="bbox 255 687 1927 762; baseline 0.001 -21"><span class='ocrx_word' id='word_1_29' title='bbox 255 707 338 741; x_wconf 78' lang='grc' dir='ltr'>τα·</span> <span class='ocrx_word' id='word_1_30' title='bbox 377 688 558 759; x_wconf 84' lang='lat' dir='ltr'>eique</span> <span class='ocrx_word' id='word_1_31' title='bbox 592 687 837 743; x_wconf 88' lang='lat' dir='ltr'>concilii</span> <span class='ocrx_word' id='word_1_32' title='bbox 877 688 1300 760; x_wconf 83' lang='lat' dir='ltr'>Hierosolymis</span> <span class='ocrx_word' id='word_1_33' title='bbox 1347 689 1591 762; x_wconf 80' lang='lat' dir='ltr'>cogendi</span> <span class='ocrx_word' id='word_1_34' title='bbox 1622 694 1927 745; x_wconf 82' lang='lat' dir='ltr'>auctorem</span> 
     </span>
    </p>
   </div>
   <div class='ocr_carea' id='block_1_6' title="bbox 262 777 1927 850">
    <p class='ocr_par' dir='ltr' id='par_1_6' title="bbox 262 777 1927 850">
     <span class='ocr_line' id='line_1_6' title="bbox 262 777 1927 850; baseline -0.001 -17"><span class='ocrx_word' id='word_1_35' title='bbox 262 778 465 834; x_wconf 83' lang='lat' dir='ltr'>fuisse.</span> <span class='ocrx_word' id='word_1_36' title='bbox 514 779 597 832; x_wconf 85' lang='lat' dir='ltr'>Ex</span> <span class='ocrx_word' id='word_1_37' title='bbox 648 778 743 831; x_wconf 88' lang='lat' dir='ltr'>his</span> <span class='ocrx_word' id='word_1_38' title='bbox 796 777 1072 832; x_wconf 90' lang='lat' dir='ltr'>omnibus</span> <span class='ocrx_word' id='word_1_39' title='bbox 1117 778 1452 850; x_wconf 81' lang='lat' dir='ltr'>colligimus</span> <span class='ocrx_word' id='word_1_40' title='bbox 1502 782 1558 832; x_wconf 90' lang='grc' dir='ltr'>1ο</span> <span class='ocrx_word' id='word_1_41' title='bbox 1587 779 1927 846; x_wconf 83' lang='lat' dir='ltr'>Maximum,</span> 
     </span>
    </p>
   </div>
   <div class='ocr_carea' id='block_1_7' title="bbox 269 867 1927 939">
    <p class='ocr_par' dir='ltr' id='par_1_7' title="bbox 269 867 1927 939">
     <span class='ocr_line' id='line_1_7' title="bbox 269 867 1927 939; baseline -0.001 -15"><span class='ocrx_word' id='word_1_42' title='bbox 269 874 370 924; x_wconf 87' lang='lat' dir='ltr'>aut</span> <span class='ocrx_word' id='word_1_43' title='bbox 400 867 757 922; x_wconf 68' lang='lat' dir='ltr'>Palaestinos</span> <span class='ocrx_word' id='word_1_44' title='bbox 790 867 1001 922; x_wconf 89' lang='lat' dir='ltr'>saltem</span> <span class='ocrx_word' id='word_1_45' title='bbox 1053 867 1363 939; x_wconf 86' lang='lat' dir='ltr'>episcopos</span> <span class='ocrx_word' id='word_1_46' title='bbox 1408 875 1616 923; x_wconf 89' lang='lat' dir='ltr'>contra</span> <span class='ocrx_word' id='word_1_47' title='bbox 1664 868 1927 923; x_wconf 85' lang='lat' dir='ltr'>Athana-</span> 
     </span>
    </p>
   </div>
   <div class='ocr_carea' id='block_1_8' title="bbox 270 957 1931 1028">
    <p class='ocr_par' dir='ltr' id='par_1_8' title="bbox 270 957 1931 1028">
     <span class='ocr_line' id='line_1_8' title="bbox 270 957 1931 1028; baseline -0.001 -15"><span class='ocrx_word' id='word_1_48' title='bbox 270 959 443 1023; x_wconf 82' lang='lat' dir='ltr'>sium.</span> <span class='ocrx_word' id='word_1_49' title='bbox 480 957 584 1011; x_wconf 86' lang='lat' dir='ltr'>sed</span> <span class='ocrx_word' id='word_1_50' title='bbox 619 958 673 1011; x_wconf 91' lang='lat' dir='ltr'>vi</span> <span class='ocrx_word' id='word_1_51' title='bbox 708 957 951 1012; x_wconf 84' lang='lat' dir='ltr'>adactos</span> <span class='ocrx_word' id='word_1_52' title='bbox 996 957 1428 1028; x_wconf 90' lang='lat' dir='ltr'>subscripisse;</span> <span class='ocrx_word' id='word_1_53' title='bbox 1479 961 1538 1011; x_wconf 86' lang='lat'><strong>2°</strong></span> <span class='ocrx_word' id='word_1_54' title='bbox 1566 957 1931 1012; x_wconf 86' lang='lat' dir='ltr'>Eusebiano-</span> 
     </span>
    </p>
   </div>
   <div class='ocr_carea' id='block_1_9' title="bbox 266 1045 1928 1118">
    <p class='ocr_par' dir='ltr' id='par_1_9' title="bbox 266 1045 1928 1118">
     <span class='ocr_line' id='line_1_9' title="bbox 266 1045 1928 1118; baseline -0.001 -16"><span class='ocrx_word' id='word_1_55' title='bbox 266 1064 393 1102; x_wconf 89' lang='lat' dir='ltr'>rum</span> <span class='ocrx_word' id='word_1_56' title='bbox 426 1047 659 1101; x_wconf 81' lang='lat' dir='ltr'>fraudis</span> <span class='ocrx_word' id='word_1_57' title='bbox 693 1052 752 1100; x_wconf 90' lang='lat' dir='ltr'>et</span> <span class='ocrx_word' id='word_1_58' title='bbox 782 1045 1055 1101; x_wconf 92' lang='lat' dir='ltr'>dolorum</span> <span class='ocrx_word' id='word_1_59' title='bbox 1087 1048 1326 1115; x_wconf 77' lang='lat' dir='ltr'>ignaros</span> <span class='ocrx_word' id='word_1_60' title='bbox 1351 1063 1470 1101; x_wconf 80' lang='lat' dir='ltr'>non</span> <span class='ocrx_word' id='word_1_61' title='bbox 1498 1046 1702 1114; x_wconf 86' lang='lat' dir='ltr'>fuisse,</span> <span class='ocrx_word' id='word_1_62' title='bbox 1734 1046 1928 1118; x_wconf 86' lang='lat' dir='ltr'>[XVII]</span> 
     </span>
    </p>
   </div>
   <div class='ocr_carea' id='block_1_10' title="bbox 270 1135 1926 1207">
    <p class='ocr_par' dir='ltr' id='par_1_10' title="bbox 270 1135 1926 1207">
     <span class='ocr_line' id='line_1_10' title="bbox 270 1135 1926 1207; baseline -0.001 -16"><span class='ocrx_word' id='word_1_63' title='bbox 270 1136 483 1207; x_wconf 87' lang='lat' dir='ltr'>quibus</span> <span class='ocrx_word' id='word_1_64' title='bbox 512 1136 600 1190; x_wconf 88' lang='lat' dir='ltr'>vis</span> <span class='ocrx_word' id='word_1_65' title='bbox 632 1142 700 1190; x_wconf 91' lang='lat' dir='ltr'>ut</span> <span class='ocrx_word' id='word_1_66' title='bbox 730 1135 955 1206; x_wconf 86' lang='lat' dir='ltr'>iniquis</span> <span class='ocrx_word' id='word_1_67' title='bbox 985 1136 1165 1207; x_wconf 80' lang='lat' dir='ltr'>gestis</span> <span class='ocrx_word' id='word_1_68' title='bbox 1196 1136 1605 1191; x_wconf 84' lang='lat' dir='ltr'>consentirent</span> <span class='ocrx_word' id='word_1_69' title='bbox 1633 1135 1926 1190; x_wconf 82' lang='lat' dir='ltr'>adhiben-</span> 
     </span>
    </p>
   </div>
   <div class='ocr_carea' id='block_1_11' title="bbox 267 1224 1928 1295">
    <p class='ocr_par' dir='ltr' id='par_1_11' title="bbox 267 1224 1928 1295">
     <span class='ocr_line' id='line_1_11' title="bbox 267 1224 1928 1295; baseline -0.001 -15"><span class='ocrx_word' id='word_1_70' title='bbox 267 1226 339 1281; x_wconf 90' lang='lat' dir='ltr'>da</span> <span class='ocrx_word' id='word_1_71' title='bbox 367 1226 585 1291; x_wconf 84' lang='lat' dir='ltr'>fuerit;</span> <span class='ocrx_word' id='word_1_72' title='bbox 626 1227 685 1278; x_wconf 86' lang='lat'><strong>3°</strong></span> <span class='ocrx_word' id='word_1_73' title='bbox 716 1224 1011 1280; x_wconf 90' lang='lat' dir='ltr'>nonnulla</span> <span class='ocrx_word' id='word_1_74' title='bbox 1037 1225 1198 1295; x_wconf 89' lang='lat' dir='ltr'>ipsos</span> <span class='ocrx_word' id='word_1_75' title='bbox 1241 1224 1591 1280; x_wconf 87' lang='lat' dir='ltr'>Eusebianis</span> <span class='ocrx_word' id='word_1_76' title='bbox 1621 1225 1928 1279; x_wconf 90' lang='lat' dir='ltr'>concessi-</span> 
     </span>
    </p>
   </div>
   <div class='ocr_carea' id='block_1_12' title="bbox 266 1314 1927 1385">
    <p class='ocr_par' dir='ltr' id='par_1_12' title="bbox 266 1314 1927 1385">
     <span class='ocr_line' id='line_1_12' title="bbox 266 1314 1927 1385; baseline -0.001 -15"><span class='ocrx_word' id='word_1_77' title='bbox 266 1332 346 1383; x_wconf 89' lang='lat' dir='ltr'>se,</span> <span class='ocrx_word' id='word_1_78' title='bbox 381 1315 465 1369; x_wconf 86' lang='lat' dir='ltr'>uti</span> <span class='ocrx_word' id='word_1_79' title='bbox 498 1315 952 1369; x_wconf 84' lang='lat' dir='ltr'>restitutionem</span> <span class='ocrx_word' id='word_1_80' title='bbox 983 1314 1127 1381; x_wconf 87' lang='lat' dir='ltr'>Arii,</span> <span class='ocrx_word' id='word_1_81' title='bbox 1159 1314 1422 1370; x_wconf 86' lang='lat' dir='ltr'>Marcelli</span> <span class='ocrx_word' id='word_1_82' title='bbox 1453 1315 1755 1385; x_wconf 89' lang='lat' dir='ltr'>Ancyrani</span> <span class='ocrx_word' id='word_1_83' title='bbox 1789 1329 1927 1369; x_wconf 88' lang='lat' dir='ltr'>con-</span> 
     </span>
    </p>
   </div>
   <div class='ocr_carea' id='block_1_13' title="bbox 267 1404 1926 1475">
    <p class='ocr_par' dir='ltr' id='par_1_13' title="bbox 267 1404 1926 1475">
     <span class='ocr_line' id='line_1_13' title="bbox 267 1404 1926 1475; baseline -0.002 -15"><span class='ocrx_word' id='word_1_84' title='bbox 267 1404 751 1470; x_wconf 89' lang='lat' dir='ltr'>demnationem;</span> <span class='ocrx_word' id='word_1_85' title='bbox 791 1405 852 1458; x_wconf 79' lang='grc' dir='ltr'>4ο</span> <span class='ocrx_word' id='word_1_86' title='bbox 900 1404 1219 1459; x_wconf 86' lang='lat' dir='ltr'>Maximum</span> <span class='ocrx_word' id='word_1_87' title='bbox 1267 1404 1330 1458; x_wconf 89' lang='lat' dir='ltr'>in</span> <span class='ocrx_word' id='word_1_88' title='bbox 1360 1408 1667 1475; x_wconf 90' lang='lat' dir='ltr'>posterum</span> <span class='ocrx_word' id='word_1_89' title='bbox 1718 1419 1926 1458; x_wconf 89' lang='lat' dir='ltr'>omnes</span> 
     </span>
    </p>
   </div>
   <div class='ocr_carea' id='block_1_14' title="bbox 267 1493 1929 1566">
    <p class='ocr_par' dir='ltr' id='par_1_14' title="bbox 267 1493 1929 1566">
     <span class='ocr_line' id='line_1_14' title="bbox 267 1493 1929 1566; baseline -0.001 -17"><span class='ocrx_word' id='word_1_90' title='bbox 267 1493 685 1565; x_wconf 82' lang='lat' dir='ltr'>episcOporum</span> <span class='ocrx_word' id='word_1_91' title='bbox 715 1499 1043 1549; x_wconf 86' lang='lat' dir='ltr'>conventus</span> <span class='ocrx_word' id='word_1_92' title='bbox 1064 1493 1562 1566; x_wconf 82' lang='lat' dir='ltr'>eiTugisse.neque</span> <span class='ocrx_word' id='word_1_93' title='bbox 1592 1509 1768 1565; x_wconf 91' lang='lat' dir='ltr'>porro</span> <span class='ocrx_word' id='word_1_94' title='bbox 1802 1493 1929 1548; x_wconf 90' lang='lat' dir='ltr'>Sar-</span> 
     </span>
    </p>
   </div>
   <div class='ocr_carea' id='block_1_15' title="bbox 268 1583 1923 1655">
    <p class='ocr_par' dir='ltr' id='par_1_15' title="bbox 268 1583 1923 1655">
     <span class='ocr_line' id='line_1_15' title="bbox 268 1583 1923 1655; baseline -0.001 -16"><span class='ocrx_word' id='word_1_95' title='bbox 268 1584 500 1640; x_wconf 90' lang='lat' dir='ltr'>dicensi</span> <span class='ocrx_word' id='word_1_96' title='bbox 534 1583 791 1639; x_wconf 90' lang='lat' dir='ltr'>concilio</span> <span class='ocrx_word' id='word_1_97' title='bbox 831 1583 1193 1647; x_wconf 85' lang='lat' dir='ltr'>interfuisse.</span> <span class='ocrx_word' id='word_1_98' title='bbox 1245 1584 1414 1655; x_wconf 88' lang='lat' dir='ltr'>quasi</span> <span class='ocrx_word' id='word_1_99' title='bbox 1464 1583 1666 1638; x_wconf 86' lang='lat' dir='ltr'>turbas</span> <span class='ocrx_word' id='word_1_100' title='bbox 1698 1584 1923 1639; x_wconf 87' lang='lat' dir='ltr'>evitan-</span> 
     </span>
    </p>
   </div>
   <div class='ocr_carea' id='block_1_16' title="bbox 270 1672 1920 1745">
    <p class='ocr_par' dir='ltr' id='par_1_16' title="bbox 270 1672 1920 1745">
     <span class='ocr_line' id='line_1_16' title="bbox 270 1672 1920 1745; baseline 0 -17"><span class='ocrx_word' id='word_1_101' title='bbox 270 1678 417 1735; x_wconf 86' lang='lat' dir='ltr'>tem,</span> <span class='ocrx_word' id='word_1_102' title='bbox 450 1679 509 1728; x_wconf 89' lang='lat' dir='ltr'>et</span> <span class='ocrx_word' id='word_1_103' title='bbox 539 1673 852 1743; x_wconf 91' lang='lat' dir='ltr'>utriusque</span> <span class='ocrx_word' id='word_1_104' title='bbox 886 1672 1068 1743; x_wconf 90' lang='lat' dir='ltr'>partis</span> <span class='ocrx_word' id='word_1_105' title='bbox 1099 1673 1409 1745; x_wconf 88' lang='lat' dir='ltr'>episcopos</span> <span class='ocrx_word' id='word_1_106' title='bbox 1447 1679 1920 1745; x_wconf 89' lang='lat' dir='ltr'>suspectantem;</span> 
     </span>
    </p>
   </div>
   <div class='ocr_carea' id='block_1_17' title="bbox 266 1762 1922 1834">
    <p class='ocr_par' dir='ltr' id='par_1_17' title="bbox 266 1762 1922 1834">
     <span class='ocr_line' id='line_1_17' title="bbox 266 1762 1922 1834; baseline -0.001 -16"><span class='ocrx_word' id='word_1_107' title='bbox 266 1766 326 1818; x_wconf 78' lang='lat'><strong>5°</strong></span> <span class='ocrx_word' id='word_1_108' title='bbox 356 1763 668 1817; x_wconf 79' lang='lat' dir='ltr'>Athanasii</span> <span class='ocrx_word' id='word_1_109' title='bbox 700 1762 1185 1817; x_wconf 88' lang='lat' dir='ltr'>communionem</span> <span class='ocrx_word' id='word_1_110' title='bbox 1220 1762 1416 1834; x_wconf 88' lang='lat' dir='ltr'>palam</span> <span class='ocrx_word' id='word_1_111' title='bbox 1444 1763 1654 1817; x_wconf 84' lang='lat' dir='ltr'>saltem</span> <span class='ocrx_word' id='word_1_112' title='bbox 1685 1779 1808 1818; x_wconf 89' lang='lat' dir='ltr'>non</span> <span class='ocrx_word' id='word_1_113' title='bbox 1839 1768 1922 1817; x_wconf 91' lang='lat' dir='ltr'>te-</span> 
     </span>
    </p>
   </div>
   <div class='ocr_carea' id='block_1_18' title="bbox 264 1852 3470 1959">
    <p class='ocr_par' dir='ltr' id='par_1_18' title="bbox 264 1852 3470 1959">
     <span class='ocr_line' id='line_1_18' title="bbox 264 1852 3470 1959; baseline 0.009 -40"><span class='ocrx_word' id='word_1_114' title='bbox 264 1852 799 1959; x_wconf 53' lang='grc' dir='ltr'>Πιιῖεεθωξηιθνίπιῖ</span> <span class='ocrx_word' id='word_1_115' title='bbox 830 1867 989 1959; x_wconf 37' lang='lat' dir='ltr'>illam</span> <span class='ocrx_word' id='word_1_116' title='bbox 1048 1868 1117 1959; x_wconf 65' lang='grc' dir='ltr'>θξ</span> <span class='ocrx_word' id='word_1_117' title='bbox 1176 1852 1460 1959; x_wconf 55' lang='grc' dir='ltr'>Αίδξίηδῗί</span> <span class='ocrx_word' id='word_1_118' title='bbox 1517 1854 1661 1907; x_wconf 63' lang='lat' dir='ltr'>&quot;is&quot;</span> <span class='ocrx_word' id='word_1_119' title='bbox 1693 1855 1920 1959; x_wconf 53' lang='lat' dir='ltr'>Arifn&#39;.’</span> <span class='ocrx_word' id='word_1_120' title='bbox 1957 1888 1999 1952; x_wconf 83' lang='grc' dir='ltr'>Β</span> <span class='ocrx_word' id='word_1_121' title='bbox 2031 1852 2469 1959; x_wconf 71' lang='lat' dir='ltr'>damus,plura</span> <span class='ocrx_word' id='word_1_122' title='bbox 2510 1852 3470 1947; x_wconf 83' lang='lat' dir='ltr'>habemus</span> 
     </span>
    </p>
   </div>
   <div class='ocr_carea' id='block_1_19' title="bbox 265 1940 1918 2013">
    <p class='ocr_par' dir='ltr' id='par_1_19' title="bbox 265 1940 1918 2013">
     <span class='ocr_line' id='line_1_19' title="bbox 265 1940 1918 2013; baseline -0.002 -16"><span class='ocrx_word' id='word_1_123' title='bbox 265 1959 434 1997; x_wconf 90' lang='lat' dir='ltr'>num.</span> <span class='ocrx_word' id='word_1_124' title='bbox 460 1944 549 2002; x_wconf 77' lang='lat'>25.</span> <span class='ocrx_word' id='word_1_125' title='bbox 580 1948 641 1996; x_wconf 90' lang='lat' dir='ltr'>et</span> <span class='ocrx_word' id='word_1_126' title='bbox 662 1940 1598 2013; x_wconf 72' lang='lat' dir='ltr'>synodicarumlerosolymitanaa</span> <span class='ocrx_word' id='word_1_127' title='bbox 1622 1940 1918 2012; x_wconf 88' lang='lat' dir='ltr'>synodiad</span> 
     </span>
    </p>
   </div>
   <div class='ocr_carea' id='block_1_20' title="bbox 262 2030 1964 2102">
    <p class='ocr_par' dir='ltr' id='par_1_20' title="bbox 262 2030 1964 2102">
     <span class='ocr_line' id='line_1_20' title="bbox 262 2030 1964 2102; baseline -0.001 -17"><span class='ocrx_word' id='word_1_128' title='bbox 262 2031 565 2102; x_wconf 52' lang='lat' dir='ltr'>[Egyptios</span> <span class='ocrx_word' id='word_1_129' title='bbox 588 2031 921 2085; x_wconf 89' lang='lat' dir='ltr'>litterarum</span> <span class='ocrx_word' id='word_1_130' title='bbox 947 2030 1159 2090; x_wconf 83' lang='lat' dir='ltr'>verbis.</span> <span class='ocrx_word' id='word_1_131' title='bbox 1184 2047 1306 2085; x_wconf 88' lang='lat' dir='ltr'>non</span> <span class='ocrx_word' id='word_1_132' title='bbox 1337 2030 1587 2085; x_wconf 88' lang='lat' dir='ltr'>obscure</span> <span class='ocrx_word' id='word_1_133' title='bbox 1618 2030 1920 2085; x_wconf 66' lang='lat' dir='ltr'>Palaestini</span> <span class='ocrx_word' id='word_1_134' title='bbox 1961 2048 1964 2052; x_wconf 56' lang='grc' dir='ltr'>λ</span> 
     </span>
    </p>
   </div>
   <div class='ocr_carea' id='block_1_21' title="bbox 262 2120 1918 2192">
    <p class='ocr_par' dir='ltr' id='par_1_21' title="bbox 262 2120 1918 2192">
     <span class='ocr_line' id='line_1_21' title="bbox 262 2120 1918 2192; baseline -0.002 -15"><span class='ocrx_word' id='word_1_135' title='bbox 262 2128 388 2177; x_wconf 89' lang='lat' dir='ltr'>tum</span> <span class='ocrx_word' id='word_1_136' title='bbox 416 2122 677 2192; x_wconf 90' lang='lat' dir='ltr'>primum</span> <span class='ocrx_word' id='word_1_137' title='bbox 704 2137 801 2176; x_wconf 87' lang='lat' dir='ltr'>an.</span> <span class='ocrx_word' id='word_1_138' title='bbox 826 2122 929 2175; x_wconf 80' lang='grc'>349</span> <span class='ocrx_word' id='word_1_139' title='bbox 950 2121 1256 2175; x_wconf 78' lang='lat' dir='ltr'>Athanasii</span> <span class='ocrx_word' id='word_1_140' title='bbox 1288 2121 1771 2176; x_wconf 89' lang='lat' dir='ltr'>communionem</span> <span class='ocrx_word' id='word_1_141' title='bbox 1799 2120 1918 2191; x_wconf 84' lang='lat' dir='ltr'>pri-</span> 
     </span>
    </p>
   </div>
   <div class='ocr_carea' id='block_1_22' title="bbox 259 2209 1919 2281">
    <p class='ocr_par' dir='ltr' id='par_1_22' title="bbox 259 2209 1919 2281">
     <span class='ocr_line' id='line_1_22' title="bbox 259 2209 1919 2281; baseline -0.001 -16"><span class='ocrx_word' id='word_1_142' title='bbox 259 2210 394 2265; x_wconf 89' lang='lat' dir='ltr'>dem</span> <span class='ocrx_word' id='word_1_143' title='bbox 450 2211 848 2281; x_wconf 85' lang='lat' dir='ltr'>interruptam</span> <span class='ocrx_word' id='word_1_144' title='bbox 906 2209 1365 2280; x_wconf 88' lang='lat' dir='ltr'>amplectuntur.</span> <span class='ocrx_word' id='word_1_145' title='bbox 1428 2210 1593 2266; x_wconf 85' lang='lat' dir='ltr'>Unde</span> <span class='ocrx_word' id='word_1_146' title='bbox 1652 2211 1919 2265; x_wconf 84' lang='lat' dir='ltr'>Socrates</span> 
     </span>
    </p>
   </div>
   <div class='ocr_carea' id='block_1_23' title="bbox 261 2299 1919 2370">
    <p class='ocr_par' dir='ltr' id='par_1_23' title="bbox 261 2299 1919 2370">
     <span class='ocr_line' id='line_1_23' title="bbox 261 2299 1919 2370; baseline 0 -17"><span class='ocrx_word' id='word_1_147' title='bbox 261 2299 364 2354; x_wconf 89' lang='lat' dir='ltr'>lib.</span> <span class='ocrx_word' id='word_1_148' title='bbox 391 2316 451 2366; x_wconf 80' lang='grc' dir='ltr'>ιι,</span> <span class='ocrx_word' id='word_1_149' title='bbox 473 2316 604 2370; x_wconf 89' lang='lat' dir='ltr'>cap.</span> <span class='ocrx_word' id='word_1_150' title='bbox 640 2300 729 2365; x_wconf 71' lang='grc'>24,</span> <span class='ocrx_word' id='word_1_151' title='bbox 763 2299 847 2353; x_wconf 91' lang='lat' dir='ltr'>ait</span> <span class='ocrx_word' id='word_1_152' title='bbox 875 2299 1190 2353; x_wconf 83' lang='lat' dir='ltr'>Maximum</span> <span class='ocrx_word' id='word_1_153' title='bbox 1247 2305 1367 2353; x_wconf 81' lang='lat' dir='ltr'>tum</span> <span class='ocrx_word' id='word_1_154' title='bbox 1400 2299 1724 2355; x_wconf 85' lang='lat' dir='ltr'>Athanasio</span> <span class='ocrx_word' id='word_1_155' title='bbox 1756 2315 1919 2354; x_wconf 91' lang='lat' dir='ltr'>com-</span> 
     </span>
    </p>
   </div>
   <div class='ocr_carea' id='block_1_24' title="bbox 262 2383 1916 2459">
    <p class='ocr_par' dir='ltr' id='par_1_24' title="bbox 262 2383 1916 2459">
     <span class='ocr_line' id='line_1_24' title="bbox 262 2383 1916 2459; baseline -0.003 -15"><span class='ocrx_word' id='word_1_156' title='bbox 262 2389 616 2444; x_wconf 82' lang='lat' dir='ltr'>munionem</span> <span class='ocrx_word' id='word_1_157' title='bbox 670 2393 728 2441; x_wconf 89' lang='lat' dir='ltr'>et</span> <span class='ocrx_word' id='word_1_158' title='bbox 768 2386 1116 2459; x_wconf 84' lang='lat' dir='ltr'>dignitatem</span> <span class='ocrx_word' id='word_1_159' title='bbox 1164 2387 1499 2443; x_wconf 88' lang='lat' dir='ltr'>reddidisse</span> <span class='ocrx_word' id='word_1_160' title='bbox 1534 2404 1547 2443; x_wconf 91' lang='lat'>:</span> <span class='ocrx_word' id='word_1_161' title='bbox 1581 2383 1916 2441; x_wconf 79' lang='grc' dir='ltr'>Ἀποδίδωσι</span> 
     </span>
    </p>
   </div>
   <div class='ocr_carea' id='block_1_25' title="bbox 257 2473 1914 2546">
    <p class='ocr_par' dir='ltr' id='par_1_25' title="bbox 257 2473 1914 2546">
     <span class='ocr_line' id='line_1_25' title="bbox 257 2473 1914 2546; baseline 0.001 -17"><span class='ocrx_word' id='word_1_162' title='bbox 257 2475 351 2529; x_wconf 70' lang='grc' dir='ltr'>καὶ</span> <span class='ocrx_word' id='word_1_163' title='bbox 384 2474 550 2536; x_wconf 72' lang='grc' dir='ltr'>αὐτὸς</span> <span class='ocrx_word' id='word_1_164' title='bbox 608 2476 707 2542; x_wconf 71' lang='grc' dir='ltr'>τήν</span> <span class='ocrx_word' id='word_1_165' title='bbox 762 2474 1054 2528; x_wconf 78' lang='grc' dir='ltr'>κοινωνίαν</span> <span class='ocrx_word' id='word_1_166' title='bbox 1118 2473 1418 2546; x_wconf 80' lang='grc' dir='ltr'>Ἀθανασίῳ</span> <span class='ocrx_word' id='word_1_167' title='bbox 1472 2473 1562 2528; x_wconf 78' lang='grc' dir='ltr'>καὶ</span> <span class='ocrx_word' id='word_1_168' title='bbox 1618 2474 1717 2543; x_wconf 73' lang='grc' dir='ltr'>τὴν</span> <span class='ocrx_word' id='word_1_169' title='bbox 1749 2474 1914 2544; x_wconf 79' lang='grc' dir='ltr'>ἀξίαν.</span> 
     </span>
    </p>
   </div>
   <div class='ocr_carea' id='block_1_26' title="bbox 258 2565 1918 2637">
    <p class='ocr_par' dir='ltr' id='par_1_26' title="bbox 258 2565 1918 2637">
     <span class='ocr_line' id='line_1_26' title="bbox 258 2565 1918 2637; baseline -0.001 -16"><span class='ocrx_word' id='word_1_170' title='bbox 258 2565 699 2637; x_wconf 86' lang='lat' dir='ltr'>Philostorgius</span> <span class='ocrx_word' id='word_1_171' title='bbox 725 2582 961 2636; x_wconf 88' lang='lat' dir='ltr'>quoque</span> <span class='ocrx_word' id='word_1_172' title='bbox 992 2565 1095 2620; x_wconf 90' lang='lat' dir='ltr'>lib.</span> <span class='ocrx_word' id='word_1_173' title='bbox 1144 2581 1226 2625; x_wconf 83' lang='grc' dir='ltr'>ιιι.</span> <span class='ocrx_word' id='word_1_174' title='bbox 1277 2582 1440 2620; x_wconf 92' lang='lat' dir='ltr'>num.</span> <span class='ocrx_word' id='word_1_175' title='bbox 1474 2567 1560 2633; x_wconf 79' lang='grc'>12,</span> <span class='ocrx_word' id='word_1_176' title='bbox 1598 2566 1918 2621; x_wconf 87' lang='lat' dir='ltr'>Maximum</span> 
     </span>
    </p>
   </div>
   <div class='ocr_carea' id='block_1_27' title="bbox 257 2653 1918 2726">
    <p class='ocr_par' dir='ltr' id='par_1_27' title="bbox 257 2653 1918 2726">
     <span class='ocr_line' id='line_1_27' title="bbox 257 2653 1918 2726; baseline -0.001 -15"><span class='ocrx_word' id='word_1_177' title='bbox 257 2657 324 2711; x_wconf 89' lang='lat' dir='ltr'>in</span> <span class='ocrx_word' id='word_1_178' title='bbox 348 2673 557 2710; x_wconf 89' lang='lat' dir='ltr'>eorum</span> <span class='ocrx_word' id='word_1_179' title='bbox 582 2671 833 2709; x_wconf 88' lang='lat' dir='ltr'>numero</span> <span class='ocrx_word' id='word_1_180' title='bbox 876 2670 1096 2726; x_wconf 90' lang='lat' dir='ltr'>ponere</span> <span class='ocrx_word' id='word_1_181' title='bbox 1136 2653 1383 2716; x_wconf 90' lang='lat' dir='ltr'>videtur.</span> <span class='ocrx_word' id='word_1_182' title='bbox 1409 2653 1509 2725; x_wconf 89' lang='lat' dir='ltr'>qui</span> <span class='ocrx_word' id='word_1_183' title='bbox 1535 2654 1696 2725; x_wconf 91' lang='lat' dir='ltr'>prius</span> <span class='ocrx_word' id='word_1_184' title='bbox 1714 2671 1748 2709; x_wconf 91' lang='lat' dir='ltr'>a</span> <span class='ocrx_word' id='word_1_185' title='bbox 1777 2670 1918 2709; x_wconf 90' lang='lat' dir='ltr'>con-</span> 
     </span>
    </p>
   </div>
   <div class='ocr_carea' id='block_1_28' title="bbox 255 2743 1919 2815">
    <p class='ocr_par' dir='ltr' id='par_1_28' title="bbox 255 2743 1919 2815">
     <span class='ocr_line' id='line_1_28' title="bbox 255 2743 1919 2815; baseline -0.001 -15"><span class='ocrx_word' id='word_1_186' title='bbox 255 2745 642 2801; x_wconf 87' lang='lat' dir='ltr'>substantiali</span> <span class='ocrx_word' id='word_1_187' title='bbox 666 2744 870 2810; x_wconf 89' lang='lat' dir='ltr'>alieni,</span> <span class='ocrx_word' id='word_1_188' title='bbox 892 2743 965 2798; x_wconf 92' lang='lat' dir='ltr'>ad</span> <span class='ocrx_word' id='word_1_189' title='bbox 982 2744 1285 2799; x_wconf 86' lang='lat' dir='ltr'>Athanasii</span> <span class='ocrx_word' id='word_1_190' title='bbox 1321 2744 1679 2799; x_wconf 90' lang='lat' dir='ltr'>sententiam</span> <span class='ocrx_word' id='word_1_191' title='bbox 1710 2749 1919 2815; x_wconf 89' lang='lat' dir='ltr'>postea</span> 
     </span>
    </p>
   </div>
   <div class='ocr_carea' id='block_1_29' title="bbox 253 2833 1918 2906">
    <p class='ocr_par' dir='ltr' id='par_1_29' title="bbox 253 2833 1918 2906">
     <span class='ocr_line' id='line_1_29' title="bbox 253 2833 1918 2906; baseline -0.002 -15"><span class='ocrx_word' id='word_1_192' title='bbox 253 2835 664 2891; x_wconf 88' lang='lat' dir='ltr'>declinarunt.</span> <span class='ocrx_word' id='word_1_193' title='bbox 690 2835 841 2888; x_wconf 88' lang='lat' dir='ltr'>Ante</span> <span class='ocrx_word' id='word_1_194' title='bbox 865 2833 989 2888; x_wconf 79' lang='lat' dir='ltr'>haec</span> <span class='ocrx_word' id='word_1_195' title='bbox 1004 2839 1274 2904; x_wconf 88' lang='lat' dir='ltr'>tempora</span> <span class='ocrx_word' id='word_1_196' title='bbox 1293 2833 1468 2906; x_wconf 80' lang='lat' dir='ltr'>igitur</span> <span class='ocrx_word' id='word_1_197' title='bbox 1482 2834 1768 2888; x_wconf 80' lang='lat' dir='ltr'>Maximus</span> <span class='ocrx_word' id='word_1_198' title='bbox 1792 2849 1918 2888; x_wconf 92' lang='lat' dir='ltr'>me-</span> 
     </span>
    </p>
   </div>
   <div class='ocr_carea' id='block_1_30' title="bbox 251 2922 1915 2990">
    <p class='ocr_par' dir='ltr' id='par_1_30' title="bbox 251 2922 1915 2990">
     <span class='ocr_line' id='line_1_30' title="bbox 251 2922 1915 2990; baseline -0.001 -10"><span class='ocrx_word' id='word_1_199' title='bbox 251 2925 423 2981; x_wconf 88' lang='lat' dir='ltr'>dium</span> <span class='ocrx_word' id='word_1_200' title='bbox 446 2941 510 2979; x_wconf 92' lang='lat' dir='ltr'>se</span> <span class='ocrx_word' id='word_1_201' title='bbox 544 2924 607 2977; x_wconf 91' lang='lat' dir='ltr'>in</span> <span class='ocrx_word' id='word_1_202' title='bbox 640 2923 733 2977; x_wconf 89' lang='lat' dir='ltr'>his</span> <span class='ocrx_word' id='word_1_203' title='bbox 766 2922 954 2977; x_wconf 90' lang='lat' dir='ltr'>turbis</span> <span class='ocrx_word' id='word_1_204' title='bbox 987 2922 1241 2990; x_wconf 88' lang='lat' dir='ltr'>tenebat;</span> <span class='ocrx_word' id='word_1_205' title='bbox 1276 2924 1600 2979; x_wconf 89' lang='lat' dir='ltr'>Athanasio</span> <span class='ocrx_word' id='word_1_206' title='bbox 1631 2922 1800 2978; x_wconf 87' lang='lat' dir='ltr'>nulla</span> <span class='ocrx_word' id='word_1_207' title='bbox 1824 2939 1915 2978; x_wconf 85' lang='lat' dir='ltr'>ex-</span> 
     </span>
    </p>
   </div>
   <div class='ocr_carea' id='block_1_31' title="bbox 251 3014 1917 3085">
    <p class='ocr_par' dir='ltr' id='par_1_31' title="bbox 251 3014 1917 3085">
     <span class='ocr_line' id='line_1_31' title="bbox 251 3014 1917 3085; baseline -0.002 -13"><span class='ocrx_word' id='word_1_208' title='bbox 251 3017 477 3072; x_wconf 89' lang='lat' dir='ltr'>teriore</span> <span class='ocrx_word' id='word_1_209' title='bbox 509 3015 949 3071; x_wconf 88' lang='lat' dir='ltr'>communionis</span> <span class='ocrx_word' id='word_1_210' title='bbox 971 3019 1111 3069; x_wconf 88' lang='lat' dir='ltr'>nota</span> <span class='ocrx_word' id='word_1_211' title='bbox 1140 3015 1521 3085; x_wconf 90' lang='lat' dir='ltr'>conjunctus,</span> <span class='ocrx_word' id='word_1_212' title='bbox 1554 3014 1917 3070; x_wconf 88' lang='lat' dir='ltr'>Eusebiano-</span> 
     </span>
    </p>
   </div>
   <div class='ocr_carea' id='block_1_32' title="bbox 247 3104 1910 3175">
    <p class='ocr_par' dir='ltr' id='par_1_32' title="bbox 247 3104 1910 3175">
     <span class='ocr_line' id='line_1_32' title="bbox 247 3104 1910 3175; baseline -0.002 -15"><span class='ocrx_word' id='word_1_213' title='bbox 247 3123 384 3160; x_wconf 89' lang='lat' dir='ltr'>rum</span> <span class='ocrx_word' id='word_1_214' title='bbox 399 3105 575 3160; x_wconf 90' lang='lat' dir='ltr'>dolos</span> <span class='ocrx_word' id='word_1_215' title='bbox 598 3110 657 3159; x_wconf 90' lang='lat' dir='ltr'>et</span> <span class='ocrx_word' id='word_1_216' title='bbox 671 3110 996 3158; x_wconf 87' lang='lat' dir='ltr'>conventus</span> <span class='ocrx_word' id='word_1_217' title='bbox 1014 3119 1246 3171; x_wconf 86' lang='lat' dir='ltr'>exosus,</span> <span class='ocrx_word' id='word_1_218' title='bbox 1271 3104 1542 3159; x_wconf 88' lang='lat' dir='ltr'>neutrius</span> <span class='ocrx_word' id='word_1_219' title='bbox 1560 3105 1744 3175; x_wconf 90' lang='lat' dir='ltr'>partis</span> <span class='ocrx_word' id='word_1_220' title='bbox 1767 3120 1910 3175; x_wconf 81' lang='lat' dir='ltr'>prae-</span> 
     </span>
    </p>
   </div>
   <div class='ocr_carea' id='block_1_33' title="bbox 249 3192 1915 3264">
    <p class='ocr_par' dir='ltr' id='par_1_33' title="bbox 249 3192 1915 3264">
     <span class='ocr_line' id='line_1_33' title="bbox 249 3192 1915 3264; baseline -0.002 -13"><span class='ocrx_word' id='word_1_221' title='bbox 249 3197 415 3251; x_wconf 88' lang='lat' dir='ltr'>sules</span> <span class='ocrx_word' id='word_1_222' title='bbox 442 3195 529 3249; x_wconf 91' lang='lat' dir='ltr'>uti</span> <span class='ocrx_word' id='word_1_223' title='bbox 554 3193 628 3248; x_wconf 92' lang='lat' dir='ltr'>ab</span> <span class='ocrx_word' id='word_1_224' title='bbox 656 3192 920 3248; x_wconf 84' lang='lat' dir='ltr'>Ecclesia</span> <span class='ocrx_word' id='word_1_225' title='bbox 942 3193 1168 3248; x_wconf 89' lang='lat' dir='ltr'>alienos</span> <span class='ocrx_word' id='word_1_226' title='bbox 1191 3199 1487 3264; x_wconf 88' lang='lat' dir='ltr'>spectans,</span> <span class='ocrx_word' id='word_1_227' title='bbox 1516 3194 1776 3249; x_wconf 62' lang='lat' dir='ltr'>haereses</span> <span class='ocrx_word' id='word_1_228' title='bbox 1807 3210 1915 3264; x_wconf 83' lang='lat' dir='ltr'>op-</span> 
     </span>
    </p>
   </div>
   <div class='ocr_carea' id='block_1_34' title="bbox 250 3275 1922 3357">
    <p class='ocr_par' dir='ltr' id='par_1_34' title="bbox 250 3275 1922 3357">
     <span class='ocr_line' id='line_1_34' title="bbox 250 3275 1922 3357; baseline -0.002 -17"><span class='ocrx_word' id='word_1_229' title='bbox 250 3285 506 3357; x_wconf 80' lang='lat' dir='ltr'>positas,</span> <span class='ocrx_word' id='word_1_230' title='bbox 547 3299 801 3353; x_wconf 88' lang='lat' dir='ltr'>quarum</span> <span class='ocrx_word' id='word_1_231' title='bbox 843 3282 1080 3353; x_wconf 87' lang='lat' dir='ltr'>utrique</span> <span class='ocrx_word' id='word_1_232' title='bbox 1129 3283 1531 3354; x_wconf 88' lang='lat' dir='ltr'>patrocinium</span> <span class='ocrx_word' id='word_1_233' title='bbox 1562 3282 1735 3338; x_wconf 89' lang='lat' dir='ltr'>alteri</span> <span class='ocrx_word' id='word_1_234' title='bbox 1766 3275 1922 3353; x_wconf 78' lang='lat' dir='ltr'>parti</span> 
     </span>
    </p>
   </div>
   <div class='ocr_carea' id='block_1_35' title="bbox 254 3367 1923 3446">
    <p class='ocr_par' dir='ltr' id='par_1_35' title="bbox 254 3367 1923 3446">
     <span class='ocr_line' id='line_1_35' title="bbox 254 3367 1923 3446; baseline -0.005 -16"><span class='ocrx_word' id='word_1_235' title='bbox 254 3374 654 3446; x_wconf 88' lang='lat' dir='ltr'>objiciebant,</span> <span class='ocrx_word' id='word_1_236' title='bbox 691 3374 1054 3438; x_wconf 86' lang='lat' dir='ltr'>detestatus;</span> <span class='ocrx_word' id='word_1_237' title='bbox 1108 3373 1171 3427; x_wconf 91' lang='lat' dir='ltr'>in</span> <span class='ocrx_word' id='word_1_238' title='bbox 1203 3373 1471 3445; x_wconf 86' lang='lat' dir='ltr'>utrisque</span> <span class='ocrx_word' id='word_1_239' title='bbox 1520 3373 1770 3428; x_wconf 85' lang='lat' dir='ltr'>forsitan</span> <span class='ocrx_word' id='word_1_240' title='bbox 1799 3367 1923 3427; x_wconf 86' lang='lat' dir='ltr'>vitii</span> 
     </span>
    </p>
   </div>
   <div class='ocr_carea' id='block_1_36' title="bbox 257 3462 1921 3536">
    <p class='ocr_par' dir='ltr' id='par_1_36' title="bbox 257 3462 1921 3536">
     <span class='ocr_line' id='line_1_36' title="bbox 257 3462 1921 3536; baseline -0.003 -16"><span class='ocrx_word' id='word_1_241' title='bbox 257 3465 490 3536; x_wconf 87' lang='lat' dir='ltr'>aliquid</span> <span class='ocrx_word' id='word_1_242' title='bbox 516 3469 891 3535; x_wconf 84' lang='lat' dir='ltr'>suspectans.</span> <span class='ocrx_word' id='word_1_243' title='bbox 914 3462 1154 3529; x_wconf 89' lang='lat' dir='ltr'>Eadem,</span> <span class='ocrx_word' id='word_1_244' title='bbox 1177 3469 1241 3517; x_wconf 91' lang='lat' dir='ltr'>ut</span> <span class='ocrx_word' id='word_1_245' title='bbox 1257 3463 1627 3517; x_wconf 89' lang='lat' dir='ltr'>ostendimus</span> <span class='ocrx_word' id='word_1_246' title='bbox 1652 3479 1794 3517; x_wconf 92' lang='lat' dir='ltr'>num</span> <span class='ocrx_word' id='word_1_247' title='bbox 1834 3463 1921 3528; x_wconf 78' lang='lat'>18,</span> 
     </span>
    </p>
   </div>
   <div class='ocr_carea' id='block_1_37' title="bbox 259 3552 1922 3629">
    <p class='ocr_par' dir='ltr' id='par_1_37' title="bbox 259 3552 1922 3629">
     <span class='ocr_line' id='line_1_37' title="bbox 259 3552 1922 3629; baseline -0.002 -17"><span class='ocrx_word' id='word_1_248' title='bbox 259 3557 483 3629; x_wconf 80' lang='lat' dir='ltr'>Cyrillo</span> <span class='ocrx_word' id='word_1_249' title='bbox 517 3554 717 3610; x_wconf 88' lang='lat' dir='ltr'>stabat</span> <span class='ocrx_word' id='word_1_250' title='bbox 747 3570 916 3608; x_wconf 88' lang='lat' dir='ltr'>mens</span> <span class='ocrx_word' id='word_1_251' title='bbox 938 3560 995 3608; x_wconf 91' lang='lat' dir='ltr'>et</span> <span class='ocrx_word' id='word_1_252' title='bbox 1020 3554 1334 3609; x_wconf 86' lang='lat' dir='ltr'>sententia.</span> <span class='ocrx_word' id='word_1_253' title='bbox 1372 3552 1484 3609; x_wconf 91' lang='lat' dir='ltr'>Sed</span> <span class='ocrx_word' id='word_1_254' title='bbox 1511 3553 1769 3608; x_wconf 89' lang='lat' dir='ltr'>dubitari</span> <span class='ocrx_word' id='word_1_255' title='bbox 1799 3570 1922 3609; x_wconf 90' lang='lat' dir='ltr'>non</span> 
     </span>
    </p>
   </div>
   <div class='ocr_carea' id='block_1_38' title="bbox 264 3642 1919 3718">
    <p class='ocr_par' dir='ltr' id='par_1_38' title="bbox 264 3642 1919 3718">
     <span class='ocr_line' id='line_1_38' title="bbox 264 3642 1919 3718; baseline -0.002 -18"><span class='ocrx_word' id='word_1_256' title='bbox 264 3651 459 3718; x_wconf 90' lang='lat' dir='ltr'>potest</span> <span class='ocrx_word' id='word_1_257' title='bbox 485 3645 631 3715; x_wconf 90' lang='lat' dir='ltr'>quin</span> <span class='ocrx_word' id='word_1_258' title='bbox 657 3643 905 3698; x_wconf 83' lang='lat' dir='ltr'>Maximo</span> <span class='ocrx_word' id='word_1_259' title='bbox 929 3660 989 3699; x_wconf 89' lang='lat' dir='ltr'>se</span> <span class='ocrx_word' id='word_1_260' title='bbox 1021 3644 1094 3698; x_wconf 90' lang='lat' dir='ltr'>ad</span> <span class='ocrx_word' id='word_1_261' title='bbox 1125 3643 1514 3699; x_wconf 87' lang='lat' dir='ltr'>Athanasium</span> <span class='ocrx_word' id='word_1_262' title='bbox 1537 3642 1919 3715; x_wconf 88' lang='lat' dir='ltr'>adjungente,</span> 
     </span>
    </p>
   </div>
   <div class='ocr_carea' id='block_1_39' title="bbox 266 3732 1920 3806">
    <p class='ocr_par' dir='ltr' id='par_1_39' title="bbox 266 3732 1920 3806">
     <span class='ocr_line' id='line_1_39' title="bbox 266 3732 1920 3806; baseline -0.002 -15"><span class='ocrx_word' id='word_1_263' title='bbox 266 3737 474 3792; x_wconf 88' lang='lat' dir='ltr'>eadem</span> <span class='ocrx_word' id='word_1_264' title='bbox 511 3742 754 3790; x_wconf 90' lang='lat' dir='ltr'>secutus</span> <span class='ocrx_word' id='word_1_265' title='bbox 781 3734 859 3789; x_wconf 90' lang='lat' dir='ltr'>sit</span> <span class='ocrx_word' id='word_1_266' title='bbox 879 3734 1151 3804; x_wconf 90' lang='lat' dir='ltr'>Cyrillus,</span> <span class='ocrx_word' id='word_1_267' title='bbox 1177 3740 1234 3788; x_wconf 93' lang='lat' dir='ltr'>et</span> <span class='ocrx_word' id='word_1_268' title='bbox 1257 3732 1469 3806; x_wconf 86' lang='lat' dir='ltr'>synodi</span> <span class='ocrx_word' id='word_1_269' title='bbox 1505 3732 1920 3803; x_wconf 83' lang='lat' dir='ltr'>Hierosolymi-</span> 
     </span>
    </p>
   </div>
   <div class='ocr_carea' id='block_1_40' title="bbox 267 3823 1920 3897">
    <p class='ocr_par' dir='ltr' id='par_1_40' title="bbox 267 3823 1920 3897">
     <span class='ocr_line' id='line_1_40' title="bbox 267 3823 1920 3897; baseline -0.001 -16"><span class='ocrx_word' id='word_1_270' title='bbox 267 3832 418 3881; x_wconf 77' lang='lat' dir='ltr'>tame</span> <span class='ocrx_word' id='word_1_271' title='bbox 442 3827 507 3880; x_wconf 90' lang='lat' dir='ltr'>in</span> <span class='ocrx_word' id='word_1_272' title='bbox 528 3824 838 3880; x_wconf 81' lang='lat' dir='ltr'>Athanasii</span> <span class='ocrx_word' id='word_1_273' title='bbox 860 3824 1109 3897; x_wconf 85' lang='lat' dir='ltr'>gratiam</span> <span class='ocrx_word' id='word_1_274' title='bbox 1139 3823 1382 3879; x_wconf 88' lang='lat' dir='ltr'>decreta</span> <span class='ocrx_word' id='word_1_275' title='bbox 1411 3840 1517 3879; x_wconf 89' lang='lat' dir='ltr'>suo</span> <span class='ocrx_word' id='word_1_276' title='bbox 1550 3840 1818 3890; x_wconf 87' lang='lat' dir='ltr'>assensu,</span> <span class='ocrx_word' id='word_1_277' title='bbox 1852 3840 1920 3879; x_wconf 89' lang='lat' dir='ltr'>ac</span> 
     </span>
    </p>
   </div>
   <div class='ocr_carea' id='block_1_41' title="bbox 263 3912 1916 3987">
    <p class='ocr_par' dir='ltr' id='par_1_41' title="bbox 263 3912 1916 3987">
     <span class='ocr_line' id='line_1_41' title="bbox 263 3912 1916 3987; baseline -0.001 -17"><span class='ocrx_word' id='word_1_278' title='bbox 263 3916 587 3987; x_wconf 61' lang='lat' dir='ltr'>praesentia</span> <span class='ocrx_word' id='word_1_279' title='bbox 608 3913 883 3968; x_wconf 79' lang='lat' dir='ltr'>fortassis</span> <span class='ocrx_word' id='word_1_280' title='bbox 904 3913 1034 3985; x_wconf 87' lang='lat' dir='ltr'>ipsa</span> <span class='ocrx_word' id='word_1_281' title='bbox 1056 3913 1475 3984; x_wconf 89' lang='lat' dir='ltr'>comprobarit.</span> <span class='ocrx_word' id='word_1_282' title='bbox 1501 3912 1666 3968; x_wconf 92' lang='lat' dir='ltr'>Unde</span> <span class='ocrx_word' id='word_1_283' title='bbox 1687 3912 1746 3967; x_wconf 92' lang='lat' dir='ltr'>id</span> <span class='ocrx_word' id='word_1_284' title='bbox 1777 3930 1916 3968; x_wconf 90' lang='lat' dir='ltr'>con-</span> 
     </span>
    </p>
   </div>
   <div class='ocr_carea' id='block_1_42' title="bbox 269 4001 1920 4074">
    <p class='ocr_par' dir='ltr' id='par_1_42' title="bbox 269 4001 1920 4074">
     <span class='ocr_line' id='line_1_42' title="bbox 269 4001 1920 4074; baseline -0.001 -15"><span class='ocrx_word' id='word_1_285' title='bbox 269 4005 498 4060; x_wconf 80' lang='lat' dir='ltr'>ﬁrmem</span> <span class='ocrx_word' id='word_1_286' title='bbox 524 4003 735 4074; x_wconf 83' lang='lat' dir='ltr'>rogas?</span> <span class='ocrx_word' id='word_1_287' title='bbox 758 4003 976 4069; x_wconf 87' lang='lat' dir='ltr'>Primo,</span> <span class='ocrx_word' id='word_1_288' title='bbox 999 4003 1248 4073; x_wconf 89' lang='lat' dir='ltr'>antiqua</span> <span class='ocrx_word' id='word_1_289' title='bbox 1270 4001 1495 4057; x_wconf 86' lang='lat' dir='ltr'>ferebat</span> <span class='ocrx_word' id='word_1_290' title='bbox 1524 4002 1800 4058; x_wconf 80' lang='lat' dir='ltr'>Ecclesiae</span> <span class='ocrx_word' id='word_1_291' title='bbox 1827 4002 1920 4057; x_wconf 89' lang='lat' dir='ltr'>di-</span> 
     </span>
    </p>
   </div>
   <div class='ocr_carea' id='block_1_43' title="bbox 269 4092 1917 4165">
    <p class='ocr_par' dir='ltr' id='par_1_43' title="bbox 269 4092 1917 4165">
     <span class='ocr_line' id='line_1_43' title="bbox 269 4092 1917 4165; baseline -0.001 -16"><span class='ocrx_word' id='word_1_292' title='bbox 269 4095 540 4165; x_wconf 88' lang='lat' dir='ltr'>sciplina.</span> <span class='ocrx_word' id='word_1_293' title='bbox 572 4096 794 4159; x_wconf 74' lang='lat' dir='ltr'>Romae,</span> <span class='ocrx_word' id='word_1_294' title='bbox 816 4092 1208 4159; x_wconf 80' lang='lat' dir='ltr'>Alexandriae,</span> <span class='ocrx_word' id='word_1_295' title='bbox 1234 4092 1584 4149; x_wconf 57' lang='lat' dir='ltr'>Antiochia).</span> <span class='ocrx_word' id='word_1_296' title='bbox 1609 4097 1676 4147; x_wconf 90' lang='lat' dir='ltr'>ut</span> <span class='ocrx_word' id='word_1_297' title='bbox 1695 4092 1755 4147; x_wconf 92' lang='lat' dir='ltr'>in</span> <span class='ocrx_word' id='word_1_298' title='bbox 1775 4109 1917 4147; x_wconf 90' lang='lat' dir='ltr'>con-</span> 
     </span>
    </p>
   </div>
   <div class='ocr_carea' id='block_1_44' title="bbox 266 4181 1920 4255">
    <p class='ocr_par' dir='ltr' id='par_1_44' title="bbox 266 4181 1920 4255">
     <span class='ocr_line' id='line_1_44' title="bbox 266 4181 1920 4255; baseline -0.001 -17"><span class='ocrx_word' id='word_1_299' title='bbox 266 4185 422 4239; x_wconf 88' lang='lat' dir='ltr'>ciliis</span> <span class='ocrx_word' id='word_1_300' title='bbox 458 4181 924 4255; x_wconf 83' lang='lat' dir='ltr'>provincialibus</span> <span class='ocrx_word' id='word_1_301' title='bbox 955 4182 1316 4237; x_wconf 88' lang='lat' dir='ltr'>interessent</span> <span class='ocrx_word' id='word_1_302' title='bbox 1352 4199 1472 4238; x_wconf 91' lang='lat' dir='ltr'>una</span> <span class='ocrx_word' id='word_1_303' title='bbox 1501 4199 1635 4238; x_wconf 90' lang='lat' dir='ltr'>cum</span> <span class='ocrx_word' id='word_1_304' title='bbox 1661 4182 1827 4237; x_wconf 89' lang='lat' dir='ltr'>urbis</span> <span class='ocrx_word' id='word_1_305' title='bbox 1858 4183 1920 4237; x_wconf 91' lang='lat' dir='ltr'>in</span> 
     </span>
    </p>
   </div>
   <div class='ocr_carea' id='block_1_45' title="bbox 267 4272 1918 4346">
    <p class='ocr_par' dir='ltr' id='par_1_45' title="bbox 267 4272 1918 4346">
     <span class='ocr_line' id='line_1_45' title="bbox 267 4272 1918 4346; baseline -0.001 -16"><span class='ocrx_word' id='word_1_306' title='bbox 267 4292 383 4346; x_wconf 87' lang='lat' dir='ltr'>qua</span> <span class='ocrx_word' id='word_1_307' title='bbox 413 4273 740 4329; x_wconf 90' lang='lat' dir='ltr'>concilium</span> <span class='ocrx_word' id='word_1_308' title='bbox 774 4272 1190 4327; x_wconf 86' lang='lat' dir='ltr'>celebrabatur</span> <span class='ocrx_word' id='word_1_309' title='bbox 1211 4272 1783 4344; x_wconf 88' lang='lat' dir='ltr'>episcopo.ejusdem</span> <span class='ocrx_word' id='word_1_310' title='bbox 1814 4275 1918 4328; x_wconf 85' lang='lat' dir='ltr'>Ec-</span> 
     </span>
    </p>
   </div>
   <div class='ocr_carea' id='block_1_46' title="bbox 266 4361 1920 4435">
    <p class='ocr_par' dir='ltr' id='par_1_46' title="bbox 266 4361 1920 4435">
     <span class='ocr_line' id='line_1_46' title="bbox 266 4361 1920 4435; baseline -0.001 -16"><span class='ocrx_word' id='word_1_311' title='bbox 266 4364 463 4420; x_wconf 69' lang='lat' dir='ltr'>clesiae</span> <span class='ocrx_word' id='word_1_312' title='bbox 490 4364 823 4435; x_wconf 84' lang='lat' dir='ltr'>presbyteri</span> <span class='ocrx_word' id='word_1_313' title='bbox 848 4369 906 4416; x_wconf 89' lang='lat' dir='ltr'>et</span> <span class='ocrx_word' id='word_1_314' title='bbox 926 4361 1180 4422; x_wconf 84' lang='lat' dir='ltr'>diaconi.</span> <span class='ocrx_word' id='word_1_315' title='bbox 1204 4368 1425 4433; x_wconf 91' lang='lat' dir='ltr'>quanto</span> <span class='ocrx_word' id='word_1_316' title='bbox 1458 4362 1517 4418; x_wconf 90' lang='lat' dir='ltr'>id</span> <span class='ocrx_word' id='word_1_317' title='bbox 1540 4362 1920 4418; x_wconf 88' lang='lat' dir='ltr'>verisimilius</span> 
     </span>
    </p>
   </div>
   <div class='ocr_carea' id='block_1_47' title="bbox 262 4451 1921 4523">
    <p class='ocr_par' dir='ltr' id='par_1_47' title="bbox 262 4451 1921 4523">
     <span class='ocr_line' id='line_1_47' title="bbox 262 4451 1921 4523; baseline -0.001 -16"><span class='ocrx_word' id='word_1_318' title='bbox 262 4452 333 4507; x_wconf 88' lang='lat' dir='ltr'>de</span> <span class='ocrx_word' id='word_1_319' title='bbox 359 4452 663 4523; x_wconf 69' lang='lat' dir='ltr'>praecipuo</span> <span class='ocrx_word' id='word_1_320' title='bbox 683 4467 749 4505; x_wconf 92' lang='lat' dir='ltr'>ac</span> <span class='ocrx_word' id='word_1_321' title='bbox 774 4451 965 4521; x_wconf 89' lang='lat' dir='ltr'>primo</span> <span class='ocrx_word' id='word_1_322' title='bbox 1014 4451 1379 4523; x_wconf 81' lang='lat' dir='ltr'>presbytero.</span> <span class='ocrx_word' id='word_1_323' title='bbox 1432 4452 1623 4523; x_wconf 90' lang='lat' dir='ltr'>qualis</span> <span class='ocrx_word' id='word_1_324' title='bbox 1654 4458 1781 4507; x_wconf 88' lang='lat' dir='ltr'>tum</span> <span class='ocrx_word' id='word_1_325' title='bbox 1811 4453 1921 4523; x_wconf 85' lang='lat' dir='ltr'>Cy-</span> 
     </span>
    </p>
   </div>
   <div class='ocr_carea' id='block_1_48' title="bbox 262 4540 1919 4612">
    <p class='ocr_par' dir='ltr' id='par_1_48' title="bbox 262 4540 1919 4612">
     <span class='ocr_line' id='line_1_48' title="bbox 262 4540 1919 4612; baseline 0 -15"><span class='ocrx_word' id='word_1_326' title='bbox 262 4542 436 4597; x_wconf 87' lang='lat' dir='ltr'>rillus</span> <span class='ocrx_word' id='word_1_327' title='bbox 465 4548 614 4599; x_wconf 88' lang='lat' dir='ltr'>erat.</span> <span class='ocrx_word' id='word_1_328' title='bbox 638 4540 731 4595; x_wconf 90' lang='lat' dir='ltr'>cui</span> <span class='ocrx_word' id='word_1_329' title='bbox 758 4546 816 4594; x_wconf 89' lang='lat' dir='ltr'>et</span> <span class='ocrx_word' id='word_1_330' title='bbox 833 4540 1195 4612; x_wconf 89' lang='lat' dir='ltr'>episcopalia</span> <span class='ocrx_word' id='word_1_331' title='bbox 1217 4540 1442 4602; x_wconf 90' lang='lat' dir='ltr'>munia.</span> <span class='ocrx_word' id='word_1_332' title='bbox 1477 4547 1533 4595; x_wconf 91' lang='lat' dir='ltr'>et</span> <span class='ocrx_word' id='word_1_333' title='bbox 1556 4542 1737 4596; x_wconf 88' lang='lat' dir='ltr'>totius</span> <span class='ocrx_word' id='word_1_334' title='bbox 1769 4558 1919 4612; x_wconf 91' lang='lat' dir='ltr'>pene</span> 
     </span>
    </p>
   </div>
   <div class='ocr_carea' id='block_1_49' title="bbox 263 4629 1919 4699">
    <p class='ocr_par' dir='ltr' id='par_1_49' title="bbox 263 4629 1919 4699">
     <span class='ocr_line' id='line_1_49' title="bbox 263 4629 1919 4699; baseline 0 -12"><span class='ocrx_word' id='word_1_335' title='bbox 263 4631 547 4687; x_wconf 60' lang='lat' dir='ltr'>Ecclesiae</span> <span class='ocrx_word' id='word_1_336' title='bbox 608 4629 1047 4684; x_wconf 88' lang='lat' dir='ltr'>administratio</span> <span class='ocrx_word' id='word_1_337' title='bbox 1093 4630 1479 4685; x_wconf 87' lang='lat' dir='ltr'>concredita?</span> <span class='ocrx_word' id='word_1_338' title='bbox 1527 4630 1817 4699; x_wconf 89' lang='lat' dir='ltr'>Secundo,</span> <span class='ocrx_word' id='word_1_339' title='bbox 1858 4632 1919 4687; x_wconf 89' lang='lat' dir='ltr'>id</span> 
     </span>
    </p>
   </div>
   <div class='ocr_carea' id='block_1_50' title="bbox 267 4719 1924 4791">
    <p class='ocr_par' dir='ltr' id='par_1_50' title="bbox 267 4719 1924 4791">
     <span class='ocr_line' id='line_1_50' title="bbox 267 4719 1924 4791; baseline 0 -14"><span class='ocrx_word' id='word_1_340' title='bbox 267 4722 523 4777; x_wconf 81' lang='lat' dir='ltr'>suadent</span> <span class='ocrx_word' id='word_1_341' title='bbox 548 4720 980 4790; x_wconf 87' lang='lat' dir='ltr'>consequentia</span> <span class='ocrx_word' id='word_1_342' title='bbox 1002 4719 1202 4789; x_wconf 86' lang='lat' dir='ltr'>Cyrilli</span> <span class='ocrx_word' id='word_1_343' title='bbox 1223 4726 1405 4791; x_wconf 80' lang='lat' dir='ltr'>gesta;</span> <span class='ocrx_word' id='word_1_344' title='bbox 1430 4736 1568 4774; x_wconf 88' lang='lat' dir='ltr'>nam</span> <span class='ocrx_word' id='word_1_345' title='bbox 1599 4737 1720 4775; x_wconf 86' lang='lat' dir='ltr'>uno</span> <span class='ocrx_word' id='word_1_346' title='bbox 1738 4721 1924 4777; x_wconf 85' lang='lat' dir='ltr'>ferme</span> 
     </span>
    </p>
   </div>
   <div class='ocr_carea' id='block_1_51' title="bbox 265 4811 1924 4883">
    <p class='ocr_par' dir='ltr' id='par_1_51' title="bbox 265 4811 1924 4883">
     <span class='ocr_line' id='line_1_51' title="bbox 265 4811 1924 4883; baseline -0.001 -14"><span class='ocrx_word' id='word_1_347' title='bbox 265 4813 557 4869; x_wconf 82' lang='lat' dir='ltr'>duntaxat</span> <span class='ocrx_word' id='word_1_348' title='bbox 574 4829 735 4867; x_wconf 89' lang='lat' dir='ltr'>anno</span> <span class='ocrx_word' id='word_1_349' title='bbox 760 4818 963 4883; x_wconf 90' lang='lat' dir='ltr'>postea</span> <span class='ocrx_word' id='word_1_350' title='bbox 985 4812 1056 4866; x_wconf 87' lang='lat' dir='ltr'>ab</span> <span class='ocrx_word' id='word_1_351' title='bbox 1083 4811 1375 4882; x_wconf 90' lang='lat' dir='ltr'>episcopis</span> <span class='ocrx_word' id='word_1_352' title='bbox 1408 4813 1723 4883; x_wconf 76' lang='lat' dir='ltr'>provinciae</span> <span class='ocrx_word' id='word_1_353' title='bbox 1754 4830 1924 4868; x_wconf 90' lang='lat' dir='ltr'>cano-</span> 
     </span>
    </p>
   </div>
   <div class='ocr_carea' id='block_1_52' title="bbox 262 4900 1920 4973">
    <p class='ocr_par' dir='ltr' id='par_1_52' title="bbox 262 4900 1920 4973">
     <span class='ocr_line' id='line_1_52' title="bbox 262 4900 1920 4973; baseline 0 -16"><span class='ocrx_word' id='word_1_354' title='bbox 262 4905 401 4959; x_wconf 91' lang='lat' dir='ltr'>nice</span> <span class='ocrx_word' id='word_1_355' title='bbox 429 4905 489 4957; x_wconf 93' lang='lat' dir='ltr'>in</span> <span class='ocrx_word' id='word_1_356' title='bbox 524 4902 667 4957; x_wconf 80' lang='lat' dir='ltr'>sede</span> <span class='ocrx_word' id='word_1_357' title='bbox 694 4901 1232 4973; x_wconf 89' lang='lat' dir='ltr'>Hierosolymitana</span> <span class='ocrx_word' id='word_1_358' title='bbox 1258 4900 1582 4956; x_wconf 86' lang='lat' dir='ltr'>collocatus</span> <span class='ocrx_word' id='word_1_359' title='bbox 1605 4908 1712 4957; x_wconf 91' lang='lat' dir='ltr'>est.</span> <span class='ocrx_word' id='word_1_360' title='bbox 1738 4903 1920 4958; x_wconf 89' lang='lat' dir='ltr'>Iidem</span> 
     </span>
    </p>
   </div>
   <div class='ocr_carea' id='block_1_53' title="bbox 264 4990 1920 5063">
    <p class='ocr_par' dir='ltr' id='par_1_53' title="bbox 264 4990 1920 5063">
     <span class='ocr_line' id='line_1_53' title="bbox 264 4990 1920 5063; baseline 0.001 -16"><span class='ocrx_word' id='word_1_361' title='bbox 264 5000 439 5047; x_wconf 86' lang='lat' dir='ltr'>erant</span> <span class='ocrx_word' id='word_1_362' title='bbox 469 4991 738 5063; x_wconf 86' lang='lat' dir='ltr'>episcopi</span> <span class='ocrx_word' id='word_1_363' title='bbox 772 4992 873 5061; x_wconf 91' lang='lat' dir='ltr'>qui</span> <span class='ocrx_word' id='word_1_364' title='bbox 916 4990 1169 5045; x_wconf 90' lang='lat' dir='ltr'>concilio</span> <span class='ocrx_word' id='word_1_365' title='bbox 1219 5006 1317 5046; x_wconf 86' lang='lat' dir='ltr'>an.</span> <span class='ocrx_word' id='word_1_366' title='bbox 1369 4991 1472 5044; x_wconf 84' lang='grc'>349</span> <span class='ocrx_word' id='word_1_367' title='bbox 1505 4991 1920 5061; x_wconf 87' lang='lat' dir='ltr'>interfuerant,</span> 
     </span>
    </p>
   </div>
   <div class='ocr_carea' id='block_1_54' title="bbox 267 5080 1922 5151">
    <p class='ocr_par' dir='ltr' id='par_1_54' title="bbox 267 5080 1922 5151">
     <span class='ocr_line' id='line_1_54' title="bbox 267 5080 1922 5151; baseline 0 -14"><span class='ocrx_word' id='word_1_368' title='bbox 267 5099 378 5137; x_wconf 89' lang='lat' dir='ltr'>nec</span> <span class='ocrx_word' id='word_1_369' title='bbox 404 5084 464 5137; x_wconf 89' lang='lat' dir='ltr'>in</span> <span class='ocrx_word' id='word_1_370' title='bbox 485 5083 618 5151; x_wconf 90' lang='lat' dir='ltr'>ejus</span> <span class='ocrx_word' id='word_1_371' title='bbox 637 5081 991 5135; x_wconf 83' lang='lat' dir='ltr'>electionem</span> <span class='ocrx_word' id='word_1_372' title='bbox 1006 5080 1452 5151; x_wconf 73' lang='lat' dir='ltr'>conspirassent</span> <span class='ocrx_word' id='word_1_373' title='bbox 1469 5097 1643 5151; x_wconf 87' lang='lat' dir='ltr'>quem</span> <span class='ocrx_word' id='word_1_374' title='bbox 1664 5082 1775 5137; x_wconf 90' lang='lat' dir='ltr'>sibi</span> <span class='ocrx_word' id='word_1_375' title='bbox 1790 5099 1922 5137; x_wconf 90' lang='lat' dir='ltr'>con-</span> 
     </span>
    </p>
   </div>
   <div class='ocr_carea' id='block_1_55' title="bbox 258 5169 1924 5244">
    <p class='ocr_par' dir='ltr' id='par_1_55' title="bbox 258 5169 1924 5244">
     <span class='ocr_line' id='line_1_55' title="bbox 258 5169 1924 5244; baseline 0 -17"><span class='ocrx_word' id='word_1_376' title='bbox 258 5174 539 5244; x_wconf 89' lang='lat' dir='ltr'>junctum</span> <span class='ocrx_word' id='word_1_377' title='bbox 567 5170 869 5226; x_wconf 83' lang='lat' dir='ltr'>sententia</span> <span class='ocrx_word' id='word_1_378' title='bbox 889 5186 1009 5224; x_wconf 90' lang='lat' dir='ltr'>non</span> <span class='ocrx_word' id='word_1_379' title='bbox 1033 5169 1354 5224; x_wconf 86' lang='lat' dir='ltr'>novissent.</span> <span class='ocrx_word' id='word_1_380' title='bbox 1372 5170 1501 5240; x_wconf 83' lang='lat' dir='ltr'>Ipse</span> <span class='ocrx_word' id='word_1_381' title='bbox 1520 5171 1685 5225; x_wconf 86' lang='lat' dir='ltr'>initio</span> <span class='ocrx_word' id='word_1_382' title='bbox 1702 5172 1924 5242; x_wconf 85' lang='lat' dir='ltr'>episco-</span> 
     </span>
    </p>
   </div>
   <div class='ocr_carea' id='block_1_56' title="bbox 264 5257 1921 5331">
    <p class='ocr_par' dir='ltr' id='par_1_56' title="bbox 264 5257 1921 5331">
     <span class='ocr_line' id='line_1_56' title="bbox 264 5257 1921 5331; baseline 0 -16"><span class='ocrx_word' id='word_1_383' title='bbox 264 5268 442 5331; x_wconf 75' lang='lat' dir='ltr'>patus</span> <span class='ocrx_word' id='word_1_384' title='bbox 475 5260 548 5315; x_wconf 85' lang='lat' dir='ltr'>ad</span> <span class='ocrx_word' id='word_1_385' title='bbox 583 5258 997 5313; x_wconf 89' lang='lat' dir='ltr'>Constantium</span> <span class='ocrx_word' id='word_1_386' title='bbox 1053 5257 1320 5313; x_wconf 89' lang='lat' dir='ltr'>scribens</span> <span class='ocrx_word' id='word_1_387' title='bbox 1392 5258 1455 5311; x_wconf 88' lang='lat' dir='ltr'>in</span> <span class='ocrx_word' id='word_1_388' title='bbox 1487 5259 1604 5313; x_wconf 83' lang='lat' dir='ltr'>fine.</span> <span class='ocrx_word' id='word_1_389' title='bbox 1654 5260 1921 5330; x_wconf 66' lang='lat' dir='ltr'>epistola}</span> 
     </span>
    </p>
   </div>
   <div class='ocr_carea' id='block_1_57' title="bbox 264 5346 1920 5419">
    <p class='ocr_par' dir='ltr' id='par_1_57' title="bbox 264 5346 1920 5419">
     <span class='ocr_line' id='line_1_57' title="bbox 264 5346 1920 5419; baseline 0 -14"><span class='ocrx_word' id='word_1_390' title='bbox 264 5348 847 5405; x_wconf 85' lang='lat' dir='ltr'>consubstantialem</span> <span class='ocrx_word' id='word_1_391' title='bbox 894 5347 1240 5402; x_wconf 88' lang='lat' dir='ltr'>Trinitatem</span> <span class='ocrx_word' id='word_1_392' title='bbox 1287 5346 1579 5418; x_wconf 85' lang='lat' dir='ltr'>intrepide</span> <span class='ocrx_word' id='word_1_393' title='bbox 1619 5351 1920 5419; x_wconf 82' lang='lat' dir='ltr'>professus</span> 
     </span>
    </p>
   </div>
   <div class='ocr_carea' id='block_1_58' title="bbox 265 5436 1919 5510">
    <p class='ocr_par' dir='ltr' id='par_1_58' title="bbox 265 5436 1919 5510">
     <span class='ocr_line' id='line_1_58' title="bbox 265 5436 1919 5510; baseline 0.001 -17"><span class='ocrx_word' id='word_1_394' title='bbox 265 5446 351 5494; x_wconf 86' lang='lat' dir='ltr'>est</span> <span class='ocrx_word' id='word_1_395' title='bbox 406 5439 673 5496; x_wconf 84' lang='lat' dir='ltr'>Tandem</span> <span class='ocrx_word' id='word_1_396' title='bbox 708 5438 910 5510; x_wconf 88' lang='lat' dir='ltr'>paucis</span> <span class='ocrx_word' id='word_1_397' title='bbox 940 5444 1073 5508; x_wconf 91' lang='lat' dir='ltr'>post</span> <span class='ocrx_word' id='word_1_398' title='bbox 1100 5437 1275 5492; x_wconf 89' lang='lat' dir='ltr'>annis</span> <span class='ocrx_word' id='word_1_399' title='bbox 1307 5436 1513 5492; x_wconf 85' lang='lat' dir='ltr'>habuit</span> <span class='ocrx_word' id='word_1_400' title='bbox 1542 5456 1675 5494; x_wconf 90' lang='lat' dir='ltr'>cum</span> <span class='ocrx_word' id='word_1_401' title='bbox 1709 5441 1919 5495; x_wconf 88' lang='lat' dir='ltr'>Acacio</span> 
     </span>
    </p>
   </div>
   <div class='ocr_carea' id='block_1_59' title="bbox 263 5526 1916 5591">
    <p class='ocr_par' dir='ltr' id='par_1_59' title="bbox 263 5526 1916 5591">
     <span class='ocr_line' id='line_1_59' title="bbox 263 5526 1916 5591; baseline 0.002 -7"><span class='ocrx_word' id='word_1_402' title='bbox 263 5529 533 5591; x_wconf 72' lang='lat' dir='ltr'>dissidia.</span> <span class='ocrx_word' id='word_1_403' title='bbox 562 5546 700 5585; x_wconf 91' lang='lat' dir='ltr'>cum</span> <span class='ocrx_word' id='word_1_404' title='bbox 734 5535 938 5583; x_wconf 89' lang='lat' dir='ltr'>mutua</span> <span class='ocrx_word' id='word_1_405' title='bbox 959 5527 1184 5582; x_wconf 74' lang='lat' dir='ltr'>violatae</span> <span class='ocrx_word' id='word_1_406' title='bbox 1219 5526 1353 5581; x_wconf 85' lang='lat' dir='ltr'>fidei</span> <span class='ocrx_word' id='word_1_407' title='bbox 1379 5530 1752 5584; x_wconf 77' lang='lat' dir='ltr'>accusatione</span> <span class='ocrx_word' id='word_1_408' title='bbox 1785 5548 1916 5587; x_wconf 85' lang='lat' dir='ltr'>con-</span> 
     </span>
    </p>
   </div>
   <div class='ocr_carea' id='block_1_60' title="bbox 256 5617 1917 5691">
    <p class='ocr_par' dir='ltr' id='par_1_60' title="bbox 256 5617 1917 5691">
     <span class='ocr_line' id='line_1_60' title="bbox 256 5617 1917 5691; baseline 0.001 -17"><span class='ocrx_word' id='word_1_409' title='bbox 256 5620 493 5691; x_wconf 89' lang='lat' dir='ltr'>juncta.</span> <span class='ocrx_word' id='word_1_410' title='bbox 550 5618 948 5676; x_wconf 88' lang='lat' dir='ltr'>Ostendemus</span> <span class='ocrx_word' id='word_1_411' title='bbox 977 5633 1153 5690; x_wconf 92' lang='lat' dir='ltr'>porro</span> <span class='ocrx_word' id='word_1_412' title='bbox 1200 5617 1349 5671; x_wconf 87' lang='lat' dir='ltr'>nihil</span> <span class='ocrx_word' id='word_1_413' title='bbox 1391 5618 1671 5688; x_wconf 86' lang='lat' dir='ltr'>Cyrillum</span> <span class='ocrx_word' id='word_1_414' title='bbox 1708 5622 1917 5676; x_wconf 83' lang='lat' dir='ltr'>Acacio</span> 
     </span>
    </p>
   </div>
   <div class='ocr_carea' id='block_1_61' title="bbox 264 5708 1915 5783">
    <p class='ocr_par' dir='ltr' id='par_1_61' title="bbox 264 5708 1915 5783">
     <span class='ocr_line' id='line_1_61' title="bbox 264 5708 1915 5783; baseline 0.001 -18"><span class='ocrx_word' id='word_1_415' title='bbox 264 5717 484 5783; x_wconf 74' lang='lat' dir='ltr'>praeter</span> <span class='ocrx_word' id='word_1_416' title='bbox 532 5717 814 5782; x_wconf 82' lang='lat' dir='ltr'>negatam</span> <span class='ocrx_word' id='word_1_417' title='bbox 864 5708 1561 5778; x_wconf 87' lang='lat' dir='ltr'>consubstantialitatem,</span> <span class='ocrx_word' id='word_1_418' title='bbox 1595 5709 1745 5766; x_wconf 89' lang='lat' dir='ltr'>nihil</span> <span class='ocrx_word' id='word_1_419' title='bbox 1768 5712 1915 5767; x_wconf 88' lang='lat' dir='ltr'>Aca-</span> 
     </span>
    </p>
   </div>
   <div class='ocr_carea' id='block_1_62' title="bbox 2036 608 2243 665">
    <p class='ocr_par' dir='ltr' id='par_1_62' title="bbox 2036 608 2243 665">
     <span class='ocr_line' id='line_1_62' title="bbox 2036 608 2243 665; baseline 0.014 -3"><span class='ocrx_word' id='word_1_420' title='bbox 2036 608 2243 665; x_wconf 89' lang='lat' dir='ltr'>tuisse.</span> 
     </span>
    </p>
   </div>
   <div class='ocr_carea' id='block_1_63' title="bbox 2686 773 3024 831">
    <p class='ocr_par' dir='ltr' id='par_1_63' title="bbox 2686 773 3024 831">
     <span class='ocr_line' id='line_1_63' title="bbox 2686 773 3024 831; baseline 0.006 -2"><span class='ocrx_word' id='word_1_421' title='bbox 2686 774 2920 831; x_wconf 87' lang='lat' dir='ltr'>CAPUT</span> <span class='ocrx_word' id='word_1_422' title='bbox 2955 773 3024 831; x_wconf 77' lang='grc' dir='ltr'>ν.</span> 
     </span>
    </p>
   </div>
   <div class='ocr_carea' id='block_1_64' title="bbox 2031 918 3681 995">
    <p class='ocr_par' dir='ltr' id='par_1_64' title="bbox 2031 918 3681 995">
     <span class='ocr_line' id='line_1_64' title="bbox 2031 918 3681 995; baseline 0.004 -20"><span class='ocrx_word' id='word_1_423' title='bbox 2031 921 2251 975; x_wconf 84' lang='lat' dir='ltr'>Mortuo</span> <span class='ocrx_word' id='word_1_424' title='bbox 2280 918 2366 973; x_wconf 81' lang='lat' dir='ltr'>vel</span> <span class='ocrx_word' id='word_1_425' title='bbox 2395 926 2753 995; x_wconf 70' lang='lat' dir='ltr'>exauctoralo</span> <span class='ocrx_word' id='word_1_426' title='bbox 2799 923 3064 981; x_wconf 65' lang='lat' dir='ltr'>Mamimo.</span> <span class='ocrx_word' id='word_1_427' title='bbox 3117 922 3356 991; x_wconf 75' lang='lat' dir='ltr'>Cyrillus</span> <span class='ocrx_word' id='word_1_428' title='bbox 3396 931 3523 995; x_wconf 81' lang='lat' dir='ltr'>post</span> <span class='ocrx_word' id='word_1_429' title='bbox 3572 928 3681 982; x_wconf 84' lang='lat' dir='ltr'>ali-</span> 
     </span>
    </p>
   </div>
   <div class='ocr_carea' id='block_1_65' title="bbox 2103 994 3677 1066">
    <p class='ocr_par' dir='ltr' id='par_1_65' title="bbox 2103 994 3677 1066">
     <span class='ocr_line' id='line_1_65' title="bbox 2103 994 3677 1066; baseline 0.006 -22"><span class='ocrx_word' id='word_1_430' title='bbox 2103 997 2373 1066; x_wconf 65' lang='lat' dir='ltr'>quantum</span> <span class='ocrx_word' id='word_1_431' title='bbox 2405 994 2664 1066; x_wconf 76' lang='lat' dir='ltr'>temporis</span> <span class='ocrx_word' id='word_1_432' title='bbox 2690 995 2751 1060; x_wconf 80' lang='lat' dir='ltr'>ﬁt</span> <span class='ocrx_word' id='word_1_433' title='bbox 2802 995 3084 1066; x_wconf 80' lang='lat' dir='ltr'>episcopus</span> <span class='ocrx_word' id='word_1_434' title='bbox 3132 994 3677 1066; x_wconf 77' lang='lat' dir='ltr'>Hierosolymitanus.</span> 
     </span>
    </p>
   </div>
   <div class='ocr_carea' id='block_1_66' title="bbox 2104 1062 3680 1138">
    <p class='ocr_par' dir='ltr' id='par_1_66' title="bbox 2104 1062 3680 1138">
     <span class='ocr_line' id='line_1_66' title="bbox 2104 1062 3680 1138; baseline 0.007 -23"><span class='ocrx_word' id='word_1_435' title='bbox 2104 1062 2383 1138; x_wconf 68' lang='lat' dir='ltr'>Canonica</span> <span class='ocrx_word' id='word_1_436' title='bbox 2413 1064 2835 1138; x_wconf 73' lang='lat' dir='ltr'>ejusordinatio</span> <span class='ocrx_word' id='word_1_437' title='bbox 2866 1062 3185 1134; x_wconf 75' lang='lat' dir='ltr'>defendztur</span> <span class='ocrx_word' id='word_1_438' title='bbox 3214 1068 3282 1121; x_wconf 89' lang='lat' dir='ltr'>ab</span> <span class='ocrx_word' id='word_1_439' title='bbox 3312 1062 3568 1138; x_wconf 66' lang='lat' dir='ltr'>impastis</span> <span class='ocrx_word' id='word_1_440' title='bbox 3587 1087 3680 1126; x_wconf 84' lang='lat' dir='ltr'>ca-</span> 
     </span>
    </p>
   </div>
   <div class='ocr_carea' id='block_1_67' title="bbox 2106 1133 3678 1211">
    <p class='ocr_par' dir='ltr' id='par_1_67' title="bbox 2106 1133 3678 1211">
     <span class='ocr_line' id='line_1_67' title="bbox 2106 1133 3678 1211; baseline 0.007 -24"><span class='ocrx_word' id='word_1_441' title='bbox 2106 1133 2340 1211; x_wconf 68' lang='lat' dir='ltr'>lumniis</span> <span class='ocrx_word' id='word_1_442' title='bbox 2412 1136 2619 1211; x_wconf 77' lang='lat' dir='ltr'>Lucida</span> <span class='ocrx_word' id='word_1_443' title='bbox 2667 1152 2809 1211; x_wconf 58' lang='lat' dir='ltr'>crum</span> <span class='ocrx_word' id='word_1_444' title='bbox 2852 1138 3245 1211; x_wconf 75' lang='lat' dir='ltr'>Hierosolymis</span> <span class='ocrx_word' id='word_1_445' title='bbox 3317 1133 3678 1211; x_wconf 79' lang='lat' dir='ltr'>conspicitur.</span> 
     </span>
    </p>
   </div>
   <div class='ocr_carea' id='block_1_68' title="bbox 2105 1205 3167 1278">
    <p class='ocr_par' dir='ltr' id='par_1_68' title="bbox 2105 1205 3167 1278">
     <span class='ocr_line' id='line_1_68' title="bbox 2105 1205 3167 1278; baseline 0.005 -19"><span class='ocrx_word' id='word_1_446' title='bbox 2105 1205 2271 1275; x_wconf 81' lang='lat' dir='ltr'>idque</span> <span class='ocrx_word' id='word_1_447' title='bbox 2301 1206 2617 1263; x_wconf 79' lang='lat' dir='ltr'>Constantio</span> <span class='ocrx_word' id='word_1_448' title='bbox 2646 1210 2873 1263; x_wconf 81' lang='lat' dir='ltr'>nuntiat</span> <span class='ocrx_word' id='word_1_449' title='bbox 2906 1205 3167 1278; x_wconf 75' lang='lat' dir='ltr'>Cyrillus.</span> 
     </span>
    </p>
   </div>
   <div class='ocr_carea' id='block_1_69' title="bbox 2104 1348 3683 1428">
    <p class='ocr_par' dir='ltr' id='par_1_69' title="bbox 2104 1348 3683 1428">
     <span class='ocr_line' id='line_1_69' title="bbox 2104 1348 3683 1428; baseline 0.004 -25"><span class='ocrx_word' id='word_1_450' title='bbox 2104 1352 2192 1403; x_wconf 84' lang='lat'>22.</span> <span class='ocrx_word' id='word_1_451' title='bbox 2223 1348 2658 1405; x_wconf 82' lang='lat' dir='ltr'>Difﬁcillimum</span> <span class='ocrx_word' id='word_1_452' title='bbox 2685 1354 2744 1405; x_wconf 91' lang='lat' dir='ltr'>et</span> <span class='ocrx_word' id='word_1_453' title='bbox 2768 1352 3216 1407; x_wconf 87' lang='lat' dir='ltr'>vexatissimum</span> <span class='ocrx_word' id='word_1_454' title='bbox 3238 1352 3543 1426; x_wconf 83' lang='lat' dir='ltr'>ingredior</span> <span class='ocrx_word' id='word_1_455' title='bbox 3570 1355 3683 1428; x_wconf 85' lang='lat' dir='ltr'>Cy-</span> 
     </span>
    </p>
   </div>
   <div class='ocr_carea' id='block_1_70' title="bbox 2032 1437 3680 1517">
    <p class='ocr_par' dir='ltr' id='par_1_70' title="bbox 2032 1437 3680 1517">
     <span class='ocr_line' id='line_1_70' title="bbox 2032 1437 3680 1517; baseline 0.005 -25"><span class='ocrx_word' id='word_1_456' title='bbox 2032 1437 2287 1493; x_wconf 71' lang='lat' dir='ltr'>rillianaa</span> <span class='ocrx_word' id='word_1_457' title='bbox 2320 1438 2449 1493; x_wconf 75' lang='lat' dir='ltr'>vitm</span> <span class='ocrx_word' id='word_1_458' title='bbox 2482 1444 2736 1509; x_wconf 89' lang='lat' dir='ltr'>tempus,</span> <span class='ocrx_word' id='word_1_459' title='bbox 2771 1440 3126 1512; x_wconf 90' lang='lat' dir='ltr'>episcopalis</span> <span class='ocrx_word' id='word_1_460' title='bbox 3152 1443 3438 1498; x_wconf 89' lang='lat' dir='ltr'>nimirum</span> <span class='ocrx_word' id='word_1_461' title='bbox 3469 1445 3680 1517; x_wconf 83' lang='lat' dir='ltr'>IXVIII]</span> 
     </span>
    </p>
   </div>
   <div class='ocr_carea' id='block_1_71' title="bbox 2035 1528 3680 1607">
    <p class='ocr_par' dir='ltr' id='par_1_71' title="bbox 2035 1528 3680 1607">
     <span class='ocr_line' id='line_1_71' title="bbox 2035 1528 3680 1607; baseline 0.005 -25"><span class='ocrx_word' id='word_1_462' title='bbox 2035 1529 2165 1599; x_wconf 86' lang='lat' dir='ltr'>ejus</span> <span class='ocrx_word' id='word_1_463' title='bbox 2195 1528 2591 1583; x_wconf 89' lang='lat' dir='ltr'>ordinationis</span> <span class='ocrx_word' id='word_1_464' title='bbox 2620 1546 2634 1594; x_wconf 88' lang='lat'>;</span> <span class='ocrx_word' id='word_1_465' title='bbox 2661 1546 2791 1599; x_wconf 82' lang='lat' dir='ltr'>quae</span> <span class='ocrx_word' id='word_1_466' title='bbox 2814 1528 2886 1585; x_wconf 89' lang='lat' dir='ltr'>ab</span> <span class='ocrx_word' id='word_1_467' title='bbox 2910 1531 3253 1587; x_wconf 90' lang='lat' dir='ltr'>auctoribus</span> <span class='ocrx_word' id='word_1_468' title='bbox 3274 1533 3453 1588; x_wconf 89' lang='lat' dir='ltr'>etiam</span> <span class='ocrx_word' id='word_1_469' title='bbox 3476 1550 3680 1607; x_wconf 83' lang='lat' dir='ltr'>aequa-</span> 
     </span>
    </p>
   </div>
   <div class='ocr_carea' id='block_1_72' title="bbox 2031 1617 3680 1697">
    <p class='ocr_par' dir='ltr' id='par_1_72' title="bbox 2031 1617 3680 1697">
     <span class='ocr_line' id='line_1_72' title="bbox 2031 1617 3680 1697; baseline 0.004 -25"><span class='ocrx_word' id='word_1_470' title='bbox 2031 1617 2190 1673; x_wconf 90' lang='lat' dir='ltr'>libus</span> <span class='ocrx_word' id='word_1_471' title='bbox 2223 1634 2437 1691; x_wconf 83' lang='lat' dir='ltr'>magna</span> <span class='ocrx_word' id='word_1_472' title='bbox 2465 1618 2767 1685; x_wconf 88' lang='lat' dir='ltr'>varietate,</span> <span class='ocrx_word' id='word_1_473' title='bbox 2801 1618 2873 1673; x_wconf 90' lang='lat' dir='ltr'>ab</span> <span class='ocrx_word' id='word_1_474' title='bbox 2905 1620 3216 1677; x_wconf 90' lang='lat' dir='ltr'>nonnullis</span> <span class='ocrx_word' id='word_1_475' title='bbox 3238 1638 3375 1676; x_wconf 87' lang='lat' dir='ltr'>vero</span> <span class='ocrx_word' id='word_1_476' title='bbox 3397 1638 3529 1678; x_wconf 91' lang='lat' dir='ltr'>cum</span> <span class='ocrx_word' id='word_1_477' title='bbox 3552 1638 3680 1697; x_wconf 85' lang='lat' dir='ltr'>gra-</span> 
     </span>
    </p>
   </div>
   <div class='ocr_carea' id='block_1_73' title="bbox 2030 1707 3676 1781">
    <p class='ocr_par' dir='ltr' id='par_1_73' title="bbox 2030 1707 3676 1781">
     <span class='ocr_line' id='line_1_73' title="bbox 2030 1707 3676 1781; baseline 0.004 -19"><span class='ocrx_word' id='word_1_478' title='bbox 2030 1708 2272 1763; x_wconf 88' lang='lat' dir='ltr'>vissima</span> <span class='ocrx_word' id='word_1_479' title='bbox 2303 1714 2357 1762; x_wconf 88' lang='lat' dir='ltr'>et</span> <span class='ocrx_word' id='word_1_480' title='bbox 2389 1707 2727 1763; x_wconf 88' lang='lat' dir='ltr'>incredibili</span> <span class='ocrx_word' id='word_1_481' title='bbox 2759 1725 3003 1780; x_wconf 86' lang='lat' dir='ltr'>prorsus</span> <span class='ocrx_word' id='word_1_482' title='bbox 3030 1709 3233 1781; x_wconf 90' lang='lat' dir='ltr'>Cyrilli</span> <span class='ocrx_word' id='word_1_483' title='bbox 3260 1711 3676 1769; x_wconf 87' lang='lat' dir='ltr'>criminatione</span> 
     </span>
    </p>
   </div>
   <div class='ocr_carea' id='block_1_74' title="bbox 2031 1797 3676 1875">
    <p class='ocr_par' dir='ltr' id='par_1_74' title="bbox 2031 1797 3676 1875">
     <span class='ocr_line' id='line_1_74' title="bbox 2031 1797 3676 1875; baseline 0.004 -22"><span class='ocrx_word' id='word_1_484' title='bbox 2031 1798 2351 1869; x_wconf 85' lang='lat' dir='ltr'>conjuncta</span> <span class='ocrx_word' id='word_1_485' title='bbox 2381 1797 2651 1853; x_wconf 72' lang='lat' dir='ltr'>refertur.</span> <span class='ocrx_word' id='word_1_486' title='bbox 2690 1799 2762 1853; x_wconf 91' lang='lat' dir='ltr'>Ut</span> <span class='ocrx_word' id='word_1_487' title='bbox 2791 1815 2925 1854; x_wconf 90' lang='lat' dir='ltr'>cum</span> <span class='ocrx_word' id='word_1_488' title='bbox 2958 1799 3158 1870; x_wconf 90' lang='lat' dir='ltr'>aliquo</span> <span class='ocrx_word' id='word_1_489' title='bbox 3206 1801 3417 1858; x_wconf 88' lang='lat' dir='ltr'>ordine</span> <span class='ocrx_word' id='word_1_490' title='bbox 3470 1820 3676 1875; x_wconf 89' lang='lat' dir='ltr'>proce-</span> 
     </span>
    </p>
   </div>
   <div class='ocr_carea' id='block_1_75' title="bbox 3526 1894 3676 1949">
    <p class='ocr_par' dir='ltr' id='par_1_75' title="bbox 3526 1894 3676 1949">
     <span class='ocr_line' id='line_1_75' title="bbox 3526 1894 3676 1949; baseline 0.007 -1"><span class='ocrx_word' id='word_1_491' title='bbox 3526 1894 3676 1949; x_wconf 85' lang='lat' dir='ltr'>Num</span> 
     </span>
    </p>
   </div>
   <div class='ocr_carea' id='block_1_76' title="bbox 2034 1977 3681 2052">
    <p class='ocr_par' dir='ltr' id='par_1_76' title="bbox 2034 1977 3681 2052">
     <span class='ocr_line' id='line_1_76' title="bbox 2034 1977 3681 2052; baseline 0.002 -19"><span class='ocrx_word' id='word_1_492' title='bbox 2034 1984 2220 2034; x_wconf 89' lang='lat' dir='ltr'>morte</span> <span class='ocrx_word' id='word_1_493' title='bbox 2251 1994 2326 2033; x_wconf 91' lang='lat' dir='ltr'>an</span> <span class='ocrx_word' id='word_1_494' title='bbox 2361 1977 2730 2049; x_wconf 90' lang='lat' dir='ltr'>depositione</span> <span class='ocrx_word' id='word_1_495' title='bbox 2772 1978 2997 2033; x_wconf 84' lang='lat' dir='ltr'>finierit</span> <span class='ocrx_word' id='word_1_496' title='bbox 3041 1980 3445 2052; x_wconf 80' lang='lat' dir='ltr'>episcopatum</span> <span class='ocrx_word' id='word_1_497' title='bbox 3495 1982 3681 2039; x_wconf 81' lang='lat' dir='ltr'>Maxi-</span> 
     </span>
    </p>
   </div>
   <div class='ocr_carea' id='block_1_77' title="bbox 2028 2068 3678 2141">
    <p class='ocr_par' dir='ltr' id='par_1_77' title="bbox 2028 2068 3678 2141">
     <span class='ocr_line' id='line_1_77' title="bbox 2028 2068 3678 2141; baseline 0.002 -17"><span class='ocrx_word' id='word_1_498' title='bbox 2028 2086 2162 2124; x_wconf 92' lang='lat' dir='ltr'>mus</span> <span class='ocrx_word' id='word_1_499' title='bbox 2188 2087 2201 2134; x_wconf 92' lang='lat'>;</span> <span class='ocrx_word' id='word_1_500' title='bbox 2223 2071 2281 2121; x_wconf 84' lang='lat'><strong>2°</strong></span> <span class='ocrx_word' id='word_1_501' title='bbox 2300 2085 2416 2138; x_wconf 93' lang='lat' dir='ltr'>quo</span> <span class='ocrx_word' id='word_1_502' title='bbox 2442 2085 2599 2123; x_wconf 90' lang='lat' dir='ltr'>anno</span> <span class='ocrx_word' id='word_1_503' title='bbox 2623 2068 2908 2123; x_wconf 86' lang='lat' dir='ltr'>Maximus</span> <span class='ocrx_word' id='word_1_504' title='bbox 2933 2068 3336 2141; x_wconf 88' lang='lat' dir='ltr'>episcopatum</span> <span class='ocrx_word' id='word_1_505' title='bbox 3377 2072 3678 2141; x_wconf 87' lang='lat' dir='ltr'>clauserit,</span> 
     </span>
    </p>
   </div>
   <div class='ocr_carea' id='block_1_78' title="bbox 2030 2157 3681 2235">
    <p class='ocr_par' dir='ltr' id='par_1_78' title="bbox 2030 2157 3681 2235">
     <span class='ocr_line' id='line_1_78' title="bbox 2030 2157 3681 2235; baseline 0.002 -21"><span class='ocrx_word' id='word_1_506' title='bbox 2030 2165 2090 2215; x_wconf 92' lang='lat' dir='ltr'>et</span> <span class='ocrx_word' id='word_1_507' title='bbox 2114 2158 2316 2212; x_wconf 90' lang='lat' dir='ltr'>inierit</span> <span class='ocrx_word' id='word_1_508' title='bbox 2346 2157 2600 2229; x_wconf 90' lang='lat' dir='ltr'>Cyrillus</span> <span class='ocrx_word' id='word_1_509' title='bbox 2627 2175 2641 2223; x_wconf 89' lang='lat'>;</span> <span class='ocrx_word' id='word_1_510' title='bbox 2674 2158 2734 2210; x_wconf 90' lang='lat'><strong>3°</strong></span> <span class='ocrx_word' id='word_1_511' title='bbox 2766 2157 3173 2229; x_wconf 60' lang='lat' dir='ltr'>expendenda</span> <span class='ocrx_word' id='word_1_512' title='bbox 3190 2159 3367 2214; x_wconf 66' lang='lat' dir='ltr'>varias</span> <span class='ocrx_word' id='word_1_513' title='bbox 3394 2161 3452 2215; x_wconf 92' lang='lat' dir='ltr'>in</span> <span class='ocrx_word' id='word_1_514' title='bbox 3477 2162 3681 2235; x_wconf 86' lang='lat' dir='ltr'>Cyrilli</span> 
     </span>
    </p>
   </div>
   <div class='ocr_carea' id='block_1_79' title="bbox 2029 2247 3678 2319">
    <p class='ocr_par' dir='ltr' id='par_1_79' title="bbox 2029 2247 3678 2319">
     <span class='ocr_line' id='line_1_79' title="bbox 2029 2247 3678 2319; baseline 0.004 -16"><span class='ocrx_word' id='word_1_515' title='bbox 2029 2248 2466 2303; x_wconf 90' lang='lat' dir='ltr'>ordinationem</span> <span class='ocrx_word' id='word_1_516' title='bbox 2487 2247 3155 2319; x_wconf 69' lang='lat' dir='ltr'>criminationes,eaque</span> <span class='ocrx_word' id='word_1_517' title='bbox 3178 2248 3337 2304; x_wconf 89' lang='lat' dir='ltr'>abiis</span> <span class='ocrx_word' id='word_1_518' title='bbox 3353 2249 3678 2309; x_wconf 86' lang='lat' dir='ltr'>liberanda.</span> 
     </span>
    </p>
   </div>
   <div class='ocr_carea' id='block_1_80' title="bbox 2029 2336 3678 2408">
    <p class='ocr_par' dir='ltr' id='par_1_80' title="bbox 2029 2336 3678 2408">
     <span class='ocr_line' id='line_1_80' title="bbox 2029 2336 3678 2408; baseline 0.002 -16"><span class='ocrx_word' id='word_1_519' title='bbox 2029 2337 2093 2392; x_wconf 90' lang='lat' dir='ltr'>Id</span> <span class='ocrx_word' id='word_1_520' title='bbox 2124 2354 2298 2408; x_wconf 86' lang='lat' dir='ltr'>porro</span> <span class='ocrx_word' id='word_1_521' title='bbox 2331 2336 2751 2408; x_wconf 67' lang='lat' dir='ltr'>praestabimus</span> <span class='ocrx_word' id='word_1_522' title='bbox 2783 2336 2943 2391; x_wconf 90' lang='lat' dir='ltr'>nudo</span> <span class='ocrx_word' id='word_1_523' title='bbox 2973 2338 3236 2394; x_wconf 89' lang='lat' dir='ltr'>veritatis</span> <span class='ocrx_word' id='word_1_524' title='bbox 3268 2355 3488 2406; x_wconf 85' lang='lat' dir='ltr'>amore,</span> <span class='ocrx_word' id='word_1_525' title='bbox 3513 2340 3678 2396; x_wconf 93' lang='lat' dir='ltr'>nullo</span> 
     </span>
    </p>
   </div>
   <div class='ocr_carea' id='block_1_81' title="bbox 2029 2424 3677 2500">
    <p class='ocr_par' dir='ltr' id='par_1_81' title="bbox 2029 2424 3677 2500">
     <span class='ocr_line' id='line_1_81' title="bbox 2029 2424 3677 2500; baseline 0.002 -19"><span class='ocrx_word' id='word_1_526' title='bbox 2029 2424 2314 2497; x_wconf 85' lang='lat' dir='ltr'>Cyrillum</span> <span class='ocrx_word' id='word_1_527' title='bbox 2368 2431 2732 2496; x_wconf 67' lang='lat' dir='ltr'>praepostere</span> <span class='ocrx_word' id='word_1_528' title='bbox 2784 2425 3076 2497; x_wconf 85' lang='lat' dir='ltr'>purgandi</span> <span class='ocrx_word' id='word_1_529' title='bbox 3129 2426 3325 2481; x_wconf 91' lang='lat' dir='ltr'>studio</span> <span class='ocrx_word' id='word_1_530' title='bbox 3371 2429 3677 2500; x_wconf 88' lang='lat' dir='ltr'>occupati;</span> 
     </span>
    </p>
   </div>
   <div class='ocr_carea' id='block_1_82' title="bbox 2028 2514 3678 2574">
    <p class='ocr_par' dir='ltr' id='par_1_82' title="bbox 2028 2514 3678 2574">
     <span class='ocr_line' id='line_1_82' title="bbox 2028 2514 3678 2574; baseline 0.002 -4"><span class='ocrx_word' id='word_1_531' title='bbox 2028 2514 2132 2571; x_wconf 91' lang='lat' dir='ltr'>sed</span> <span class='ocrx_word' id='word_1_532' title='bbox 2189 2514 2623 2572; x_wconf 86' lang='lat' dir='ltr'>auctoritatem.</span> <span class='ocrx_word' id='word_1_533' title='bbox 2682 2514 2939 2570; x_wconf 90' lang='lat' dir='ltr'>liberum</span> <span class='ocrx_word' id='word_1_534' title='bbox 2999 2514 3071 2570; x_wconf 91' lang='lat' dir='ltr'>de</span> <span class='ocrx_word' id='word_1_535' title='bbox 3129 2515 3411 2572; x_wconf 89' lang='lat' dir='ltr'>omnibus</span> <span class='ocrx_word' id='word_1_536' title='bbox 3470 2517 3678 2574; x_wconf 87' lang='lat' dir='ltr'>lectori</span> 
     </span>
    </p>
   </div>
   <div class='ocr_carea' id='block_1_83' title="bbox 2020 2604 2791 2678">
    <p class='ocr_par' dir='ltr' id='par_1_83' title="bbox 2020 2604 2791 2678">
     <span class='ocr_line' id='line_1_83' title="bbox 2020 2604 2791 2678; baseline -0.006 -17"><span class='ocrx_word' id='word_1_537' title='bbox 2020 2604 2323 2678; x_wconf 89' lang='lat' dir='ltr'>judicium</span> <span class='ocrx_word' id='word_1_538' title='bbox 2353 2605 2791 2675; x_wconf 89' lang='lat' dir='ltr'>permittemus.</span> 
     </span>
    </p>
   </div>
   <div class='ocr_carea' id='block_1_84' title="bbox 2098 2751 3675 2826">
    <p class='ocr_par' dir='ltr' id='par_1_84' title="bbox 2098 2751 3675 2826">
     <span class='ocr_line' id='line_1_84' title="bbox 2098 2751 3675 2826; baseline 0.001 -18"><span class='ocrx_word' id='word_1_539' title='bbox 2098 2756 2187 2808; x_wconf 87' lang='lat'>23.</span> <span class='ocrx_word' id='word_1_540' title='bbox 2224 2752 2617 2823; x_wconf 81' lang='lat' dir='ltr'>Hieronymus</span> <span class='ocrx_word' id='word_1_541' title='bbox 2649 2752 2710 2806; x_wconf 92' lang='lat' dir='ltr'>in</span> <span class='ocrx_word' id='word_1_542' title='bbox 2745 2751 3015 2808; x_wconf 81' lang='lat' dir='ltr'>Chronico</span> <span class='ocrx_word' id='word_1_543' title='bbox 3044 2751 3120 2808; x_wconf 85' lang='lat' dir='ltr'>ad</span> <span class='ocrx_word' id='word_1_544' title='bbox 3151 2768 3290 2807; x_wconf 89' lang='lat' dir='ltr'>ann.</span> <span class='ocrx_word' id='word_1_545' title='bbox 3323 2752 3446 2820; x_wconf 71' lang='grc'><strong>349,</strong></span> <span class='ocrx_word' id='word_1_546' title='bbox 3481 2771 3539 2826; x_wconf 90' lang='lat' dir='ltr'>p.</span> <span class='ocrx_word' id='word_1_547' title='bbox 3575 2755 3675 2810; x_wconf 84' lang='grc'>183</span> 
     </span>
    </p>
   </div>
   <div class='ocr_carea' id='block_1_85' title="bbox 2025 2842 3680 2916">
    <p class='ocr_par' dir='ltr' id='par_1_85' title="bbox 2025 2842 3680 2916">
     <span class='ocr_line' id='line_1_85' title="bbox 2025 2842 3680 2916; baseline 0.001 -18"><span class='ocrx_word' id='word_1_548' title='bbox 2025 2845 2150 2916; x_wconf 84' lang='lat' dir='ltr'>(qui</span> <span class='ocrx_word' id='word_1_549' title='bbox 2185 2843 2427 2915; x_wconf 89' lang='lat' dir='ltr'>quidem</span> <span class='ocrx_word' id='word_1_550' title='bbox 2461 2842 2866 2898; x_wconf 85' lang='lat' dir='ltr'>numerandus</span> <span class='ocrx_word' id='word_1_551' title='bbox 2900 2848 2990 2897; x_wconf 90' lang='lat' dir='ltr'>est</span> <span class='ocrx_word' id='word_1_552' title='bbox 3019 2844 3123 2897; x_wconf 85' lang='lat'>350</span> <span class='ocrx_word' id='word_1_553' title='bbox 3155 2863 3170 2903; x_wconf 89' lang='lat'>;</span> <span class='ocrx_word' id='word_1_554' title='bbox 3203 2859 3343 2898; x_wconf 90' lang='lat' dir='ltr'>nam</span> <span class='ocrx_word' id='word_1_555' title='bbox 3393 2844 3456 2898; x_wconf 90' lang='lat' dir='ltr'>in</span> <span class='ocrx_word' id='word_1_556' title='bbox 3505 2844 3680 2901; x_wconf 81' lang='lat' dir='ltr'>Chro-</span> 
     </span>
    </p>
   </div>
   <div class='ocr_carea' id='block_1_86' title="bbox 2024 2933 3676 3003">
    <p class='ocr_par' dir='ltr' id='par_1_86' title="bbox 2024 2933 3676 3003">
     <span class='ocr_line' id='line_1_86' title="bbox 2024 2933 3676 3003; baseline -0.001 -14"><span class='ocrx_word' id='word_1_557' title='bbox 2024 2937 2147 2989; x_wconf 84' lang='lat' dir='ltr'>nico</span> <span class='ocrx_word' id='word_1_558' title='bbox 2164 2934 2268 2988; x_wconf 92' lang='lat' dir='ltr'>illo</span> <span class='ocrx_word' id='word_1_559' title='bbox 2286 2950 2405 2987; x_wconf 92' lang='lat' dir='ltr'>uno</span> <span class='ocrx_word' id='word_1_560' title='bbox 2427 2949 2584 2987; x_wconf 87' lang='lat' dir='ltr'>anno</span> <span class='ocrx_word' id='word_1_561' title='bbox 2605 2948 2782 2986; x_wconf 67' lang='lat' dir='ltr'>aerum</span> <span class='ocrx_word' id='word_1_562' title='bbox 2799 2937 3062 2986; x_wconf 86' lang='lat' dir='ltr'>nostram</span> <span class='ocrx_word' id='word_1_563' title='bbox 3087 2933 3418 3003; x_wconf 73' lang='lat' dir='ltr'>anticipat),</span> <span class='ocrx_word' id='word_1_564' title='bbox 3443 2934 3676 2989; x_wconf 83' lang='lat' dir='ltr'>Maximi</span> 
     </span>
    </p>
   </div>
   <div class='ocr_carea' id='block_1_87' title="bbox 2024 3021 3679 3094">
    <p class='ocr_par' dir='ltr' id='par_1_87' title="bbox 2024 3021 3679 3094">
     <span class='ocr_line' id='line_1_87' title="bbox 2024 3021 3679 3094; baseline 0 -15"><span class='ocrx_word' id='word_1_565' title='bbox 2024 3030 2278 3079; x_wconf 88' lang='lat' dir='ltr'>mortem</span> <span class='ocrx_word' id='word_1_566' title='bbox 2310 3023 2586 3094; x_wconf 84' lang='lat' dir='ltr'>assignat.</span> <span class='ocrx_word' id='word_1_567' title='bbox 2626 3021 3104 3089; x_wconf 84' lang='lat' dir='ltr'>Quadragesimus.</span> <span class='ocrx_word' id='word_1_568' title='bbox 3139 3021 3358 3091; x_wconf 89' lang='lat' dir='ltr'>inquit.</span> <span class='ocrx_word' id='word_1_569' title='bbox 3406 3024 3679 3079; x_wconf 67' lang='lat' dir='ltr'>Maximus</span> 
     </span>
    </p>
   </div>
   <div class='ocr_carea' id='block_1_88' title="bbox 2022 3109 3675 3185">
    <p class='ocr_par' dir='ltr' id='par_1_88' title="bbox 2022 3109 3675 3185">
     <span class='ocr_line' id='line_1_88' title="bbox 2022 3109 3675 3185; baseline -0.001 -16"><span class='ocrx_word' id='word_1_570' title='bbox 2022 3120 2145 3185; x_wconf 82' lang='lat' dir='ltr'>post</span> <span class='ocrx_word' id='word_1_571' title='bbox 2179 3114 2483 3167; x_wconf 85' lang='lat' dir='ltr'>Macarium</span> <span class='ocrx_word' id='word_1_572' title='bbox 2538 3111 3043 3179; x_wconf 76' lang='lat' dir='ltr'>Hierosolymorum</span> <span class='ocrx_word' id='word_1_573' title='bbox 3088 3109 3372 3181; x_wconf 85' lang='lat' dir='ltr'>episcopus</span> <span class='ocrx_word' id='word_1_574' title='bbox 3420 3112 3675 3167; x_wconf 86' lang='lat' dir='ltr'>moritur.</span> 
     </span>
    </p>
   </div>
   <div class='ocr_carea' id='block_1_89' title="bbox 2037 3200 3678 3273">
    <p class='ocr_par' dir='ltr' id='par_1_89' title="bbox 2037 3200 3678 3273">
     <span class='ocr_line' id='line_1_89' title="bbox 2037 3200 3678 3273; baseline -0.001 -15"><span class='ocrx_word' id='word_1_575' title='bbox 2037 3202 2258 3258; x_wconf 83' lang='lat' dir='ltr'>Deinde</span> <span class='ocrx_word' id='word_1_576' title='bbox 2290 3207 2425 3273; x_wconf 91' lang='lat' dir='ltr'>post</span> <span class='ocrx_word' id='word_1_577' title='bbox 2455 3200 2824 3271; x_wconf 88' lang='lat' dir='ltr'>aliquantum</span> <span class='ocrx_word' id='word_1_578' title='bbox 2861 3201 3147 3270; x_wconf 89' lang='lat' dir='ltr'>temporis</span> <span class='ocrx_word' id='word_1_579' title='bbox 3178 3217 3294 3272; x_wconf 91' lang='lat' dir='ltr'>quo</span> <span class='ocrx_word' id='word_1_580' title='bbox 3327 3200 3530 3256; x_wconf 90' lang='lat' dir='ltr'>sedem</span> <span class='ocrx_word' id='word_1_581' title='bbox 3576 3218 3678 3257; x_wconf 81' lang='lat' dir='ltr'>va-</span> 
     </span>
    </p>
   </div>
   <div class='ocr_carea' id='block_1_90' title="bbox 2035 3288 3678 3361">
    <p class='ocr_par' dir='ltr' id='par_1_90' title="bbox 2035 3288 3678 3361">
     <span class='ocr_line' id='line_1_90' title="bbox 2035 3288 3678 3361; baseline -0.001 -13"><span class='ocrx_word' id='word_1_582' title='bbox 2035 3309 2200 3348; x_wconf 89' lang='lat' dir='ltr'>casse</span> <span class='ocrx_word' id='word_1_583' title='bbox 2226 3291 2327 3359; x_wconf 89' lang='lat' dir='ltr'>ait,</span> <span class='ocrx_word' id='word_1_584' title='bbox 2361 3290 2798 3345; x_wconf 89' lang='lat' dir='ltr'>ordinationem</span> <span class='ocrx_word' id='word_1_585' title='bbox 2829 3288 3029 3361; x_wconf 84' lang='lat' dir='ltr'>Cyrilli</span> <span class='ocrx_word' id='word_1_586' title='bbox 3051 3306 3156 3360; x_wconf 92' lang='lat' dir='ltr'>per</span> <span class='ocrx_word' id='word_1_587' title='bbox 3182 3290 3458 3345; x_wconf 89' lang='lat' dir='ltr'>Acacium</span> <span class='ocrx_word' id='word_1_588' title='bbox 3484 3291 3678 3347; x_wconf 67' lang='lat' dir='ltr'>Caesa-</span> 
     </span>
    </p>
   </div>
   <div class='ocr_carea' id='block_1_91' title="bbox 2030 3378 3673 3450">
    <p class='ocr_par' dir='ltr' id='par_1_91' title="bbox 2030 3378 3673 3450">
     <span class='ocr_line' id='line_1_91' title="bbox 2030 3378 3673 3450; baseline -0.002 -13"><span class='ocrx_word' id='word_1_589' title='bbox 2030 3383 2292 3437; x_wconf 89' lang='lat' dir='ltr'>riensem</span> <span class='ocrx_word' id='word_1_590' title='bbox 2314 3386 2374 3435; x_wconf 90' lang='lat' dir='ltr'>et</span> <span class='ocrx_word' id='word_1_591' title='bbox 2401 3386 2646 3435; x_wconf 70' lang='lat' dir='ltr'>caeteros</span> <span class='ocrx_word' id='word_1_592' title='bbox 2668 3379 2980 3449; x_wconf 90' lang='lat' dir='ltr'>episcopos</span> <span class='ocrx_word' id='word_1_593' title='bbox 3003 3378 3251 3434; x_wconf 89' lang='lat' dir='ltr'>Arianos</span> <span class='ocrx_word' id='word_1_594' title='bbox 3269 3379 3673 3450; x_wconf 85' lang='lat' dir='ltr'>potuit.Theo-</span> 
     </span>
    </p>
   </div>
   <div class='ocr_carea' id='block_1_92' title="bbox 2029 3468 3670 3541">
    <p class='ocr_par' dir='ltr' id='par_1_92' title="bbox 2029 3468 3670 3541">
     <span class='ocr_line' id='line_1_92' title="bbox 2029 3468 3670 3541; baseline -0.001 -15"><span class='ocrx_word' id='word_1_595' title='bbox 2029 3472 2518 3541; x_wconf 86' lang='lat' dir='ltr'>doretusquoque</span> <span class='ocrx_word' id='word_1_596' title='bbox 2534 3468 2618 3523; x_wconf 91' lang='lat' dir='ltr'>lib</span> <span class='ocrx_word' id='word_1_597' title='bbox 2659 3485 2695 3521; x_wconf 84' lang='grc' dir='ltr'>ιι</span> <span class='ocrx_word' id='word_1_598' title='bbox 2713 3469 2853 3522; x_wconf 84' lang='lat' dir='ltr'>Hist.</span> <span class='ocrx_word' id='word_1_599' title='bbox 2878 3468 3084 3529; x_wconf 85' lang='lat' dir='ltr'>eccles..</span> <span class='ocrx_word' id='word_1_600' title='bbox 3108 3484 3217 3539; x_wconf 89' lang='lat' dir='ltr'>cap</span> <span class='ocrx_word' id='word_1_601' title='bbox 3263 3470 3352 3535; x_wconf 87' lang='lat'>26,</span> <span class='ocrx_word' id='word_1_602' title='bbox 3385 3468 3670 3539; x_wconf 84' lang='lat' dir='ltr'>Cyrillum</span> 
     </span>
    </p>
   </div>
   <div class='ocr_carea' id='block_1_93' title="bbox 2029 3555 3672 3630">
    <p class='ocr_par' dir='ltr' id='par_1_93' title="bbox 2029 3555 3672 3630">
     <span class='ocr_line' id='line_1_93' title="bbox 2029 3555 3672 3630; baseline -0.002 -14"><span class='ocrx_word' id='word_1_603' title='bbox 2029 3561 2235 3616; x_wconf 88' lang='lat' dir='ltr'>scribit</span> <span class='ocrx_word' id='word_1_604' title='bbox 2262 3558 2602 3630; x_wconf 66' lang='lat' dir='ltr'>apostolicae</span> <span class='ocrx_word' id='word_1_605' title='bbox 2630 3555 2915 3612; x_wconf 65' lang='lat' dir='ltr'>doctrina;</span> <span class='ocrx_word' id='word_1_606' title='bbox 2935 3562 3434 3629; x_wconf 81' lang='lat' dir='ltr'>propugnatorem</span> <span class='ocrx_word' id='word_1_607' title='bbox 3457 3559 3672 3614; x_wconf 89' lang='lat' dir='ltr'>acerri-</span> 
     </span>
    </p>
   </div>
   <div class='ocr_carea' id='block_1_94' title="bbox 2026 3645 3666 3717">
    <p class='ocr_par' dir='ltr' id='par_1_94' title="bbox 2026 3645 3666 3717">
     <span class='ocr_line' id='line_1_94' title="bbox 2026 3645 3666 3717; baseline -0.002 -12"><span class='ocrx_word' id='word_1_608' title='bbox 2026 3666 2214 3715; x_wconf 89' lang='lat' dir='ltr'>mum,</span> <span class='ocrx_word' id='word_1_609' title='bbox 2246 3649 2301 3702; x_wconf 83' lang='lat' dir='ltr'>S.</span> <span class='ocrx_word' id='word_1_610' title='bbox 2336 3648 2425 3701; x_wconf 87' lang='lat' dir='ltr'>Ma</span> <span class='ocrx_word' id='word_1_611' title='bbox 2464 3646 2584 3699; x_wconf 90' lang='lat' dir='ltr'>imo</span> <span class='ocrx_word' id='word_1_612' title='bbox 2612 3645 2685 3700; x_wconf 77' lang='lat' dir='ltr'>ad</span> <span class='ocrx_word' id='word_1_613' title='bbox 2718 3646 2898 3699; x_wconf 90' lang='lat' dir='ltr'>vitam</span> <span class='ocrx_word' id='word_1_614' title='bbox 2925 3646 3076 3700; x_wconf 91' lang='lat' dir='ltr'>senii</span> <span class='ocrx_word' id='word_1_615' title='bbox 3111 3652 3410 3717; x_wconf 85' lang='lat' dir='ltr'>expertem</span> <span class='ocrx_word' id='word_1_616' title='bbox 3463 3652 3666 3702; x_wconf 86' lang='lat' dir='ltr'>trans-</span> 
     </span>
    </p>
   </div>
   <div class='ocr_carea' id='block_1_95' title="bbox 2026 3731 3669 3808">
    <p class='ocr_par' dir='ltr' id='par_1_95' title="bbox 2026 3731 3669 3808">
     <span class='ocr_line' id='line_1_95' title="bbox 2026 3731 3669 3808; baseline -0.004 -14"><span class='ocrx_word' id='word_1_617' title='bbox 2026 3739 2148 3794; x_wconf 91' lang='lat' dir='ltr'>lato</span> <span class='ocrx_word' id='word_1_618' title='bbox 2182 3735 2579 3808; x_wconf 81' lang='lat' dir='ltr'>episcOpalem</span> <span class='ocrx_word' id='word_1_619' title='bbox 2620 3734 2869 3807; x_wconf 80' lang='lat' dir='ltr'>gratiam</span> <span class='ocrx_word' id='word_1_620' title='bbox 2902 3735 3345 3805; x_wconf 86' lang='lat' dir='ltr'>promeruisse:</span> <span class='ocrx_word' id='word_1_621' title='bbox 3380 3734 3592 3790; x_wconf 69' lang='grc' dir='ltr'>Τούτου</span> <span class='ocrx_word' id='word_1_622' title='bbox 3612 3731 3669 3789; x_wconf 78' lang='grc' dir='ltr'>δὶ</span> 
     </span>
    </p>
   </div>
   <div class='ocr_carea' id='block_1_96' title="bbox 2025 3821 3667 3902">
    <p class='ocr_par' dir='ltr' id='par_1_96' title="bbox 2025 3821 3667 3902">
     <span class='ocr_line' id='line_1_96' title="bbox 2025 3821 3667 3902; baseline -0.002 -21"><span class='ocrx_word' id='word_1_623' title='bbox 2025 3827 2102 3890; x_wconf 71' lang='grc' dir='ltr'>εἷς</span> <span class='ocrx_word' id='word_1_624' title='bbox 2142 3823 2334 3902; x_wconf 71' lang='grc' dir='ltr'>ἀγήρω</span> <span class='ocrx_word' id='word_1_625' title='bbox 2395 3824 2824 3897; x_wconf 70' lang='grc' dir='ltr'>μεταναστάντος</span> <span class='ocrx_word' id='word_1_626' title='bbox 2884 3823 3026 3898; x_wconf 73' lang='grc' dir='ltr'>βίον,</span> <span class='ocrx_word' id='word_1_627' title='bbox 3077 3821 3358 3898; x_wconf 69' lang='grc' dir='ltr'>Κύριλλος</span> <span class='ocrx_word' id='word_1_628' title='bbox 3404 3826 3504 3890; x_wconf 72' lang='grc' dir='ltr'>τῆς</span> <span class='ocrx_word' id='word_1_629' title='bbox 3549 3823 3667 3878; x_wconf 64' lang='lat' dir='ltr'>Em.-</span> 
     </span>
    </p>
   </div>
   <div class='ocr_carea' id='block_1_97' title="bbox 2024 3914 3668 3988">
    <p class='ocr_par' dir='ltr' id='par_1_97' title="bbox 2024 3914 3668 3988">
     <span class='ocr_line' id='line_1_97' title="bbox 2024 3914 3668 3988; baseline -0.002 -16"><span class='ocrx_word' id='word_1_630' title='bbox 2024 3922 2292 3984; x_wconf 82' lang='grc' dir='ltr'>σκοπικῆς</span> <span class='ocrx_word' id='word_1_631' title='bbox 2328 3914 2554 3988; x_wconf 79' lang='grc' dir='ltr'>χάριτος</span> <span class='ocrx_word' id='word_1_632' title='bbox 2582 3914 2818 3983; x_wconf 78' lang='grc' dir='ltr'>ἠξιώθη.</span> <span class='ocrx_word' id='word_1_633' title='bbox 2856 3916 2930 3968; x_wconf 81' lang='lat' dir='ltr'>At</span> <span class='ocrx_word' id='word_1_634' title='bbox 2976 3914 3245 3969; x_wconf 80' lang='lat' dir='ltr'>Socrates</span> <span class='ocrx_word' id='word_1_635' title='bbox 3295 3914 3398 3968; x_wconf 85' lang='lat' dir='ltr'>lib.</span> <span class='ocrx_word' id='word_1_636' title='bbox 3434 3931 3469 3968; x_wconf 72' lang='lat' dir='ltr'>tl</span> <span class='ocrx_word' id='word_1_637' title='bbox 3502 3916 3668 3983; x_wconf 82' lang='lat' dir='ltr'>Hist.,</span> 
     </span>
    </p>
   </div>
   <div class='ocr_carea' id='block_1_98' title="bbox 2024 4002 3674 4080">
    <p class='ocr_par' dir='ltr' id='par_1_98' title="bbox 2024 4002 3674 4080">
     <span class='ocr_line' id='line_1_98' title="bbox 2024 4002 3674 4080; baseline -0.004 -16"><span class='ocrx_word' id='word_1_638' title='bbox 2024 4026 2151 4080; x_wconf 91' lang='lat' dir='ltr'>cap.</span> <span class='ocrx_word' id='word_1_639' title='bbox 2186 4008 2274 4073; x_wconf 90' lang='lat'>38,</span> <span class='ocrx_word' id='word_1_640' title='bbox 2330 4005 2582 4061; x_wconf 89' lang='lat' dir='ltr'>scribit:</span> <span class='ocrx_word' id='word_1_641' title='bbox 2627 4006 2861 4059; x_wconf 81' lang='lat' dir='ltr'>Aeacius</span> <span class='ocrx_word' id='word_1_642' title='bbox 2916 4015 2968 4057; x_wconf 79' lang='lat' dir='ltr'>et</span> <span class='ocrx_word' id='word_1_643' title='bbox 3021 4002 3376 4073; x_wconf 83' lang='lat' dir='ltr'>Patrophilus</span> <span class='ocrx_word' id='word_1_644' title='bbox 3434 4005 3674 4059; x_wconf 72' lang='lat' dir='ltr'>Maximo</span> 
     </span>
    </p>
   </div>
   <div class='ocr_carea' id='block_1_99' title="bbox 2023 4091 3656 4166">
    <p class='ocr_par' dir='ltr' id='par_1_99' title="bbox 2023 4091 3656 4166">
     <span class='ocr_line' id='line_1_99' title="bbox 2023 4091 3656 4166; baseline -0.003 -14"><span class='ocrx_word' id='word_1_645' title='bbox 2023 4095 2526 4166; x_wconf 82' lang='lat' dir='ltr'>Hierosolymorum</span> <span class='ocrx_word' id='word_1_646' title='bbox 2582 4093 2832 4163; x_wconf 63' lang='lat' dir='ltr'>expulso,</span> <span class='ocrx_word' id='word_1_647' title='bbox 2892 4091 3160 4162; x_wconf 83' lang='lat' dir='ltr'>Cyrillum</span> <span class='ocrx_word' id='word_1_648' title='bbox 3217 4092 3475 4147; x_wconf 79' lang='lat' dir='ltr'>adversus</span> <span class='ocrx_word' id='word_1_649' title='bbox 3532 4108 3656 4148; x_wconf 85' lang='lat' dir='ltr'>eum</span> 
     </span>
    </p>
   </div>
   <div class='ocr_carea' id='block_1_100' title="bbox 2024 4183 3661 4244">
    <p class='ocr_par' dir='ltr' id='par_1_100' title="bbox 2024 4183 3661 4244">
     <span class='ocr_line' id='line_1_100' title="bbox 2024 4183 3661 4244; baseline -0.004 0"><span class='ocrx_word' id='word_1_650' title='bbox 2024 4190 2441 4244; x_wconf 76' lang='lat' dir='ltr'>constituerant.</span> <span class='ocrx_word' id='word_1_651' title='bbox 2496 4184 2709 4241; x_wconf 89' lang='lat' dir='ltr'>lisdem</span> <span class='ocrx_word' id='word_1_652' title='bbox 2754 4184 2877 4239; x_wconf 88' lang='lat' dir='ltr'>fere</span> <span class='ocrx_word' id='word_1_653' title='bbox 2908 4183 3104 4239; x_wconf 86' lang='lat' dir='ltr'>verbis</span> <span class='ocrx_word' id='word_1_654' title='bbox 3143 4183 3497 4239; x_wconf 87' lang='lat' dir='ltr'>Sozomenus</span> <span class='ocrx_word' id='word_1_655' title='bbox 3556 4183 3661 4238; x_wconf 91' lang='lat' dir='ltr'>lib.</span> 
     </span>
    </p>
   </div>
   <div class='ocr_carea' id='block_1_101' title="bbox 2024 4274 3665 4348">
    <p class='ocr_par' dir='ltr' id='par_1_101' title="bbox 2024 4274 3665 4348">
     <span class='ocr_line' id='line_1_101' title="bbox 2024 4274 3665 4348; baseline -0.003 -14"><span class='ocrx_word' id='word_1_656' title='bbox 2024 4297 2096 4346; x_wconf 79' lang='grc' dir='ltr'>ιν,</span> <span class='ocrx_word' id='word_1_657' title='bbox 2123 4295 2252 4348; x_wconf 91' lang='lat' dir='ltr'>cap.</span> <span class='ocrx_word' id='word_1_658' title='bbox 2287 4280 2375 4331; x_wconf 87' lang='lat'>20.</span> <span class='ocrx_word' id='word_1_659' title='bbox 2422 4275 2661 4332; x_wconf 80' lang='lat' dir='ltr'>Aeacius</span> <span class='ocrx_word' id='word_1_660' title='bbox 2713 4281 2764 4329; x_wconf 78' lang='lat' dir='ltr'>et</span> <span class='ocrx_word' id='word_1_661' title='bbox 2810 4274 3165 4345; x_wconf 83' lang='lat' dir='ltr'>PatrOphilus</span> <span class='ocrx_word' id='word_1_662' title='bbox 3204 4276 3510 4329; x_wconf 67' lang='lat' dir='ltr'>Maximum</span> <span class='ocrx_word' id='word_1_663' title='bbox 3561 4290 3665 4329; x_wconf 88' lang='lat' dir='ltr'>au-</span> 
     </span>
    </p>
   </div>
   <div class='ocr_carea' id='block_1_102' title="bbox 2020 4362 3673 4440">
    <p class='ocr_par' dir='ltr' id='par_1_102' title="bbox 2020 4362 3673 4440">
     <span class='ocr_line' id='line_1_102' title="bbox 2020 4362 3673 4440; baseline -0.004 -16"><span class='ocrx_word' id='word_1_664' title='bbox 2020 4370 2285 4440; x_wconf 79' lang='lat' dir='ltr'>ferentes.</span> <span class='ocrx_word' id='word_1_665' title='bbox 2368 4366 2923 4435; x_wconf 79' lang='lat' dir='ltr'>Hierosolymilanum</span> <span class='ocrx_word' id='word_1_666' title='bbox 2986 4365 3278 4419; x_wconf 86' lang='lat' dir='ltr'>Ecclesiam</span> <span class='ocrx_word' id='word_1_667' title='bbox 3325 4362 3532 4433; x_wconf 86' lang='lat' dir='ltr'>Cyrillo</span> <span class='ocrx_word' id='word_1_668' title='bbox 3582 4379 3673 4417; x_wconf 87' lang='lat' dir='ltr'>re-</span> 
     </span>
    </p>
   </div>
   <div class='ocr_carea' id='block_1_103' title="bbox 2022 4452 3667 4528">
    <p class='ocr_par' dir='ltr' id='par_1_103' title="bbox 2022 4452 3667 4528">
     <span class='ocr_line' id='line_1_103' title="bbox 2022 4452 3667 4528; baseline -0.004 -15"><span class='ocrx_word' id='word_1_669' title='bbox 2022 4458 2260 4528; x_wconf 88' lang='lat' dir='ltr'>gendam</span> <span class='ocrx_word' id='word_1_670' title='bbox 2284 4458 2666 4527; x_wconf 79' lang='lat' dir='ltr'>permiserunt.</span> <span class='ocrx_word' id='word_1_671' title='bbox 2712 4455 2845 4509; x_wconf 59' lang='lat' dir='ltr'>Haec</span> <span class='ocrx_word' id='word_1_672' title='bbox 2896 4454 3049 4509; x_wconf 91' lang='lat' dir='ltr'>alter</span> <span class='ocrx_word' id='word_1_673' title='bbox 3099 4452 3172 4507; x_wconf 91' lang='lat' dir='ltr'>ab</span> <span class='ocrx_word' id='word_1_674' title='bbox 3207 4453 3394 4507; x_wconf 87' lang='lat' dir='ltr'>altero</span> <span class='ocrx_word' id='word_1_675' title='bbox 3445 4452 3667 4508; x_wconf 85' lang='lat' dir='ltr'>exscri-</span> 
     </span>
    </p>
   </div>
   <div class='ocr_carea' id='block_1_104' title="bbox 2027 4541 3672 4619">
    <p class='ocr_par' dir='ltr' id='par_1_104' title="bbox 2027 4541 3672 4619">
     <span class='ocr_line' id='line_1_104' title="bbox 2027 4541 3672 4619; baseline -0.004 -17"><span class='ocrx_word' id='word_1_676' title='bbox 2027 4548 2216 4619; x_wconf 88' lang='lat' dir='ltr'>psisse</span> <span class='ocrx_word' id='word_1_677' title='bbox 2246 4546 2477 4601; x_wconf 89' lang='lat' dir='ltr'>videtur</span> <span class='ocrx_word' id='word_1_678' title='bbox 2530 4544 2855 4599; x_wconf 90' lang='lat' dir='ltr'>Amborum</span> <span class='ocrx_word' id='word_1_679' title='bbox 2911 4541 3110 4609; x_wconf 88' lang='lat' dir='ltr'>credo,</span> <span class='ocrx_word' id='word_1_680' title='bbox 3151 4542 3501 4598; x_wconf 89' lang='lat' dir='ltr'>auctoritate</span> <span class='ocrx_word' id='word_1_681' title='bbox 3532 4558 3672 4614; x_wconf 89' lang='lat' dir='ltr'>per-</span> 
     </span>
    </p>
   </div>
   <div class='ocr_carea' id='block_1_105' title="bbox 2031 4632 3677 4706">
    <p class='ocr_par' dir='ltr' id='par_1_105' title="bbox 2031 4632 3677 4706">
     <span class='ocr_line' id='line_1_105' title="bbox 2031 4632 3677 4706; baseline -0.003 -14"><span class='ocrx_word' id='word_1_682' title='bbox 2031 4638 2197 4695; x_wconf 88' lang='lat' dir='ltr'>moti.</span> <span class='ocrx_word' id='word_1_683' title='bbox 2229 4636 2437 4691; x_wconf 90' lang='lat' dir='ltr'>eadem</span> <span class='ocrx_word' id='word_1_684' title='bbox 2487 4639 2767 4706; x_wconf 89' lang='lat' dir='ltr'>repetunt</span> <span class='ocrx_word' id='word_1_685' title='bbox 2811 4633 3199 4703; x_wconf 86' lang='lat' dir='ltr'>TheOphanes</span> <span class='ocrx_word' id='word_1_686' title='bbox 3229 4632 3292 4686; x_wconf 89' lang='lat' dir='ltr'>in</span> <span class='ocrx_word' id='word_1_687' title='bbox 3325 4633 3677 4701; x_wconf 86' lang='lat' dir='ltr'>Chronogra-</span> 
     </span>
    </p>
   </div>
   <div class='ocr_carea' id='block_1_106' title="bbox 2026 4722 3675 4799">
    <p class='ocr_par' dir='ltr' id='par_1_106' title="bbox 2026 4722 3675 4799">
     <span class='ocr_line' id='line_1_106' title="bbox 2026 4722 3675 4799; baseline -0.004 -18"><span class='ocrx_word' id='word_1_688' title='bbox 2026 4727 2189 4799; x_wconf 86' lang='lat' dir='ltr'>phia,</span> <span class='ocrx_word' id='word_1_689' title='bbox 2225 4742 2353 4798; x_wconf 88' lang='lat' dir='ltr'>pag.</span> <span class='ocrx_word' id='word_1_690' title='bbox 2390 4727 2494 4789; x_wconf 66' lang='lat'>34;</span> <span class='ocrx_word' id='word_1_691' title='bbox 2556 4724 2980 4795; x_wconf 86' lang='lat' dir='ltr'>Metaphrastes</span> <span class='ocrx_word' id='word_1_692' title='bbox 3010 4722 3072 4776; x_wconf 91' lang='lat' dir='ltr'>in</span> <span class='ocrx_word' id='word_1_693' title='bbox 3110 4723 3239 4776; x_wconf 79' lang='lat' dir='ltr'>Vita</span> <span class='ocrx_word' id='word_1_694' title='bbox 3268 4722 3324 4779; x_wconf 94' lang='lat' dir='ltr'>S.</span> <span class='ocrx_word' id='word_1_695' title='bbox 3358 4722 3675 4777; x_wconf 80' lang='lat' dir='ltr'>Athanasii.</span> 
     </span>
    </p>
   </div>
   <div class='ocr_carea' id='block_1_107' title="bbox 2034 4811 3675 4887">
    <p class='ocr_par' dir='ltr' id='par_1_107' title="bbox 2034 4811 3675 4887">
     <span class='ocr_line' id='line_1_107' title="bbox 2034 4811 3675 4887; baseline -0.005 -16"><span class='ocrx_word' id='word_1_696' title='bbox 2034 4817 2134 4886; x_wconf 89' lang='lat' dir='ltr'>qui</span> <span class='ocrx_word' id='word_1_697' title='bbox 2166 4817 2297 4887; x_wconf 87' lang='lat' dir='ltr'>ipsa</span> <span class='ocrx_word' id='word_1_698' title='bbox 2326 4815 2582 4869; x_wconf 89' lang='lat' dir='ltr'>Socratis</span> <span class='ocrx_word' id='word_1_699' title='bbox 2613 4813 2790 4867; x_wconf 90' lang='lat' dir='ltr'>verba</span> <span class='ocrx_word' id='word_1_700' title='bbox 2847 4811 3193 4866; x_wconf 89' lang='lat' dir='ltr'>transcribit</span> <span class='ocrx_word' id='word_1_701' title='bbox 3222 4828 3382 4866; x_wconf 90' lang='lat' dir='ltr'>num.</span> <span class='ocrx_word' id='word_1_702' title='bbox 3422 4815 3511 4870; x_wconf 82' lang='grc'>11.</span> <span class='ocrx_word' id='word_1_703' title='bbox 3544 4828 3675 4882; x_wconf 83' lang='lat' dir='ltr'>pag.</span> 
     </span>
    </p>
   </div>
   <div class='ocr_carea' id='block_1_108' title="bbox 2035 4900 3677 4973">
    <p class='ocr_par' dir='ltr' id='par_1_108' title="bbox 2035 4900 3677 4973">
     <span class='ocr_line' id='line_1_108' title="bbox 2035 4900 3677 4973; baseline -0.002 -14"><span class='ocrx_word' id='word_1_704' title='bbox 2035 4908 2170 4973; x_wconf 65' lang='lat'>149;</span> <span class='ocrx_word' id='word_1_705' title='bbox 2203 4905 2466 4960; x_wconf 89' lang='lat' dir='ltr'>incertus</span> <span class='ocrx_word' id='word_1_706' title='bbox 2494 4908 2700 4958; x_wconf 88' lang='lat' dir='ltr'>auctor</span> <span class='ocrx_word' id='word_1_707' title='bbox 2756 4900 3001 4957; x_wconf 89' lang='lat' dir='ltr'>alterius</span> <span class='ocrx_word' id='word_1_708' title='bbox 3061 4902 3202 4955; x_wconf 68' lang='lat' dir='ltr'>Vita:</span> <span class='ocrx_word' id='word_1_709' title='bbox 3248 4902 3304 4956; x_wconf 92' lang='lat' dir='ltr'>S.</span> <span class='ocrx_word' id='word_1_710' title='bbox 3355 4901 3677 4970; x_wconf 84' lang='lat' dir='ltr'>Athanasii,</span> 
     </span>
    </p>
   </div>
   <div class='ocr_carea' id='block_1_109' title="bbox 2033 4989 3680 5063">
    <p class='ocr_par' dir='ltr' id='par_1_109' title="bbox 2033 4989 3680 5063">
     <span class='ocr_line' id='line_1_109' title="bbox 2033 4989 3680 5063; baseline -0.002 -14"><span class='ocrx_word' id='word_1_711' title='bbox 2033 4995 2174 5051; x_wconf 90' lang='lat' dir='ltr'>ibid.</span> <span class='ocrx_word' id='word_1_712' title='bbox 2212 5011 2376 5049; x_wconf 86' lang='lat' dir='ltr'>num.</span> <span class='ocrx_word' id='word_1_713' title='bbox 2415 4993 2499 5059; x_wconf 81' lang='grc'>19,</span> <span class='ocrx_word' id='word_1_714' title='bbox 2536 5007 2649 5063; x_wconf 87' lang='lat' dir='ltr'>pag</span> <span class='ocrx_word' id='word_1_715' title='bbox 2703 4993 2823 5055; x_wconf 74' lang='lat'>1&#39;20,</span> <span class='ocrx_word' id='word_1_716' title='bbox 2859 4990 2958 5061; x_wconf 90' lang='lat' dir='ltr'>qui</span> <span class='ocrx_word' id='word_1_717' title='bbox 3018 4989 3302 5061; x_wconf 87' lang='lat' dir='ltr'>Cyrillum</span> <span class='ocrx_word' id='word_1_718' title='bbox 3355 4995 3517 5045; x_wconf 86' lang='lat' dir='ltr'>tanto</span> <span class='ocrx_word' id='word_1_719' title='bbox 3562 4990 3680 5045; x_wconf 89' lang='lat' dir='ltr'>im-</span> 
     </span>
    </p>
   </div>
   <div class='ocr_carea' id='block_1_110' title="bbox 2031 5079 3676 5157">
    <p class='ocr_par' dir='ltr' id='par_1_110' title="bbox 2031 5079 3676 5157">
     <span class='ocr_line' id='line_1_110' title="bbox 2031 5079 3676 5157; baseline -0.003 -17"><span class='ocrx_word' id='word_1_720' title='bbox 2031 5084 2269 5157; x_wconf 87' lang='lat' dir='ltr'>pietatis</span> <span class='ocrx_word' id='word_1_721' title='bbox 2291 5082 2487 5138; x_wconf 88' lang='lat' dir='ltr'>studio</span> <span class='ocrx_word' id='word_1_722' title='bbox 2507 5096 2821 5135; x_wconf 85' lang='lat' dir='ltr'>accensum</span> <span class='ocrx_word' id='word_1_723' title='bbox 2848 5079 3245 5149; x_wconf 87' lang='lat' dir='ltr'>dicit,quanto</span> <span class='ocrx_word' id='word_1_724' title='bbox 3262 5079 3349 5132; x_wconf 86' lang='lat' dir='ltr'>vel</span> <span class='ocrx_word' id='word_1_725' title='bbox 3368 5080 3676 5150; x_wconf 82' lang='lat' dir='ltr'>Maximus,</span> 
     </span>
    </p>
   </div>
   <div class='ocr_carea' id='block_1_111' title="bbox 2030 5167 3684 5245">
    <p class='ocr_par' dir='ltr' id='par_1_111' title="bbox 2030 5167 3684 5245">
     <span class='ocr_line' id='line_1_111' title="bbox 2030 5167 3684 5245; baseline -0.003 -15"><span class='ocrx_word' id='word_1_726' title='bbox 2030 5175 2117 5230; x_wconf 87' lang='lat' dir='ltr'>vel</span> <span class='ocrx_word' id='word_1_727' title='bbox 2135 5173 2333 5245; x_wconf 87' lang='lat' dir='ltr'>potius</span> <span class='ocrx_word' id='word_1_728' title='bbox 2358 5169 2713 5226; x_wconf 86' lang='lat' dir='ltr'>Athanasius</span> <span class='ocrx_word' id='word_1_729' title='bbox 2732 5170 2791 5223; x_wconf 90' lang='lat' dir='ltr'>in</span> <span class='ocrx_word' id='word_1_730' title='bbox 2819 5168 3098 5240; x_wconf 87' lang='lat' dir='ltr'>pietatem</span> <span class='ocrx_word' id='word_1_731' title='bbox 3123 5167 3447 5233; x_wconf 82' lang='lat' dir='ltr'>ferebatur;</span> <span class='ocrx_word' id='word_1_732' title='bbox 3474 5176 3684 5225; x_wconf 86' lang='lat' dir='ltr'>auctor</span> 
     </span>
    </p>
   </div>
   <div class='ocr_carea' id='block_1_112' title="bbox 2033 5257 3681 5336">
    <p class='ocr_par' dir='ltr' id='par_1_112' title="bbox 2033 5257 3681 5336">
     <span class='ocr_line' id='line_1_112' title="bbox 2033 5257 3681 5336; baseline -0.004 -17"><span class='ocrx_word' id='word_1_733' title='bbox 2033 5262 2298 5336; x_wconf 87' lang='lat' dir='ltr'>synodici</span> <span class='ocrx_word' id='word_1_734' title='bbox 2333 5260 2543 5314; x_wconf 86' lang='lat' dir='ltr'>libelli.</span> <span class='ocrx_word' id='word_1_735' title='bbox 2573 5258 2673 5329; x_wconf 90' lang='lat' dir='ltr'>qui</span> <span class='ocrx_word' id='word_1_736' title='bbox 2699 5258 2923 5330; x_wconf 90' lang='lat' dir='ltr'>synodo</span> <span class='ocrx_word' id='word_1_737' title='bbox 2951 5257 3377 5328; x_wconf 87' lang='lat' dir='ltr'>Hierosolymis</span> <span class='ocrx_word' id='word_1_738' title='bbox 3400 5259 3471 5312; x_wconf 89' lang='lat' dir='ltr'>ab</span> <span class='ocrx_word' id='word_1_739' title='bbox 3497 5258 3681 5314; x_wconf 54' lang='lat' dir='ltr'>heure-</span> 
     </span>
    </p>
   </div>
   <div class='ocr_carea' id='block_1_113' title="bbox 2033 5344 3678 5416">
    <p class='ocr_par' dir='ltr' id='par_1_113' title="bbox 2033 5344 3678 5416">
     <span class='ocr_line' id='line_1_113' title="bbox 2033 5344 3678 5416; baseline -0.003 -12"><span class='ocrx_word' id='word_1_740' title='bbox 2033 5350 2163 5404; x_wconf 91' lang='lat' dir='ltr'>ticis</span> <span class='ocrx_word' id='word_1_741' title='bbox 2196 5352 2418 5405; x_wconf 86' lang='lat' dir='ltr'>coacta.</span> <span class='ocrx_word' id='word_1_742' title='bbox 2455 5346 2768 5400; x_wconf 87' lang='lat' dir='ltr'>Maximum</span> <span class='ocrx_word' id='word_1_743' title='bbox 2801 5344 3113 5416; x_wconf 86' lang='lat' dir='ltr'>expulsum</span> <span class='ocrx_word' id='word_1_744' title='bbox 3147 5350 3201 5398; x_wconf 91' lang='lat' dir='ltr'>el</span> <span class='ocrx_word' id='word_1_745' title='bbox 3225 5344 3506 5415; x_wconf 86' lang='lat' dir='ltr'>Cyrillum</span> <span class='ocrx_word' id='word_1_746' title='bbox 3540 5345 3678 5401; x_wconf 88' lang='lat' dir='ltr'>sub-</span> 
     </span>
    </p>
   </div>
   <div class='ocr_carea' id='block_1_114' title="bbox 2031 5432 3672 5511">
    <p class='ocr_par' dir='ltr' id='par_1_114' title="bbox 2031 5432 3672 5511">
     <span class='ocr_line' id='line_1_114' title="bbox 2031 5432 3672 5511; baseline -0.007 -16"><span class='ocrx_word' id='word_1_747' title='bbox 2031 5445 2299 5511; x_wconf 82' lang='lat' dir='ltr'>rogatum</span> <span class='ocrx_word' id='word_1_748' title='bbox 2332 5436 2432 5492; x_wconf 90' lang='lat' dir='ltr'>ait.</span> <span class='ocrx_word' id='word_1_749' title='bbox 2470 5437 2690 5491; x_wconf 88' lang='lat' dir='ltr'>Horum</span> <span class='ocrx_word' id='word_1_750' title='bbox 2722 5434 2899 5491; x_wconf 88' lang='lat' dir='ltr'>verba</span> <span class='ocrx_word' id='word_1_751' title='bbox 2928 5434 2992 5488; x_wconf 92' lang='lat' dir='ltr'>in</span> <span class='ocrx_word' id='word_1_752' title='bbox 3026 5432 3366 5488; x_wconf 78' lang='lat' dir='ltr'>Testimoniis</span> <span class='ocrx_word' id='word_1_753' title='bbox 3397 5433 3520 5487; x_wconf 88' lang='lat' dir='ltr'>deS</span> <span class='ocrx_word' id='word_1_754' title='bbox 3573 5436 3672 5504; x_wconf 83' lang='lat' dir='ltr'>Cy-</span> 
     </span>
    </p>
   </div>
   <div class='ocr_carea' id='block_1_115' title="bbox 2030 5520 3673 5596">
    <p class='ocr_par' dir='ltr' id='par_1_115' title="bbox 2030 5520 3673 5596">
     <span class='ocr_line' id='line_1_115' title="bbox 2030 5520 3673 5596; baseline -0.005 -14"><span class='ocrx_word' id='word_1_755' title='bbox 2030 5528 2157 5583; x_wconf 86' lang='lat' dir='ltr'>rillo</span> <span class='ocrx_word' id='word_1_756' title='bbox 2188 5533 2239 5580; x_wconf 87' lang='lat' dir='ltr'>et</span> <span class='ocrx_word' id='word_1_757' title='bbox 2284 5525 2507 5596; x_wconf 74' lang='lat' dir='ltr'>scriptis</span> <span class='ocrx_word' id='word_1_758' title='bbox 2556 5526 2673 5594; x_wconf 83' lang='lat' dir='ltr'>ejus</span> <span class='ocrx_word' id='word_1_759' title='bbox 2703 5540 2738 5578; x_wconf 88' lang='lat' dir='ltr'>a</span> <span class='ocrx_word' id='word_1_760' title='bbox 2768 5522 2939 5577; x_wconf 88' lang='lat' dir='ltr'>nobis</span> <span class='ocrx_word' id='word_1_761' title='bbox 2989 5537 3095 5576; x_wconf 91' lang='lat' dir='ltr'>suo</span> <span class='ocrx_word' id='word_1_762' title='bbox 3132 5520 3341 5576; x_wconf 88' lang='lat' dir='ltr'>ordine</span> <span class='ocrx_word' id='word_1_763' title='bbox 3391 5520 3673 5591; x_wconf 86' lang='lat' dir='ltr'>ascripta.</span> 
     </span>
    </p>
   </div>
   <div class='ocr_carea' id='block_1_116' title="bbox 2030 5608 3680 5685">
    <p class='ocr_par' dir='ltr' id='par_1_116' title="bbox 2030 5608 3680 5685">
     <span class='ocr_line' id='line_1_116' title="bbox 2030 5608 3680 5685; baseline -0.006 -13"><span class='ocrx_word' id='word_1_764' title='bbox 2030 5619 2289 5683; x_wconf 81' lang='lat' dir='ltr'>Quorum</span> <span class='ocrx_word' id='word_1_765' title='bbox 2325 5615 2400 5670; x_wconf 88' lang='lat' dir='ltr'>sit</span> <span class='ocrx_word' id='word_1_766' title='bbox 2430 5616 2578 5669; x_wconf 87' lang='lat' dir='ltr'>ra&#39;io</span> <span class='ocrx_word' id='word_1_767' title='bbox 2612 5613 2825 5685; x_wconf 90' lang='lat' dir='ltr'>potior,</span> <span class='ocrx_word' id='word_1_768' title='bbox 2860 5609 3307 5683; x_wconf 88' lang='lat' dir='ltr'>inquirendum.</span> <span class='ocrx_word' id='word_1_769' title='bbox 3332 5608 3388 5662; x_wconf 89' lang='lat' dir='ltr'>Si</span> <span class='ocrx_word' id='word_1_770' title='bbox 3412 5609 3680 5662; x_wconf 84' lang='lat' dir='ltr'>auctori-</span> 
     </span>
    </p>
   </div>
   <div class='ocr_carea' id='block_1_117' title="bbox 2027 5697 3672 5780">
    <p class='ocr_par' dir='ltr' id='par_1_117' title="bbox 2027 5697 3672 5780">
     <span class='ocr_line' id='line_1_117' title="bbox 2027 5697 3672 5780; baseline -0.011 -13"><span class='ocrx_word' id='word_1_771' title='bbox 2027 5716 2210 5767; x_wconf 86' lang='lat' dir='ltr'>tatem</span> <span class='ocrx_word' id='word_1_772' title='bbox 2241 5707 2569 5780; x_wconf 88' lang='lat' dir='ltr'>sequimur,</span> <span class='ocrx_word' id='word_1_773' title='bbox 2602 5706 2902 5763; x_wconf 90' lang='lat' dir='ltr'>Socratem</span> <span class='ocrx_word' id='word_1_774' title='bbox 2934 5710 2993 5759; x_wconf 89' lang='lat' dir='ltr'>et</span> <span class='ocrx_word' id='word_1_775' title='bbox 3014 5704 3397 5758; x_wconf 85' lang='lat' dir='ltr'>Sozomenum</span> <span class='ocrx_word' id='word_1_776' title='bbox 3425 5702 3521 5765; x_wconf 81' lang='lat' dir='ltr'>(ex</span> <span class='ocrx_word' id='word_1_777' title='bbox 3538 5697 3672 5765; x_wconf 84' lang='lat' dir='ltr'>qui-</span> 
     </span>
    </p>
   </div>
  </div>
