4094 6282
437 373 513 436 51
1721 370 1825 431 DE
1874 368 2062 433 VITA

2219 364 2407 432 CYRI
2417 369 2538 432 ιιι
2551 416 2564 431 .
3782 375 3864 436 52

442 505 578 574 bus,
606 502 697 560 vel
717 502 915 577 potius
940 518 1198 576 quorum
1223 519 1296 560 ex
1322 503 1510 560 altero
1535 502 1732 560 ceteri
1756 502 1854 576 qui
1879 501 2101 558 similia
2131 501 2183 570 Α
2214 501 2392 558 Plura
2422 502 2732 559 exstabant
2760 508 2960 560 vetera
2990 504 3052 561 in
3085 504 3246 578 ipsos
3276 506 3748 562 Eusebianorum
3769 506 3868 579 ju-

457 594 767 667 scripsere,
792 593 1150 649 sententiam
1185 610 1351 648 suam
1386 599 1791 665 sumpserunt)
1832 599 2098 664 tempore

453 686 709 743 multum
742 683 1043 738 antecedit
1075 684 1490 756 Hieronymus,
1523 683 1802 756 gravitate
1825 687 2101 738 autemet

451 773 991 831 ecclesiasticarum
1013 772 1193 843 Syriae
1215 788 1414 828 rerum
1439 773 1651 844 peritia
1673 771 2097 826 Theodoretus.

455 865 543 920 Ad
572 864 696 918 haec
732 862 1145 933 Hieronymus,
1180 861 1240 916 in
1267 861 1475 918 eodem
1500 861 1628 916 loco
1648 860 1866 932 Cyrillo
1890 876 2100 932 parum

450 957 812 1024 favorabilis,
848 962 905 1012 et
951 957 1333 1011 inimicorum
1387 957 1516 1028 ejus
1567 955 1887 1011 maledicta
1937 959 2098 1009 tran-

451 1048 677 1114 scribit,
712 1047 814 1118 qui
849 1046 1005 1102 hanc
1035 1063 1274 1118 quoque
1306 1045 1697 1117 depositionis
1721 1044 1952 1099 Maximi
1986 1043 2101 1099 cir-

451 1137 871 1196 cumstantiam
930 1153 1047 1191 non
1097 1136 1458 1191 omisissent.
1512 1135 1678 1201 Quod
1727 1133 2102 1206 illegitimam

449 1227 683 1284 Maximi
696 1225 1173 1282 deturbationem
1190 1231 1434 1281 narrant
1449 1231 1507 1280 et
1519 1225 1910 1280 ordinationis
1925 1223 2105 1295 Cyril-

449 1317 626 1373 lianm
679 1316 933 1371 arbitros
980 1319 1039 1370 et
1095 1315 1379 1370 dominos
1437 1315 1668 1370 faciunt
1722 1313 2000 1368 Acacium
2045 1316 2104 1366 et

451 1405 858 1476 PatrOphilum
892 1403 1064 1476 longe
1100 1403 1392 1475 superiori
1442 1419 1508 1458 ac
1557 1403 1806 1476 graviori
1859 1404 2101 1456 Patrum

457 1493 694 1550 concilii
726 1493 832 1548 CP.
862 1491 1213 1548 auctoritate
1244 1491 1619 1558 refelluntur,
1657 1491 1757 1563 qui
1815 1489 2100 1561 Cyrillum

454 1581 738 1639 canonice
771 1580 842 1635 ab
877 1581 1170 1652 episcopis
1201 1581 1520 1652 provinciae
1569 1580 1711 1634 olim
1761 1580 2101 1634 ordinatum

454 1672 635 1727 fuisse
671 1675 982 1726 testantur.
1019 1672 1133 1725 Nec
1165 1670 1504 1742 hujusmodi
1540 1675 1774 1741 tempus
1807 1674 1950 1736 erat,
1985 1684 2101 1738 quo

455 1761 706 1816 Acacius
721 1765 778 1815 et
795 1759 1172 1832 Patrophilus
1189 1759 1306 1814 sive
1329 1759 1389 1814 in
1413 1759 1665 1814 concilio
1683 1763 1912 1814 servata
1932 1756 2102 1830 [XIX]

2208 591 2383 656 dicia,
2415 610 2547 663 quae
2597 594 2791 649 solum
2853 597 3221 651 exsecutioni
3281 596 3624 650 mandanda
3672 600 3862 652 erant.

2207 682 2364 736 Nihil
2401 683 2596 738 simile
2629 683 2700 738 de
2733 685 3008 748 Maximo,
3043 685 3200 739 haud
3233 686 3314 739 ita
3365 687 3602 740 Arionis
3651 687 3864 754 inviso,

2209 771 2379 842 cujus
2401 772 2694 843 judicium
2731 773 2973 843 aliquod
3005 775 3215 828 saltem
3249 774 3664 828 instruendum
3715 781 3861 831 erat.

2209 862 2324 916 Nec
2356 862 2494 918 ullis
2528 864 2670 918 satis
2702 865 2878 919 certis
2909 866 3316 919 monumentis
3349 872 3581 920 constat
3610 866 3860 921 Arianos

2210 951 2493 1006 savitiam
2508 952 2568 1006 in
2585 953 2734 1006 alios
2751 969 2785 1007 a
2802 970 2981 1023 supra
3008 953 3181 1007 dictis
3199 954 3508 1025 episcopos
3523 954 3859 1008 exercuisse

2210 1046 2346 1095 ante
2380 1058 2477 1098 an.
2512 1043 2605 1096 351
2646 1049 2705 1096 et
2733 1043 3036 1098 victoriam
3071 1043 3141 1097 de
3200 1044 3534 1116 Magnentio
3582 1051 3858 1115 reporta-

2211 1138 2351 1198 tam,
2388 1139 2523 1205 post
2553 1151 2729 1205 quam
2765 1152 2826 1190 se
2859 1136 3238 1190 Constantius
3275 1136 3508 1190 Arianis
3537 1137 3723 1209 magis
3753 1137 3857 1191 ad-

2211 1223 2376 1278 dixit.
2405 1225 2548 1279 Cum
2578 1225 2737 1279 enim
2772 1225 3041 1280 Socrates
3074 1226 3202 1280 loco
3231 1227 3412 1281 citato
3464 1232 3521 1280 et
3549 1227 3858 1282 Sozomen.

2210 1313 2312 1368 lib.
2345 1331 2417 1382 ιν,
2453 1331 2578 1385 cap.
2615 1318 2666 1376 2,
2697 1315 3018 1370 nonnullas
3051 1315 3198 1370 alias
3231 1315 3430 1370 statim
3468 1321 3603 1386 post
3633 1315 3865 1372 obitum

2211 1404 2550 1459 Constantis
2582 1404 2997 1475 episcoporum
3031 1405 3461 1459 catholicorum
3495 1404 3864 1476 dejectiones

2213 1493 2491 1565 assignet,
2517 1492 2598 1548 ibi
2625 1499 2741 1548 tam
2768 1493 2954 1548 multa
2977 1493 3256 1549 adversus
3287 1499 3510 1548 rectam
3536 1494 3861 1549 ordinatio-

2213 1598 2348 1637 nem
2371 1588 2702 1653 tempornm
2727 1589 2994 1654 peccant,
3019 1589 3082 1637 ut
3098 1583 3250 1636 nihil
3277 1583 3420 1638 certi
3441 1583 3624 1654 possit
3641 1600 3709 1637 ex
3735 1583 3862 1639 sola

2214 1689 2420 1727 eorum
2453 1673 2802 1727 auctoritate
2835 1672 3134 1727 constitui.
3172 1672 3309 1726 Mihi
3341 1689 3475 1726 vero
3509 1689 3862 1743 persuasum

2214 1767 2322 1826 est,
2358 1763 2672 1816 Maximum
2706 1761 2778 1816 ab
2813 1762 3021 1816 Acacio
3066 1777 3262 1832 neque
3313 1777 3469 1816 anno
3519 1763 3620 1816 349
3662 1778 3857 1832 neque

456 1849 888 1921 exteriusjuris
909 1849 1118 1915 forma,
1144 1849 1263 1904 sive
1295 1850 1342 1904 si
1375 1854 1601 1920 aperta,
1634 1853 1811 1919 atque
1854 1848 2105 1918 impera-
2135 1863 2178 1927 Β
2210 1854 2313 1908 350
2343 1852 2678 1924 depositum
2712 1851 2915 1918 fuisse,
2947 1851 3034 1906 vel
3069 1852 3285 1923 deponi
3318 1851 3604 1923 potuisse.

453 1939 598 1994 toris
625 1938 843 2006 favore,
869 1938 1184 1993 Maximum
1218 1954 1554 2010 expugnare
1583 1937 1831 2008 possint.
1859 1936 2098 2003 Omnes,

451 2028 536 2083 uti
569 2028 842 2093 vidimus,
869 2043 939 2083 ex
971 2027 1297 2083 Athanasio
1332 2044 1462 2098 sup.
1496 2044 1662 2081 num.
1697 2029 1763 2079 20
1799 2032 1855 2080 et
1877 2029 1965 2092 2|,
1993 2028 2103 2080 Pa—

451 2117 702 2174 lmstinaa
725 2118 1011 2190 episcopi,
1036 2117 1268 2174 duobus
1293 2117 1386 2171 vel
1413 2117 1620 2182 tribus,
1642 2115 1753 2170 hoc
1774 2121 1861 2169 est
1891 2115 2102 2169 Acacio

453 2213 513 2264 et
538 2207 882 2279 Patrophilo
915 2208 1197 2278 exceptis,
1235 2223 1294 2261 se
1329 2207 1388 2260 in
1422 2205 1697 2272 concilio,
1725 2206 1943 2260 omisso
1968 2208 2107 2259 Aca-

455 2297 544 2353 cio
575 2296 955 2369 metropolita
1005 2313 1131 2363 suo,
1191 2295 1265 2350 ad
1322 2296 1639 2350 Maximum
1690 2294 2103 2367 adjungentes,

456 2386 759 2459 synodicis
788 2385 1156 2440 Sardicensis
1187 2384 1426 2440 concilii
1462 2385 1677 2439 litteris
1740 2383 2108 2456 subscripse-

457 2481 630 2540 rant;
666 2474 884 2546 quibus
906 2474 1155 2529 Acacius
1189 2473 1313 2544 ipse
1347 2490 1467 2529 non
1520 2474 1862 2545 episcopatu
1914 2474 2107 2528 solum

459 2563 787 2625 abdicatus,
823 2562 923 2616 sed
959 2567 1017 2616 et
1045 2563 1175 2634 ipsa
1207 2563 1474 2618 fidelium
1508 2563 1930 2618 communione
1987 2563 2110 2634 pri-

460 2652 685 2706 vandus
711 2650 1168 2714 decernebatur,
1219 2651 1375 2722 apud
1426 2653 1642 2706 Athan.
1685 2653 1911 2721 Apolog.
1960 2659 2106 2708 cont.

462 2743 660 2796 Arian.
694 2756 859 2796 num.
893 2742 981 2807 49,
1014 2757 1142 2811 pag.
1182 2743 1300 2794 167.
1336 2743 1424 2795 An
1459 2741 1570 2812 ipsi
1605 2741 1857 2796 transitu
1880 2759 2015 2796 mox
2037 2741 2111 2796 ad

460 2832 739 2887 Acacium
769 2830 942 2897 facto,
977 2847 1110 2885 cum
1159 2846 1229 2885 eo
1278 2830 1335 2884 in
1391 2831 1824 2903 depositionem
1878 2832 2109 2887 Maximi

466 2919 960 2991 conspirassent?
977 2925 1033 2974 et
1055 2934 1233 2990 quam
1257 2919 1331 2974 ob
1358 2936 1596 2976 causam
1617 2920 1643 2974 ?
1664 2923 1802 2976 Eam
1826 2921 2110 2976 nimirum

466 3025 598 3081 qum
631 3009 775 3080 ipsis
808 3026 942 3064 cum
974 3026 1042 3064 eo
1075 3009 1410 3064 communis
1443 3015 1587 3073 erat,
1617 3009 1677 3064 in
1711 3027 1828 3081 qua
1858 3011 2112 3082 propria)

463 3099 842 3155 conscientias
876 3098 1136 3154 stimulis
1168 3098 1604 3166 satisfacerant,
1647 3099 1782 3154 dum
1806 3099 2113 3156 Athanasii

2281 1947 2367 1998 24.
2401 1945 2525 2009 Quo
2559 1959 2714 1998 anno
2747 1944 2923 1998 vitam
2971 1944 3063 1998 vel
3113 1945 3518 2015 episcopatum
3573 1943 3860 2000 clauserit

2208 2033 2515 2098 Maximus,
2545 2049 2664 2087 non
2696 2033 2837 2087 satis
2868 2032 3111 2088 definite
3172 2034 3468 2088 afﬁrmare
3515 2051 3854 2104 possumus,

2211 2123 2354 2194 quin
2376 2122 2679 2193 Cyrilliani
2711 2123 3086 2193 episcopatus
3115 2123 3286 2178 initia
3308 2125 3563 2194 primum
3587 2124 3852 2196 assigna-

2209 2217 2486 2270 verimus.
2521 2215 2661 2285 [XX]
2695 2214 2948 2285 Cyrillus
2981 2231 3100 2269 non
3147 2215 3337 2270 serius
3386 2232 3481 2269 an.
3537 2217 3631 2269 35t
3685 2215 3854 2270 initio

2211 2304 2754 2376 Hierosolymorum
2778 2306 3090 2376 episcopus
3109 2305 3236 2360 fuit.
3254 2304 3474 2359 Eodem
3497 2305 3656 2359 enim
3671 2320 3852 2371 anno,

2211 2411 2416 2451 mense
2438 2395 2607 2462 Maio,
2627 2395 2720 2449 die
2749 2394 3341 2466 septima,epistolam
3355 2395 3429 2449 ad
3443 2394 3854 2450 Constantium

2213 2484 2394 2551 dedit,
2427 2489 2493 2539 ut
2526 2485 2754 2539 idoneis
2787 2485 3152 2556 argumentis
3176 2483 3554 2555 probavimus
3578 2483 3637 2538 in
3660 2483 3859 2538 admo-

2214 2575 2320 2630 nit.
2355 2575 2572 2646 praevia
2602 2574 2674 2628 ad
2706 2574 2856 2628 hanc
2881 2574 3216 2644 epistolam,
3237 2591 3397 2628 num.
3427 2577 3510 2626 lO.
3543 2575 3657 2628 Nec
3679 2573 3857 2628 etiam

2216 2665 2404 2720 multo
2437 2671 2572 2720 ante
2603 2663 2911 2718 ordinatus
2943 2669 3086 2726 erat,
3122 2664 3229 2718 has
3262 2664 3417 2718 enim
3453 2664 3676 2734 primas
3729 2679 3857 2717 esse

2217 2755 2547 2810 litterarum
2579 2770 2647 2808 ac
2676 2769 3019 2808 sermonum
3054 2770 3294 2807 suorum
3329 2753 3640 2825 primitias,
3671 2750 3860 2806 decla-

2217 2861 2349 2900 rare
2383 2843 2612 2898 videtur
2641 2843 2734 2897 his
2770 2842 2984 2909 verbis,
3036 2859 3200 2897 num.
3239 2847 3260 2897 l
3301 2859 3313 2896 :
3347 2844 3559 2897 Primas
3608 2842 3766 2897 hasce
3795 2857 3864 2894 ea:

2217 2934 2612 3003 Hierosolymis
2644 2933 2716 2986 ad
2747 2939 2818 2995 te,
2875 2934 2981 2986 Deo
3038 2932 3233 2986 dilecte
3282 2934 3605 3001 imperator,
3648 2931 3864 2985 littera-

2219 3042 2340 3080 rum
2367 3025 2649 3094 primitias
2679 3023 2888 3084 mitto;
2936 3027 2992 3074 et
3041 3038 3202 3075 num.
3239 3026 3267 3074 7
3309 3039 3321 3075 :
3355 3024 3464 3076 Has
3515 3022 3614 3075 tibi
3666 3027 3854 3074 nostro

2221 3131 2343 3168 rum
2374 3128 2701 3177 sermonum,
2738 3113 2847 3165 Deo
2896 3110 3242 3165 dilectissime
3289 3112 3608 3180 imperator,
3661 3110 3863 3178 o/Terro

464 3188 929 3254 damnationem.
963 3189 1055 3243 συί
1087 3188 1139 3241 "i
1169 3193 1227 3242 et
1254 3194 1416 3244 metu
1449 3195 1619 3243 erant
1645 3189 1895 3256 δεεθῐὶδίτ
1919 3195 2099 3244 Petra“
2137 3223 2180 3290 ρ
2220 3205 2534 3275 primitias;
2565 3202 2662 3256 has
2710 3217 2778 3253 ee
2821 3200 3200 3269 Hierosolymis
3248 3202 3462 3270 primas
3504 3201 3607 3253 tibi
3637 3199 3862 3268 eloquor

465 3282 718 3334 ctarunt.
749 3277 988 3332 Aliosne
1020 3277 1268 3332 Aeacius
1317 3293 1387 3332 ex
1435 3276 1602 3349 Syria
1646 3278 1935 3332 acciverat
1982 3295 2102 3332 suae

470 3366 782 3422 sententiae
813 3365 1123 3437 episcopos
1145 3365 1172 3420 ?
1202 3365 1303 3420 sed
1335 3367 1601 3436 quojure
1621 3365 1813 3420 facere
1836 3365 2112 3437 poterat?

472 3456 767 3510 Praeterea
797 3454 1010 3508 horum
1041 3453 1140 3523 qui
1172 3453 1494 3508 Athanasio
1527 3454 1741 3509 infensi
1766 3460 1954 3522 erant,
1979 3472 2110 3525 quas

475 3549 634 3600 esset
661 3561 754 3599 an.
791 3546 893 3598 349
927 3548 985 3597 et
1013 3559 1200 3612 usque
1231 3543 1304 3597 ad
1336 3548 1587 3598 mortem
1610 3544 1945 3599 Constantis
1973 3561 2108 3599 sen-

474 3633 662 3689 tentia
678 3651 745 3690 ac
767 3632 866 3704 qui
899 3649 1098 3687 rerum
1131 3637 1338 3700 status,
1364 3633 1456 3686 his
1486 3633 1676 3688 verbis
1706 3634 1897 3705 aperit
1928 3634 2108 3690 Atha-

469 3723 674 3778 nasius
702 3725 845 3780 Hist.
879 3724 1080 3778 Arian.
1113 3739 1278 3778 num.
1313 3725 1380 3778 25
1409 3739 1420 3776 :
1454 3725 1538 3778 Ex
1593 3723 1720 3779 aliis
1767 3725 1994 3794 quidam
2039 3726 2112 3780 ad

464 3813 768 3871 Athanasii
793 3819 1138 3884 conspectum
1170 3814 1359 3882 affecti
1404 3813 1621 3882 pudore
1657 3816 1816 3878 sint;
1858 3815 2112 3870 nonnulli

473 3918 655 3958 coram
684 3919 737 3958 se
765 3901 957 3958 sistere
985 3918 1096 3957 non
1136 3903 1276 3964 ausi,
1310 3917 1419 3956 sese
1445 3903 1718 3957 abdebant
1747 3921 1760 3968 ;
1794 3903 1896 3958 alii
1930 3905 2109 3974 ρωπί-

467 3993 645 4046 tentia
675 3991 850 4057 ducti,
882 4007 1003 4062 qua
1061 3991 1317 4046 adversus
1375 3990 1565 4063 [eum]
1621 3995 1931 4062 episcopum
1983 3993 2108 4047 sub-

462 4082 815 4150 scripserant,
849 4081 1249 4135 retractabunt.
1284 4079 1398 4135 Sed
1448 4081 1499 4134 vi
1557 4087 1763 4151 aperta
1811 4086 2110 4152 grassatus

467 4175 557 4224 est
587 4169 852 4224 Aeacius.
883 4170 1095 4222 Parum
1130 4168 1474 4223 favorabilia
1507 4169 1932 4222 interciderant
1966 4175 2108 4224 tem-

465 4275 644 4331 pora;
669 4257 793 4329 ipse
816 4257 1199 4328 pronuntiata
1216 4257 1520 4312 adversum
1558 4274 1618 4310 se
1642 4257 1876 4311 ρειηιτὶιὶἱ
1915 4259 2110 4313 Sardi-

466 4347 661 4403 censis
683 4345 979 4402 sententia
1001 4343 1386 4416 depositionis
1404 4353 1452 4397 t'i
1482 4331 2110 4402 excommunicationis

464 4436 706 4492 infamis
724 4441 826 4490 aut
839 4440 1148 4506 suspectus
1164 4433 1396 4490 saltem.
1418 4435 1817 4490 Reconciliato
1832 4437 2113 4492 Constan-

467 4527 532 4580 tii
563 4542 698 4592 erga
725 4523 1108 4579 Athanasium
1137 4527 1195 4578 et
1219 4524 1552 4579 Catholicos
1583 4524 1806 4591 animo,
1847 4541 1914 4580 ac
1944 4526 2108 4599 lega-

2218 3309 2386 3351 voces.
2417 3293 2553 3356 Qum
2583 3296 2778 3344 tamen
2811 3305 2930 3343 non
2962 3289 3214 3343 nimium
3247 3288 3528 3361 urgenda,
3551 3288 3719 3358 quasi
3739 3287 3861 3358 pri—

2221 3400 2345 3439 mas
2377 3380 2618 3436 omnino
2652 3379 2826 3434 hasce
2857 3378 3085 3433 litteras
3107 3395 3142 3434 a
3171 3379 3616 3433 consecratione
3640 3393 3746 3431 sua
3764 3375 3860 3431 de-

2220 3475 2405 3530 disset
2425 3476 2525 3526 aut
2549 3485 2715 3524 voces
2735 3469 3198 3540 pronuntiasset;
3216 3484 3324 3522 nec
3347 3467 3506 3521 aliud
3520 3466 3670 3521 forte
3685 3466 3861 3538 signi-

2221 3565 2420 3627 ﬁcant,
2438 3560 2550 3615 nisi
2567 3559 2674 3613 has
2689 3573 2818 3613 esse
2832 3558 3052 3629 primas
3066 3574 3099 3611 a
3113 3573 3174 3612 se
3188 3557 3256 3612 ad
3275 3557 3694 3628 imperatorem
3721 3571 3857 3610 con-

2221 3654 2469 3725 scriptas
2483 3651 2709 3705 litteras
2740 3651 2862 3703 Non
2877 3648 2957 3702 ibi
2981 3655 3177 3703 notam
3195 3647 3335 3702 facit
3351 3651 3606 3719 Augusto
3621 3645 3861 3700 ordina-

2221 3745 2440 3799 tionem
2475 3756 2665 3804 suam,
2698 3756 2805 3794 nec
2839 3737 3011 3791 verbo
3057 3737 3298 3807 quidem
3345 3753 3555 3791 recens
3605 3741 3860 3806 acceptae

2220 3830 2686 3890 consecrationis
2715 3828 3007 3883 meminit.
3041 3827 3232 3882 Facile
3263 3833 3458 3881 tamen
3492 3827 3551 3880 in
3595 3825 3863 3880 omnium

2219 3922 2341 3977 fere
2363 3921 2591 3992 judicio
2624 3917 2958 3988 acquiesco,
2993 3917 3091 3987 qui
3127 3919 3278 3972 hanc
3330 3915 3643 3988 epistolam
3694 3914 3861 3970 initio

2219 4008 2527 4082 Cyrilliani
2582 4007 2953 4078 episcopatus
3011 4007 3206 4061 datam
3282 4005 3688 4076 pronuntiant.
3750 4005 3862 4060 Sed

2221 4097 2384 4152 nulla
2414 4096 2555 4151 mihi
2589 4095 2792 4150 videor
2821 4095 3053 4150 ratione
3086 4095 3406 4166 prohiberi,
3441 4095 3760 4166 quominus
3790 4093 3864 4148 il-

2220 4187 2340 4242 lum
2376 4184 2682 4241 mensibus
2710 4185 2936 4256 aliquot
2970 4185 3059 4238 vel
3083 4201 3238 4239 anno
3259 4185 3436 4239 etiam
3463 4184 3688 4254 integro
3711 4183 3861 4238 anti-

2220 4276 2432 4347 cipem.
2467 4276 2655 4340 Quare
2696 4280 3108 4329 consecratum
3154 4274 3320 4328 illum
3374 4291 3468 4328 an.
3519 4275 3621 4326 350
3671 4271 3864 4327 credi-

2221 4365 2431 4430 derim,
2476 4363 2712 4435 quando
2763 4381 2875 4434 pax
2927 4363 3200 4419 Ecclesiae
3251 4363 3577 4418 constabat.
3631 4363 3758 4416 iam
3792 4360 3863 4416 de

2222 4461 2486 4510 extremo
2520 4454 2750 4508 Maximi
2785 4470 2940 4507 anno
2970 4453 3285 4524 agendum.
3320 4453 3374 4506 Si
3412 4453 3732 4508 Socratem.
3757 4452 3862 4506 So-

2220 4561 2550 4600 zomenum.
2585 4542 2873 4612 aliosque,
2900 4541 2998 4612 qui
3024 4541 3454 4612 depositionem
3473 4541 3703 4595 Maximi
3729 4557 3863 4595 cum

467 4616 628 4705 ίίοηβ
653 4614 1018 4705 δᾶνάίοθηνείδ
1038 4613 1273 4705 concilii
1298 4614 1502 4705 Ῑθηίίον
1529 4614 1762 4705 θκδξιίθδ
1785 4616 2004 4686 PaSSim
2027 4633 2112 4672 Γθ·
2146 4611 2186 4674 D
2218 4633 2419 4705 Cyrilli
2447 4611 2822 4687 ordinatione
2844 4611 3232 4702 conjungunt.
3257 4630 3866 4695 audiverimus,Maxi-

465 4704 829 4761 vocabantur
851 4703 1134 4774 episcopi.
1161 4705 1177 4758 l
1187 4703 1275 4774 psi
1300 4704 1498 4760 Ariani
1519 4704 1694 4775 paulo
1711 4709 1846 4760 ante
1867 4705 2112 4777 Stepha-

465 4811 610 4853 num
646 4794 1104 4861 Antiochenum,
1139 4799 1380 4865 prOpter
1411 4800 1663 4850 structas
1694 4795 1822 4866 ipso
1873 4797 2109 4852 conscio

464 4884 780 4942 catholicis
809 4883 1166 4956 prassulibus
1184 4883 1452 4949 insidias,
1476 4884 1772 4956 deponere
1799 4901 1905 4957 per
1923 4885 2112 4958 impe-

464 4990 729 5042 ratorem
762 4983 969 5038 coacti.
1005 4984 1060 5038 Is
1089 4999 1289 5038 rerum
1339 4988 1528 5038 status
1570 4999 1666 5040 an.
1719 4985 1841 5039 349.
1894 4986 2113 5041 Revera

464 5076 785 5131 Constante
809 5073 952 5127 anni
980 5073 1286 5144 sequentis
1303 5072 1472 5128 initio
1497 5089 1526 5127 e
1550 5073 1691 5127 vivis
1714 5073 1964 5141 sublato,
1990 5092 2111 5130 non

464 5162 564 5219 diu
597 5167 802 5236 postea
833 5160 1144 5218 recruduit
1172 5162 1525 5233 persecutio,
1584 5167 1825 5218 auctore
1875 5164 2110 5220 Socrate

470 5251 574 5308 lib.
613 5269 674 5320 ιι,
709 5268 836 5324 cap.
870 5253 963 5315 26,
998 5249 1308 5306 Marcellus
1339 5252 1590 5324 Ancyra,
1633 5258 1690 5307 et
1711 5253 1927 5308 Paulus
1959 5253 2111 5308 Con-

461 5339 850 5412 stantinopoli
867 5339 1077 5394 eodem
1098 5355 1130 5394 a
1143 5355 1265 5394 nno
1281 5339 1605 5395 Constantii
1626 5341 1850 5396 auctori
1862 5346 1976 5395 tate
1989 5341 2117 5413 pul-

464 5431 535 5487 si.
565 5429 675 5486 Sed
693 5429 811 5486 alia
829 5433 956 5486 erat
979 5429 1133 5501 apud
1157 5429 1410 5484 Arianos
1434 5429 1691 5485 Marcelli
1718 5436 1773 5485 et
1795 5431 1983 5498 Pauli,
2001 5431 2118 5487 alia

469 5520 526 5576 S.
559 5520 795 5576 Maximi
828 5535 1042 5576 causa:
1072 5518 1160 5573 illi
1195 5518 1462 5574 diuturni
1488 5525 1546 5574 et
1575 5521 1841 5591 perpetui
1867 5521 2113 5576 Ariano-

468 5626 601 5667 rum
633 5609 854 5676 hostes,
890 5625 1046 5681 saepe
1080 5607 1152 5663 ab
1187 5607 1332 5680 ipsis
1362 5608 1484 5664 suis
1515 5607 1794 5665 Ecclesiis
1815 5609 2118 5681 dejecti,et

467 5698 741 5767 caadium,
775 5715 922 5771 quas
954 5697 1066 5769 ipsi
1100 5697 1298 5753 Ariani
1345 5703 1777 5770 perpetrarent,
1825 5701 2110 5756 accusati.

2221 4741 2382 4778 muni
2415 4722 2653 4778 nonnisi
2687 4738 2781 4775 an.
2817 4723 2913 4775 351
2953 4721 3036 4775 vel
3070 4724 3190 4776 352,
3230 4722 3341 4774 vita
3373 4720 3462 4775 vel
3519 4721 3865 4791 episcopatu

2220 4812 2492 4872 cessisse,
2527 4827 2898 4881 consequens
2931 4811 3058 4864 erit.
3098 4809 3206 4865 Sed
3236 4810 3446 4864 horum
3480 4826 3512 4864 a
3543 4809 3715 4864 nobis
3740 4811 3866 4881 jam

2221 4900 2463 4972 explosa
2495 4917 2638 4955 num
2696 4901 3000 4971 superiore
3021 4900 3317 4955 sententia
3339 4905 3446 4954 est.
3472 4899 3865 4972 Hieronymus

2221 4991 2280 5044 in
2313 4989 2581 5046 Chronico
2604 4989 2701 5043 ubi
2731 4996 2997 5060 tempora
3027 4989 3259 5060 digerit,
3295 4988 3610 5042 Maximum
3635 5005 3731 5043 an.
3767 4989 3866 5042 349

2225 5085 2524 5135 mortuum
2557 5079 2715 5134 facit.
2750 5079 2853 5132 Cui
2888 5078 3037 5132 nihil
3069 5078 3286 5131 certius
3316 5094 3382 5132 ac
3428 5077 3732 5132 fundatius
3766 5095 3864 5148 op-

2223 5169 2362 5242 poni
2396 5174 2622 5239 potest;
2656 5167 2764 5222 sub
2799 5174 3061 5223 extrema
3093 5167 3230 5222 anni
3257 5168 3358 5222 349
3382 5175 3650 5237 tempora
3670 5166 3868 5222 deces-

2224 5258 2371 5312 sisse
2393 5257 2561 5311 illum
2586 5261 2947 5328 oportet.aut
2965 5256 3158 5328 potius
3183 5256 3323 5310 anni
3343 5255 3649 5326 sequentis
3673 5255 3862 5322 initio,

2224 5347 2322 5418 qui
2341 5363 2496 5400 anno
2520 5348 2622 5400 349
2649 5345 2965 5401 concilium
2991 5351 3333 5400 transeunte
3357 5344 3680 5400 Athanasio
3711 5344 3868 5400 cele—

2223 5437 2510 5493 braverat.

2294 5530 2380 5580 25.
2417 5525 2628 5581 Sedem
2661 5524 3007 5596 aliquandiu
3065 5540 3301 5580 vacasse
3355 5523 3512 5578 idem
3561 5524 3729 5578 testis
3781 5529 3868 5578 est

2222 5616 2635 5686 Hieronymus,
2656 5614 2796 5670 dum
2826 5615 2907 5670 ait
2931 5615 3177 5669 Maximo
3204 5618 3456 5679 mortuo,
3499 5613 3779 5668 Acacium
3813 5618 3870 5669 et

2224 5711 2468 5759 caeteros
2491 5705 2795 5775 episcopos
2819 5705 3065 5759 Arianos
3087 5703 3301 5773 Cyrillo
3322 5703 3725 5774 episcopatum
3760 5719 3863 5774 pro
