  <div class='ocr_page' id='page_1' title='image "/cluster/home/n/w/nwhite01/storage/ocr_20150623/33/mdp.39015078384412/034.png"; bbox 0 0 4090 6268; ppageno 0'>
   <div class='ocr_carea' id='block_1_1' title="bbox 258 349 344 410">
    <p class='ocr_par' dir='ltr' id='par_1_1' title="bbox 258 349 344 410">
     <span class='ocr_line' id='line_1_1' title="bbox 258 349 344 410; baseline -0.023 0"><span class='ocrx_word' id='word_1_1' title='bbox 258 349 344 410; x_wconf 75' lang='grc'>53</span> 
     </span>
    </p>
   </div>
   <div class='ocr_carea' id='block_1_2' title="bbox 1693 347 3706 431">
    <p class='ocr_par' dir='ltr' id='par_1_2' title="bbox 1693 347 3706 431">
     <span class='ocr_line' id='line_1_2' title="bbox 1693 347 3706 431; baseline 0 -19"><span class='ocrx_word' id='word_1_2' title='bbox 1693 347 2217 413; x_wconf 77' lang='lat' dir='ltr'>DlSSERTA’l‘IO</span> <span class='ocrx_word' id='word_1_3' title='bbox 2265 347 2316 409; x_wconf 89' lang='lat'>1.</span> <span class='ocrx_word' id='word_1_4' title='bbox 3616 353 3706 431; x_wconf 74' lang='lat' dir='ltr'>s4</span> 
     </span>
    </p>
   </div>
   <div class='ocr_carea' id='block_1_3' title="bbox 269 481 3705 559">
    <p class='ocr_par' dir='ltr' id='par_1_3' title="bbox 269 481 3705 559">
     <span class='ocr_line' id='line_1_3' title="bbox 269 481 3705 559; baseline 0.001 -21"><span class='ocrx_word' id='word_1_5' title='bbox 269 481 593 550; x_wconf 88' lang='lat' dir='ltr'>misisse,si</span> <span class='ocrx_word' id='word_1_6' title='bbox 609 481 1057 539; x_wconf 82' lang='lat' dir='ltr'>ordinationem</span> <span class='ocrx_word' id='word_1_7' title='bbox 1074 483 1310 541; x_wconf 82' lang='lat' dir='ltr'>Maximi</span> <span class='ocrx_word' id='word_1_8' title='bbox 1325 486 1719 559; x_wconf 88' lang='lat' dir='ltr'>repudiasset:</span> <span class='ocrx_word' id='word_1_9' title='bbox 1753 484 1944 559; x_wconf 87' lang='lat' dir='ltr'>Cyril-</span> <span class='ocrx_word' id='word_1_10' title='bbox 1971 485 2026 552; x_wconf 81' lang='grc' dir='ltr'><strong>Α</strong></span> <span class='ocrx_word' id='word_1_11' title='bbox 2056 489 2319 541; x_wconf 87' lang='lat' dir='ltr'>amatum</span> <span class='ocrx_word' id='word_1_12' title='bbox 2343 489 2402 540; x_wconf 90' lang='lat' dir='ltr'>et</span> <span class='ocrx_word' id='word_1_13' title='bbox 2429 485 2661 541; x_wconf 90' lang='lat' dir='ltr'>cateris</span> <span class='ocrx_word' id='word_1_14' title='bbox 2681 484 2994 558; x_wconf 88' lang='lat' dir='ltr'>pralatum</span> <span class='ocrx_word' id='word_1_15' title='bbox 3032 484 3378 541; x_wconf 84' lang='lat' dir='ltr'>novissent?</span> <span class='ocrx_word' id='word_1_16' title='bbox 3408 486 3623 553; x_wconf 90' lang='lat' dir='ltr'>Tertio,</span> <span class='ocrx_word' id='word_1_17' title='bbox 3658 489 3705 544; x_wconf 87' lang='lat' dir='ltr'>si</span> 
     </span>
    </p>
   </div>
   <div class='ocr_carea' id='block_1_4' title="bbox 269 574 1941 648">
    <p class='ocr_par' dir='ltr' id='par_1_4' title="bbox 269 574 1941 648">
     <span class='ocr_line' id='line_1_4' title="bbox 269 574 1941 648; baseline 0.002 -18"><span class='ocrx_word' id='word_1_18' title='bbox 269 575 523 646; x_wconf 90' lang='lat' dir='ltr'>lumque</span> <span class='ocrx_word' id='word_1_19' title='bbox 555 574 899 630; x_wconf 89' lang='lat' dir='ltr'>conditione</span> <span class='ocrx_word' id='word_1_20' title='bbox 925 583 1168 648; x_wconf 89' lang='lat' dir='ltr'>accepta</span> <span class='ocrx_word' id='word_1_21' title='bbox 1207 578 1525 635; x_wconf 86' lang='lat' dir='ltr'>diaconum</span> <span class='ocrx_word' id='word_1_22' title='bbox 1556 578 1941 635; x_wconf 86' lang='lat' dir='ltr'>administra-</span> 
     </span>
    </p>
   </div>
   <div class='ocr_carea' id='block_1_5' title="bbox 272 664 1941 737">
    <p class='ocr_par' dir='ltr' id='par_1_5' title="bbox 272 664 1941 737">
     <span class='ocr_line' id='line_1_5' title="bbox 272 664 1941 737; baseline 0.002 -18"><span class='ocrx_word' id='word_1_23' title='bbox 272 666 452 730; x_wconf 88' lang='lat' dir='ltr'>visse,</span> <span class='ocrx_word' id='word_1_24' title='bbox 478 671 537 719; x_wconf 89' lang='lat' dir='ltr'>et</span> <span class='ocrx_word' id='word_1_25' title='bbox 566 664 640 719; x_wconf 89' lang='lat' dir='ltr'>ob</span> <span class='ocrx_word' id='word_1_26' title='bbox 690 681 825 720; x_wconf 89' lang='lat' dir='ltr'>eam</span> <span class='ocrx_word' id='word_1_27' title='bbox 877 666 1249 737; x_wconf 86' lang='lat' dir='ltr'>impietatem</span> <span class='ocrx_word' id='word_1_28' title='bbox 1299 669 1616 724; x_wconf 81' lang='lat' dir='ltr'>sacerdotii</span> <span class='ocrx_word' id='word_1_29' title='bbox 1668 666 1941 724; x_wconf 83' lang='lat' dir='ltr'>mercede</span> 
     </span>
    </p>
   </div>
   <div class='ocr_carea' id='block_1_6' title="bbox 269 752 1945 827">
    <p class='ocr_par' dir='ltr' id='par_1_6' title="bbox 269 752 1945 827">
     <span class='ocr_line' id='line_1_6' title="bbox 269 752 1945 827; baseline 0.003 -22"><span class='ocrx_word' id='word_1_30' title='bbox 269 758 615 825; x_wconf 78' lang='lat' dir='ltr'>pensatum.</span> <span class='ocrx_word' id='word_1_31' title='bbox 658 752 849 823; x_wconf 86' lang='lat' dir='ltr'>Hujus</span> <span class='ocrx_word' id='word_1_32' title='bbox 873 752 1090 809; x_wconf 84' lang='lat' dir='ltr'>fabula</span> <span class='ocrx_word' id='word_1_33' title='bbox 1113 755 1433 811; x_wconf 82' lang='lat' dir='ltr'>falsitatem</span> <span class='ocrx_word' id='word_1_34' title='bbox 1459 773 1577 812; x_wconf 92' lang='lat' dir='ltr'>non</span> <span class='ocrx_word' id='word_1_35' title='bbox 1597 757 1785 812; x_wconf 88' lang='lat' dir='ltr'>multo</span> <span class='ocrx_word' id='word_1_36' title='bbox 1810 761 1945 827; x_wconf 88' lang='lat' dir='ltr'>post</span> 
     </span>
    </p>
   </div>
   <div class='ocr_carea' id='block_1_7' title="bbox 278 841 1944 915">
    <p class='ocr_par' dir='ltr' id='par_1_7' title="bbox 278 841 1944 915">
     <span class='ocr_line' id='line_1_7' title="bbox 278 841 1944 915; baseline 0.002 -19"><span class='ocrx_word' id='word_1_37' title='bbox 278 841 534 907; x_wconf 85' lang='lat' dir='ltr'>idoneis,</span> <span class='ocrx_word' id='word_1_38' title='bbox 566 846 633 895; x_wconf 88' lang='lat' dir='ltr'>ut</span> <span class='ocrx_word' id='word_1_39' title='bbox 664 842 920 905; x_wconf 72' lang='lat' dir='ltr'>videtur,</span> <span class='ocrx_word' id='word_1_40' title='bbox 969 845 1337 915; x_wconf 79' lang='lat' dir='ltr'>argumentis</span> <span class='ocrx_word' id='word_1_41' title='bbox 1387 845 1751 901; x_wconf 83' lang='lat' dir='ltr'>refellemus.</span> <span class='ocrx_word' id='word_1_42' title='bbox 1787 844 1944 900; x_wconf 86' lang='lat' dir='ltr'>Nihil</span> 
     </span>
    </p>
   </div>
   <div class='ocr_carea' id='block_1_8' title="bbox 278 930 1944 1003">
    <p class='ocr_par' dir='ltr' id='par_1_8' title="bbox 278 930 1944 1003">
     <span class='ocr_line' id='line_1_8' title="bbox 278 930 1944 1003; baseline 0.001 -17"><span class='ocrx_word' id='word_1_43' title='bbox 278 936 478 986; x_wconf 79' lang='lat' dir='ltr'>tamen</span> <span class='ocrx_word' id='word_1_44' title='bbox 510 936 668 985; x_wconf 80' lang='lat' dir='ltr'>vetat</span> <span class='ocrx_word' id='word_1_45' title='bbox 687 930 953 1003; x_wconf 88' lang='lat' dir='ltr'>aliquam</span> <span class='ocrx_word' id='word_1_46' title='bbox 987 932 1145 988; x_wconf 90' lang='lat' dir='ltr'>sedis</span> <span class='ocrx_word' id='word_1_47' title='bbox 1197 935 1567 990; x_wconf 89' lang='lat' dir='ltr'>vacationem</span> <span class='ocrx_word' id='word_1_48' title='bbox 1598 935 1857 998; x_wconf 83' lang='lat' dir='ltr'>admitti,</span> <span class='ocrx_word' id='word_1_49' title='bbox 1894 934 1944 988; x_wconf 91' lang='lat' dir='ltr'>si</span> 
     </span>
    </p>
   </div>
   <div class='ocr_carea' id='block_1_9' title="bbox 280 1019 1945 1096">
    <p class='ocr_par' dir='ltr' id='par_1_9' title="bbox 280 1019 1945 1096">
     <span class='ocr_line' id='line_1_9' title="bbox 280 1019 1945 1096; baseline 0.002 -21"><span class='ocrx_word' id='word_1_50' title='bbox 280 1038 412 1093; x_wconf 87' lang='lat' dir='ltr'>qua</span> <span class='ocrx_word' id='word_1_51' title='bbox 442 1019 906 1076; x_wconf 80' lang='lat' dir='ltr'>fundamentum</span> <span class='ocrx_word' id='word_1_52' title='bbox 932 1022 1174 1093; x_wconf 89' lang='lat' dir='ltr'>aliquod</span> <span class='ocrx_word' id='word_1_53' title='bbox 1196 1024 1694 1096; x_wconf 88' lang='lat' dir='ltr'>occasionemque</span> <span class='ocrx_word' id='word_1_54' title='bbox 1717 1024 1945 1079; x_wconf 86' lang='lat' dir='ltr'>calum-</span> 
     </span>
    </p>
   </div>
   <div class='ocr_carea' id='block_1_10' title="bbox 284 1109 1944 1185">
    <p class='ocr_par' dir='ltr' id='par_1_10' title="bbox 284 1109 1944 1185">
     <span class='ocr_line' id='line_1_10' title="bbox 284 1109 1944 1185; baseline 0.001 -20"><span class='ocrx_word' id='word_1_55' title='bbox 284 1111 401 1165; x_wconf 79' lang='lat' dir='ltr'>nia</span> <span class='ocrx_word' id='word_1_56' title='bbox 418 1109 896 1180; x_wconf 83' lang='lat' dir='ltr'>prastiterit;sed</span> <span class='ocrx_word' id='word_1_57' title='bbox 911 1111 1111 1166; x_wconf 88' lang='lat' dir='ltr'>nullus</span> <span class='ocrx_word' id='word_1_58' title='bbox 1129 1111 1281 1167; x_wconf 88' lang='lat' dir='ltr'>alius</span> <span class='ocrx_word' id='word_1_59' title='bbox 1293 1124 1507 1184; x_wconf 88' lang='lat' dir='ltr'>prater</span> <span class='ocrx_word' id='word_1_60' title='bbox 1519 1114 1944 1185; x_wconf 80' lang='lat' dir='ltr'>Hieronymum</span> 
     </span>
    </p>
   </div>
   <div class='ocr_carea' id='block_1_11' title="bbox 281 1198 1945 1273">
    <p class='ocr_par' dir='ltr' id='par_1_11' title="bbox 281 1198 1945 1273">
     <span class='ocr_line' id='line_1_11' title="bbox 281 1198 1945 1273; baseline 0.002 -21"><span class='ocrx_word' id='word_1_61' title='bbox 281 1198 607 1254; x_wconf 90' lang='lat' dir='ltr'>vacationis</span> <span class='ocrx_word' id='word_1_62' title='bbox 637 1200 769 1269; x_wconf 83' lang='lat' dir='ltr'>ejus</span> <span class='ocrx_word' id='word_1_63' title='bbox 801 1200 1250 1271; x_wconf 79' lang='lat' dir='ltr'>meminitzqua</span> <span class='ocrx_word' id='word_1_64' title='bbox 1284 1202 1526 1273; x_wconf 88' lang='lat' dir='ltr'>quidem</span> <span class='ocrx_word' id='word_1_65' title='bbox 1558 1202 1779 1273; x_wconf 89' lang='lat' dir='ltr'>optime</span> <span class='ocrx_word' id='word_1_66' title='bbox 1810 1217 1945 1256; x_wconf 89' lang='lat' dir='ltr'>cum</span> 
     </span>
    </p>
   </div>
   <div class='ocr_carea' id='block_1_12' title="bbox 284 1288 1947 1362">
    <p class='ocr_par' dir='ltr' id='par_1_12' title="bbox 284 1288 1947 1362">
     <span class='ocr_line' id='line_1_12' title="bbox 284 1288 1947 1362; baseline 0.001 -19"><span class='ocrx_word' id='word_1_67' title='bbox 284 1288 527 1343; x_wconf 78' lang='lat' dir='ltr'>Maximi</span> <span class='ocrx_word' id='word_1_68' title='bbox 559 1288 769 1343; x_wconf 88' lang='lat' dir='ltr'>mortis</span> <span class='ocrx_word' id='word_1_69' title='bbox 798 1294 856 1342; x_wconf 89' lang='lat' dir='ltr'>et</span> <span class='ocrx_word' id='word_1_70' title='bbox 881 1288 1215 1360; x_wconf 82' lang='lat' dir='ltr'>Cyrilliana</span> <span class='ocrx_word' id='word_1_71' title='bbox 1239 1291 1634 1347; x_wconf 84' lang='lat' dir='ltr'>ordinationis</span> <span class='ocrx_word' id='word_1_72' title='bbox 1662 1290 1947 1362; x_wconf 90' lang='lat' dir='ltr'>tempori-</span> 
     </span>
    </p>
   </div>
   <div class='ocr_carea' id='block_1_13' title="bbox 280 1376 1946 1443">
    <p class='ocr_par' dir='ltr' id='par_1_13' title="bbox 280 1376 1946 1443">
     <span class='ocr_line' id='line_1_13' title="bbox 280 1376 1946 1443; baseline 0 -9"><span class='ocrx_word' id='word_1_73' title='bbox 280 1377 395 1434; x_wconf 91' lang='lat' dir='ltr'>bus</span> <span class='ocrx_word' id='word_1_74' title='bbox 427 1376 801 1432; x_wconf 88' lang='lat' dir='ltr'>conciliatur.</span> <span class='ocrx_word' id='word_1_75' title='bbox 842 1378 982 1442; x_wconf 82' lang='lat' dir='ltr'>Qua</span> <span class='ocrx_word' id='word_1_76' title='bbox 1028 1378 1351 1434; x_wconf 89' lang='lat' dir='ltr'>vacationis</span> <span class='ocrx_word' id='word_1_77' title='bbox 1399 1380 1696 1435; x_wconf 90' lang='lat' dir='ltr'>diuturna</span> <span class='ocrx_word' id='word_1_78' title='bbox 1746 1394 1946 1443; x_wconf 88' lang='lat' dir='ltr'>causa,</span> 
     </span>
    </p>
   </div>
   <div class='ocr_carea' id='block_1_14' title="bbox 286 1467 1947 1539">
    <p class='ocr_par' dir='ltr' id='par_1_14' title="bbox 286 1467 1947 1539">
     <span class='ocr_line' id='line_1_14' title="bbox 286 1467 1947 1539; baseline -0.001 -16"><span class='ocrx_word' id='word_1_79' title='bbox 286 1468 743 1537; x_wconf 90' lang='lat' dir='ltr'>incompertum.</span> <span class='ocrx_word' id='word_1_80' title='bbox 781 1469 1099 1523; x_wconf 84' lang='lat' dir='ltr'>Possumus</span> <span class='ocrx_word' id='word_1_81' title='bbox 1132 1467 1193 1522; x_wconf 91' lang='lat' dir='ltr'>in</span> <span class='ocrx_word' id='word_1_82' title='bbox 1227 1484 1297 1523; x_wconf 90' lang='lat' dir='ltr'>ea</span> <span class='ocrx_word' id='word_1_83' title='bbox 1327 1485 1503 1539; x_wconf 90' lang='lat' dir='ltr'>quam</span> <span class='ocrx_word' id='word_1_84' title='bbox 1554 1469 1947 1538; x_wconf 88' lang='lat' dir='ltr'>Hieronymus</span> 
     </span>
    </p>
   </div>
   <div class='ocr_carea' id='block_1_15' title="bbox 285 1556 1945 1629">
    <p class='ocr_par' dir='ltr' id='par_1_15' title="bbox 285 1556 1945 1629">
     <span class='ocr_line' id='line_1_15' title="bbox 285 1556 1945 1629; baseline -0.001 -16"><span class='ocrx_word' id='word_1_85' title='bbox 285 1558 494 1613; x_wconf 87' lang='lat' dir='ltr'>innuit</span> <span class='ocrx_word' id='word_1_86' title='bbox 521 1556 923 1627; x_wconf 82' lang='lat' dir='ltr'>acquiescere.</span> <span class='ocrx_word' id='word_1_87' title='bbox 948 1559 1166 1629; x_wconf 87' lang='lat' dir='ltr'>Nempe</span> <span class='ocrx_word' id='word_1_88' title='bbox 1199 1560 1476 1614; x_wconf 87' lang='lat' dir='ltr'>Acacium</span> <span class='ocrx_word' id='word_1_89' title='bbox 1503 1557 1945 1629; x_wconf 90' lang='lat' dir='ltr'>metropolitam</span> 
     </span>
    </p>
   </div>
   <div class='ocr_carea' id='block_1_16' title="bbox 289 1645 1945 1718">
    <p class='ocr_par' dir='ltr' id='par_1_16' title="bbox 289 1645 1945 1718">
     <span class='ocr_line' id='line_1_16' title="bbox 289 1645 1945 1718; baseline 0 -15"><span class='ocrx_word' id='word_1_90' title='bbox 289 1663 434 1703; x_wconf 89' lang='lat' dir='ltr'>cum</span> <span class='ocrx_word' id='word_1_91' title='bbox 464 1645 803 1718; x_wconf 88' lang='lat' dir='ltr'>Patrophilo</span> <span class='ocrx_word' id='word_1_92' title='bbox 836 1645 1087 1718; x_wconf 89' lang='lat' dir='ltr'>aliisque</span> <span class='ocrx_word' id='word_1_93' title='bbox 1117 1646 1387 1703; x_wconf 86' lang='lat' dir='ltr'>fortassis</span> <span class='ocrx_word' id='word_1_94' title='bbox 1417 1663 1613 1703; x_wconf 88' lang='lat' dir='ltr'>moras</span> <span class='ocrx_word' id='word_1_95' title='bbox 1644 1648 1945 1715; x_wconf 83' lang='lat' dir='ltr'>nexuisse,</span> 
     </span>
    </p>
   </div>
   <div class='ocr_carea' id='block_1_17' title="bbox 290 1733 1943 1807">
    <p class='ocr_par' dir='ltr' id='par_1_17' title="bbox 290 1733 1943 1807">
     <span class='ocr_line' id='line_1_17' title="bbox 290 1733 1943 1807; baseline 0 -16"><span class='ocrx_word' id='word_1_96' title='bbox 290 1735 438 1791; x_wconf 90' lang='lat' dir='ltr'>dum</span> <span class='ocrx_word' id='word_1_97' title='bbox 467 1733 746 1790; x_wconf 90' lang='lat' dir='ltr'>idoneum</span> <span class='ocrx_word' id='word_1_98' title='bbox 763 1734 888 1790; x_wconf 91' lang='lat' dir='ltr'>suis</span> <span class='ocrx_word' id='word_1_99' title='bbox 922 1735 1400 1807; x_wconf 90' lang='lat' dir='ltr'>consiliis,atque</span> <span class='ocrx_word' id='word_1_100' title='bbox 1430 1737 1505 1792; x_wconf 92' lang='lat' dir='ltr'>ad</span> <span class='ocrx_word' id='word_1_101' title='bbox 1526 1735 1838 1791; x_wconf 87' lang='lat' dir='ltr'>arbitrium</span> <span class='ocrx_word' id='word_1_102' title='bbox 1852 1736 1943 1791; x_wconf 89' lang='lat' dir='ltr'>sui</span> 
     </span>
    </p>
   </div>
   <div class='ocr_carea' id='block_1_18' title="bbox 283 1823 2022 1919">
    <p class='ocr_par' dir='ltr' id='par_1_18' title="bbox 283 1823 2022 1919">
     <span class='ocr_line' id='line_1_18' title="bbox 283 1823 2022 1919; baseline 0.002 -43"><span class='ocrx_word' id='word_1_103' title='bbox 283 1823 627 1880; x_wconf 80' lang='lat' dir='ltr'>versatilem</span> <span class='ocrx_word' id='word_1_104' title='bbox 656 1823 1009 1895; x_wconf 84' lang='lat' dir='ltr'>episcopum</span> <span class='ocrx_word' id='word_1_105' title='bbox 1058 1831 1352 1895; x_wconf 87' lang='lat' dir='ltr'>quarunt,</span> <span class='ocrx_word' id='word_1_106' title='bbox 1401 1831 1460 1879; x_wconf 90' lang='lat' dir='ltr'>et</span> <span class='ocrx_word' id='word_1_107' title='bbox 1488 1823 1786 1895; x_wconf 90' lang='lat' dir='ltr'>quomodo</span> <span class='ocrx_word' id='word_1_108' title='bbox 1818 1823 1943 1879; x_wconf 88' lang='lat' dir='ltr'>sedi</span> <span class='ocrx_word' id='word_1_109' title='bbox 1977 1856 2022 1919; x_wconf 79' lang='grc' dir='ltr'>Β</span> 
     </span>
    </p>
   </div>
   <div class='ocr_carea' id='block_1_19' title="bbox 280 1912 1948 1985">
    <p class='ocr_par' dir='ltr' id='par_1_19' title="bbox 280 1912 1948 1985">
     <span class='ocr_line' id='line_1_19' title="bbox 280 1912 1948 1985; baseline -0.001 -16"><span class='ocrx_word' id='word_1_110' title='bbox 280 1912 846 1984; x_wconf 86' lang='lat' dir='ltr'>Hierosolymitana</span> <span class='ocrx_word' id='word_1_111' title='bbox 879 1913 1109 1983; x_wconf 88' lang='lat' dir='ltr'>possint</span> <span class='ocrx_word' id='word_1_112' title='bbox 1136 1913 1445 1985; x_wconf 88' lang='lat' dir='ltr'>imponere</span> <span class='ocrx_word' id='word_1_113' title='bbox 1476 1913 1767 1970; x_wconf 89' lang='lat' dir='ltr'>laborant.</span> <span class='ocrx_word' id='word_1_114' title='bbox 1795 1915 1948 1968; x_wconf 88' lang='lat' dir='ltr'>Pra-</span> 
     </span>
    </p>
   </div>
   <div class='ocr_carea' id='block_1_20' title="bbox 277 2001 1946 2074">
    <p class='ocr_par' dir='ltr' id='par_1_20' title="bbox 277 2001 1946 2074">
     <span class='ocr_line' id='line_1_20' title="bbox 277 2001 1946 2074; baseline -0.001 -16"><span class='ocrx_word' id='word_1_115' title='bbox 277 2009 446 2058; x_wconf 87' lang='lat' dir='ltr'>terea</span> <span class='ocrx_word' id='word_1_116' title='bbox 482 2018 696 2057; x_wconf 89' lang='lat' dir='ltr'>omnes</span> <span class='ocrx_word' id='word_1_117' title='bbox 728 2001 1119 2073; x_wconf 89' lang='lat' dir='ltr'>provinciales</span> <span class='ocrx_word' id='word_1_118' title='bbox 1152 2003 1433 2074; x_wconf 89' lang='lat' dir='ltr'>episcopi,</span> <span class='ocrx_word' id='word_1_119' title='bbox 1467 2020 1588 2057; x_wconf 92' lang='lat' dir='ltr'>non</span> <span class='ocrx_word' id='word_1_120' title='bbox 1612 2004 1695 2058; x_wconf 90' lang='lat' dir='ltr'>ita</span> <span class='ocrx_word' id='word_1_121' title='bbox 1714 2002 1946 2074; x_wconf 86' lang='lat' dir='ltr'>pridem</span> 
     </span>
    </p>
   </div>
   <div class='ocr_carea' id='block_1_21' title="bbox 282 2090 1945 2158">
    <p class='ocr_par' dir='ltr' id='par_1_21' title="bbox 282 2090 1945 2158">
     <span class='ocr_line' id='line_1_21' title="bbox 282 2090 1945 2158; baseline -0.001 -10"><span class='ocrx_word' id='word_1_122' title='bbox 282 2092 525 2148; x_wconf 85' lang='lat' dir='ltr'>concilii</span> <span class='ocrx_word' id='word_1_123' title='bbox 579 2090 947 2146; x_wconf 85' lang='lat' dir='ltr'>Sardicensis</span> <span class='ocrx_word' id='word_1_124' title='bbox 992 2090 1245 2146; x_wconf 91' lang='lat' dir='ltr'>decretis</span> <span class='ocrx_word' id='word_1_125' title='bbox 1294 2092 1745 2158; x_wconf 85' lang='lat' dir='ltr'>subscribendo,</span> <span class='ocrx_word' id='word_1_126' title='bbox 1780 2108 1840 2146; x_wconf 91' lang='lat' dir='ltr'>se</span> <span class='ocrx_word' id='word_1_127' title='bbox 1873 2091 1945 2147; x_wconf 91' lang='lat' dir='ltr'>ab</span> 
     </span>
    </p>
   </div>
   <div class='ocr_carea' id='block_1_22' title="bbox 280 2179 1946 2252">
    <p class='ocr_par' dir='ltr' id='par_1_22' title="bbox 280 2179 1946 2252">
     <span class='ocr_line' id='line_1_22' title="bbox 280 2179 1946 2252; baseline -0.001 -16"><span class='ocrx_word' id='word_1_128' title='bbox 280 2181 482 2251; x_wconf 83' lang='lat' dir='ltr'>Acacii</span> <span class='ocrx_word' id='word_1_129' title='bbox 516 2179 937 2235; x_wconf 90' lang='lat' dir='ltr'>communione</span> <span class='ocrx_word' id='word_1_130' title='bbox 969 2179 1323 2235; x_wconf 90' lang='lat' dir='ltr'>avulserant.</span> <span class='ocrx_word' id='word_1_131' title='bbox 1366 2181 1473 2237; x_wconf 89' lang='lat' dir='ltr'>Ille</span> <span class='ocrx_word' id='word_1_132' title='bbox 1503 2187 1711 2236; x_wconf 89' lang='lat' dir='ltr'>contra</span> <span class='ocrx_word' id='word_1_133' title='bbox 1737 2197 1946 2252; x_wconf 90' lang='lat' dir='ltr'>super-</span> 
     </span>
    </p>
   </div>
   <div class='ocr_carea' id='block_1_23' title="bbox 282 2268 1942 2341">
    <p class='ocr_par' dir='ltr' id='par_1_23' title="bbox 282 2268 1942 2341">
     <span class='ocr_line' id='line_1_23' title="bbox 282 2268 1942 2341; baseline 0.001 -17"><span class='ocrx_word' id='word_1_134' title='bbox 282 2269 429 2325; x_wconf 90' lang='lat' dir='ltr'>bum</span> <span class='ocrx_word' id='word_1_135' title='bbox 464 2268 735 2341; x_wconf 80' lang='lat' dir='ltr'>erigebat</span> <span class='ocrx_word' id='word_1_136' title='bbox 763 2273 963 2339; x_wconf 87' lang='lat' dir='ltr'>caput,</span> <span class='ocrx_word' id='word_1_137' title='bbox 996 2284 1104 2323; x_wconf 92' lang='lat' dir='ltr'>nec</span> <span class='ocrx_word' id='word_1_138' title='bbox 1136 2285 1244 2323; x_wconf 90' lang='lat' dir='ltr'>sua</span> <span class='ocrx_word' id='word_1_139' title='bbox 1263 2270 1402 2340; x_wconf 88' lang='lat' dir='ltr'>jura</span> <span class='ocrx_word' id='word_1_140' title='bbox 1431 2268 1637 2325; x_wconf 90' lang='lat' dir='ltr'>violari</span> <span class='ocrx_word' id='word_1_141' title='bbox 1676 2269 1942 2340; x_wconf 83' lang='lat' dir='ltr'>patieba-</span> 
     </span>
    </p>
   </div>
   <div class='ocr_carea' id='block_1_24' title="bbox 278 2357 1942 2431">
    <p class='ocr_par' dir='ltr' id='par_1_24' title="bbox 278 2357 1942 2431">
     <span class='ocr_line' id='line_1_24' title="bbox 278 2357 1942 2431; baseline 0 -17"><span class='ocrx_word' id='word_1_142' title='bbox 278 2364 398 2414; x_wconf 88' lang='lat' dir='ltr'>tur.</span> <span class='ocrx_word' id='word_1_143' title='bbox 432 2359 588 2413; x_wconf 90' lang='lat' dir='ltr'>Dum</span> <span class='ocrx_word' id='word_1_144' title='bbox 620 2357 725 2413; x_wconf 91' lang='lat' dir='ltr'>illa</span> <span class='ocrx_word' id='word_1_145' title='bbox 765 2357 1143 2430; x_wconf 88' lang='lat' dir='ltr'>componitur</span> <span class='ocrx_word' id='word_1_146' title='bbox 1192 2358 1508 2428; x_wconf 89' lang='lat' dir='ltr'>dissensio,</span> <span class='ocrx_word' id='word_1_147' title='bbox 1561 2365 1796 2431; x_wconf 87' lang='lat' dir='ltr'>tempus</span> <span class='ocrx_word' id='word_1_148' title='bbox 1840 2360 1942 2414; x_wconf 93' lang='lat' dir='ltr'>in-</span> 
     </span>
    </p>
   </div>
   <div class='ocr_carea' id='block_1_25' title="bbox 278 2446 1133 2517">
    <p class='ocr_par' dir='ltr' id='par_1_25' title="bbox 278 2446 1133 2517">
     <span class='ocr_line' id='line_1_25' title="bbox 278 2446 1133 2517; baseline 0 -15"><span class='ocrx_word' id='word_1_149' title='bbox 278 2446 568 2503; x_wconf 87' lang='lat' dir='ltr'>terfluxit.</span> <span class='ocrx_word' id='word_1_150' title='bbox 605 2447 739 2501; x_wconf 81' lang='lat' dir='ltr'>Hac</span> <span class='ocrx_word' id='word_1_151' title='bbox 770 2447 1133 2517; x_wconf 83' lang='lat' dir='ltr'>conjectura.</span> 
     </span>
    </p>
   </div>
   <div class='ocr_carea' id='block_1_26' title="bbox 348 2535 1946 2609">
    <p class='ocr_par' dir='ltr' id='par_1_26' title="bbox 348 2535 1946 2609">
     <span class='ocr_line' id='line_1_26' title="bbox 348 2535 1946 2609; baseline -0.001 -16"><span class='ocrx_word' id='word_1_152' title='bbox 348 2536 528 2609; x_wconf 79' lang='lat' dir='ltr'>[XXI]</span> <span class='ocrx_word' id='word_1_153' title='bbox 562 2537 652 2591; x_wconf 90' lang='lat'>26.</span> <span class='ocrx_word' id='word_1_154' title='bbox 683 2536 788 2590; x_wconf 92' lang='lat' dir='ltr'>Hic</span> <span class='ocrx_word' id='word_1_155' title='bbox 830 2537 1012 2591; x_wconf 88' lang='lat' dir='ltr'>etiam</span> <span class='ocrx_word' id='word_1_156' title='bbox 1061 2535 1505 2592; x_wconf 91' lang='lat' dir='ltr'>discutiendum</span> <span class='ocrx_word' id='word_1_157' title='bbox 1555 2537 1715 2609; x_wconf 91' lang='lat' dir='ltr'>quod</span> <span class='ocrx_word' id='word_1_158' title='bbox 1748 2537 1946 2592; x_wconf 86' lang='lat' dir='ltr'>Hiero-</span> 
     </span>
    </p>
   </div>
   <div class='ocr_carea' id='block_1_27' title="bbox 274 2625 1941 2699">
    <p class='ocr_par' dir='ltr' id='par_1_27' title="bbox 274 2625 1941 2699">
     <span class='ocr_line' id='line_1_27' title="bbox 274 2625 1941 2699; baseline -0.001 -17"><span class='ocrx_word' id='word_1_159' title='bbox 274 2643 498 2699; x_wconf 82' lang='lat' dir='ltr'>nymus</span> <span class='ocrx_word' id='word_1_160' title='bbox 538 2625 601 2680; x_wconf 91' lang='lat' dir='ltr'>in</span> <span class='ocrx_word' id='word_1_161' title='bbox 635 2625 887 2698; x_wconf 86' lang='lat' dir='ltr'>allegato</span> <span class='ocrx_word' id='word_1_162' title='bbox 909 2627 1038 2698; x_wconf 90' lang='lat' dir='ltr'>jam</span> <span class='ocrx_word' id='word_1_163' title='bbox 1070 2643 1225 2699; x_wconf 86' lang='lat' dir='ltr'>sape</span> <span class='ocrx_word' id='word_1_164' title='bbox 1272 2626 1541 2682; x_wconf 85' lang='lat' dir='ltr'>Chronico</span> <span class='ocrx_word' id='word_1_165' title='bbox 1572 2626 1643 2682; x_wconf 94' lang='lat' dir='ltr'>de</span> <span class='ocrx_word' id='word_1_166' title='bbox 1694 2627 1941 2681; x_wconf 89' lang='lat' dir='ltr'>Maximo</span> 
     </span>
    </p>
   </div>
   <div class='ocr_carea' id='block_1_28' title="bbox 276 2715 1941 2772">
    <p class='ocr_par' dir='ltr' id='par_1_28' title="bbox 276 2715 1941 2772">
     <span class='ocr_line' id='line_1_28' title="bbox 276 2715 1941 2772; baseline -0.001 0"><span class='ocrx_word' id='word_1_167' title='bbox 276 2721 525 2772; x_wconf 85' lang='lat' dir='ltr'>narrat:</span> <span class='ocrx_word' id='word_1_168' title='bbox 591 2715 880 2769; x_wconf 89' lang='lat' dir='ltr'>nimirum</span> <span class='ocrx_word' id='word_1_169' title='bbox 938 2731 1059 2770; x_wconf 90' lang='lat' dir='ltr'>eum</span> <span class='ocrx_word' id='word_1_170' title='bbox 1128 2718 1446 2771; x_wconf 87' lang='lat' dir='ltr'>morientem</span> <span class='ocrx_word' id='word_1_171' title='bbox 1504 2717 1824 2772; x_wconf 80' lang='lat' dir='ltr'>Heracliam</span> <span class='ocrx_word' id='word_1_172' title='bbox 1882 2718 1941 2770; x_wconf 85' lang='lat' dir='ltr'>in</span> 
     </span>
    </p>
   </div>
   <div class='ocr_carea' id='block_1_29' title="bbox 275 2806 1942 2879">
    <p class='ocr_par' dir='ltr' id='par_1_29' title="bbox 275 2806 1942 2879">
     <span class='ocr_line' id='line_1_29' title="bbox 275 2806 1942 2879; baseline -0.001 -16"><span class='ocrx_word' id='word_1_173' title='bbox 275 2823 440 2864; x_wconf 86' lang='lat' dir='ltr'>suum</span> <span class='ocrx_word' id='word_1_174' title='bbox 495 2807 681 2861; x_wconf 89' lang='lat' dir='ltr'>locum</span> <span class='ocrx_word' id='word_1_175' title='bbox 735 2806 1076 2861; x_wconf 86' lang='lat' dir='ltr'>substituisse</span> <span class='ocrx_word' id='word_1_176' title='bbox 1103 2825 1126 2871; x_wconf 86' lang='lat'><em>;</em></span> <span class='ocrx_word' id='word_1_177' title='bbox 1177 2824 1339 2878; x_wconf 88' lang='lat' dir='ltr'>quem</span> <span class='ocrx_word' id='word_1_178' title='bbox 1382 2809 1619 2877; x_wconf 82' lang='lat' dir='ltr'>Cyrillus</span> <span class='ocrx_word' id='word_1_179' title='bbox 1661 2810 1942 2879; x_wconf 87' lang='lat' dir='ltr'>episcopus</span> 
     </span>
    </p>
   </div>
   <div class='ocr_carea' id='block_1_30' title="bbox 272 2895 1943 2968">
    <p class='ocr_par' dir='ltr' id='par_1_30' title="bbox 272 2895 1943 2968">
     <span class='ocr_line' id='line_1_30' title="bbox 272 2895 1943 2968; baseline 0 -16"><span class='ocrx_word' id='word_1_180' title='bbox 272 2900 462 2967; x_wconf 85' lang='lat' dir='ltr'>factus</span> <span class='ocrx_word' id='word_1_181' title='bbox 491 2897 657 2950; x_wconf 81' lang='lat' dir='ltr'>varia</span> <span class='ocrx_word' id='word_1_182' title='bbox 713 2896 916 2964; x_wconf 82' lang='lat' dir='ltr'>fraude</span> <span class='ocrx_word' id='word_1_183' title='bbox 969 2895 1276 2953; x_wconf 74' lang='lat' dir='ltr'>sollicitam</span> <span class='ocrx_word' id='word_1_184' title='bbox 1305 2898 1371 2952; x_wconf 88' lang='lat' dir='ltr'>de</span> <span class='ocrx_word' id='word_1_185' title='bbox 1419 2900 1672 2968; x_wconf 84' lang='lat' dir='ltr'>episcopo</span> <span class='ocrx_word' id='word_1_186' title='bbox 1724 2899 1784 2952; x_wconf 89' lang='lat' dir='ltr'>in</span> <span class='ocrx_word' id='word_1_187' title='bbox 1808 2913 1943 2968; x_wconf 88' lang='lat' dir='ltr'>pre-</span> 
     </span>
    </p>
   </div>
   <div class='ocr_carea' id='block_1_31' title="bbox 273 2985 1938 3059">
    <p class='ocr_par' dir='ltr' id='par_1_31' title="bbox 273 2985 1938 3059">
     <span class='ocr_line' id='line_1_31' title="bbox 273 2985 1938 3059; baseline -0.001 -17"><span class='ocrx_word' id='word_1_188' title='bbox 273 2987 559 3057; x_wconf 82' lang='lat' dir='ltr'>sbyterum</span> <span class='ocrx_word' id='word_1_189' title='bbox 589 2985 997 3055; x_wconf 84' lang='lat' dir='ltr'>regradaverit.</span> <span class='ocrx_word' id='word_1_190' title='bbox 1034 2987 1130 3041; x_wconf 85' lang='lat' dir='ltr'>Ha</span> <span class='ocrx_word' id='word_1_191' title='bbox 1154 2987 1209 3041; x_wconf 91' lang='lat' dir='ltr'>S.</span> <span class='ocrx_word' id='word_1_192' title='bbox 1244 2987 1585 3059; x_wconf 84' lang='lat' dir='ltr'>Hieronymi</span> <span class='ocrx_word' id='word_1_193' title='bbox 1617 3002 1787 3042; x_wconf 89' lang='lat' dir='ltr'>voces</span> <span class='ocrx_word' id='word_1_194' title='bbox 1818 3003 1938 3041; x_wconf 90' lang='lat' dir='ltr'>non</span> 
     </span>
    </p>
   </div>
   <div class='ocr_carea' id='block_1_32' title="bbox 273 3074 1939 3148">
    <p class='ocr_par' dir='ltr' id='par_1_32' title="bbox 273 3074 1939 3148">
     <span class='ocr_line' id='line_1_32' title="bbox 273 3074 1939 3148; baseline -0.001 -18"><span class='ocrx_word' id='word_1_195' title='bbox 273 3074 662 3137; x_wconf 73' lang='lat' dir='ltr'>designatum</span> <span class='ocrx_word' id='word_1_196' title='bbox 694 3074 1052 3145; x_wconf 85' lang='lat' dir='ltr'>simpliciter</span> <span class='ocrx_word' id='word_1_197' title='bbox 1084 3081 1142 3130; x_wconf 92' lang='lat' dir='ltr'>et</span> <span class='ocrx_word' id='word_1_198' title='bbox 1163 3075 1510 3140; x_wconf 89' lang='lat' dir='ltr'>indicatum,</span> <span class='ocrx_word' id='word_1_199' title='bbox 1538 3074 1698 3148; x_wconf 92' lang='lat' dir='ltr'>quod</span> <span class='ocrx_word' id='word_1_200' title='bbox 1730 3074 1939 3145; x_wconf 90' lang='lat' dir='ltr'>primis</span> 
     </span>
    </p>
   </div>
   <div class='ocr_carea' id='block_1_33' title="bbox 272 3164 1934 3235">
    <p class='ocr_par' dir='ltr' id='par_1_33' title="bbox 272 3164 1934 3235">
     <span class='ocr_line' id='line_1_33' title="bbox 272 3164 1934 3235; baseline 0.001 -16"><span class='ocrx_word' id='word_1_201' title='bbox 272 3164 397 3220; x_wconf 89' lang='lat' dir='ltr'>illis</span> <span class='ocrx_word' id='word_1_202' title='bbox 428 3164 714 3220; x_wconf 71' lang='lat' dir='ltr'>Ecclesiae</span> <span class='ocrx_word' id='word_1_203' title='bbox 751 3164 1115 3235; x_wconf 89' lang='lat' dir='ltr'>temporibus</span> <span class='ocrx_word' id='word_1_204' title='bbox 1147 3166 1455 3221; x_wconf 90' lang='lat' dir='ltr'>insitatum</span> <span class='ocrx_word' id='word_1_205' title='bbox 1489 3182 1608 3220; x_wconf 92' lang='lat' dir='ltr'>non</span> <span class='ocrx_word' id='word_1_206' title='bbox 1651 3170 1798 3229; x_wconf 87' lang='lat' dir='ltr'>erat,</span> <span class='ocrx_word' id='word_1_207' title='bbox 1830 3164 1934 3220; x_wconf 89' lang='lat' dir='ltr'>sed</span> 
     </span>
    </p>
   </div>
   <div class='ocr_carea' id='block_1_34' title="bbox 271 3254 1935 3311">
    <p class='ocr_par' dir='ltr' id='par_1_34' title="bbox 271 3254 1935 3311">
     <span class='ocr_line' id='line_1_34' title="bbox 271 3254 1935 3311; baseline -0.001 -1"><span class='ocrx_word' id='word_1_208' title='bbox 271 3259 697 3311; x_wconf 87' lang='lat' dir='ltr'>consecratum</span> <span class='ocrx_word' id='word_1_209' title='bbox 728 3259 787 3308; x_wconf 90' lang='lat' dir='ltr'>et</span> <span class='ocrx_word' id='word_1_210' title='bbox 816 3254 1159 3309; x_wconf 91' lang='lat' dir='ltr'>ordinatum</span> <span class='ocrx_word' id='word_1_211' title='bbox 1190 3272 1225 3311; x_wconf 91' lang='lat' dir='ltr'>a</span> <span class='ocrx_word' id='word_1_212' title='bbox 1254 3256 1503 3310; x_wconf 85' lang='lat' dir='ltr'>Maximo</span> <span class='ocrx_word' id='word_1_213' title='bbox 1531 3270 1935 3311; x_wconf 90' lang='lat' dir='ltr'>successorem</span> 
     </span>
    </p>
   </div>
   <div class='ocr_carea' id='block_1_35' title="bbox 272 3342 1911 3417">
    <p class='ocr_par' dir='ltr' id='par_1_35' title="bbox 272 3342 1911 3417">
     <span class='ocr_line' id='line_1_35' title="bbox 272 3342 1911 3417; baseline -0.001 -18"><span class='ocrx_word' id='word_1_214' title='bbox 272 3342 624 3417; x_wconf 79' lang='lat' dir='ltr'>signiﬁcant</span> <span class='ocrx_word' id='word_1_215' title='bbox 652 3359 666 3396; x_wconf 89' lang='lat'><strong>:</strong></span> <span class='ocrx_word' id='word_1_216' title='bbox 707 3342 866 3414; x_wconf 92' lang='lat' dir='ltr'>quod</span> <span class='ocrx_word' id='word_1_217' title='bbox 895 3344 980 3399; x_wconf 91' lang='lat' dir='ltr'>uti</span> <span class='ocrx_word' id='word_1_218' title='bbox 1012 3343 1214 3399; x_wconf 89' lang='lat' dir='ltr'>libera</span> <span class='ocrx_word' id='word_1_219' title='bbox 1237 3344 1429 3415; x_wconf 89' lang='lat' dir='ltr'>plebis</span> <span class='ocrx_word' id='word_1_220' title='bbox 1451 3351 1510 3399; x_wconf 89' lang='lat' dir='ltr'>et</span> <span class='ocrx_word' id='word_1_221' title='bbox 1529 3344 1671 3399; x_wconf 91' lang='lat' dir='ltr'>cleri</span> <span class='ocrx_word' id='word_1_222' title='bbox 1701 3344 1911 3399; x_wconf 90' lang='lat' dir='ltr'>electio</span> 
     </span>
    </p>
   </div>
   <div class='ocr_carea' id='block_1_36' title="bbox 273 3431 1935 3505">
    <p class='ocr_par' dir='ltr' id='par_1_36' title="bbox 273 3431 1935 3505">
     <span class='ocr_line' id='line_1_36' title="bbox 273 3431 1935 3505; baseline -0.001 -17"><span class='ocrx_word' id='word_1_223' title='bbox 273 3433 359 3499; x_wconf 90' lang='lat' dir='ltr'>ni,</span> <span class='ocrx_word' id='word_1_224' title='bbox 420 3431 880 3504; x_wconf 87' lang='lat' dir='ltr'>provincialium</span> <span class='ocrx_word' id='word_1_225' title='bbox 953 3432 1367 3505; x_wconf 90' lang='lat' dir='ltr'>episcoporum</span> <span class='ocrx_word' id='word_1_226' title='bbox 1429 3439 1486 3488; x_wconf 90' lang='lat' dir='ltr'>et</span> <span class='ocrx_word' id='word_1_227' title='bbox 1545 3432 1935 3505; x_wconf 86' lang='lat' dir='ltr'>metrOpolita</span> 
     </span>
    </p>
   </div>
   <div class='ocr_carea' id='block_1_37' title="bbox 277 3519 1935 3594">
    <p class='ocr_par' dir='ltr' id='par_1_37' title="bbox 277 3519 1935 3594">
     <span class='ocr_line' id='line_1_37' title="bbox 277 3519 1935 3594; baseline -0.001 -18"><span class='ocrx_word' id='word_1_228' title='bbox 277 3520 550 3594; x_wconf 85' lang='lat' dir='ltr'>praserti</span> <span class='ocrx_word' id='word_1_229' title='bbox 563 3536 617 3574; x_wconf 90' lang='lat' dir='ltr'>m</span> <span class='ocrx_word' id='word_1_230' title='bbox 643 3519 924 3593; x_wconf 76' lang='lat' dir='ltr'>legitimis</span> <span class='ocrx_word' id='word_1_231' title='bbox 947 3522 1297 3578; x_wconf 90' lang='lat' dir='ltr'>electionem</span> <span class='ocrx_word' id='word_1_232' title='bbox 1315 3521 1589 3579; x_wconf 83' lang='lat' dir='ltr'>firmandi</span> <span class='ocrx_word' id='word_1_233' title='bbox 1606 3529 1664 3576; x_wconf 91' lang='lat' dir='ltr'>et</span> <span class='ocrx_word' id='word_1_234' title='bbox 1680 3522 1935 3577; x_wconf 87' lang='lat' dir='ltr'>electum</span> 
     </span>
    </p>
   </div>
   <div class='ocr_carea' id='block_1_38' title="bbox 279 3610 1940 3680">
    <p class='ocr_par' dir='ltr' id='par_1_38' title="bbox 279 3610 1940 3680">
     <span class='ocr_line' id='line_1_38' title="bbox 279 3610 1940 3680; baseline 0 -14"><span class='ocrx_word' id='word_1_235' title='bbox 279 3610 676 3666; x_wconf 88' lang='lat' dir='ltr'>consecrandi</span> <span class='ocrx_word' id='word_1_236' title='bbox 710 3610 949 3680; x_wconf 84' lang='lat' dir='ltr'>juribus</span> <span class='ocrx_word' id='word_1_237' title='bbox 998 3612 1332 3676; x_wconf 90' lang='lat' dir='ltr'>inimicum,</span> <span class='ocrx_word' id='word_1_238' title='bbox 1383 3612 1455 3668; x_wconf 88' lang='lat' dir='ltr'>ab</span> <span class='ocrx_word' id='word_1_239' title='bbox 1485 3612 1763 3667; x_wconf 87' lang='lat' dir='ltr'>Ecclesia</span> <span class='ocrx_word' id='word_1_240' title='bbox 1794 3628 1940 3667; x_wconf 92' lang='lat' dir='ltr'>con-</span> 
     </span>
    </p>
   </div>
   <div class='ocr_carea' id='block_1_39' title="bbox 278 3699 1936 3772">
    <p class='ocr_par' dir='ltr' id='par_1_39' title="bbox 278 3699 1936 3772">
     <span class='ocr_line' id='line_1_39' title="bbox 278 3699 1936 3772; baseline 0 -17"><span class='ocrx_word' id='word_1_241' title='bbox 278 3699 604 3755; x_wconf 85' lang='lat' dir='ltr'>suetudine</span> <span class='ocrx_word' id='word_1_242' title='bbox 648 3716 885 3772; x_wconf 89' lang='lat' dir='ltr'>semper</span> <span class='ocrx_word' id='word_1_243' title='bbox 921 3700 1183 3756; x_wconf 88' lang='lat' dir='ltr'>alienum</span> <span class='ocrx_word' id='word_1_244' title='bbox 1221 3701 1335 3756; x_wconf 87' lang='lat' dir='ltr'>fuit</span> <span class='ocrx_word' id='word_1_245' title='bbox 1363 3708 1423 3757; x_wconf 90' lang='lat' dir='ltr'>et</span> <span class='ocrx_word' id='word_1_246' title='bbox 1450 3706 1586 3757; x_wconf 89' lang='lat' dir='ltr'>ante</span> <span class='ocrx_word' id='word_1_247' title='bbox 1618 3717 1809 3756; x_wconf 89' lang='lat' dir='ltr'>annos</span> <span class='ocrx_word' id='word_1_248' title='bbox 1842 3716 1936 3755; x_wconf 82' lang='lat' dir='ltr'>se-</span> 
     </span>
    </p>
   </div>
   <div class='ocr_carea' id='block_1_40' title="bbox 279 3788 1938 3863">
    <p class='ocr_par' dir='ltr' id='par_1_40' title="bbox 279 3788 1938 3863">
     <span class='ocr_line' id='line_1_40' title="bbox 279 3788 1938 3863; baseline 0.001 -19"><span class='ocrx_word' id='word_1_249' title='bbox 279 3796 439 3863; x_wconf 86' lang='lat' dir='ltr'>ptem</span> <span class='ocrx_word' id='word_1_250' title='bbox 453 3788 700 3845; x_wconf 91' lang='lat' dir='ltr'>concilii</span> <span class='ocrx_word' id='word_1_251' title='bbox 719 3789 1073 3845; x_wconf 83' lang='lat' dir='ltr'>Antiocheni</span> <span class='ocrx_word' id='word_1_252' title='bbox 1088 3807 1317 3846; x_wconf 89' lang='lat' dir='ltr'>canone</span> <span class='ocrx_word' id='word_1_253' title='bbox 1337 3792 1401 3845; x_wconf 87' lang='lat'>23</span> <span class='ocrx_word' id='word_1_254' title='bbox 1418 3790 1938 3846; x_wconf 83' lang='lat' dir='ltr'>damnatum.Rem</span> 
     </span>
    </p>
   </div>
   <div class='ocr_carea' id='block_1_41' title="bbox 281 3877 1935 3951">
    <p class='ocr_par' dir='ltr' id='par_1_41' title="bbox 281 3877 1935 3951">
     <span class='ocr_line' id='line_1_41' title="bbox 281 3877 1935 3951; baseline -0.001 -16"><span class='ocrx_word' id='word_1_255' title='bbox 281 3880 484 3951; x_wconf 84' lang='lat' dir='ltr'>itaque</span> <span class='ocrx_word' id='word_1_256' title='bbox 506 3879 677 3934; x_wconf 89' lang='lat' dir='ltr'>illam</span> <span class='ocrx_word' id='word_1_257' title='bbox 700 3877 772 3933; x_wconf 89' lang='lat' dir='ltr'>ab</span> <span class='ocrx_word' id='word_1_258' title='bbox 804 3878 1061 3935; x_wconf 89' lang='lat' dir='ltr'>inimicis</span> <span class='ocrx_word' id='word_1_259' title='bbox 1092 3879 1294 3950; x_wconf 87' lang='lat' dir='ltr'>Cyrilli</span> <span class='ocrx_word' id='word_1_260' title='bbox 1320 3879 1383 3934; x_wconf 90' lang='lat' dir='ltr'>in</span> <span class='ocrx_word' id='word_1_261' title='bbox 1415 3880 1545 3951; x_wconf 90' lang='lat' dir='ltr'>ejus</span> <span class='ocrx_word' id='word_1_262' title='bbox 1570 3879 1770 3935; x_wconf 90' lang='lat' dir='ltr'>odium</span> <span class='ocrx_word' id='word_1_263' title='bbox 1791 3896 1935 3933; x_wconf 89' lang='lat' dir='ltr'>con-</span> 
     </span>
    </p>
   </div>
   <div class='ocr_carea' id='block_1_42' title="bbox 282 3968 1940 4039">
    <p class='ocr_par' dir='ltr' id='par_1_42' title="bbox 282 3968 1940 4039">
     <span class='ocr_line' id='line_1_42' title="bbox 282 3968 1940 4039; baseline -0.001 -15"><span class='ocrx_word' id='word_1_264' title='bbox 282 3969 484 4024; x_wconf 84' lang='lat' dir='ltr'>fictam</span> <span class='ocrx_word' id='word_1_265' title='bbox 537 3974 704 4039; x_wconf 87' lang='lat' dir='ltr'>puto.</span> <span class='ocrx_word' id='word_1_266' title='bbox 759 3968 956 4022; x_wconf 89' lang='lat' dir='ltr'>Primo</span> <span class='ocrx_word' id='word_1_267' title='bbox 993 3968 1151 4023; x_wconf 90' lang='lat' dir='ltr'>enim</span> <span class='ocrx_word' id='word_1_268' title='bbox 1185 3968 1256 4024; x_wconf 92' lang='lat' dir='ltr'>de</span> <span class='ocrx_word' id='word_1_269' title='bbox 1308 3968 1361 4023; x_wconf 93' lang='lat' dir='ltr'>S.</span> <span class='ocrx_word' id='word_1_270' title='bbox 1417 3969 1666 4025; x_wconf 84' lang='lat' dir='ltr'>Maximo</span> <span class='ocrx_word' id='word_1_271' title='bbox 1717 3974 1940 4023; x_wconf 89' lang='lat' dir='ltr'>temere</span> 
     </span>
    </p>
   </div>
   <div class='ocr_carea' id='block_1_43' title="bbox 282 4056 1937 4113">
    <p class='ocr_par' dir='ltr' id='par_1_43' title="bbox 282 4056 1937 4113">
     <span class='ocr_line' id='line_1_43' title="bbox 282 4056 1937 4113; baseline 0 -1"><span class='ocrx_word' id='word_1_272' title='bbox 282 4058 445 4113; x_wconf 90' lang='lat' dir='ltr'>credi</span> <span class='ocrx_word' id='word_1_273' title='bbox 477 4074 604 4112; x_wconf 92' lang='lat' dir='ltr'>non</span> <span class='ocrx_word' id='word_1_274' title='bbox 635 4056 811 4111; x_wconf 90' lang='lat' dir='ltr'>debet</span> <span class='ocrx_word' id='word_1_275' title='bbox 839 4056 1059 4113; x_wconf 84' lang='lat' dir='ltr'>factum</span> <span class='ocrx_word' id='word_1_276' title='bbox 1093 4057 1494 4113; x_wconf 88' lang='lat' dir='ltr'>ecclesiastico</span> <span class='ocrx_word' id='word_1_277' title='bbox 1518 4058 1669 4113; x_wconf 91' lang='lat' dir='ltr'>mori</span> <span class='ocrx_word' id='word_1_278' title='bbox 1693 4066 1937 4113; x_wconf 90' lang='lat' dir='ltr'>contra-</span> 
     </span>
    </p>
   </div>
   <div class='ocr_carea' id='block_1_44' title="bbox 283 4145 1937 4221">
    <p class='ocr_par' dir='ltr' id='par_1_44' title="bbox 283 4145 1937 4221">
     <span class='ocr_line' id='line_1_44' title="bbox 283 4145 1937 4221; baseline 0.001 -20"><span class='ocrx_word' id='word_1_279' title='bbox 283 4148 460 4203; x_wconf 88' lang='lat' dir='ltr'>rium.</span> <span class='ocrx_word' id='word_1_280' title='bbox 496 4145 666 4212; x_wconf 88' lang='lat' dir='ltr'>Quod</span> <span class='ocrx_word' id='word_1_281' title='bbox 707 4146 870 4201; x_wconf 91' lang='lat' dir='ltr'>enim</span> <span class='ocrx_word' id='word_1_282' title='bbox 914 4148 1193 4203; x_wconf 86' lang='lat' dir='ltr'>Ecclesia</span> <span class='ocrx_word' id='word_1_283' title='bbox 1246 4166 1366 4204; x_wconf 87' lang='lat' dir='ltr'>sua</span> <span class='ocrx_word' id='word_1_284' title='bbox 1417 4149 1838 4221; x_wconf 85' lang='lat' dir='ltr'>prasentiebat</span> <span class='ocrx_word' id='word_1_285' title='bbox 1865 4148 1937 4203; x_wconf 88' lang='lat' dir='ltr'>ab</span> 
     </span>
    </p>
   </div>
   <div class='ocr_carea' id='block_1_45' title="bbox 283 4236 1938 4309">
    <p class='ocr_par' dir='ltr' id='par_1_45' title="bbox 283 4236 1938 4309">
     <span class='ocr_line' id='line_1_45' title="bbox 283 4236 1938 4309; baseline 0 -16"><span class='ocrx_word' id='word_1_286' title='bbox 283 4237 522 4293; x_wconf 78' lang='lat' dir='ltr'>Arianis</span> <span class='ocrx_word' id='word_1_287' title='bbox 540 4236 898 4307; x_wconf 85' lang='lat' dir='ltr'>impendens</span> <span class='ocrx_word' id='word_1_288' title='bbox 912 4238 1276 4305; x_wconf 86' lang='lat' dir='ltr'>periculum?</span> <span class='ocrx_word' id='word_1_289' title='bbox 1287 4238 1647 4309; x_wconf 90' lang='lat' dir='ltr'>Tranquillis</span> <span class='ocrx_word' id='word_1_290' title='bbox 1663 4238 1938 4293; x_wconf 87' lang='lat' dir='ltr'>Ecclesia</span> 
     </span>
    </p>
   </div>
   <div class='ocr_carea' id='block_1_46' title="bbox 276 4325 1941 4398">
    <p class='ocr_par' dir='ltr' id='par_1_46' title="bbox 276 4325 1941 4398">
     <span class='ocr_line' id='line_1_46' title="bbox 276 4325 1941 4398; baseline 0.001 -17"><span class='ocrx_word' id='word_1_291' title='bbox 276 4327 462 4383; x_wconf 89' lang='lat' dir='ltr'>rebus</span> <span class='ocrx_word' id='word_1_292' title='bbox 492 4325 886 4386; x_wconf 88' lang='lat' dir='ltr'>moriebatur.</span> <span class='ocrx_word' id='word_1_293' title='bbox 938 4327 1295 4398; x_wconf 88' lang='lat' dir='ltr'>compressis</span> <span class='ocrx_word' id='word_1_294' title='bbox 1344 4327 1600 4393; x_wconf 86' lang='lat' dir='ltr'>Arianis,</span> <span class='ocrx_word' id='word_1_295' title='bbox 1653 4327 1941 4382; x_wconf 88' lang='lat' dir='ltr'>revocatis</span> 
     </span>
    </p>
   </div>
   <div class='ocr_carea' id='block_1_47' title="bbox 280 4414 1938 4488">
    <p class='ocr_par' dir='ltr' id='par_1_47' title="bbox 280 4414 1938 4488">
     <span class='ocr_line' id='line_1_47' title="bbox 280 4414 1938 4488; baseline -0.001 -16"><span class='ocrx_word' id='word_1_296' title='bbox 280 4431 523 4473; x_wconf 87' lang='lat' dir='ltr'>summa</span> <span class='ocrx_word' id='word_1_297' title='bbox 551 4414 949 4488; x_wconf 88' lang='lat' dir='ltr'>gratulatione</span> <span class='ocrx_word' id='word_1_298' title='bbox 982 4416 1042 4471; x_wconf 92' lang='lat' dir='ltr'>in</span> <span class='ocrx_word' id='word_1_299' title='bbox 1057 4432 1193 4472; x_wconf 87' lang='lat' dir='ltr'>suas</span> <span class='ocrx_word' id='word_1_300' title='bbox 1224 4416 1396 4472; x_wconf 89' lang='lat' dir='ltr'>sedes</span> <span class='ocrx_word' id='word_1_301' title='bbox 1426 4415 1756 4482; x_wconf 90' lang='lat' dir='ltr'>catholicis,</span> <span class='ocrx_word' id='word_1_302' title='bbox 1772 4432 1938 4486; x_wconf 90' lang='lat' dir='ltr'>sepa-</span> 
     </span>
    </p>
   </div>
   <div class='ocr_carea' id='block_1_48' title="bbox 278 4503 1939 4578">
    <p class='ocr_par' dir='ltr' id='par_1_48' title="bbox 278 4503 1939 4578">
     <span class='ocr_line' id='line_1_48' title="bbox 278 4503 1939 4578; baseline -0.001 -17"><span class='ocrx_word' id='word_1_303' title='bbox 278 4506 427 4561; x_wconf 86' lang='lat' dir='ltr'>ratis</span> <span class='ocrx_word' id='word_1_304' title='bbox 455 4504 530 4560; x_wconf 91' lang='lat' dir='ltr'>ab</span> <span class='ocrx_word' id='word_1_305' title='bbox 579 4505 800 4560; x_wconf 81' lang='lat' dir='ltr'>Ariana</span> <span class='ocrx_word' id='word_1_306' title='bbox 849 4503 1105 4561; x_wconf 86' lang='lat' dir='ltr'>factione</span> <span class='ocrx_word' id='word_1_307' title='bbox 1153 4512 1329 4578; x_wconf 90' lang='lat' dir='ltr'>atque</span> <span class='ocrx_word' id='word_1_308' title='bbox 1382 4506 1493 4562; x_wconf 89' lang='lat' dir='ltr'>sibi</span> <span class='ocrx_word' id='word_1_309' title='bbox 1535 4512 1593 4561; x_wconf 87' lang='lat' dir='ltr'>et</span> <span class='ocrx_word' id='word_1_310' title='bbox 1630 4504 1939 4562; x_wconf 89' lang='lat' dir='ltr'>catholica</span> 
     </span>
    </p>
   </div>
   <div class='ocr_carea' id='block_1_49' title="bbox 282 4593 1939 4668">
    <p class='ocr_par' dir='ltr' id='par_1_49' title="bbox 282 4593 1939 4668">
     <span class='ocr_line' id='line_1_49' title="bbox 282 4593 1939 4668; baseline -0.001 -17"><span class='ocrx_word' id='word_1_311' title='bbox 282 4596 438 4668; x_wconf 89' lang='lat' dir='ltr'>parti</span> <span class='ocrx_word' id='word_1_312' title='bbox 473 4610 686 4649; x_wconf 87' lang='lat' dir='ltr'>recens</span> <span class='ocrx_word' id='word_1_313' title='bbox 715 4593 1024 4663; x_wconf 87' lang='lat' dir='ltr'>devinctis,</span> <span class='ocrx_word' id='word_1_314' title='bbox 1058 4595 1358 4662; x_wconf 88' lang='lat' dir='ltr'>omnibus,</span> <span class='ocrx_word' id='word_1_315' title='bbox 1393 4595 1442 4650; x_wconf 91' lang='lat' dir='ltr'>si</span> <span class='ocrx_word' id='word_1_316' title='bbox 1484 4611 1670 4651; x_wconf 89' lang='lat' dir='ltr'>unum</span> <span class='ocrx_word' id='word_1_317' title='bbox 1703 4600 1763 4650; x_wconf 89' lang='lat' dir='ltr'>et</span> <span class='ocrx_word' id='word_1_318' title='bbox 1790 4595 1939 4650; x_wconf 85' lang='lat' dir='ltr'>alte-</span> 
     </span>
    </p>
   </div>
   <div class='ocr_carea' id='block_1_50' title="bbox 282 4685 1938 4759">
    <p class='ocr_par' dir='ltr' id='par_1_50' title="bbox 282 4685 1938 4759">
     <span class='ocr_line' id='line_1_50' title="bbox 282 4685 1938 4759; baseline -0.001 -17"><span class='ocrx_word' id='word_1_319' title='bbox 282 4701 423 4742; x_wconf 85' lang='lat' dir='ltr'>rum</span> <span class='ocrx_word' id='word_1_320' title='bbox 446 4685 731 4756; x_wconf 82' lang='lat' dir='ltr'>excipias,</span> <span class='ocrx_word' id='word_1_321' title='bbox 756 4685 1217 4756; x_wconf 86' lang='lat' dir='ltr'>provincialibus</span> <span class='ocrx_word' id='word_1_322' title='bbox 1239 4686 1555 4759; x_wconf 84' lang='lat' dir='ltr'>episcopis.</span> <span class='ocrx_word' id='word_1_323' title='bbox 1578 4685 1869 4753; x_wconf 89' lang='lat' dir='ltr'>Secundo,</span> <span class='ocrx_word' id='word_1_324' title='bbox 1889 4685 1938 4740; x_wconf 88' lang='lat' dir='ltr'>si</span> 
     </span>
    </p>
   </div>
   <div class='ocr_carea' id='block_1_51' title="bbox 284 4773 1938 4832">
    <p class='ocr_par' dir='ltr' id='par_1_51' title="bbox 284 4773 1938 4832">
     <span class='ocr_line' id='line_1_51' title="bbox 284 4773 1938 4832; baseline -0.001 -1"><span class='ocrx_word' id='word_1_325' title='bbox 284 4790 700 4832; x_wconf 90' lang='lat' dir='ltr'>successorem</span> <span class='ocrx_word' id='word_1_326' title='bbox 723 4773 834 4829; x_wconf 89' lang='lat' dir='ltr'>sibi</span> <span class='ocrx_word' id='word_1_327' title='bbox 863 4791 1032 4830; x_wconf 89' lang='lat' dir='ltr'>suum</span> <span class='ocrx_word' id='word_1_328' title='bbox 1060 4774 1333 4831; x_wconf 83' lang='lat' dir='ltr'>sufﬁcere</span> <span class='ocrx_word' id='word_1_329' title='bbox 1363 4791 1394 4830; x_wconf 95' lang='lat' dir='ltr'>e</span> <span class='ocrx_word' id='word_1_330' title='bbox 1426 4792 1487 4829; x_wconf 89' lang='lat' dir='ltr'>re</span> <span class='ocrx_word' id='word_1_331' title='bbox 1510 4773 1786 4830; x_wconf 85' lang='lat' dir='ltr'>Ecclesia</span> <span class='ocrx_word' id='word_1_332' title='bbox 1812 4791 1938 4829; x_wconf 67' lang='lat' dir='ltr'>creo</span> 
     </span>
    </p>
   </div>
   <div class='ocr_carea' id='block_1_52' title="bbox 283 4863 1942 4937">
    <p class='ocr_par' dir='ltr' id='par_1_52' title="bbox 283 4863 1942 4937">
     <span class='ocr_line' id='line_1_52' title="bbox 283 4863 1942 4937; baseline -0.001 -18"><span class='ocrx_word' id='word_1_333' title='bbox 283 4863 487 4929; x_wconf 87' lang='lat' dir='ltr'>debat,</span> <span class='ocrx_word' id='word_1_334' title='bbox 516 4879 697 4935; x_wconf 91' lang='lat' dir='ltr'>quem</span> <span class='ocrx_word' id='word_1_335' title='bbox 728 4863 914 4919; x_wconf 90' lang='lat' dir='ltr'>alium</span> <span class='ocrx_word' id='word_1_336' title='bbox 936 4864 1155 4936; x_wconf 85' lang='lat' dir='ltr'>Cyrillo</span> <span class='ocrx_word' id='word_1_337' title='bbox 1180 4880 1526 4937; x_wconf 88' lang='lat' dir='ltr'>praponere</span> <span class='ocrx_word' id='word_1_338' title='bbox 1548 4864 1760 4936; x_wconf 90' lang='lat' dir='ltr'>potuit.</span> <span class='ocrx_word' id='word_1_339' title='bbox 1794 4863 1942 4918; x_wconf 90' lang='lat' dir='ltr'>cuia</span> 
     </span>
    </p>
   </div>
   <div class='ocr_carea' id='block_1_53' title="bbox 283 4953 1940 5027">
    <p class='ocr_par' dir='ltr' id='par_1_53' title="bbox 283 4953 1940 5027">
     <span class='ocr_line' id='line_1_53' title="bbox 283 4953 1940 5027; baseline -0.001 -17"><span class='ocrx_word' id='word_1_340' title='bbox 283 4953 495 5010; x_wconf 88' lang='lat' dir='ltr'>multis</span> <span class='ocrx_word' id='word_1_341' title='bbox 518 4953 648 5022; x_wconf 88' lang='lat' dir='ltr'>jam</span> <span class='ocrx_word' id='word_1_342' title='bbox 678 4953 854 5008; x_wconf 89' lang='lat' dir='ltr'>annis</span> <span class='ocrx_word' id='word_1_343' title='bbox 888 4959 1069 5009; x_wconf 87' lang='lat' dir='ltr'>totam</span> <span class='ocrx_word' id='word_1_344' title='bbox 1100 4954 1191 5009; x_wconf 89' lang='lat' dir='ltr'>sui</span> <span class='ocrx_word' id='word_1_345' title='bbox 1240 4955 1614 5027; x_wconf 89' lang='lat' dir='ltr'>episcopatus</span> <span class='ocrx_word' id='word_1_346' title='bbox 1644 4954 1940 5010; x_wconf 88' lang='lat' dir='ltr'>sarcinam</span> 
     </span>
    </p>
   </div>
   <div class='ocr_carea' id='block_1_54' title="bbox 285 5042 1939 5115">
    <p class='ocr_par' dir='ltr' id='par_1_54' title="bbox 285 5042 1939 5115">
     <span class='ocr_line' id='line_1_54' title="bbox 285 5042 1939 5115; baseline -0.001 -16"><span class='ocrx_word' id='word_1_347' title='bbox 285 5042 675 5100; x_wconf 88' lang='lat' dir='ltr'>crediderat?</span> <span class='ocrx_word' id='word_1_348' title='bbox 702 5043 889 5108; x_wconf 90' lang='lat' dir='ltr'>Quem</span> <span class='ocrx_word' id='word_1_349' title='bbox 935 5050 1294 5115; x_wconf 86' lang='lat' dir='ltr'>praoptasse</span> <span class='ocrx_word' id='word_1_350' title='bbox 1334 5044 1553 5099; x_wconf 90' lang='lat' dir='ltr'>dicitur</span> <span class='ocrx_word' id='word_1_351' title='bbox 1582 5043 1939 5110; x_wconf 77' lang='lat' dir='ltr'>Heracliam,</span> 
     </span>
    </p>
   </div>
   <div class='ocr_carea' id='block_1_55' title="bbox 287 5131 1944 5205">
    <p class='ocr_par' dir='ltr' id='par_1_55' title="bbox 287 5131 1944 5205">
     <span class='ocr_line' id='line_1_55' title="bbox 287 5131 1944 5205; baseline -0.001 -18"><span class='ocrx_word' id='word_1_352' title='bbox 287 5133 449 5189; x_wconf 89' lang='lat' dir='ltr'>idem</span> <span class='ocrx_word' id='word_1_353' title='bbox 478 5134 610 5188; x_wconf 90' lang='lat' dir='ltr'>sine</span> <span class='ocrx_word' id='word_1_354' title='bbox 635 5131 821 5187; x_wconf 90' lang='lat' dir='ltr'>dubio</span> <span class='ocrx_word' id='word_1_355' title='bbox 854 5138 963 5200; x_wconf 91' lang='lat' dir='ltr'>est,</span> <span class='ocrx_word' id='word_1_356' title='bbox 996 5150 1175 5204; x_wconf 91' lang='lat' dir='ltr'>quem</span> <span class='ocrx_word' id='word_1_357' title='bbox 1203 5139 1407 5205; x_wconf 88' lang='lat' dir='ltr'>postea</span> <span class='ocrx_word' id='word_1_358' title='bbox 1424 5132 1496 5189; x_wconf 89' lang='lat' dir='ltr'>ab</span> <span class='ocrx_word' id='word_1_359' title='bbox 1519 5132 1754 5188; x_wconf 86' lang='lat' dir='ltr'>Arianis</span> <span class='ocrx_word' id='word_1_360' title='bbox 1769 5148 1944 5203; x_wconf 92' lang='lat' dir='ltr'>oppo-</span> 
     </span>
    </p>
   </div>
   <div class='ocr_carea' id='block_1_56' title="bbox 288 5221 1942 5295">
    <p class='ocr_par' dir='ltr' id='par_1_56' title="bbox 288 5221 1942 5295">
     <span class='ocr_line' id='line_1_56' title="bbox 288 5221 1942 5295; baseline -0.003 -16"><span class='ocrx_word' id='word_1_361' title='bbox 288 5223 470 5279; x_wconf 80' lang='lat' dir='ltr'>situm</span> <span class='ocrx_word' id='word_1_362' title='bbox 493 5222 740 5295; x_wconf 83' lang='lat' dir='ltr'>Cyrillo,</span> <span class='ocrx_word' id='word_1_363' title='bbox 772 5227 832 5277; x_wconf 91' lang='lat' dir='ltr'>et</span> <span class='ocrx_word' id='word_1_364' title='bbox 861 5223 990 5294; x_wconf 89' lang='lat' dir='ltr'>ejus</span> <span class='ocrx_word' id='word_1_365' title='bbox 1011 5222 1140 5277; x_wconf 92' lang='lat' dir='ltr'>loco</span> <span class='ocrx_word' id='word_1_366' title='bbox 1159 5221 1545 5278; x_wconf 87' lang='lat' dir='ltr'>substitutum</span> <span class='ocrx_word' id='word_1_367' title='bbox 1559 5221 1716 5293; x_wconf 92' lang='lat' dir='ltr'>apud</span> <span class='ocrx_word' id='word_1_368' title='bbox 1738 5221 1942 5275; x_wconf 85' lang='lat' dir='ltr'>Socra-</span> 
     </span>
    </p>
   </div>
   <div class='ocr_carea' id='block_1_57' title="bbox 288 5310 1943 5384">
    <p class='ocr_par' dir='ltr' id='par_1_57' title="bbox 288 5310 1943 5384">
     <span class='ocr_line' id='line_1_57' title="bbox 288 5310 1943 5384; baseline -0.002 -16"><span class='ocrx_word' id='word_1_369' title='bbox 288 5319 427 5377; x_wconf 86' lang='lat' dir='ltr'>tem,</span> <span class='ocrx_word' id='word_1_370' title='bbox 473 5312 895 5377; x_wconf 84' lang='lat' dir='ltr'>Sozomenum,</span> <span class='ocrx_word' id='word_1_371' title='bbox 941 5312 1338 5383; x_wconf 83' lang='lat' dir='ltr'>Nicephorum</span> <span class='ocrx_word' id='word_1_372' title='bbox 1388 5310 1661 5384; x_wconf 87' lang='lat' dir='ltr'>legimus.</span> <span class='ocrx_word' id='word_1_373' title='bbox 1705 5314 1795 5365; x_wconf 80' lang='lat' dir='ltr'>An</span> <span class='ocrx_word' id='word_1_374' title='bbox 1826 5311 1943 5365; x_wconf 83' lang='lat' dir='ltr'>Ma-</span> 
     </span>
    </p>
   </div>
   <div class='ocr_carea' id='block_1_58' title="bbox 285 5397 1947 5471">
    <p class='ocr_par' dir='ltr' id='par_1_58' title="bbox 285 5397 1947 5471">
     <span class='ocr_line' id='line_1_58' title="bbox 285 5397 1947 5471; baseline -0.004 -12"><span class='ocrx_word' id='word_1_375' title='bbox 285 5403 480 5459; x_wconf 85' lang='lat' dir='ltr'>ximus</span> <span class='ocrx_word' id='word_1_376' title='bbox 525 5400 815 5457; x_wconf 88' lang='lat' dir='ltr'>Ecclesia</span> <span class='ocrx_word' id='word_1_377' title='bbox 859 5416 981 5456; x_wconf 87' lang='lat' dir='ltr'>sua</span> <span class='ocrx_word' id='word_1_378' title='bbox 1030 5417 1262 5457; x_wconf 89' lang='lat' dir='ltr'>cavens.</span> <span class='ocrx_word' id='word_1_379' title='bbox 1296 5416 1432 5455; x_wconf 90' lang='lat' dir='ltr'>eum</span> <span class='ocrx_word' id='word_1_380' title='bbox 1484 5399 1598 5471; x_wconf 89' lang='lat' dir='ltr'>ipsi</span> <span class='ocrx_word' id='word_1_381' title='bbox 1646 5397 1947 5454; x_wconf 89' lang='lat' dir='ltr'>custodem</span> 
     </span>
    </p>
   </div>
   <div class='ocr_carea' id='block_1_59' title="bbox 280 5487 1947 5565">
    <p class='ocr_par' dir='ltr' id='par_1_59' title="bbox 280 5487 1947 5565">
     <span class='ocr_line' id='line_1_59' title="bbox 280 5487 1947 5565; baseline -0.004 -17"><span class='ocrx_word' id='word_1_382' title='bbox 280 5492 587 5565; x_wconf 80' lang='lat' dir='ltr'>prafeciss</span> <span class='ocrx_word' id='word_1_383' title='bbox 600 5495 685 5557; x_wconf 87' lang='lat' dir='ltr'>et,</span> <span class='ocrx_word' id='word_1_384' title='bbox 720 5506 855 5561; x_wconf 86' lang='lat' dir='ltr'>qua</span> <span class='ocrx_word' id='word_1_385' title='bbox 880 5489 1081 5545; x_wconf 84' lang='lat' dir='ltr'>Ariani</span> <span class='ocrx_word' id='word_1_386' title='bbox 1108 5489 1353 5562; x_wconf 91' lang='lat' dir='ltr'>dignum</span> <span class='ocrx_word' id='word_1_387' title='bbox 1378 5506 1498 5543; x_wconf 86' lang='lat' dir='ltr'>sua</span> <span class='ocrx_word' id='word_1_388' title='bbox 1516 5487 1838 5559; x_wconf 88' lang='lat' dir='ltr'>impietatis</span> <span class='ocrx_word' id='word_1_389' title='bbox 1861 5487 1947 5541; x_wconf 82' lang='lat' dir='ltr'>in-</span> 
     </span>
    </p>
   </div>
   <div class='ocr_carea' id='block_1_60' title="bbox 286 5577 1946 5651">
    <p class='ocr_par' dir='ltr' id='par_1_60' title="bbox 286 5577 1946 5651">
     <span class='ocr_line' id='line_1_60' title="bbox 286 5577 1946 5651; baseline -0.005 -11"><span class='ocrx_word' id='word_1_390' title='bbox 286 5587 695 5640; x_wconf 85' lang='lat' dir='ltr'>strumentum</span> <span class='ocrx_word' id='word_1_391' title='bbox 729 5579 1102 5651; x_wconf 87' lang='lat' dir='ltr'>repererint;</span> <span class='ocrx_word' id='word_1_392' title='bbox 1134 5585 1236 5635; x_wconf 89' lang='lat' dir='ltr'>aut</span> <span class='ocrx_word' id='word_1_393' title='bbox 1262 5577 1465 5633; x_wconf 82' lang='lat' dir='ltr'>Ariani</span> <span class='ocrx_word' id='word_1_394' title='bbox 1500 5577 1610 5649; x_wconf 89' lang='lat' dir='ltr'>ipsi</span> <span class='ocrx_word' id='word_1_395' title='bbox 1641 5577 1946 5632; x_wconf 82' lang='lat' dir='ltr'>hominem</span> 
     </span>
    </p>
   </div>
   <div class='ocr_carea' id='block_1_61' title="bbox 280 5665 1948 5743">
    <p class='ocr_par' dir='ltr' id='par_1_61' title="bbox 280 5665 1948 5743">
     <span class='ocr_line' id='line_1_61' title="bbox 280 5665 1948 5743; baseline -0.006 -10"><span class='ocrx_word' id='word_1_396' title='bbox 280 5673 729 5739; x_wconf 73' lang='lat' dir='ltr'>adhibuissent,</span> <span class='ocrx_word' id='word_1_397' title='bbox 754 5685 935 5743; x_wconf 88' lang='lat' dir='ltr'>quem</span> <span class='ocrx_word' id='word_1_398' title='bbox 954 5668 1025 5726; x_wconf 88' lang='lat' dir='ltr'>ab</span> <span class='ocrx_word' id='word_1_399' title='bbox 1042 5668 1289 5725; x_wconf 76' lang='lat' dir='ltr'>Maximo</span> <span class='ocrx_word' id='word_1_400' title='bbox 1317 5667 1554 5740; x_wconf 89' lang='lat' dir='ltr'>capitali</span> <span class='ocrx_word' id='word_1_401' title='bbox 1577 5666 1821 5725; x_wconf 87' lang='lat' dir='ltr'>inimico</span> <span class='ocrx_word' id='word_1_402' title='bbox 1839 5665 1948 5724; x_wconf 86' lang='lat' dir='ltr'>ad-</span> 
     </span>
    </p>
   </div>
   <div class='ocr_carea' id='block_1_62' title="bbox 2052 573 3701 639">
    <p class='ocr_par' dir='ltr' id='par_1_62' title="bbox 2052 573 3701 639">
     <span class='ocr_line' id='line_1_62' title="bbox 2052 573 3701 639; baseline 0.001 -8"><span class='ocrx_word' id='word_1_403' title='bbox 2052 575 2389 631; x_wconf 88' lang='lat' dir='ltr'>Heraclium</span> <span class='ocrx_word' id='word_1_404' title='bbox 2413 591 2446 631; x_wconf 90' lang='lat' dir='ltr'>a</span> <span class='ocrx_word' id='word_1_405' title='bbox 2469 576 2716 630; x_wconf 78' lang='lat' dir='ltr'>Maximo</span> <span class='ocrx_word' id='word_1_406' title='bbox 2742 574 2854 631; x_wconf 90' lang='lat' dir='ltr'>sibi</span> <span class='ocrx_word' id='word_1_407' title='bbox 2880 573 3268 629; x_wconf 88' lang='lat' dir='ltr'>substitutum</span> <span class='ocrx_word' id='word_1_408' title='bbox 3293 576 3701 639; x_wconf 87' lang='lat' dir='ltr'>concedimus,</span> 
     </span>
    </p>
   </div>
   <div class='ocr_carea' id='block_1_63' title="bbox 2050 664 3705 738">
    <p class='ocr_par' dir='ltr' id='par_1_63' title="bbox 2050 664 3705 738">
     <span class='ocr_line' id='line_1_63' title="bbox 2050 664 3705 738; baseline 0 -18"><span class='ocrx_word' id='word_1_409' title='bbox 2050 665 2357 721; x_wconf 84' lang='lat' dir='ltr'>fatendum</span> <span class='ocrx_word' id='word_1_410' title='bbox 2380 665 2489 719; x_wconf 89' lang='lat' dir='ltr'>erit</span> <span class='ocrx_word' id='word_1_411' title='bbox 2511 664 2885 738; x_wconf 88' lang='lat' dir='ltr'>illegitimam</span> <span class='ocrx_word' id='word_1_412' title='bbox 2914 665 3066 717; x_wconf 91' lang='lat' dir='ltr'>hanc</span> <span class='ocrx_word' id='word_1_413' title='bbox 3092 664 3551 733; x_wconf 85' lang='lat' dir='ltr'>provincialibus</span> <span class='ocrx_word' id='word_1_414' title='bbox 3588 667 3705 737; x_wconf 86' lang='lat' dir='ltr'>epi-</span> 
     </span>
    </p>
   </div>
   <div class='ocr_carea' id='block_1_64' title="bbox 2052 754 3699 827">
    <p class='ocr_par' dir='ltr' id='par_1_64' title="bbox 2052 754 3699 827">
     <span class='ocr_line' id='line_1_64' title="bbox 2052 754 3699 827; baseline -0.001 -16"><span class='ocrx_word' id='word_1_415' title='bbox 2052 756 2245 827; x_wconf 84' lang='lat' dir='ltr'>sc0pis</span> <span class='ocrx_word' id='word_1_416' title='bbox 2276 754 2713 810; x_wconf 88' lang='lat' dir='ltr'>ordinationem</span> <span class='ocrx_word' id='word_1_417' title='bbox 2747 754 2933 809; x_wconf 89' lang='lat' dir='ltr'>visam</span> <span class='ocrx_word' id='word_1_418' title='bbox 2965 769 3131 820; x_wconf 87' lang='lat' dir='ltr'>esse;</span> <span class='ocrx_word' id='word_1_419' title='bbox 3166 771 3299 808; x_wconf 90' lang='lat' dir='ltr'>cum</span> <span class='ocrx_word' id='word_1_420' title='bbox 3335 770 3403 808; x_wconf 87' lang='lat' dir='ltr'>ea</span> <span class='ocrx_word' id='word_1_421' title='bbox 3435 755 3699 821; x_wconf 68' lang='lat' dir='ltr'>neglecta</span> 
     </span>
    </p>
   </div>
   <div class='ocr_carea' id='block_1_65' title="bbox 2051 843 3696 915">
    <p class='ocr_par' dir='ltr' id='par_1_65' title="bbox 2051 843 3696 915">
     <span class='ocr_line' id='line_1_65' title="bbox 2051 843 3696 915; baseline 0.001 -16"><span class='ocrx_word' id='word_1_422' title='bbox 2051 844 2359 909; x_wconf 89' lang='lat' dir='ltr'>canonice,</span> <span class='ocrx_word' id='word_1_423' title='bbox 2380 850 2446 899; x_wconf 89' lang='lat' dir='ltr'>ut</span> <span class='ocrx_word' id='word_1_424' title='bbox 2466 844 2640 899; x_wconf 91' lang='lat' dir='ltr'>modo</span> <span class='ocrx_word' id='word_1_425' title='bbox 2664 843 3014 909; x_wconf 90' lang='lat' dir='ltr'>videbimus,</span> <span class='ocrx_word' id='word_1_426' title='bbox 3039 843 3373 898; x_wconf 87' lang='lat' dir='ltr'>ordinarint</span> <span class='ocrx_word' id='word_1_427' title='bbox 3393 845 3696 915; x_wconf 77' lang='lat' dir='ltr'>Cyrillum.</span> 
     </span>
    </p>
   </div>
   <div class='ocr_carea' id='block_1_66' title="bbox 2052 933 3701 1006">
    <p class='ocr_par' dir='ltr' id='par_1_66' title="bbox 2052 933 3701 1006">
     <span class='ocr_line' id='line_1_66' title="bbox 2052 933 3701 1006; baseline 0 -17"><span class='ocrx_word' id='word_1_428' title='bbox 2052 935 2316 1006; x_wconf 90' lang='lat' dir='ltr'>Tumque</span> <span class='ocrx_word' id='word_1_429' title='bbox 2352 934 2502 988; x_wconf 85' lang='lat' dir='ltr'>nihil</span> <span class='ocrx_word' id='word_1_430' title='bbox 2551 933 2828 988; x_wconf 80' lang='lat' dir='ltr'>adversus</span> <span class='ocrx_word' id='word_1_431' title='bbox 2873 933 3149 987; x_wconf 83' lang='lat' dir='ltr'>Ecclesia</span> <span class='ocrx_word' id='word_1_432' title='bbox 3176 939 3394 987; x_wconf 83' lang='lat' dir='ltr'>statuta</span> <span class='ocrx_word' id='word_1_433' title='bbox 3427 951 3701 1004; x_wconf 81' lang='lat' dir='ltr'>peccave-</span> 
     </span>
    </p>
   </div>
   <div class='ocr_carea' id='block_1_67' title="bbox 2052 1022 3701 1095">
    <p class='ocr_par' dir='ltr' id='par_1_67' title="bbox 2052 1022 3701 1095">
     <span class='ocr_line' id='line_1_67' title="bbox 2052 1022 3701 1095; baseline 0.001 -18"><span class='ocrx_word' id='word_1_434' title='bbox 2052 1023 2421 1094; x_wconf 87' lang='lat' dir='ltr'>ritCyrillus,</span> <span class='ocrx_word' id='word_1_435' title='bbox 2446 1024 2493 1078; x_wconf 92' lang='lat' dir='ltr'>si</span> <span class='ocrx_word' id='word_1_436' title='bbox 2518 1040 2653 1078; x_wconf 92' lang='lat' dir='ltr'>cum</span> <span class='ocrx_word' id='word_1_437' title='bbox 2693 1039 2849 1078; x_wconf 90' lang='lat' dir='ltr'>unus</span> <span class='ocrx_word' id='word_1_438' title='bbox 2870 1029 3027 1077; x_wconf 88' lang='lat' dir='ltr'>esset</span> <span class='ocrx_word' id='word_1_439' title='bbox 3056 1022 3355 1094; x_wconf 85' lang='lat' dir='ltr'>legitimus</span> <span class='ocrx_word' id='word_1_440' title='bbox 3388 1024 3701 1095; x_wconf 83' lang='lat' dir='ltr'>episcopus</span> 
     </span>
    </p>
   </div>
   <div class='ocr_carea' id='block_1_68' title="bbox 2055 1111 3701 1183">
    <p class='ocr_par' dir='ltr' id='par_1_68' title="bbox 2055 1111 3701 1183">
     <span class='ocr_line' id='line_1_68' title="bbox 2055 1111 3701 1183; baseline 0 -15"><span class='ocrx_word' id='word_1_441' title='bbox 2055 1113 2410 1173; x_wconf 83' lang='lat' dir='ltr'>Heraclium.</span> <span class='ocrx_word' id='word_1_442' title='bbox 2434 1113 2535 1183; x_wconf 91' lang='lat' dir='ltr'>qui</span> <span class='ocrx_word' id='word_1_443' title='bbox 2558 1128 2619 1167; x_wconf 92' lang='lat' dir='ltr'>se</span> <span class='ocrx_word' id='word_1_444' title='bbox 2642 1111 2876 1168; x_wconf 88' lang='lat' dir='ltr'>dicebat</span> <span class='ocrx_word' id='word_1_445' title='bbox 2914 1112 3280 1183; x_wconf 90' lang='lat' dir='ltr'>episc0pum,</span> <span class='ocrx_word' id='word_1_446' title='bbox 3306 1129 3422 1166; x_wconf 90' lang='lat' dir='ltr'>non</span> <span class='ocrx_word' id='word_1_447' title='bbox 3451 1114 3593 1169; x_wconf 88' lang='lat' dir='ltr'>vi.ut</span> <span class='ocrx_word' id='word_1_448' title='bbox 3616 1114 3701 1168; x_wconf 79' lang='lat' dir='ltr'>fa-</span> 
     </span>
    </p>
   </div>
   <div class='ocr_carea' id='block_1_69' title="bbox 2054 1200 3700 1273">
    <p class='ocr_par' dir='ltr' id='par_1_69' title="bbox 2054 1200 3700 1273">
     <span class='ocr_line' id='line_1_69' title="bbox 2054 1200 3700 1273; baseline 0.001 -17"><span class='ocrx_word' id='word_1_449' title='bbox 2054 1205 2213 1257; x_wconf 87' lang='lat' dir='ltr'>tetur</span> <span class='ocrx_word' id='word_1_450' title='bbox 2233 1202 2646 1273; x_wconf 83' lang='lat' dir='ltr'>Hieronymus,</span> <span class='ocrx_word' id='word_1_451' title='bbox 2672 1201 2775 1257; x_wconf 90' lang='lat' dir='ltr'>sed</span> <span class='ocrx_word' id='word_1_452' title='bbox 2808 1200 3084 1256; x_wconf 88' lang='lat' dir='ltr'>suasione</span> <span class='ocrx_word' id='word_1_453' title='bbox 3118 1208 3176 1255; x_wconf 90' lang='lat' dir='ltr'>et</span> <span class='ocrx_word' id='word_1_454' title='bbox 3206 1202 3319 1271; x_wconf 77' lang='lat' dir='ltr'>piis</span> <span class='ocrx_word' id='word_1_455' title='bbox 3351 1202 3578 1256; x_wconf 86' lang='lat' dir='ltr'>artibus</span> <span class='ocrx_word' id='word_1_456' title='bbox 3601 1219 3700 1272; x_wconf 43' lang='lat' dir='ltr'>pe.</span> 
     </span>
    </p>
   </div>
   <div class='ocr_carea' id='block_1_70' title="bbox 2055 1290 3703 1363">
    <p class='ocr_par' dir='ltr' id='par_1_70' title="bbox 2055 1290 3703 1363">
     <span class='ocr_line' id='line_1_70' title="bbox 2055 1290 3703 1363; baseline -0.001 -16"><span class='ocrx_word' id='word_1_457' title='bbox 2055 1290 2276 1363; x_wconf 81' lang='lat' dir='ltr'>sbyteri</span> <span class='ocrx_word' id='word_1_458' title='bbox 2324 1290 2511 1363; x_wconf 89' lang='lat' dir='ltr'>gradu</span> <span class='ocrx_word' id='word_1_459' title='bbox 2557 1296 2904 1345; x_wconf 89' lang='lat' dir='ltr'>contentum</span> <span class='ocrx_word' id='word_1_460' title='bbox 2935 1306 3065 1345; x_wconf 89' lang='lat' dir='ltr'>esse</span> <span class='ocrx_word' id='word_1_461' title='bbox 3096 1290 3428 1360; x_wconf 87' lang='lat' dir='ltr'>perfecerit.</span> <span class='ocrx_word' id='word_1_462' title='bbox 3468 1291 3703 1346; x_wconf 72' lang='lat' dir='ltr'>Nicmna</span> 
     </span>
    </p>
   </div>
   <div class='ocr_carea' id='block_1_71' title="bbox 2056 1379 3699 1452">
    <p class='ocr_par' dir='ltr' id='par_1_71' title="bbox 2056 1379 3699 1452">
     <span class='ocr_line' id='line_1_71' title="bbox 2056 1379 3699 1452; baseline -0.001 -16"><span class='ocrx_word' id='word_1_463' title='bbox 2056 1380 2339 1452; x_wconf 88' lang='lat' dir='ltr'>synodus,</span> <span class='ocrx_word' id='word_1_464' title='bbox 2365 1396 2494 1436; x_wconf 89' lang='lat' dir='ltr'>can.</span> <span class='ocrx_word' id='word_1_465' title='bbox 2515 1381 2547 1433; x_wconf 91' lang='lat'><strong>8</strong></span> <span class='ocrx_word' id='word_1_466' title='bbox 2570 1379 2919 1435; x_wconf 81' lang='lat' dir='ltr'>Novatianos</span> <span class='ocrx_word' id='word_1_467' title='bbox 2943 1379 3248 1450; x_wconf 87' lang='lat' dir='ltr'>episcopos</span> <span class='ocrx_word' id='word_1_468' title='bbox 3275 1380 3347 1434; x_wconf 92' lang='lat' dir='ltr'>ad</span> <span class='ocrx_word' id='word_1_469' title='bbox 3382 1380 3699 1434; x_wconf 87' lang='lat' dir='ltr'>Ecclesiam</span> 
     </span>
    </p>
   </div>
   <div class='ocr_carea' id='block_1_72' title="bbox 2054 1468 3702 1541">
    <p class='ocr_par' dir='ltr' id='par_1_72' title="bbox 2054 1468 3702 1541">
     <span class='ocr_line' id='line_1_72' title="bbox 2054 1468 3702 1541; baseline -0.001 -16"><span class='ocrx_word' id='word_1_470' title='bbox 2054 1469 2374 1525; x_wconf 88' lang='lat' dir='ltr'>redeuntes</span> <span class='ocrx_word' id='word_1_471' title='bbox 2405 1468 2596 1524; x_wconf 93' lang='lat' dir='ltr'>solum</span> <span class='ocrx_word' id='word_1_472' title='bbox 2640 1468 3121 1541; x_wconf 88' lang='lat' dir='ltr'>presbyterorum</span> <span class='ocrx_word' id='word_1_473' title='bbox 3162 1469 3449 1523; x_wconf 86' lang='lat' dir='ltr'>honorem</span> <span class='ocrx_word' id='word_1_474' title='bbox 3484 1470 3702 1523; x_wconf 84' lang='lat' dir='ltr'>habere</span> 
     </span>
    </p>
   </div>
   <div class='ocr_carea' id='block_1_73' title="bbox 2047 1558 3699 1630">
    <p class='ocr_par' dir='ltr' id='par_1_73' title="bbox 2047 1558 3699 1630">
     <span class='ocr_line' id='line_1_73' title="bbox 2047 1558 3699 1630; baseline -0.001 -16"><span class='ocrx_word' id='word_1_475' title='bbox 2047 1559 2331 1630; x_wconf 88' lang='lat' dir='ltr'>jusserat,</span> <span class='ocrx_word' id='word_1_476' title='bbox 2372 1558 2488 1613; x_wconf 83' lang='lat' dir='ltr'>nisi</span> <span class='ocrx_word' id='word_1_477' title='bbox 2528 1559 2803 1630; x_wconf 89' lang='lat' dir='ltr'>episcopo</span> <span class='ocrx_word' id='word_1_478' title='bbox 2851 1558 3194 1629; x_wconf 89' lang='lat' dir='ltr'>placuisset,</span> <span class='ocrx_word' id='word_1_479' title='bbox 3252 1559 3411 1629; x_wconf 88' lang='lat' dir='ltr'>quod</span> <span class='ocrx_word' id='word_1_480' title='bbox 3456 1559 3699 1612; x_wconf 88' lang='lat' dir='ltr'>omnino</span> 
     </span>
    </p>
   </div>
   <div class='ocr_carea' id='block_1_74' title="bbox 2055 1647 3693 1720">
    <p class='ocr_par' dir='ltr' id='par_1_74' title="bbox 2055 1647 3693 1720">
     <span class='ocr_line' id='line_1_74' title="bbox 2055 1647 3693 1720; baseline -0.001 -17"><span class='ocrx_word' id='word_1_481' title='bbox 2055 1648 2186 1720; x_wconf 90' lang='lat' dir='ltr'>ejus</span> <span class='ocrx_word' id='word_1_482' title='bbox 2218 1647 2279 1703; x_wconf 93' lang='lat' dir='ltr'>in</span> <span class='ocrx_word' id='word_1_483' title='bbox 2312 1647 2556 1703; x_wconf 91' lang='lat' dir='ltr'>arbitrio</span> <span class='ocrx_word' id='word_1_484' title='bbox 2589 1652 2646 1702; x_wconf 92' lang='lat' dir='ltr'>et</span> <span class='ocrx_word' id='word_1_485' title='bbox 2676 1653 2964 1719; x_wconf 88' lang='lat' dir='ltr'>potestate</span> <span class='ocrx_word' id='word_1_486' title='bbox 2994 1647 3180 1719; x_wconf 90' lang='lat' dir='ltr'>ponit,</span> <span class='ocrx_word' id='word_1_487' title='bbox 3214 1648 3287 1702; x_wconf 90' lang='lat' dir='ltr'>iis</span> <span class='ocrx_word' id='word_1_488' title='bbox 3332 1647 3510 1702; x_wconf 85' lang='lat' dir='ltr'>etiam</span> <span class='ocrx_word' id='word_1_489' title='bbox 3545 1649 3693 1718; x_wconf 86' lang='lat' dir='ltr'>epis-</span> 
     </span>
    </p>
   </div>
   <div class='ocr_carea' id='block_1_75' title="bbox 2055 1736 2937 1810">
    <p class='ocr_par' dir='ltr' id='par_1_75' title="bbox 2055 1736 2937 1810">
     <span class='ocr_line' id='line_1_75' title="bbox 2055 1736 2937 1810; baseline -0.002 -17"><span class='ocrx_word' id='word_1_490' title='bbox 2055 1744 2302 1810; x_wconf 90' lang='lat' dir='ltr'>copatus</span> <span class='ocrx_word' id='word_1_491' title='bbox 2322 1753 2541 1792; x_wconf 90' lang='lat' dir='ltr'>nomen</span> <span class='ocrx_word' id='word_1_492' title='bbox 2572 1736 2937 1809; x_wconf 89' lang='lat' dir='ltr'>permittere.</span> 
     </span>
    </p>
   </div>
   <div class='ocr_carea' id='block_1_76' title="bbox 2125 1860 3697 1931">
    <p class='ocr_par' dir='ltr' id='par_1_76' title="bbox 2125 1860 3697 1931">
     <span class='ocr_line' id='line_1_76' title="bbox 2125 1860 3697 1931; baseline -0.002 -14"><span class='ocrx_word' id='word_1_493' title='bbox 2125 1866 2211 1917; x_wconf 84' lang='lat'>27.</span> <span class='ocrx_word' id='word_1_494' title='bbox 2245 1861 2504 1917; x_wconf 88' lang='lat' dir='ltr'>Tandem</span> <span class='ocrx_word' id='word_1_495' title='bbox 2537 1860 2612 1917; x_wconf 93' lang='lat' dir='ltr'>ad</span> <span class='ocrx_word' id='word_1_496' title='bbox 2649 1861 2839 1931; x_wconf 90' lang='lat' dir='ltr'>ipsam</span> <span class='ocrx_word' id='word_1_497' title='bbox 2883 1860 3263 1931; x_wconf 90' lang='lat' dir='ltr'>pervenimus</span> <span class='ocrx_word' id='word_1_498' title='bbox 3307 1860 3507 1931; x_wconf 82' lang='lat' dir='ltr'>Cyrilli</span> <span class='ocrx_word' id='word_1_499' title='bbox 3538 1861 3697 1915; x_wconf 88' lang='lat' dir='ltr'>ordi-</span> 
     </span>
    </p>
   </div>
   <div class='ocr_carea' id='block_1_77' title="bbox 2055 1948 3701 2021">
    <p class='ocr_par' dir='ltr' id='par_1_77' title="bbox 2055 1948 3701 2021">
     <span class='ocr_line' id='line_1_77' title="bbox 2055 1948 3701 2021; baseline -0.003 -12"><span class='ocrx_word' id='word_1_500' title='bbox 2055 1954 2383 2019; x_wconf 88' lang='lat' dir='ltr'>nationem,</span> <span class='ocrx_word' id='word_1_501' title='bbox 2408 1966 2585 2021; x_wconf 86' lang='lat' dir='ltr'>quam</span> <span class='ocrx_word' id='word_1_502' title='bbox 2607 1950 2692 2005; x_wconf 87' lang='lat' dir='ltr'>sic</span> <span class='ocrx_word' id='word_1_503' title='bbox 2723 1948 2906 2004; x_wconf 87' lang='lat' dir='ltr'>refert</span> <span class='ocrx_word' id='word_1_504' title='bbox 2934 1949 2995 2003; x_wconf 92' lang='lat' dir='ltr'>in</span> <span class='ocrx_word' id='word_1_505' title='bbox 3027 1950 3292 2005; x_wconf 81' lang='lat' dir='ltr'>Chronico</span> <span class='ocrx_word' id='word_1_506' title='bbox 3324 1950 3571 2019; x_wconf 82' lang='lat' dir='ltr'>aqualis</span> <span class='ocrx_word' id='word_1_507' title='bbox 3602 1966 3701 2004; x_wconf 88' lang='lat' dir='ltr'>au-</span> 
     </span>
    </p>
   </div>
   <div class='ocr_carea' id='block_1_78' title="bbox 2055 2038 3698 2111">
    <p class='ocr_par' dir='ltr' id='par_1_78' title="bbox 2055 2038 3698 2111">
     <span class='ocr_line' id='line_1_78' title="bbox 2055 2038 3698 2111; baseline -0.003 -13"><span class='ocrx_word' id='word_1_508' title='bbox 2055 2049 2184 2099; x_wconf 92' lang='lat' dir='ltr'>ctor</span> <span class='ocrx_word' id='word_1_509' title='bbox 2212 2048 2271 2097; x_wconf 87' lang='lat' dir='ltr'>et</span> <span class='ocrx_word' id='word_1_510' title='bbox 2298 2040 2458 2097; x_wconf 90' lang='lat' dir='ltr'>omni</span> <span class='ocrx_word' id='word_1_511' title='bbox 2490 2039 2825 2095; x_wconf 89' lang='lat' dir='ltr'>reverentia</span> <span class='ocrx_word' id='word_1_512' title='bbox 2856 2038 3067 2111; x_wconf 89' lang='lat' dir='ltr'>dignus</span> <span class='ocrx_word' id='word_1_513' title='bbox 3102 2040 3698 2109; x_wconf 64' lang='lat' dir='ltr'>Hieronynms,quom</span> 
     </span>
    </p>
   </div>
   <div class='ocr_carea' id='block_1_79' title="bbox 2055 2128 3701 2198">
    <p class='ocr_par' dir='ltr' id='par_1_79' title="bbox 2055 2128 3701 2198">
     <span class='ocr_line' id='line_1_79' title="bbox 2055 2128 3701 2198; baseline -0.004 -9"><span class='ocrx_word' id='word_1_514' title='bbox 2055 2138 2254 2189; x_wconf 89' lang='lat' dir='ltr'>tamen</span> <span class='ocrx_word' id='word_1_515' title='bbox 2284 2130 2581 2186; x_wconf 88' lang='lat' dir='ltr'>incautius</span> <span class='ocrx_word' id='word_1_516' title='bbox 2602 2128 2979 2183; x_wconf 90' lang='lat' dir='ltr'>inimicorum</span> <span class='ocrx_word' id='word_1_517' title='bbox 3000 2128 3199 2198; x_wconf 90' lang='lat' dir='ltr'>Cyrilli</span> <span class='ocrx_word' id='word_1_518' title='bbox 3218 2129 3529 2181; x_wconf 71' lang='lat' dir='ltr'>maledicta</span> <span class='ocrx_word' id='word_1_519' title='bbox 3546 2136 3701 2182; x_wconf 86' lang='lat' dir='ltr'>tran-</span> 
     </span>
    </p>
   </div>
   <div class='ocr_carea' id='block_1_80' title="bbox 2054 2216 3695 2293">
    <p class='ocr_par' dir='ltr' id='par_1_80' title="bbox 2054 2216 3695 2293">
     <span class='ocr_line' id='line_1_80' title="bbox 2054 2216 3695 2293; baseline -0.004 -16"><span class='ocrx_word' id='word_1_520' title='bbox 2054 2222 2361 2293; x_wconf 89' lang='lat' dir='ltr'>scripsisse</span> <span class='ocrx_word' id='word_1_521' title='bbox 2392 2236 2614 2275; x_wconf 88' lang='lat' dir='ltr'>remur.</span> <span class='ocrx_word' id='word_1_522' title='bbox 2652 2224 2779 2273; x_wconf 83' lang='lat' dir='ltr'>Post</span> <span class='ocrx_word' id='word_1_523' title='bbox 2808 2233 2988 2287; x_wconf 86' lang='lat' dir='ltr'>quem,</span> <span class='ocrx_word' id='word_1_524' title='bbox 3024 2216 3357 2271; x_wconf 75' lang='lat' dir='ltr'>Maximum.</span> <span class='ocrx_word' id='word_1_525' title='bbox 3397 2218 3695 2271; x_wconf 67' lang='lat' dir='ltr'>Ecclesiam</span> 
     </span>
    </p>
   </div>
   <div class='ocr_carea' id='block_1_81' title="bbox 2052 2306 3689 2377">
    <p class='ocr_par' dir='ltr' id='par_1_81' title="bbox 2052 2306 3689 2377">
     <span class='ocr_line' id='line_1_81' title="bbox 2052 2306 3689 2377; baseline -0.006 -10"><span class='ocrx_word' id='word_1_526' title='bbox 2052 2312 2255 2367; x_wconf 85' lang='lat' dir='ltr'>Ariani</span> <span class='ocrx_word' id='word_1_527' title='bbox 2285 2310 2594 2368; x_wconf 86' lang='lat' dir='ltr'>invadunt:</span> <span class='ocrx_word' id='word_1_528' title='bbox 2634 2308 2696 2362; x_wconf 88' lang='lat' dir='ltr'>id</span> <span class='ocrx_word' id='word_1_529' title='bbox 2746 2313 2843 2373; x_wconf 88' lang='lat' dir='ltr'>est,</span> <span class='ocrx_word' id='word_1_530' title='bbox 2876 2306 3133 2377; x_wconf 79' lang='lat' dir='ltr'>Cyrillus.</span> <span class='ocrx_word' id='word_1_531' title='bbox 3186 2306 3490 2373; x_wconf 80' lang='lat' dir='ltr'>Eulyehius</span> <span class='ocrx_word' id='word_1_532' title='bbox 3514 2323 3533 2367; x_wconf 88' lang='lat'><strong><em>;</em></strong></span> <span class='ocrx_word' id='word_1_533' title='bbox 3560 2322 3689 2359; x_wconf 82' lang='lat' dir='ltr'>rur-</span> 
     </span>
    </p>
   </div>
   <div class='ocr_carea' id='block_1_82' title="bbox 2050 2395 3689 2471">
    <p class='ocr_par' dir='ltr' id='par_1_82' title="bbox 2050 2395 3689 2471">
     <span class='ocr_line' id='line_1_82' title="bbox 2050 2395 3689 2471; baseline -0.004 -15"><span class='ocrx_word' id='word_1_534' title='bbox 2050 2417 2169 2457; x_wconf 90' lang='lat' dir='ltr'>sum</span> <span class='ocrx_word' id='word_1_535' title='bbox 2210 2400 2467 2471; x_wconf 81' lang='lat' dir='ltr'>L‘yrillus,</span> <span class='ocrx_word' id='word_1_536' title='bbox 2516 2400 2797 2460; x_wconf 78' lang='lat' dir='ltr'>Irenaus;</span> <span class='ocrx_word' id='word_1_537' title='bbox 2854 2398 3018 2450; x_wconf 81' lang='lat' dir='ltr'>tertio</span> <span class='ocrx_word' id='word_1_538' title='bbox 3076 2395 3333 2463; x_wconf 81' lang='lat' dir='ltr'>Cyrillus,</span> <span class='ocrx_word' id='word_1_539' title='bbox 3394 2395 3689 2461; x_wconf 78' lang='lat' dir='ltr'>Hilarius;</span> 
     </span>
    </p>
   </div>
   <div class='ocr_carea' id='block_1_83' title="bbox 2050 2484 3686 2562">
    <p class='ocr_par' dir='ltr' id='par_1_83' title="bbox 2050 2484 3686 2562">
     <span class='ocr_line' id='line_1_83' title="bbox 2050 2484 3686 2562; baseline -0.004 -17"><span class='ocrx_word' id='word_1_540' title='bbox 2050 2496 2249 2562; x_wconf 88' lang='lat' dir='ltr'>quarto</span> <span class='ocrx_word' id='word_1_541' title='bbox 2283 2487 2539 2559; x_wconf 83' lang='lat' dir='ltr'>Cyrillus.</span> <span class='ocrx_word' id='word_1_542' title='bbox 2602 2488 2843 2551; x_wconf 84' lang='lat' dir='ltr'>Quorum</span> <span class='ocrx_word' id='word_1_543' title='bbox 2902 2484 3161 2554; x_wconf 79' lang='lat' dir='ltr'>Cyrillus,</span> <span class='ocrx_word' id='word_1_544' title='bbox 3202 2500 3321 2537; x_wconf 85' lang='lat' dir='ltr'>cum</span> <span class='ocrx_word' id='word_1_545' title='bbox 3357 2501 3389 2535; x_wconf 87' lang='lat' dir='ltr'>a</span> <span class='ocrx_word' id='word_1_546' title='bbox 3444 2487 3686 2538; x_wconf 57' lang='lat' dir='ltr'>Maximo</span> 
     </span>
    </p>
   </div>
   <div class='ocr_carea' id='block_1_84' title="bbox 2047 2574 3691 2649">
    <p class='ocr_par' dir='ltr' id='par_1_84' title="bbox 2047 2574 3691 2649">
     <span class='ocr_line' id='line_1_84' title="bbox 2047 2574 3691 2649; baseline -0.004 -14"><span class='ocrx_word' id='word_1_547' title='bbox 2047 2582 2239 2649; x_wconf 85' lang='lat' dir='ltr'>fuisset</span> <span class='ocrx_word' id='word_1_548' title='bbox 2266 2578 2553 2648; x_wconf 83' lang='lat' dir='ltr'>presbyter</span> <span class='ocrx_word' id='word_1_549' title='bbox 2599 2575 2907 2635; x_wconf 84' lang='lat' dir='ltr'>ordinatus,</span> <span class='ocrx_word' id='word_1_550' title='bbox 2962 2579 3013 2628; x_wconf 90' lang='lat' dir='ltr'>et</span> <span class='ocrx_word' id='word_1_551' title='bbox 3048 2581 3175 2643; x_wconf 86' lang='lat' dir='ltr'>post</span> <span class='ocrx_word' id='word_1_552' title='bbox 3205 2580 3427 2627; x_wconf 79' lang='lat' dir='ltr'>mortem</span> <span class='ocrx_word' id='word_1_553' title='bbox 3463 2574 3578 2643; x_wconf 74' lang='lat' dir='ltr'>ejus</span> <span class='ocrx_word' id='word_1_554' title='bbox 3613 2578 3691 2628; x_wconf 80' lang='lat' dir='ltr'>ita</span> 
     </span>
    </p>
   </div>
   <div class='ocr_carea' id='block_1_85' title="bbox 2048 2661 3691 2736">
    <p class='ocr_par' dir='ltr' id='par_1_85' title="bbox 2048 2661 3691 2736">
     <span class='ocr_line' id='line_1_85' title="bbox 2048 2661 3691 2736; baseline -0.004 -11"><span class='ocrx_word' id='word_1_555' title='bbox 2048 2672 2098 2725; x_wconf 89' lang='lat' dir='ltr'>ei</span> <span class='ocrx_word' id='word_1_556' title='bbox 2125 2669 2193 2724; x_wconf 86' lang='lat' dir='ltr'>ab</span> <span class='ocrx_word' id='word_1_557' title='bbox 2221 2669 2422 2724; x_wconf 87' lang='lat' dir='ltr'>Acacio</span> <span class='ocrx_word' id='word_1_558' title='bbox 2452 2668 2703 2736; x_wconf 87' lang='lat' dir='ltr'>episcopo</span> <span class='ocrx_word' id='word_1_559' title='bbox 2737 2661 3058 2718; x_wconf 66' lang='lat' dir='ltr'>Caesariensi</span> <span class='ocrx_word' id='word_1_560' title='bbox 3087 2669 3138 2717; x_wconf 84' lang='lat' dir='ltr'>et</span> <span class='ocrx_word' id='word_1_561' title='bbox 3170 2665 3379 2717; x_wconf 71' lang='lat' dir='ltr'>caeteris</span> <span class='ocrx_word' id='word_1_562' title='bbox 3426 2665 3691 2732; x_wconf 65' lang='lat' dir='ltr'>episcopis</span> 
     </span>
    </p>
   </div>
   <div class='ocr_carea' id='block_1_86' title="bbox 2050 2754 3691 2832">
    <p class='ocr_par' dir='ltr' id='par_1_86' title="bbox 2050 2754 3691 2832">
     <span class='ocr_line' id='line_1_86' title="bbox 2050 2754 3691 2832; baseline -0.005 -18"><span class='ocrx_word' id='word_1_563' title='bbox 2050 2758 2249 2832; x_wconf 82' lang='lat' dir='ltr'><strong>[XXII]</strong></span> <span class='ocrx_word' id='word_1_564' title='bbox 2280 2759 2513 2812; x_wconf 80' lang='lat' dir='ltr'>Arionis</span> <span class='ocrx_word' id='word_1_565' title='bbox 2542 2757 2884 2826; x_wconf 82' lang='lat' dir='ltr'>episcopatus</span> <span class='ocrx_word' id='word_1_566' title='bbox 2908 2754 3345 2823; x_wconf 77' lang='lat' dir='ltr'>permitteretur.</span> <span class='ocrx_word' id='word_1_567' title='bbox 3388 2755 3435 2807; x_wconf 87' lang='lat' dir='ltr'>si</span> <span class='ocrx_word' id='word_1_568' title='bbox 3466 2755 3691 2807; x_wconf 78' lang='lat' dir='ltr'>ordina-</span> 
     </span>
    </p>
   </div>
   <div class='ocr_carea' id='block_1_87' title="bbox 2048 2842 3694 2915">
    <p class='ocr_par' dir='ltr' id='par_1_87' title="bbox 2048 2842 3694 2915">
     <span class='ocr_line' id='line_1_87' title="bbox 2048 2842 3694 2915; baseline -0.005 -11"><span class='ocrx_word' id='word_1_569' title='bbox 2048 2852 2245 2905; x_wconf 85' lang='lat' dir='ltr'>tionem</span> <span class='ocrx_word' id='word_1_570' title='bbox 2304 2844 2538 2902; x_wconf 64' lang='grc' dir='ltr'>Μαριίωὶ</span> <span class='ocrx_word' id='word_1_571' title='bbox 2591 2843 2975 2915; x_wconf 86' lang='lat' dir='ltr'>repudiasset;</span> <span class='ocrx_word' id='word_1_572' title='bbox 3034 2842 3298 2896; x_wconf 75' lang='lat' dir='ltr'>diaconus</span> <span class='ocrx_word' id='word_1_573' title='bbox 3346 2845 3405 2895; x_wconf 82' lang='lat' dir='ltr'>in</span> <span class='ocrx_word' id='word_1_574' title='bbox 3456 2844 3694 2896; x_wconf 79' lang='lat' dir='ltr'>Ecclesia</span> 
     </span>
    </p>
   </div>
   <div class='ocr_carea' id='block_1_88' title="bbox 2047 2933 3693 3007">
    <p class='ocr_par' dir='ltr' id='par_1_88' title="bbox 2047 2933 3693 3007">
     <span class='ocr_line' id='line_1_88' title="bbox 2047 2933 3693 3007; baseline -0.007 -12"><span class='ocrx_word' id='word_1_575' title='bbox 2047 2940 2492 2995; x_wconf 77' lang='lat' dir='ltr'>administvarit:</span> <span class='ocrx_word' id='word_1_576' title='bbox 2527 2933 2600 2989; x_wconf 91' lang='lat' dir='ltr'>ob</span> <span class='ocrx_word' id='word_1_577' title='bbox 2633 2950 2812 3005; x_wconf 86' lang='lat' dir='ltr'>quam</span> <span class='ocrx_word' id='word_1_578' title='bbox 2842 2934 3209 3007; x_wconf 89' lang='lat' dir='ltr'>impietatem</span> <span class='ocrx_word' id='word_1_579' title='bbox 3243 2934 3535 2987; x_wconf 77' lang='lat' dir='ltr'>sacerdotii</span> <span class='ocrx_word' id='word_1_580' title='bbox 3558 2948 3693 2985; x_wconf 74' lang='lat' dir='ltr'>mer~</span> 
     </span>
    </p>
   </div>
   <div class='ocr_carea' id='block_1_89' title="bbox 2045 3020 3691 3099">
    <p class='ocr_par' dir='ltr' id='par_1_89' title="bbox 2045 3020 3691 3099">
     <span class='ocr_line' id='line_1_89' title="bbox 2045 3020 3691 3099; baseline -0.007 -14"><span class='ocrx_word' id='word_1_581' title='bbox 2045 3030 2170 3086; x_wconf 84' lang='lat' dir='ltr'>cede</span> <span class='ocrx_word' id='word_1_582' title='bbox 2193 3034 2473 3099; x_wconf 85' lang='lat' dir='ltr'>pensatus,</span> <span class='ocrx_word' id='word_1_583' title='bbox 2507 3025 2844 3091; x_wconf 86' lang='lat' dir='ltr'>Heraclium,</span> <span class='ocrx_word' id='word_1_584' title='bbox 2878 3029 2986 3078; x_wconf 92' lang='lat' dir='ltr'>etc.</span> <span class='ocrx_word' id='word_1_585' title='bbox 3012 3024 3251 3078; x_wconf 86' lang='lat' dir='ltr'>Leviora</span> <span class='ocrx_word' id='word_1_586' title='bbox 3284 3024 3554 3084; x_wconf 82' lang='lat' dir='ltr'>Rufinus,</span> <span class='ocrx_word' id='word_1_587' title='bbox 3588 3020 3691 3075; x_wconf 86' lang='lat' dir='ltr'>sed</span> 
     </span>
    </p>
   </div>
   <div class='ocr_carea' id='block_1_90' title="bbox 2045 3111 3690 3188">
    <p class='ocr_par' dir='ltr' id='par_1_90' title="bbox 2045 3111 3690 3188">
     <span class='ocr_line' id='line_1_90' title="bbox 2045 3111 3690 3188; baseline -0.007 -15"><span class='ocrx_word' id='word_1_588' title='bbox 2045 3118 2241 3173; x_wconf 81' lang='lat' dir='ltr'>simile</span> <span class='ocrx_word' id='word_1_589' title='bbox 2256 3113 2907 3188; x_wconf 88' lang='lat' dir='ltr'>quidpiaminsinuans,</span> <span class='ocrx_word' id='word_1_590' title='bbox 2933 3112 3141 3168; x_wconf 89' lang='lat' dir='ltr'>eadem</span> <span class='ocrx_word' id='word_1_591' title='bbox 3158 3128 3289 3165; x_wconf 90' lang='lat' dir='ltr'>cum</span> <span class='ocrx_word' id='word_1_592' title='bbox 3314 3111 3690 3180; x_wconf 78' lang='lat' dir='ltr'>Hieronymo,</span> 
     </span>
    </p>
   </div>
   <div class='ocr_carea' id='block_1_91' title="bbox 1965 3200 3689 3278">
    <p class='ocr_par' dir='ltr' id='par_1_91' title="bbox 1965 3200 3689 3278">
     <span class='ocr_line' id='line_1_91' title="bbox 1965 3200 3689 3278; baseline -0.008 -15"><span class='ocrx_word' id='word_1_593' title='bbox 1965 3212 2008 3278; x_wconf 70' lang='grc' dir='ltr'><strong>ρ</strong></span> <span class='ocrx_word' id='word_1_594' title='bbox 2047 3214 2113 3262; x_wconf 90' lang='lat' dir='ltr'>ut</span> <span class='ocrx_word' id='word_1_595' title='bbox 2139 3206 2391 3271; x_wconf 77' lang='lat' dir='ltr'>videtur,</span> <span class='ocrx_word' id='word_1_596' title='bbox 2428 3204 2685 3260; x_wconf 89' lang='lat' dir='ltr'>scribere</span> <span class='ocrx_word' id='word_1_597' title='bbox 2726 3203 2966 3268; x_wconf 88' lang='lat' dir='ltr'>veritus,</span> <span class='ocrx_word' id='word_1_598' title='bbox 2999 3201 3102 3255; x_wconf 91' lang='lat' dir='ltr'>lib.</span> <span class='ocrx_word' id='word_1_599' title='bbox 3123 3202 3252 3255; x_wconf 83' lang='lat' dir='ltr'>Hist.</span> <span class='ocrx_word' id='word_1_600' title='bbox 3287 3201 3437 3257; x_wconf 83' lang='lat' dir='ltr'>cccl..</span> <span class='ocrx_word' id='word_1_601' title='bbox 3479 3216 3565 3252; x_wconf 75' lang='lat' dir='ltr'>1c.</span> <span class='ocrx_word' id='word_1_602' title='bbox 3601 3200 3689 3261; x_wconf 83' lang='lat'>22,</span> 
     </span>
    </p>
   </div>
   <div class='ocr_carea' id='block_1_92' title="bbox 2044 3290 3688 3366">
    <p class='ocr_par' dir='ltr' id='par_1_92' title="bbox 2044 3290 3688 3366">
     <span class='ocr_line' id='line_1_92' title="bbox 2044 3290 3688 3366; baseline -0.007 -12"><span class='ocrx_word' id='word_1_603' title='bbox 2044 3299 2161 3356; x_wconf 91' lang='lat' dir='ltr'>ait:</span> <span class='ocrx_word' id='word_1_604' title='bbox 2199 3297 2589 3366; x_wconf 80' lang='lat' dir='ltr'>Hierosolymis</span> <span class='ocrx_word' id='word_1_605' title='bbox 2619 3294 2856 3364; x_wconf 81' lang='lat' dir='ltr'>Cyrillus</span> <span class='ocrx_word' id='word_1_606' title='bbox 2898 3297 3024 3362; x_wconf 90' lang='lat' dir='ltr'>post</span> <span class='ocrx_word' id='word_1_607' title='bbox 3070 3292 3392 3348; x_wconf 65' lang='lat' dir='ltr'>Maximum.</span> <span class='ocrx_word' id='word_1_608' title='bbox 3441 3290 3688 3343; x_wconf 70' lang='lat' dir='ltr'>sacerdo-</span> 
     </span>
    </p>
   </div>
   <div class='ocr_carea' id='block_1_93' title="bbox 2044 3380 3687 3455">
    <p class='ocr_par' dir='ltr' id='par_1_93' title="bbox 2044 3380 3687 3455">
     <span class='ocr_line' id='line_1_93' title="bbox 2044 3380 3687 3455; baseline -0.008 -10"><span class='ocrx_word' id='word_1_609' title='bbox 2044 3391 2123 3445; x_wconf 88' lang='lat' dir='ltr'>tio</span> <span class='ocrx_word' id='word_1_610' title='bbox 2152 3390 2378 3455; x_wconf 73' lang='lat' dir='ltr'>confusa</span> <span class='ocrx_word' id='word_1_611' title='bbox 2415 3388 2539 3455; x_wconf 87' lang='lat' dir='ltr'>jam</span> <span class='ocrx_word' id='word_1_612' title='bbox 2596 3385 2942 3438; x_wconf 85' lang='lat' dir='ltr'>ordinatione</span> <span class='ocrx_word' id='word_1_613' title='bbox 2987 3388 3254 3449; x_wconf 83' lang='lat' dir='ltr'>suscepto,</span> <span class='ocrx_word' id='word_1_614' title='bbox 3295 3380 3598 3449; x_wconf 72' lang='lat' dir='ltr'>aliquando</span> <span class='ocrx_word' id='word_1_615' title='bbox 3632 3381 3687 3433; x_wconf 89' lang='lat' dir='ltr'>in</span> 
     </span>
    </p>
   </div>
   <div class='ocr_carea' id='block_1_94' title="bbox 2040 3471 3684 3549">
    <p class='ocr_par' dir='ltr' id='par_1_94' title="bbox 2040 3471 3684 3549">
     <span class='ocr_line' id='line_1_94' title="bbox 2040 3471 3684 3549; baseline -0.008 -15"><span class='ocrx_word' id='word_1_616' title='bbox 2040 3478 2165 3549; x_wconf 81' lang='lat' dir='ltr'>ﬁde,</span> <span class='ocrx_word' id='word_1_617' title='bbox 2198 3491 2398 3546; x_wconf 78' lang='lat' dir='ltr'>sapius</span> <span class='ocrx_word' id='word_1_618' title='bbox 2427 3477 2484 3529; x_wconf 87' lang='lat' dir='ltr'>in</span> <span class='ocrx_word' id='word_1_619' title='bbox 2540 3474 2916 3528; x_wconf 88' lang='lat' dir='ltr'>communione</span> <span class='ocrx_word' id='word_1_620' title='bbox 2970 3471 3221 3525; x_wconf 80' lang='lat' dir='ltr'>variabat</span> <span class='ocrx_word' id='word_1_621' title='bbox 3274 3472 3455 3532; x_wconf 80' lang='lat' dir='ltr'>Quam</span> <span class='ocrx_word' id='word_1_622' title='bbox 3487 3475 3684 3521; x_wconf 73' lang='lat' dir='ltr'>autem</span> 
     </span>
    </p>
   </div>
   <div class='ocr_carea' id='block_1_95' title="bbox 2043 3559 3686 3629">
    <p class='ocr_par' dir='ltr' id='par_1_95' title="bbox 2043 3559 3686 3629">
     <span class='ocr_line' id='line_1_95' title="bbox 2043 3559 3686 3629; baseline -0.008 -6"><span class='ocrx_word' id='word_1_623' title='bbox 2043 3565 2434 3623; x_wconf 88' lang='lat' dir='ltr'>ordinationis</span> <span class='ocrx_word' id='word_1_624' title='bbox 2466 3563 2876 3619; x_wconf 88' lang='lat' dir='ltr'>confusionem</span> <span class='ocrx_word' id='word_1_625' title='bbox 2908 3566 3129 3615; x_wconf 87' lang='lat' dir='ltr'>narrat.</span> <span class='ocrx_word' id='word_1_626' title='bbox 3156 3560 3239 3613; x_wconf 90' lang='lat' dir='ltr'>sic</span> <span class='ocrx_word' id='word_1_627' title='bbox 3264 3559 3550 3628; x_wconf 61' lang='lat' dir='ltr'>intelligo:</span> <span class='ocrx_word' id='word_1_628' title='bbox 3585 3560 3686 3629; x_wconf 84' lang='lat' dir='ltr'>Cy-</span> 
     </span>
    </p>
   </div>
   <div class='ocr_carea' id='block_1_96' title="bbox 2042 3649 3737 3725">
    <p class='ocr_par' dir='ltr' id='par_1_96' title="bbox 2042 3649 3737 3725">
     <span class='ocr_line' id='line_1_96' title="bbox 2042 3649 3737 3725; baseline -0.007 -13"><span class='ocrx_word' id='word_1_629' title='bbox 2042 3657 2245 3712; x_wconf 90' lang='lat' dir='ltr'>rillum</span> <span class='ocrx_word' id='word_1_630' title='bbox 2270 3672 2338 3711; x_wconf 92' lang='lat' dir='ltr'>eo</span> <span class='ocrx_word' id='word_1_631' title='bbox 2359 3661 2622 3725; x_wconf 90' lang='lat' dir='ltr'>tempore</span> <span class='ocrx_word' id='word_1_632' title='bbox 2643 3651 2982 3707; x_wconf 90' lang='lat' dir='ltr'>ordinatum</span> <span class='ocrx_word' id='word_1_633' title='bbox 3008 3651 3495 3721; x_wconf 85' lang='lat' dir='ltr'>episcopum,quo</span> <span class='ocrx_word' id='word_1_634' title='bbox 3516 3649 3681 3701; x_wconf 85' lang='lat' dir='ltr'>Aria—</span> <span class='ocrx_word' id='word_1_635' title='bbox 3730 3651 3737 3655; x_wconf 85' lang='grc'><strong>’</strong></span> 
     </span>
    </p>
   </div>
   <div class='ocr_carea' id='block_1_97' title="bbox 2041 3738 3686 3813">
    <p class='ocr_par' dir='ltr' id='par_1_97' title="bbox 2041 3738 3686 3813">
     <span class='ocr_line' id='line_1_97' title="bbox 2041 3738 3686 3813; baseline -0.007 -12"><span class='ocrx_word' id='word_1_636' title='bbox 2041 3762 2254 3802; x_wconf 90' lang='lat' dir='ltr'>norum</span> <span class='ocrx_word' id='word_1_637' title='bbox 2288 3744 2540 3799; x_wconf 88' lang='lat' dir='ltr'>factione</span> <span class='ocrx_word' id='word_1_638' title='bbox 2555 3741 2775 3813; x_wconf 90' lang='lat' dir='ltr'>passim</span> <span class='ocrx_word' id='word_1_639' title='bbox 2795 3740 3236 3796; x_wconf 91' lang='lat' dir='ltr'>ordinationum</span> <span class='ocrx_word' id='word_1_640' title='bbox 3262 3738 3686 3809; x_wconf 77' lang='lat' dir='ltr'>episcopalium</span> 
     </span>
    </p>
   </div>
   <div class='ocr_carea' id='block_1_98' title="bbox 2043 3829 3687 3904">
    <p class='ocr_par' dir='ltr' id='par_1_98' title="bbox 2043 3829 3687 3904">
     <span class='ocr_line' id='line_1_98' title="bbox 2043 3829 3687 3904; baseline -0.006 -14"><span class='ocrx_word' id='word_1_641' title='bbox 2043 3835 2185 3890; x_wconf 93' lang='lat' dir='ltr'>ordo</span> <span class='ocrx_word' id='word_1_642' title='bbox 2209 3839 2268 3887; x_wconf 88' lang='lat' dir='ltr'>et</span> <span class='ocrx_word' id='word_1_643' title='bbox 2289 3832 2688 3904; x_wconf 88' lang='lat' dir='ltr'>tranquillitas</span> <span class='ocrx_word' id='word_1_644' title='bbox 2707 3829 3163 3892; x_wconf 83' lang='lat' dir='ltr'>perturbabatur</span> <span class='ocrx_word' id='word_1_645' title='bbox 3188 3847 3200 3894; x_wconf 89' lang='lat'><strong>;</strong></span> <span class='ocrx_word' id='word_1_646' title='bbox 3224 3829 3521 3898; x_wconf 83' lang='lat' dir='ltr'>lmjusque</span> <span class='ocrx_word' id='word_1_647' title='bbox 3555 3844 3687 3881; x_wconf 88' lang='lat' dir='ltr'>con-</span> 
     </span>
    </p>
   </div>
   <div class='ocr_carea' id='block_1_99' title="bbox 2041 3916 3692 3994">
    <p class='ocr_par' dir='ltr' id='par_1_99' title="bbox 2041 3916 3692 3994">
     <span class='ocr_line' id='line_1_99' title="bbox 2041 3916 3692 3994; baseline -0.006 -15"><span class='ocrx_word' id='word_1_648' title='bbox 2041 3923 2294 3979; x_wconf 90' lang='lat' dir='ltr'>fusionis</span> <span class='ocrx_word' id='word_1_649' title='bbox 2320 3928 2548 3994; x_wconf 90' lang='lat' dir='ltr'>partem</span> <span class='ocrx_word' id='word_1_650' title='bbox 2580 3922 2839 3990; x_wconf 89' lang='lat' dir='ltr'>aliquam</span> <span class='ocrx_word' id='word_1_651' title='bbox 2867 3919 2927 3973; x_wconf 91' lang='lat' dir='ltr'>in</span> <span class='ocrx_word' id='word_1_652' title='bbox 2959 3918 3342 3990; x_wconf 82' lang='lat' dir='ltr'>Cyrillianam</span> <span class='ocrx_word' id='word_1_653' title='bbox 3374 3916 3692 3970; x_wconf 85' lang='lat' dir='ltr'>ordinatio-</span> 
     </span>
    </p>
   </div>
   <div class='ocr_carea' id='block_1_100' title="bbox 2043 4004 3685 4084">
    <p class='ocr_par' dir='ltr' id='par_1_100' title="bbox 2043 4004 3685 4084">
     <span class='ocr_line' id='line_1_100' title="bbox 2043 4004 3685 4084; baseline -0.007 -15"><span class='ocrx_word' id='word_1_654' title='bbox 2043 4029 2182 4069; x_wconf 89' lang='lat' dir='ltr'>nem</span> <span class='ocrx_word' id='word_1_655' title='bbox 2215 4011 2572 4084; x_wconf 87' lang='lat' dir='ltr'>pervenisse.</span> <span class='ocrx_word' id='word_1_656' title='bbox 2609 4010 2686 4064; x_wconf 92' lang='lat' dir='ltr'>De</span> <span class='ocrx_word' id='word_1_657' title='bbox 2728 4008 2832 4063; x_wconf 86' lang='lat' dir='ltr'>illa</span> <span class='ocrx_word' id='word_1_658' title='bbox 2860 4024 2995 4061; x_wconf 89' lang='lat' dir='ltr'>vero</span> <span class='ocrx_word' id='word_1_659' title='bbox 3038 4006 3240 4078; x_wconf 85' lang='lat' dir='ltr'>Cyrilli</span> <span class='ocrx_word' id='word_1_660' title='bbox 3274 4004 3410 4058; x_wconf 73' lang='lat' dir='ltr'>ﬁdei</span> <span class='ocrx_word' id='word_1_661' title='bbox 3444 4010 3500 4057; x_wconf 76' lang='lat' dir='ltr'>et</span> <span class='ocrx_word' id='word_1_662' title='bbox 3529 4020 3685 4057; x_wconf 88' lang='lat' dir='ltr'>com-</span> 
     </span>
    </p>
   </div>
   <div class='ocr_carea' id='block_1_101' title="bbox 2045 4093 3687 4163">
    <p class='ocr_par' dir='ltr' id='par_1_101' title="bbox 2045 4093 3687 4163">
     <span class='ocr_line' id='line_1_101' title="bbox 2045 4093 3687 4163; baseline -0.008 -5"><span class='ocrx_word' id='word_1_663' title='bbox 2045 4101 2347 4158; x_wconf 77' lang='lat' dir='ltr'>muninnis</span> <span class='ocrx_word' id='word_1_664' title='bbox 2379 4100 2702 4156; x_wconf 89' lang='lat' dir='ltr'>variatione</span> <span class='ocrx_word' id='word_1_665' title='bbox 2729 4097 2896 4153; x_wconf 90' lang='lat' dir='ltr'>alias.</span> <span class='ocrx_word' id='word_1_666' title='bbox 2932 4096 3072 4150; x_wconf 86' lang='lat' dir='ltr'>Illos</span> <span class='ocrx_word' id='word_1_667' title='bbox 3120 4095 3326 4149; x_wconf 90' lang='lat' dir='ltr'>omitto</span> <span class='ocrx_word' id='word_1_668' title='bbox 3360 4094 3457 4163; x_wconf 89' lang='lat' dir='ltr'>qui</span> <span class='ocrx_word' id='word_1_669' title='bbox 3494 4093 3687 4146; x_wconf 75' lang='lat' dir='ltr'>Acacii</span> 
     </span>
    </p>
   </div>
   <div class='ocr_carea' id='block_1_102' title="bbox 2045 4183 3686 4261">
    <p class='ocr_par' dir='ltr' id='par_1_102' title="bbox 2045 4183 3686 4261">
     <span class='ocr_line' id='line_1_102' title="bbox 2045 4183 3686 4261; baseline -0.007 -14"><span class='ocrx_word' id='word_1_670' title='bbox 2045 4199 2104 4248; x_wconf 89' lang='lat' dir='ltr'>et</span> <span class='ocrx_word' id='word_1_671' title='bbox 2124 4190 2446 4261; x_wconf 86' lang='lat' dir='ltr'>Patrophili</span> <span class='ocrx_word' id='word_1_672' title='bbox 2470 4189 2727 4244; x_wconf 88' lang='lat' dir='ltr'>factione</span> <span class='ocrx_word' id='word_1_673' title='bbox 2744 4186 2979 4259; x_wconf 90' lang='lat' dir='ltr'>pulsum</span> <span class='ocrx_word' id='word_1_674' title='bbox 2999 4185 3310 4241; x_wconf 84' lang='lat' dir='ltr'>Maximum</span> <span class='ocrx_word' id='word_1_675' title='bbox 3328 4191 3382 4237; x_wconf 85' lang='lat' dir='ltr'>et</span> <span class='ocrx_word' id='word_1_676' title='bbox 3403 4183 3686 4254; x_wconf 83' lang='lat' dir='ltr'>Cyrillum</span> 
     </span>
    </p>
   </div>
   <div class='ocr_carea' id='block_1_103' title="bbox 2045 4269 3688 4348">
    <p class='ocr_par' dir='ltr' id='par_1_103' title="bbox 2045 4269 3688 4348">
     <span class='ocr_line' id='line_1_103' title="bbox 2045 4269 3688 4348; baseline -0.007 -13"><span class='ocrx_word' id='word_1_677' title='bbox 2045 4281 2383 4336; x_wconf 90' lang='lat' dir='ltr'>institutum</span> <span class='ocrx_word' id='word_1_678' title='bbox 2417 4278 2704 4336; x_wconf 84' lang='lat' dir='ltr'>scribunt.</span> <span class='ocrx_word' id='word_1_679' title='bbox 2737 4291 2990 4348; x_wconf 89' lang='lat' dir='ltr'>quorum</span> <span class='ocrx_word' id='word_1_680' title='bbox 3030 4274 3261 4329; x_wconf 84' lang='lat' dir='ltr'>falsam.</span> <span class='ocrx_word' id='word_1_681' title='bbox 3297 4278 3580 4342; x_wconf 84' lang='lat' dir='ltr'>quantum</span> <span class='ocrx_word' id='word_1_682' title='bbox 3615 4269 3688 4325; x_wconf 84' lang='lat' dir='ltr'>ad</span> 
     </span>
    </p>
   </div>
   <div class='ocr_carea' id='block_1_104' title="bbox 2046 4361 3686 4441">
    <p class='ocr_par' dir='ltr' id='par_1_104' title="bbox 2046 4361 3686 4441">
     <span class='ocr_line' id='line_1_104' title="bbox 2046 4361 3686 4441; baseline -0.008 -14"><span class='ocrx_word' id='word_1_683' title='bbox 2046 4369 2456 4441; x_wconf 87' lang='lat' dir='ltr'>expulsionem</span> <span class='ocrx_word' id='word_1_684' title='bbox 2473 4366 2726 4426; x_wconf 84' lang='lat' dir='ltr'>Maximi.</span> <span class='ocrx_word' id='word_1_685' title='bbox 2752 4365 3107 4420; x_wconf 90' lang='lat' dir='ltr'>sententiam</span> <span class='ocrx_word' id='word_1_686' title='bbox 3124 4361 3495 4417; x_wconf 84' lang='lat' dir='ltr'>ostendimus</span> <span class='ocrx_word' id='word_1_687' title='bbox 3514 4364 3686 4421; x_wconf 77' lang='lat' dir='ltr'>(num.</span> 
     </span>
    </p>
   </div>
   <div class='ocr_carea' id='block_1_105' title="bbox 2044 4453 3689 4529">
    <p class='ocr_par' dir='ltr' id='par_1_105' title="bbox 2044 4453 3689 4529">
     <span class='ocr_line' id='line_1_105' title="bbox 2044 4453 3689 4529; baseline -0.007 -16"><span class='ocrx_word' id='word_1_688' title='bbox 2044 4461 2154 4528; x_wconf 80' lang='lat'>23).</span> <span class='ocrx_word' id='word_1_689' title='bbox 2182 4457 2285 4513; x_wconf 83' lang='lat' dir='ltr'>Hic</span> <span class='ocrx_word' id='word_1_690' title='bbox 2312 4473 2485 4529; x_wconf 90' lang='lat' dir='ltr'>porro</span> <span class='ocrx_word' id='word_1_691' title='bbox 2516 4455 2957 4511; x_wconf 84' lang='lat' dir='ltr'>ostendendum</span> <span class='ocrx_word' id='word_1_692' title='bbox 2988 4453 3364 4523; x_wconf 85' lang='lat' dir='ltr'>suscipimus.</span> <span class='ocrx_word' id='word_1_693' title='bbox 3400 4466 3509 4504; x_wconf 89' lang='lat' dir='ltr'>nec</span> <span class='ocrx_word' id='word_1_694' title='bbox 3540 4454 3689 4504; x_wconf 81' lang='lat' dir='ltr'>Aca-</span> 
     </span>
    </p>
   </div>
   <div class='ocr_carea' id='block_1_106' title="bbox 1970 4542 3690 4647">
    <p class='ocr_par' dir='ltr' id='par_1_106' title="bbox 1970 4542 3690 4647">
     <span class='ocr_line' id='line_1_106' title="bbox 1970 4542 3690 4647; baseline -0.008 -42"><span class='ocrx_word' id='word_1_695' title='bbox 1970 4581 2018 4647; x_wconf 82' lang='lat' dir='ltr'><strong>D</strong></span> <span class='ocrx_word' id='word_1_696' title='bbox 2048 4550 2235 4605; x_wconf 89' lang='lat' dir='ltr'>bitros</span> <span class='ocrx_word' id='word_1_697' title='bbox 2256 4548 2574 4613; x_wconf 85' lang='lat' dir='ltr'>exstitisse,</span> <span class='ocrx_word' id='word_1_698' title='bbox 2602 4561 2713 4600; x_wconf 91' lang='lat' dir='ltr'>nec</span> <span class='ocrx_word' id='word_1_699' title='bbox 2729 4544 3014 4647; x_wconf 51' lang='lat' dir='ltr'>Eyrillu‘m</span> <span class='ocrx_word' id='word_1_700' title='bbox 3040 4558 3169 4642; x_wconf 75' lang='lat' dir='ltr'>sese</span> <span class='ocrx_word' id='word_1_701' title='bbox 3189 4549 3255 4597; x_wconf 90' lang='lat' dir='ltr'>ut</span> <span class='ocrx_word' id='word_1_702' title='bbox 3284 4542 3690 4647; x_wconf 63' lang='lat' dir='ltr'>episcopatum</span> 
     </span>
    </p>
   </div>
   <div class='ocr_carea' id='block_1_107' title="bbox 2049 4630 3689 4709">
    <p class='ocr_par' dir='ltr' id='par_1_107' title="bbox 2049 4630 3689 4709">
     <span class='ocr_line' id='line_1_107' title="bbox 2049 4630 3689 4709; baseline -0.007 -14"><span class='ocrx_word' id='word_1_703' title='bbox 2049 4639 2121 4695; x_wconf 88' lang='lat' dir='ltr'>ab</span> <span class='ocrx_word' id='word_1_704' title='bbox 2146 4639 2229 4694; x_wconf 91' lang='lat' dir='ltr'>eis</span> <span class='ocrx_word' id='word_1_705' title='bbox 2253 4641 2692 4709; x_wconf 90' lang='lat' dir='ltr'>promereretur</span> <span class='ocrx_word' id='word_1_706' title='bbox 2712 4633 2783 4689; x_wconf 91' lang='lat' dir='ltr'>de</span> <span class='ocrx_word' id='word_1_707' title='bbox 2814 4631 3141 4705; x_wconf 86' lang='lat' dir='ltr'>presbyteri</span> <span class='ocrx_word' id='word_1_708' title='bbox 3165 4630 3349 4703; x_wconf 83' lang='lat' dir='ltr'>gradu</span> <span class='ocrx_word' id='word_1_709' title='bbox 3381 4630 3689 4700; x_wconf 84' lang='lat' dir='ltr'>dejecisse;</span> 
     </span>
    </p>
   </div>
   <div class='ocr_carea' id='block_1_108' title="bbox 2048 4721 3689 4799">
    <p class='ocr_par' dir='ltr' id='par_1_108' title="bbox 2048 4721 3689 4799">
     <span class='ocr_line' id='line_1_108' title="bbox 2048 4721 3689 4799; baseline -0.007 -13"><span class='ocrx_word' id='word_1_710' title='bbox 2048 4731 2151 4786; x_wconf 81' lang='lat' dir='ltr'>sed</span> <span class='ocrx_word' id='word_1_711' title='bbox 2183 4728 2255 4784; x_wconf 90' lang='lat' dir='ltr'>ab</span> <span class='ocrx_word' id='word_1_712' title='bbox 2287 4725 2582 4799; x_wconf 81' lang='lat' dir='ltr'>episcopis</span> <span class='ocrx_word' id='word_1_713' title='bbox 2634 4723 2951 4796; x_wconf 86' lang='lat' dir='ltr'>provincia</span> <span class='ocrx_word' id='word_1_714' title='bbox 3004 4722 3285 4777; x_wconf 90' lang='lat' dir='ltr'>canonice</span> <span class='ocrx_word' id='word_1_715' title='bbox 3340 4722 3392 4777; x_wconf 94' lang='lat' dir='ltr'>ei</span> <span class='ocrx_word' id='word_1_716' title='bbox 3425 4721 3496 4776; x_wconf 92' lang='lat' dir='ltr'>de</span> <span class='ocrx_word' id='word_1_717' title='bbox 3528 4738 3689 4775; x_wconf 88' lang='lat' dir='ltr'>more</span> 
     </span>
    </p>
   </div>
   <div class='ocr_carea' id='block_1_109' title="bbox 2047 4821 2568 4878">
    <p class='ocr_par' dir='ltr' id='par_1_109' title="bbox 2047 4821 2568 4878">
     <span class='ocr_line' id='line_1_109' title="bbox 2047 4821 2568 4878; baseline -0.012 -1"><span class='ocrx_word' id='word_1_718' title='bbox 2047 4821 2387 4878; x_wconf 90' lang='lat' dir='ltr'>ordinatum</span> <span class='ocrx_word' id='word_1_719' title='bbox 2418 4833 2568 4873; x_wconf 90' lang='lat' dir='ltr'>esse.</span> 
     </span>
    </p>
   </div>
   <div class='ocr_carea' id='block_1_110' title="bbox 2119 4935 3691 5009">
    <p class='ocr_par' dir='ltr' id='par_1_110' title="bbox 2119 4935 3691 5009">
     <span class='ocr_line' id='line_1_110' title="bbox 2119 4935 3691 5009; baseline -0.008 -6"><span class='ocrx_word' id='word_1_720' title='bbox 2119 4949 2205 5003; x_wconf 91' lang='lat'>28.</span> <span class='ocrx_word' id='word_1_721' title='bbox 2242 4946 2439 5001; x_wconf 90' lang='lat' dir='ltr'>Primo</span> <span class='ocrx_word' id='word_1_722' title='bbox 2473 4942 2629 4997; x_wconf 83' lang='lat' dir='ltr'>enim</span> <span class='ocrx_word' id='word_1_723' title='bbox 2663 4940 2782 4995; x_wconf 92' lang='lat' dir='ltr'>illis</span> <span class='ocrx_word' id='word_1_724' title='bbox 2813 4938 3087 4995; x_wconf 89' lang='lat' dir='ltr'>omnibus</span> <span class='ocrx_word' id='word_1_725' title='bbox 3102 4935 3489 5009; x_wconf 89' lang='lat' dir='ltr'>scriptoribus</span> <span class='ocrx_word' id='word_1_726' title='bbox 3514 4954 3691 5007; x_wconf 87' lang='lat' dir='ltr'>oppo-</span> 
     </span>
    </p>
   </div>
   <div class='ocr_carea' id='block_1_111' title="bbox 2049 5027 3694 5106">
    <p class='ocr_par' dir='ltr' id='par_1_111' title="bbox 2049 5027 3694 5106">
     <span class='ocr_line' id='line_1_111' title="bbox 2049 5027 3694 5106; baseline -0.01 -12"><span class='ocrx_word' id='word_1_727' title='bbox 2049 5038 2248 5094; x_wconf 88' lang='lat' dir='ltr'>nimus</span> <span class='ocrx_word' id='word_1_728' title='bbox 2277 5035 2449 5106; x_wconf 90' lang='lat' dir='ltr'>longe</span> <span class='ocrx_word' id='word_1_729' title='bbox 2480 5031 2847 5103; x_wconf 85' lang='lat' dir='ltr'>superiorem</span> <span class='ocrx_word' id='word_1_730' title='bbox 2876 5028 3113 5083; x_wconf 89' lang='lat' dir='ltr'>Patrum</span> <span class='ocrx_word' id='word_1_731' title='bbox 3137 5027 3374 5083; x_wconf 90' lang='lat' dir='ltr'>concilii</span> <span class='ocrx_word' id='word_1_732' title='bbox 3405 5027 3694 5080; x_wconf 78' lang='lat' dir='ltr'>Constan-</span> 
     </span>
    </p>
   </div>
   <div class='ocr_carea' id='block_1_112' title="bbox 2053 5115 3693 5198">
    <p class='ocr_par' dir='ltr' id='par_1_112' title="bbox 2053 5115 3693 5198">
     <span class='ocr_line' id='line_1_112' title="bbox 2053 5115 3693 5198; baseline -0.009 -15"><span class='ocrx_word' id='word_1_733' title='bbox 2053 5124 2427 5198; x_wconf 88' lang='lat' dir='ltr'>tinopolitani</span> <span class='ocrx_word' id='word_1_734' title='bbox 2459 5119 2806 5176; x_wconf 76' lang='lat' dir='ltr'>acumenici</span> <span class='ocrx_word' id='word_1_735' title='bbox 2840 5136 2873 5173; x_wconf 79' lang='grc' dir='ltr'>ιι</span> <span class='ocrx_word' id='word_1_736' title='bbox 2897 5118 3330 5180; x_wconf 88' lang='lat' dir='ltr'>auctoritatem,</span> <span class='ocrx_word' id='word_1_737' title='bbox 3357 5116 3455 5186; x_wconf 90' lang='lat' dir='ltr'>qui</span> <span class='ocrx_word' id='word_1_738' title='bbox 3488 5116 3545 5167; x_wconf 90' lang='lat' dir='ltr'>in</span> <span class='ocrx_word' id='word_1_739' title='bbox 3570 5115 3693 5184; x_wconf 87' lang='lat' dir='ltr'>epi-</span> 
     </span>
    </p>
   </div>
   <div class='ocr_carea' id='block_1_113' title="bbox 2053 5206 3693 5274">
    <p class='ocr_par' dir='ltr' id='par_1_113' title="bbox 2053 5206 3693 5274">
     <span class='ocr_line' id='line_1_113' title="bbox 2053 5206 3693 5274; baseline -0.009 -1"><span class='ocrx_word' id='word_1_740' title='bbox 2053 5217 2206 5274; x_wconf 89' lang='lat' dir='ltr'>stola</span> <span class='ocrx_word' id='word_1_741' title='bbox 2231 5214 2301 5271; x_wconf 90' lang='lat' dir='ltr'>ad</span> <span class='ocrx_word' id='word_1_742' title='bbox 2327 5215 2644 5269; x_wconf 89' lang='lat' dir='ltr'>Damasum</span> <span class='ocrx_word' id='word_1_743' title='bbox 2666 5206 3693 5264; x_wconf 77' lang='lat' dir='ltr'>etOccidentalesecclesiasticarum</span> 
     </span>
    </p>
   </div>
   <div class='ocr_carea' id='block_1_114' title="bbox 2054 5294 3693 5368">
    <p class='ocr_par' dir='ltr' id='par_1_114' title="bbox 2054 5294 3693 5368">
     <span class='ocr_line' id='line_1_114' title="bbox 2054 5294 3693 5368; baseline -0.01 -6"><span class='ocrx_word' id='word_1_744' title='bbox 2054 5304 2311 5363; x_wconf 90' lang='lat' dir='ltr'>Orientis</span> <span class='ocrx_word' id='word_1_745' title='bbox 2330 5316 2528 5356; x_wconf 90' lang='lat' dir='ltr'>rerum</span> <span class='ocrx_word' id='word_1_746' title='bbox 2558 5306 2771 5355; x_wconf 88' lang='lat' dir='ltr'>statum</span> <span class='ocrx_word' id='word_1_747' title='bbox 2794 5304 3157 5368; x_wconf 78' lang='lat' dir='ltr'>exponentes</span> <span class='ocrx_word' id='word_1_748' title='bbox 3180 5296 3260 5350; x_wconf 88' lang='lat' dir='ltr'>ita</span> <span class='ocrx_word' id='word_1_749' title='bbox 3279 5295 3349 5348; x_wconf 88' lang='lat' dir='ltr'>de</span> <span class='ocrx_word' id='word_1_750' title='bbox 3369 5294 3584 5365; x_wconf 86' lang='lat' dir='ltr'>Cyrillo</span> <span class='ocrx_word' id='word_1_751' title='bbox 3611 5294 3693 5347; x_wconf 91' lang='lat' dir='ltr'>lo-</span> 
     </span>
    </p>
   </div>
   <div class='ocr_carea' id='block_1_115' title="bbox 2056 5386 3694 5467">
    <p class='ocr_par' dir='ltr' id='par_1_115' title="bbox 2056 5386 3694 5467">
     <span class='ocr_line' id='line_1_115' title="bbox 2056 5386 3694 5467; baseline -0.009 -17"><span class='ocrx_word' id='word_1_752' title='bbox 2056 5400 2319 5467; x_wconf 91' lang='lat' dir='ltr'>quuntur</span> <span class='ocrx_word' id='word_1_753' title='bbox 2371 5390 2529 5463; x_wconf 90' lang='lat' dir='ltr'>apud</span> <span class='ocrx_word' id='word_1_754' title='bbox 2577 5388 2925 5444; x_wconf 87' lang='lat' dir='ltr'>Theodoret.</span> <span class='ocrx_word' id='word_1_755' title='bbox 2983 5387 3083 5441; x_wconf 92' lang='lat' dir='ltr'>lib.</span> <span class='ocrx_word' id='word_1_756' title='bbox 3136 5403 3165 5438; x_wconf 93' lang='lat' dir='ltr'>v</span> <span class='ocrx_word' id='word_1_757' title='bbox 3222 5386 3389 5445; x_wconf 82' lang='lat' dir='ltr'>Hist,</span> <span class='ocrx_word' id='word_1_758' title='bbox 3451 5400 3576 5453; x_wconf 89' lang='lat' dir='ltr'>cap.</span> <span class='ocrx_word' id='word_1_759' title='bbox 3614 5386 3694 5435; x_wconf 88' lang='lat'>9:</span> 
     </span>
    </p>
   </div>
   <div class='ocr_carea' id='block_1_116' title="bbox 2052 5478 3693 5553">
    <p class='ocr_par' dir='ltr' id='par_1_116' title="bbox 2052 5478 3693 5553">
     <span class='ocr_line' id='line_1_116' title="bbox 2052 5478 3693 5553; baseline -0.011 -13"><span class='ocrx_word' id='word_1_760' title='bbox 2052 5483 2566 5553; x_wconf 78' lang='lat' dir='ltr'>Hierosolymitana</span> <span class='ocrx_word' id='word_1_761' title='bbox 2589 5485 2768 5534; x_wconf 83' lang='lat' dir='ltr'>autem</span> <span class='ocrx_word' id='word_1_762' title='bbox 2802 5478 3079 5539; x_wconf 77' lang='lat' dir='ltr'>Ecclesia,</span> <span class='ocrx_word' id='word_1_763' title='bbox 3113 5491 3233 5545; x_wconf 77' lang='lat' dir='ltr'>qua</span> <span class='ocrx_word' id='word_1_764' title='bbox 3265 5480 3439 5526; x_wconf 66' lang='lat' dir='ltr'>water</span> <span class='ocrx_word' id='word_1_765' title='bbox 3477 5479 3550 5525; x_wconf 81' lang='lat' dir='ltr'>est</span> <span class='ocrx_word' id='word_1_766' title='bbox 3582 5488 3693 5523; x_wconf 90' lang='lat' dir='ltr'>om-</span> 
     </span>
    </p>
   </div>
   <div class='ocr_carea' id='block_1_117' title="bbox 2053 5562 3695 5635">
    <p class='ocr_par' dir='ltr' id='par_1_117' title="bbox 2053 5562 3695 5635">
     <span class='ocr_line' id='line_1_117' title="bbox 2053 5562 3695 5635; baseline -0.012 -4"><span class='ocrx_word' id='word_1_767' title='bbox 2053 5578 2207 5631; x_wconf 89' lang='lat' dir='ltr'>nium</span> <span class='ocrx_word' id='word_1_768' title='bbox 2235 5572 2620 5635; x_wconf 83' lang='lat' dir='ltr'>Ecrlesiarum,</span> <span class='ocrx_word' id='word_1_769' title='bbox 2673 5567 3175 5623; x_wconf 77' lang='lat' dir='ltr'>reverendissimum</span> <span class='ocrx_word' id='word_1_770' title='bbox 3206 5566 3418 5630; x_wconf 73' lang='lat' dir='ltr'>Deoque</span> <span class='ocrx_word' id='word_1_771' title='bbox 3457 5562 3695 5613; x_wconf 61' lang='lat' dir='ltr'>dilectis-</span> 
     </span>
    </p>
   </div>
   <div class='ocr_carea' id='block_1_118' title="bbox 2054 5650 3695 5733">
    <p class='ocr_par' dir='ltr' id='par_1_118' title="bbox 2054 5650 3695 5733">
     <span class='ocr_line' id='line_1_118' title="bbox 2054 5650 3695 5733; baseline -0.015 -11"><span class='ocrx_word' id='word_1_772' title='bbox 2054 5667 2250 5722; x_wconf 86' lang='lat' dir='ltr'>simum</span> <span class='ocrx_word' id='word_1_773' title='bbox 2307 5660 2571 5733; x_wconf 82' lang='lat' dir='ltr'>Cyrillum</span> <span class='ocrx_word' id='word_1_774' title='bbox 2601 5660 2911 5731; x_wconf 85' lang='lat' dir='ltr'>episc0pum</span> <span class='ocrx_word' id='word_1_775' title='bbox 2969 5671 3075 5710; x_wconf 83' lang='lat' dir='ltr'>esse</span> <span class='ocrx_word' id='word_1_776' title='bbox 3118 5654 3420 5707; x_wconf 75' lang='lat' dir='ltr'>indicamus</span> <span class='ocrx_word' id='word_1_777' title='bbox 3454 5666 3466 5701; x_wconf 85' lang='lat'>:</span> <span class='ocrx_word' id='word_1_778' title='bbox 3500 5650 3596 5717; x_wconf 82' lang='lat' dir='ltr'>qui</span> <span class='ocrx_word' id='word_1_779' title='bbox 3645 5650 3695 5698; x_wconf 89' lang='lat' dir='ltr'>et</span> 
     </span>
    </p>
   </div>
  </div>
