4090 6268
396 412 476 478 η
1682 400 1787 465 na
1834 402 2020 465 vna
2063 405 2131 467 s.
2174 404 2509 473 CYRILLI.
3743 423 3820 483 se

398 548 658 610 canonice
685 546 818 605 olim
845 542 915 603 ab
938 542 1204 618 episcopis
1238 541 1540 617 provinciae
1574 538 1868 598 ordinatus
1908 541 2047 610 fuit,
2084 544 2133 612 Α
2165 541 2255 600 las
2276 545 2625 605 etiterasse:
2645 549 2810 623 atqui
2832 551 3069 609 nullum
3102 554 3229 627 ejus
3243 556 3329 612 rei
3361 564 3822 620 monumentum

397 636 695 699 Μνονικῶς
742 655 802 690 τι
856 633 1003 707 παρὰ
1056 635 1165 688 τῶν
1240 629 1510 707 ἰπαρχίας
1587 629 2053 705 χειροτονηθέντα

397 725 592 798 πάλαι,
623 735 677 783 et
699 727 949 799 plurima
986 726 1160 780 variis
1213 725 1275 778 in
1307 723 1437 778 locis
1488 723 1798 777 certamina
1842 720 2040 776 subiit.

396 820 516 877 Hoc
545 813 1457 890 amplissimoillustrissimoque
1482 810 1746 874 concilii,
1773 809 1933 881 quod
1960 808 2052 863 in-

394 914 488 966 ter
497 907 866 965 mcumenica
878 898 1841 970 uumeratur,testimonio,cadunt
1852 898 2056 953 omnia

397 1015 530 1072 qum
560 998 623 1054 in
654 996 1096 1053 ordinationem
1131 993 1334 1067 Cyrilli
1380 995 1784 1065 congeruntur
1813 987 2052 1060 probra.

398 1091 671 1147 Praesens
701 1088 896 1144 fuerat
931 1085 1189 1158 Cyrillus
1232 1100 1390 1141 anno
1443 1081 1751 1154 superiore
1801 1077 2054 1134 concilio

400 1176 1058 1250 Constantinopolitano
1118 1190 1190 1230 ex
1222 1172 1445 1230 eisdem
1481 1169 1779 1244 episcopis
1809 1183 2054 1241 congre-

399 1272 556 1340 gato,
590 1266 807 1340 quibus
838 1265 965 1336 ipse
997 1263 1126 1320 sine
1157 1262 1338 1318 dubio
1372 1257 1767 1318 ordinationis
1794 1273 1914 1312 sum
1958 1271 2055 1310 ra-

400 1356 624 1413 tionem
654 1358 896 1428 propter
915 1351 1236 1409 maledicta
1263 1350 1645 1406 inimicorum
1678 1347 2054 1417 exposuerat.

400 1445 664 1504 Aderant
693 1443 955 1517 episcopi
986 1441 1322 1514 complures
1365 1438 1678 1496 sanctitate
1709 1434 1976 1507 insignes
2001 1436 2062 1489 et

400 1533 820 1593 ecclesiasticis
859 1531 1030 1588 fastis
1055 1530 1297 1602 ascripti
1321 1546 1340 1584 :
1370 1543 1625 1601 quorum
1663 1524 1869 1598 plures
1898 1538 1928 1578 e
1953 1523 2060 1595 Sy-

401 1626 510 1694 ria,
529 1622 715 1696 aliqui
737 1639 810 1680 ex
832 1620 1151 1677 Palaestina
1170 1618 1464 1685 fortassis,
1497 1614 1828 1674 Orientales
1848 1626 2059 1668 omnes

403 1715 478 1772 de
509 1712 930 1772 ecclesiasticis
953 1710 1136 1784 Syriae
1166 1709 1345 1765 rebus
1378 1707 1594 1763 melius
1621 1720 1764 1761 sane
1787 1699 2063 1758 instructi

406 1821 585 1880 quam
600 1803 1017 1875 Hieronymus,
1042 1799 1284 1855 Latinus
1324 1797 1524 1853 homo.
1550 1793 1898 1851 Scribebant
1934 1789 2062 1845 haec

406 1895 468 1952 in
494 1898 882 1952 monumento
936 1889 1301 1956 authentico,
1342 1888 1406 1944 in
1437 1904 1553 1960 quo
1585 1885 1842 1943 maxime
1875 1883 2065 1963 inter:

405 1991 534 2042 erat
550 1984 703 2040 nihil
729 1982 845 2039 nisi
868 1980 1011 2037 certi
1033 1985 1211 2053 atque
1246 1977 1537 2050 explorati
1564 1975 1816 2048 proponi
1846 1990 1860 2038 ;
1888 1988 1986 2037 ne,
2020 1968 2071 2024 s1

419 2090 538 2148 qua
557 2074 620 2130 in
649 2088 712 2128 re
735 2070 865 2128 falsi
898 2069 1149 2126 convicti
1168 2068 1442 2135 fuissent,
1456 2064 1921 2122 Occidentalium
1931 2061 2057 2133 jam

417 2180 541 2222 non
572 2161 739 2219 valde
769 2160 1090 2217 faventium
1121 2156 1527 2230 querimonias
1585 2157 1887 2227 augerent.
1920 2149 2061 2217 Quis

416 2255 572 2312 hanc
593 2252 1005 2310 auctoritatem
1029 2265 1150 2304 non
1181 2246 1473 2303 anteferat
1516 2244 1694 2300 unius
1718 2239 2060 2311 Hieronymi

417 2343 642 2416 alioqui
673 2342 929 2398 maxime
960 2336 1356 2410 suspiciendas
1381 2330 1749 2392 auctoritati?
1772 2331 1878 2386 Ille
1892 2331 2060 2416 chro:

414 2409 618 2490 nicuin
642 2447 811 2488 suum
821 2427 1029 2502 junior
1047 2409 1205 2483 anno
1224 2424 1529 2498 superiore
1549 2409 2061 2491 Constantinopoli

417 2537 485 2579 ex
516 2521 813 2577 variorum
839 2517 1029 2575 relatu
1060 2521 1165 2573 aut
1209 2514 1459 2587 vulgatis
1508 2510 1886 2569 sermonibus
1917 2509 2059 2565 scri-

416 2610 615 2677 bebat;
640 2625 773 2665 cum
793 2606 1061 2663 nondum
1082 2605 1145 2661 in
1191 2604 1360 2677 Syria
1381 2602 1524 2660 satis
1546 2607 1809 2658 versatus
1832 2599 2060 2665 fuisset,

419 2705 488 2757 ut
514 2699 793 2755 Ecclesia:
824 2697 887 2752 in
917 2696 990 2751 iis
1018 2694 1360 2767 regionibus
1408 2698 1628 2749 statum
1658 2691 1896 2763 penitus
1924 2705 2060 2761 per-

415 2792 709 2855 nosceret;
734 2802 864 2842 sese
915 2783 1287 2841 Paulinianis
1330 2783 1415 2838 ita
1443 2781 1710 2854 partibus
1734 2779 2060 2846 addixerat,

415 2883 483 2935 ut
510 2877 713 2934 omnia
742 2876 804 2932 in
834 2874 1095 2932 deterius
1126 2873 1198 2930 de
1225 2872 1470 2929 diversa;
1500 2871 1685 2943 partis
1721 2867 2063 2926 hominibus

416 2966 731 3039 acciperet;
765 2964 866 3037 qui
894 2963 942 3019 si
991 2967 1126 3035 post
1168 2961 1318 3017 illud
1348 2960 1673 3017 concilium
1704 2959 2060 3030 scripsisset,

417 3055 689 3127 illudque
710 3071 839 3126 ejus
866 3053 937 3109 de
960 3052 1178 3125 Cyrillo
1219 3050 1623 3107 testimonium
1642 3050 1861 3122 [XXIII]
1884 3048 2062 3121 legis-

417 3153 528 3213 set,
550 3161 672 3201 non
692 3144 897 3200 dubito
920 3143 1065 3214 quin
1089 3142 1203 3214 ipsi
1222 3141 1435 3196 fuisset
1457 3139 1704 3211 aequior.
1738 3141 1821 3194 Ac
1844 3155 1905 3193 re
1928 3155 2065 3194 vera

416 3236 480 3293 in
499 3235 758 3305 Catalogo
789 3235 1117 3304 scriptomm
1147 3231 1633 3287 ecclesiasticarum
1662 3229 1835 3301 longe
1860 3233 2067 3300 postea

2161 633 2294 690 istis
2325 638 2701 709 temporibus
2733 644 3066 714 reperitur:
3120 647 3360 701 nonnisi
3417 647 3586 720 longe
3620 659 3830 721 postea

2164 739 2232 779 eo
2263 729 2542 781 amentiae
2594 740 3010 800 pervenerunt.
3073 735 3333 789 Primum
3372 736 3431 790 id
3463 744 3756 795 tentatum
3788 759 3824 799 a

2164 814 2414 889 Georgio
2444 818 2849 876 Alexandrino
2865 824 3022 879 circa
3036 840 3258 880 annum
3279 828 3399 883 356.
3428 829 3581 898 apud
3608 832 3825 886 Athan.

2166 906 2407 978 Apolog.
2437 910 2512 963 ad
2532 911 2816 968 Constant.
2850 931 2909 968 n.
2958 917 3044 980 3l,
3091 921 3148 969 et
3183 933 3249 970 ex
3284 919 3558 973 Marcello
3591 926 3647 974 et
3676 923 3826 976 Fau-

2168 995 2325 1051 stino
2352 997 2539 1052 libelli
2570 1001 2879 1072 supplicis,
2913 1022 2968 1075 p.
3004 1008 3092 1071 '77,
3131 1006 3234 1060 sed
3268 1007 3489 1061 malum
3518 1014 3660 1063 tunc
3702 1028 3825 1067 non

2171 1084 2345 1159 longe
2365 1096 2769 1161 propagatum.
2796 1094 2937 1147 Cum
2983 1095 3140 1149 enim
3166 1096 3417 1150 Basilius
3443 1097 3831 1155 inaudivisset

2173 1175 2937 1237 EustathiumSebastenum
2955 1185 3240 1253 quosdam
3262 1187 3602 1243 reordinare
3617 1204 3829 1245 ausum

2171 1278 2323 1333 esse,
2359 1265 2441 1319 ὅτι
2480 1267 2567 1321 καὶ
2618 1267 3104 1343 ἀναχειροτονῆσαί
3152 1294 3304 1334 τινας
3360 1271 3688 1346 ἐτόλμησεν,
3720 1295 3827 1334 ve-

2167 1368 2268 1409 rus
2295 1371 2369 1409 ne
2400 1374 2604 1413 rumor
2636 1367 2812 1427 esset,
2843 1363 2945 1433 qui
2978 1363 3281 1418 hominem
3304 1366 3569 1420 omnium
3596 1368 3831 1429 horrori

2169 1446 2229 1496 et
2257 1442 2634 1503 detestationi
2666 1449 2974 1520 objiceret.
3009 1469 3084 1507 an
3118 1453 3467 1525 figmentum
3499 1455 3573 1510 ad
3597 1457 3826 1514 calum-

2169 1531 2330 1588 niam
2365 1538 2784 1608 compositum,
2815 1540 3141 1611 dubitavit;
3174 1544 3333 1614 quod
3365 1545 3438 1599 ad
3483 1563 3594 1601 sua
3640 1563 3830 1619 usque

2171 1625 2447 1694 tempora
2477 1626 2683 1683 nullus
2726 1628 2785 1684 id
2834 1629 3251 1687 haereticorum
3302 1634 3563 1705 fecisset,
3597 1633 3628 1688 ὅ
3661 1636 3830 1710 μέχρι

2173 1710 2414 1786 σήμερον
2475 1712 2655 1772 οὐδεὶς
2713 1720 2821 1770 τῶν
2883 1717 3170 1793 αἷρετικῶν
3241 1724 3476 1791 ποιήσας
3562 1722 3831 1799 φαίνεται,

2174 1801 2351 1858 Basil.
2385 1804 2555 1875 epist.
2592 1808 2712 1872 196,
2767 1826 2898 1882 pag.
2945 1814 3070 1866 213.
3122 1813 3238 1867 Cur
3284 1820 3483 1869 autem
3533 1816 3830 1888 przecipue

2177 1889 2497 1947 Maximum
2532 1895 3018 1967 oderatAcacius,
3043 1907 3106 1955 ut
3136 1902 3602 1975 presbyteralem
3627 1906 3830 1978 Cyrilli

2179 1979 2617 2039 ordinationem
2630 1985 2701 2040 ab
2716 1986 2843 2058 ipso
2862 1988 3077 2044 factam
3092 1991 3830 2062 repudiaret,diaconalem

2168 2067 2439 2140 ejusdem
2472 2088 2506 2127 a
2538 2075 2787 2131 Macario
2811 2078 3135 2149 probaret?
3165 2083 3313 2135 Num
3339 2082 3630 2138 infensior
3660 2083 3833 2140 Aria-

2167 2158 2263 2215 nis
2281 2160 2566 2218 Maximus
2588 2182 2766 2235 quam
2808 2169 3116 2231 Macarius.
3146 2188 3261 2241 quo
3286 2172 3570 2228 acriorem
3595 2174 3830 2228 nullum

2165 2264 2319 2319 pene
2341 2249 2574 2307 hostem
2597 2255 2903 2313 habuere?
2930 2276 3111 2329 quem
3150 2261 3323 2315 Arius
3351 2262 3433 2316 uti
3466 2264 3833 2335 praecipuum

2169 2337 2260 2392 sui
2281 2339 2696 2399 adversarium
2720 2352 2905 2413 notat,
2936 2350 3036 2419 qui
3066 2350 3284 2404 Nicaeni
3311 2352 3547 2406 concilii
3565 2352 3625 2407 in
3648 2353 3840 2408 Palm-

2170 2426 2337 2482 stina
2359 2428 2601 2487 decreta
2619 2436 3117 2506 promulgaverat;
3144 2456 3320 2509 quem
3354 2441 3708 2497 Sozomenus
3726 2441 3831 2496 lib.

2170 2513 2230 2585 1t,
2263 2533 2389 2590 cap.
2422 2522 2512 2589 20,
2568 2523 2640 2578 ab
2688 2526 2926 2581 Eusebii
2961 2534 3019 2582 et
3066 2530 3392 2601 Patrophili
3446 2549 3507 2587 se
3565 2549 3837 2587 commu-

2170 2605 2352 2662 nione
2377 2615 2513 2666 ante
2533 2619 2788 2670 mortem
2811 2632 3015 2689 segreg
3028 2634 3158 2673 esse
3181 2619 3380 2674 refert.
3402 2621 3685 2676 Maximus
3704 2639 3844 2678 con-

2170 2696 2265 2751 tra
2294 2698 2482 2755 multa
2512 2703 2751 2759 Arianis
2784 2722 2889 2759 seu
2921 2706 3129 2761 fraude
3166 2707 3470 2780 deceptus,
3521 2727 3624 2765 seu
3652 2711 3704 2765 vi
3732 2711 3841 2766 ad-

2170 2790 2357 2853 actus,
2391 2805 2494 2844 seu
2531 2793 2870 2849 animorum
2922 2794 3157 2850 defectu
3196 2798 3563 2869 gratiﬁcatus
3595 2805 3739 2855 erat.
3774 2801 3830 2856 Si

2169 2879 2485 2946 postquam
2518 2897 2580 2934 se
2607 2881 2933 2938 Athanasio
2980 2884 3338 2956 adjunxerat
3385 2888 3677 2959 Cyrillum
3708 2905 3815 2960 pre

2174 2963 2479 3035 sbyterum
2512 2970 2771 3035 fecisset.
2807 2974 3271 3047 fuissetquidam
3291 2979 3504 3033 Acacio
3528 2980 3819 3051 repudian

2179 3051 2268 3107 dm
2302 3055 2479 3126 hujus
2512 3060 2905 3118 ordinationis
2936 3071 3279 3136 praetextus.
3315 3067 3425 3122 Sed
3459 3084 3529 3121 eo
3563 3074 3835 3139 tempore

2179 3141 2466 3213 Cyrillum
2510 3149 2883 3207 ordinaverat
2926 3172 3042 3224 quo
3090 3156 3258 3210 illum
3304 3157 3481 3211 etiam
3513 3159 3834 3214 Eusebiani

2177 3228 2336 3289 inter
2368 3254 2506 3293 suos
2537 3256 2852 3297 numerare
2884 3249 3176 3314 poterant.
3213 3246 3450 3314 Quinto,
3494 3248 3541 3301 si
3577 3247 3649 3301 ab
3681 3248 3836 3302 acci-

417 3325 639 3396 scripto
662 3299 817 3378 nihil
848 3299 923 3378 ad
957 3321 1088 3393 ejus
1116 3319 1355 3376 Iaudem
1393 3299 1866 3407 magnopere.—at
1916 3317 2068 3372 nihil
2104 3299 2148 3367 ε
2186 3323 2405 3395 pienda
2439 3332 2556 3383 tam
2588 3330 2791 3385 infami
2816 3299 3033 3404 [Χόξιν]
3061 3299 3401 3389 conditione

417 3412 494 3470 ad
515 3411 998 3469 criminationem
1018 3407 1685 3478 refert.Secundo,quod
1709 3405 1928 3461 diserte
1945 3406 2072 3461 sine

416 3503 561 3560 fuco'
579 3506 756 3574 atque
778 3500 1026 3573 ambage
1048 3499 1333 3573 Cyrillum
1354 3498 1588 3554 Arianis
1603 3502 2070 3557 accenset.eum-

421 3609 541 3666 que
563 3607 697 3647 cum
720 3588 952 3645 caeteris
974 3588 1208 3644 Arianis
1230 3587 1506 3643 Ecclesia:
1522 3586 2072 3658 Hierosolymitanaa

420 3679 800 3738 invasorihus
822 3677 1153 3746 confundit;
1188 3676 1447 3750 primum
1477 3677 1539 3732 in
1563 3693 1631 3732 eo
1653 3680 1878 3748 peccat,
1913 3674 2072 3746 quod

421 3771 730 3827 hominem
775 3773 950 3825 sectae
973 3768 1209 3824 Arianae
1250 3767 1411 3834 facit,
1435 3766 1537 3838 qui
1582 3765 1643 3821 in
1665 3764 2073 3821 catechesibus

421 3875 553 3916 eam
578 3858 717 3914 data
743 3873 926 3931 Opera
947 3862 1000 3913 et
1022 3856 1247 3929 pluries
1288 3860 1348 3910 et
1380 3854 1723 3927 gravissime
1741 3853 1982 3921 refellit,
2017 3856 2076 3907 et

422 3949 614 4008 multa
642 3953 850 4022 postea
877 3948 950 4004 ab
982 3947 1218 4004 Arianis
1241 3950 1516 4018 expertus
1535 3951 1625 4001 est
1655 3944 2070 4011 incommoda;

423 4039 642 4097 deinde
674 4037 1041 4111 separandus
1072 4041 1200 4092 erat
1237 4034 1309 4090 ab
1354 4035 1450 4101 iis,
1484 4034 1584 4106 qui
1612 4033 1738 4105 ipso
1770 4034 1833 4089 in
1872 4033 2073 4087 odium

421 4129 731 4186 catholicae
763 4128 903 4183 ﬁdei
932 4126 1006 4182 ab
1042 4124 1276 4180 Arianis
1324 4122 1518 4195 pulso,
1550 4122 1623 4177 ab
1658 4122 1742 4176 eis
1773 4121 1834 4176 in
1870 4120 2073 4176 sedem

421 4218 637 4275 intrusi
660 4217 916 4273 fuerant.
952 4214 1063 4270 Sed
1094 4214 1346 4269 Arianos
1370 4212 1670 4283 appellare
1688 4212 1841 4267 solet
1863 4210 2068 4265 Hiero-

419 4321 637 4380 nymus
668 4307 960 4376 quotquot
988 4300 1314 4356 Meletianis
1348 4299 1610 4371 partibus
1632 4299 1850 4354 addicti
1882 4302 2071 4354 erant.

418 4394 635 4461 Tertio,
670 4392 829 4465 quod
875 4390 1158 4447 Acacium
1208 4394 1268 4445 et
1306 4389 1617 4461 episcopos
1657 4388 1910 4445 Arianos
1940 4391 2078 4461 post

419 4490 675 4542 mortem
688 4481 924 4539 Maximi
937 4478 1216 4536 Ecclesia)
1232 4477 1782 4551 Hierosolymitanaa
1797 4478 2075 4536 arbitros:

422 4579 482 4631 et
505 4574 880 4646 episcopatus
910 4569 1041 4642 ejus
1072 4568 1288 4641 quibus
1318 4567 1539 4626 vellent
1569 4568 1954 4640 permittendi
1978 4567 2078 4625 do'

2185 3415 2527 3472 retrahebat
2553 3420 2760 3492 religio
2792 3428 2849 3476 et
2878 3423 3093 3477 Christi
3129 3431 3636 3480 sacramentorum
3667 3444 3836 3482 reve-

2183 3504 2401 3572 rentia,
2425 3521 2545 3561 non
2570 3509 2845 3579 tangebat
2865 3510 3033 3566 illum
3060 3512 3270 3582 pudor,
3296 3530 3416 3568 non
3440 3515 3693 3585 propriae
3712 3516 3839 3569 exi-

2186 3591 2547 3651 stimationis
2578 3598 2762 3653 cura?
2786 3600 2888 3670 qui
2922 3601 3139 3655 multos
3171 3618 3362 3656 annos
3392 3603 3478 3656 uti
3523 3604 3834 3676 presbyte-

2183 3698 2384 3738 rorum
2415 3686 2645 3755 primus
2678 3693 2859 3742 totam
2891 3706 3043 3759 pene
3069 3690 3392 3745 Ecclesiam
3419 3699 3670 3755 rexerat,
3706 3710 3835 3749 sese

2184 3768 2245 3825 in
2269 3770 2505 3828 diaconi
2527 3775 2776 3847 gradum
2801 3782 2858 3831 et
2879 3777 3141 3833 ofﬁcium
3157 3780 3353 3851 segnis
3369 3780 3838 3852 abjiceret?quis

2185 3859 2245 3914 in
2277 3862 2500 3932 populo
2541 3864 2787 3930 clamor,
2840 3882 2970 3936 quae
3003 3868 3157 3937 apud
3185 3870 3577 3938 provinciales
3607 3872 3835 3941 episco-

2184 3966 2290 4020 pos
2320 3950 2585 4020 infamia,
2620 3953 2887 4008 omnium
2939 3955 3313 4028 indignatio?
3361 3958 3531 4012 Sexto
3567 3958 3829 4026 tandem,

2184 4038 2536 4096 incredibile
2566 4057 2688 4096 non
2718 4043 2901 4099 videri
2934 4044 3111 4100 debet
3131 4047 3282 4100 hanc
3316 4046 3386 4101 ab
3420 4048 3680 4103 inimicis
3707 4049 3837 4119 ejus

2184 4127 2535 4183 intentatam
2566 4130 2627 4184 in
2645 4148 2776 4186 eum
2811 4134 3194 4190 calumniam.
3214 4137 3544 4191 Meletianis
3562 4138 3834 4209 partibus

2187 4215 2435 4279 favebat,
2463 4218 2694 4275 Meletio
2722 4223 2898 4277 etiam
2922 4224 3035 4276 fuit
3060 4224 3838 4283 intimafamiliaritatecon-

2177 4304 2451 4377 junctus.
2478 4308 2626 4363 Satis
2650 4310 2727 4371 id,
2754 4316 2819 4364 ut
2840 4313 3328 4368 Paulinianarum
3354 4316 3609 4385 partium
3630 4333 3842 4387 operas

2187 4395 2251 4449 in
2274 4411 2336 4450 se
2367 4398 2712 4465 concitaret;
2743 4400 3048 4471 multaque
3077 4402 3148 4456 ab
3183 4403 3323 4465 illis,
3356 4410 3422 4458 ut
3453 4422 3558 4459 sro
3589 4406 3719 4460 loco
3752 4406 3843 4460 di-

2186 4501 2414 4564 cemus,
2443 4489 2829 4559 perpetienda
2850 4491 3072 4545 habuit.
3104 4494 3249 4547 Nota
3273 4510 3447 4563 porro
3465 4495 3670 4564 quaain
3691 4497 3844 4550 Pau-

2184 4557 2434 4631 1inianis
2460 4578 3075 4651 partibusregnaverit
3105 4582 3174 4635 de
3208 4582 3561 4638 adversariis
3594 4584 3845 4639 maledi-

424 4664 622 4721 miuos
654 4660 961 4734 supponit.
984 4658 1142 4715 male
1173 4657 1422 4714 omnino
1441 4674 1576 4714 cum
1603 4658 2079 4729 prmsentiPalm-
2118 4648 2168 4717 D
2198 4664 2368 4719 cendi
2391 4648 2651 4723 licentia.
2690 4648 2881 4722 Unum
2908 4670 3243 4741 exemplum
3279 4671 3498 4726 sufﬁcit
3520 4672 3589 4726 de
3610 4673 3842 4729 Melelio

427 4755 598 4810 stium
610 4750 888 4808 Ecclesiae
910 4748 1253 4804 conditione
1267 4752 1486 4803 etstatu
1501 4747 2082 4804 conciliatur.Ariani

427 4840 689 4917 episcopi
720 4840 835 4895 duo
878 4842 1110 4893 tantum
1157 4836 1250 4892 vel
1278 4841 1401 4892 tres
1445 4836 1505 4892 in
1537 4837 1753 4908 quibus
1782 4839 2030 4894 Aeacius
2063 4856 2078 4906 ;

423 4930 622 4988 cmteri
656 4943 865 4985 omnes
896 4942 1148 4983 numero
1180 4924 1651 4999 quatuordecim,
1670 4926 1798 4998 ipso
1822 4944 1937 4998 quo
1962 4930 2079 4983 Ma-

423 5021 619 5077 ximus
638 5018 786 5073 obiit
805 5032 986 5083 anno,
1007 5014 1080 5071 ab
1118 5015 1326 5071 Acacio
1351 5030 1413 5070 se
1437 5014 1795 5079 avulserant,
1826 5017 2075 5089 ejusque

423 5114 483 5167 et
503 5106 864 5181 depositioni
881 5110 939 5161 et
959 5104 2072 5177 excommunicationisubscripserant;

421 5197 718 5273 quomodo
751 5196 889 5252 illos
918 5194 993 5250 ad
1033 5195 1123 5251 sui
1173 5193 1487 5250 arbitrium
1535 5200 1656 5250 tam
1689 5197 1805 5251 cito
1836 5212 2071 5252 aversos

418 5287 685 5353 ﬂexerat,
714 5290 780 5340 ut
808 5283 1033 5356 iniquis
1065 5283 1197 5355 ejus
1228 5282 1641 5340 molitionibus
1672 5286 2073 5358 sulfragaren-

419 5381 520 5434 tur
548 5376 577 5432 ?

490 5468 580 5522 29.
607 5465 848 5532 Quarto,
872 5478 1051 5534 quam
1074 5460 1147 5518 ab
1173 5461 1385 5518 Acacio
1434 5462 1798 5534 propositam
1847 5461 2065 5534 Cyrillo

420 5554 604 5612 refert
617 5551 1115 5618 conditionem,ut
1127 5551 1359 5607 Maximi
1374 5551 1744 5607 ordinatione
1758 5551 2067 5623 repudiata

424 5643 501 5704 ad
530 5642 765 5701 diaconi
790 5642 1038 5717 gradum
1069 5657 1131 5699 se
1164 5641 1466 5714 dejiceret,
1501 5656 1572 5697 ea
1600 5640 2062 5712 supponitAria—

426 5749 536 5794 nos
555 5731 994 5790 Catholicon
1015 5729 1421 5787 ordinationes
1450 5727 1729 5801 rejecisse
1746 5727 1914 5802 quasi
1926 5729 2064 5784 nul-

2194 4758 2253 4809 et
2275 4755 2524 4810 Eusebio
2543 4756 2940 4813 Samosateusi
2969 4776 2981 4823 ;
3017 4759 3138 4829 qui,
3174 4776 3307 4814 cum
3342 4760 3402 4813 in
3434 4761 3687 4816 concilio
3723 4765 3839 4816 An-

2191 4842 2468 4899 tiocheno
2491 4861 2647 4900 anno
2687 4847 2810 4913 363,
2854 4847 3474 4904 consubstantialitem
3510 4856 3712 4905 essent
3745 4867 3838 4905 so-

2194 4931 2378 4988 lemni
2403 4933 2641 4990 decreto
2675 4934 3239 5005 amplexi,inventus
3272 4943 3363 4991 est
3397 4938 3496 5007 qui
3544 4940 3837 5009 petulanti

2186 5021 2405 5092 scripto
2439 5021 2547 5077 sub
2577 5021 2820 5076 nomine
2853 5023 3165 5091 confutatio
3197 5024 3498 5094 hypocrisis
3529 5027 3754 5081 Eusebii
3785 5034 3833 5082 et

2182 5110 2406 5178 Meletii,
2438 5128 2539 5165 eos
2570 5116 2813 5182 negaret
2842 5128 2909 5165 ex
2940 5112 3139 5166 animo
3174 5118 3231 5167 et
3262 5114 3561 5169 sententia
3592 5133 3653 5170 se
3689 5116 3834 5170 ﬁdei

2182 5198 2431 5254 Nicaeum
2463 5198 2797 5265 addixisse;
2834 5216 3088 5270 cumque
3134 5200 3310 5256 ambo
3347 5202 3703 5258 Arianorum
3737 5205 3823 5259 fa—

2180 5288 2376 5344 ctione
2408 5288 2767 5355 exsularent,
2802 5288 3181 5360 perfecerunt
3232 5296 3432 5346 tamen
3486 5291 3739 5357 inimici,
3772 5300 3839 5350 ut

2179 5377 2378 5432 Romae
2412 5379 2699 5433 Damasus
2731 5394 2831 5431 eos
2865 5377 3072 5432 eodem
3109 5384 3373 5451 tempore
3409 5381 3563 5435 inter
3585 5382 3837 5439 Arianos

2176 5471 2617 5533 annumeraret,
2667 5482 2736 5521 ex
2767 5465 2941 5521 Basil.
2996 5467 3167 5538 epist.
3216 5469 3341 5522 32L
3378 5470 3611 5525 Similia
3638 5473 3835 5528 credi-

2175 5571 2307 5610 mus
2321 5555 2605 5627 Cyrillum
2619 5554 2934 5610 maledicta
2952 5563 3253 5627 expertum
3265 5574 3414 5627 ,qnae
3435 5558 3833 5633 Hieronymus

2175 5660 2383 5700 recens
2415 5660 2449 5699 a
2475 5644 2720 5699 Paulino
2753 5643 3084 5711 ordinatus,
3124 5644 3390 5715 ejusdem
3422 5648 3608 5718 partis
3642 5650 3834 5707 homi'

2171 5733 2346 5790 nibus
2376 5732 2512 5805 plus
2541 5749 2710 5804 aequo
2742 5733 3019 5792 credulus
3052 5735 3497 5808 transcripserit
3528 5743 3624 5806 ;et
3657 5738 3828 5796 Ruti-
