4090 6268
324 367 404 428 57
1741 365 2257 434 DISSERTATIO
2303 373 2354 435 ι.
2684 401 2686 403 ›
3678 375 3756 433 ss

326 515 443 556 nus
473 499 828 556 earumdem
860 500 1116 572 partium
1165 499 1470 556 studiosus
1522 514 1644 556 non
1696 499 2000 571 rejecerit.
2027 503 2080 570 Α
2113 520 2234 562 non
2269 508 2472 578 paucis
2510 511 2731 564 mutuas
2787 504 3224 561 communionis
3272 505 3629 561 testimoniis
3663 523 3762 563 re-

409 590 500 644 30.
534 587 689 643 lllud
729 589 970 644 tandem
1022 589 1358 662 Cyrillianm
1391 588 1756 644 ordinationi
1791 589 2000 661 objici-

338 683 460 745 tur,
495 677 653 748 quod
687 678 800 733 sibi
834 679 1079 734 omnino
1103 678 1174 733 ab
1208 679 1441 746 Acacio,
1467 695 1657 751 pravae
1677 695 1781 733 seu
1803 679 2000 750 potius

336 769 634 824 versatilis
666 784 734 822 ac
767 768 996 823 nullius
1013 768 1151 823 ﬁdei
1169 770 1434 833 homine,
1470 785 1660 840 nuper
1689 768 1996 822 Sardicen-

342 859 424 913 sis
454 858 690 912 concilii
705 859 1088 913 auathemate
1103 858 1378 929 perculso
1393 873 1606 912 manus
1625 857 1848 928 imponi
1867 873 1998 927 per-

347 947 807 1004 miserit.Primo
826 948 1164 1002 ordinatum
1197 948 1365 1002 illum
1383 948 1454 1002 ab
1479 947 1690 1001 Acacio
1711 963 1859 1006 esse,
1877 962 1998 1000 non

332 1038 415 1093 ita
445 1044 608 1092 certa
640 1053 738 1091 res
759 1043 850 1092 est
873 1038 1013 1092 utin
1028 1036 1272 1092 dubium
1293 1037 1483 1092 vocari
1509 1053 1627 1091 non
1643 1036 1999 1106 possit,soli-

334 1127 627 1197 dioraque
663 1127 842 1196 hujus
876 1127 1222 1182 assertionis
1263 1125 1656 1182 fundamenta
1685 1124 1994 1196 postulari.

335 1219 477 1272 Nam
501 1216 631 1271 sola
649 1216 1020 1287 Hieronymi,
1053 1216 1307 1271 Socratis
1339 1233 1408 1272 ac
1441 1214 1768 1280 Sozomeni,
1797 1215 1992 1269 Theo-

332 1304 548 1376 phanis
580 1321 650 1360 ac
683 1305 972 1360 similium
1003 1305 1354 1360 auctoritate
1386 1305 1618 1370 nititur,
1644 1318 1898 1374 quorum
1932 1302 1994 1356 in

333 1393 639 1450 narranda
668 1394 872 1466 Cyrilli
896 1394 1271 1450 ordinatione
1299 1400 1636 1466 suspectam
1659 1393 1902 1448 omnino
1926 1390 1997 1446 fl-

335 1482 472 1539 dem
503 1483 906 1554 probavimus.
942 1484 1134 1540 Unum
1165 1484 1226 1539 id
1284 1489 1538 1551 constat,
1571 1482 1643 1538 ab
1701 1481 1994 1553 episcopis

335 1573 657 1644 provinciae
680 1574 969 1629 canonice
991 1574 1330 1629 ordinatum
1362 1590 1491 1630 esse
1532 1571 1838 1644 Cyrillum.
1894 1571 1994 1626 His

342 1666 542 1717 tamen
575 1663 919 1719 auctoribus
949 1664 1238 1719 assentire
1264 1679 1582 1735 possumus
1615 1661 1892 1717 Acacium
1925 1677 1994 1715 ex

338 1751 776 1822 metropolitico
801 1753 939 1822 jure
953 1752 1347 1808 ordinationis
1377 1751 1797 1807 administrum
1816 1747 1992 1804 exsti-

337 1841 480 1896 tisse
503 1841 707 1912 ;idque
723 1847 1266 1912 superstructarum
1292 1842 1354 1896 in
1369 1840 1655 1913 Cyrillum
1669 1838 1995 1894 calumnia—
2028 1869 2070 1931 Β

336 1947 472 1986 rum
503 1930 964 1986 fundamentum
989 1932 1325 1986 exstitisse:
1360 1929 1464 1986 sed
1508 1928 1897 2001 quamobrem
1932 1927 1993 1981 in

343 2020 565 2091 Cyrillo
595 2020 788 2074 fraudi
818 2036 945 2075 esse
980 2019 1191 2075 debeat
1209 2036 1331 2074 non
1363 2019 1549 2074 video.
1597 2015 1870 2072 Nondum
1927 2031 1998 2071 ea

342 2107 758 2182 designaverat
781 2119 816 2162 Λ
829 2109 1028 2165 cacius
1059 2125 1189 2180 qum
1206 2115 1490 2164 aeternam
1514 2106 1740 2162 nomini
1759 2105 1886 2177 ejus
1903 2105 1998 2159 in-

338 2197 586 2253 famiam
618 2198 1002 2254 accersivere.
1035 2200 1100 2253 In
1131 2197 1385 2254 concilio
1443 2195 1804 2252 Seleuciensi
1837 2208 1998 2248 anno

336 2289 440 2344 359
475 2296 536 2343 et
565 2289 1226 2361 ConstantinOpolitano
1262 2288 1404 2342 anni
1427 2285 1995 2358 sequentisAriano-

337 2395 470 2434 rum
505 2379 788 2450 princeps
827 2378 1040 2445 factus,
1074 2379 1291 2433 mirum
1324 2378 1385 2432 in
1418 2375 1660 2431 modum
1688 2374 1750 2428 in
1786 2372 2000 2428 Catho-

340 2470 486 2526 licos
512 2475 575 2522 et
606 2469 1047 2523 semi-Arianos
1071 2467 1609 2537 saeviit,orbemque
1627 2463 1998 2533 totumjussa

338 2560 740 2615 Ariminensis
769 2558 1040 2613 formulas
1100 2557 1556 2629 subscriptione,
1605 2554 1738 2610 labe
1769 2551 1990 2607 infecit.

338 2651 475 2704 Post
505 2650 635 2704 haec
667 2654 867 2703 tamen
899 2648 1124 2704 scelera
1175 2652 1414 2702 sanctos
1463 2643 1761 2700 Meletium
1792 2642 1992 2697 Antio-

338 2738 602 2793 chenum
637 2743 696 2793 et
721 2737 1025 2808 Pelagium
1048 2731 1858 2802 Laodicenum,Athanasium
1881 2732 1996 2786 An-

332 2829 607 2898 cyrinum
672 2827 726 2882 S.
757 2826 955 2882 Basilii
985 2827 1136 2897 epist
1188 2828 1254 2880 53
1287 2831 1346 2881 et
1386 2827 1475 2887 66.
1521 2820 1809 2878 encomiis
1829 2818 1994 2874 cele-

329 2916 526 2985 brem,
572 2917 872 2988 aliosque.
904 2916 1093 2987 pulsis
1124 2917 1422 2988 episcopis
1448 2913 1640 2973 bonis.
1676 2915 1839 2966 extra
1859 2923 1992 2980 pro-

331 3007 526 3078 priam
562 3007 925 3077 provinciam
976 3006 1289 3062 ordinavit.
1316 3007 1545 3070 Quanto
1580 3001 1782 3072 Cyrilli
1817 3012 1997 3054 causa

328 3095 736 3162 favorabilior,
770 3112 946 3166 quem
980 3096 1308 3151 secundum
1341 3111 1602 3150 canones
1653 3092 1724 3147 ab
1757 3086 1994 3162 provin-

329 3186 436 3240 cia:
468 3185 853 3255 metropolita
883 3184 1145 3239 ordinari
1179 3183 1537 3256 oportebat?
1558 3181 1722 3248 Quod
1753 3180 1824 3234 ab
1845 3193 1988 3232 con-

329 3275 467 3330 cilio
501 3273 1478 3330 Sardicensiexauctoratusfuerat
1505 3269 1981 3328 Acacius.locum

329 3381 453 3419 non
485 3363 718 3418 habuit.
754 3364 1169 3434 Episcopatum
1223 3364 1350 3435 ipse
1383 3368 1442 3418 et
1497 3360 1981 3417 communionem

329 3453 800 3510 ecclesiasticam
836 3459 1176 3508 constanter
1219 3453 1430 3520 tenuit,
1463 3451 1628 3506 nullo
1678 3450 1740 3504 in
1771 3449 1862 3503 sui
1894 3447 1984 3501 lo-

328 3561 464 3600 cum
496 3544 694 3617 [XXV]
728 3543 1062 3616 subrogato.
1119 3546 1340 3614 Nempe
1394 3559 1530 3598 cum
1589 3539 1982 3596 conciliorum

332 3633 704 3690 Sardicensis
737 3641 795 3687 et
825 3633 1353 3706 Philippopolitani
1407 3634 1631 3698 Patres,
1683 3627 1984 3700 principes

332 3724 594 3780 adversae
627 3723 812 3794 partis
859 3723 1080 3778 mutuis
1124 3721 1522 3778 anathematis
1570 3717 1983 3790 perculissent,

333 3813 403 3870 de
431 3814 518 3868 rei
546 3813 925 3867 exsecutione
945 3829 1064 3867 non
1087 3812 1406 3868 admodum
1431 3808 1670 3865 solliciti
1696 3812 1835 3862 sunt
1855 3805 1982 3861 visi.

333 3901 942 3973 Sardicenseslegatis
960 3901 1032 3956 ad
1053 3901 1463 3956 Constantium
1485 3897 1987 3967 missisEuphrata

333 3991 681 4048 Coloniensi
707 3997 765 4045 et
788 3991 1095 4046 Vincentio
1117 3992 1418 4062 Capuano,
1446 3989 1505 4044 id
1526 3993 1753 4042 tantum
1781 3990 1984 4057 postu-

333 4082 556 4144 lavere.
585 4086 650 4136 ut
681 4096 830 4152 quos
861 4079 1123 4153 synodus
1154 4097 1188 4134 a
1218 4081 1394 4151 culpa
1436 4078 1642 4134 abesse
1683 4075 1987 4147 judicarat

332 4172 666 4243 episcopos.
699 4170 1024 4240 imperator
1052 4169 1125 4224 ad
1156 4185 1291 4224 suas
1313 4167 1607 4223 Ecclesias
1631 4165 1825 4220 redire
1850 4180 1985 4236 per-

328 4259 864 4330 mitteret,quando
889 4259 1014 4330 ipse
1039 4259 1344 4328 ejecisset:
1370 4258 1730 4313 AthamHist.
1761 4256 1982 4317 Arian.,

328 4367 388 4405 n.
423 4350 606 4404 20.De
639 4348 771 4402 aliis
800 4363 936 4402 vero
968 4347 1027 4402 in
1071 4348 1201 4402 loca
1242 4345 1554 4410 Theodori,
1601 4344 1822 4408 Acacii,
1875 4343 1981 4397 Ur~

328 4439 473 4496 sacii
506 4444 567 4493 et
601 4436 1256 4507 Valentis.depositione
1281 4441 1340 4491 et
1371 4431 1984 4490 excommunicatione

325 4528 752 4584 mulctatorum
771 4525 1273 4588 substituendi,ne
1287 4525 1525 4580 verbum
1542 4523 1988 4595 quidem.Atha-

2105 593 2230 649 felli
2267 603 2480 668 potest,
2516 613 2625 652 nec
2657 611 2903 652 necesse
2934 602 3025 649 est
3057 613 3071 661 ;
3099 612 3232 649 cum
3267 596 3470 649 eodem
3509 596 3637 650 loco
3668 596 3758 652 fa-

2105 688 2301 740 teatur
2327 688 2484 742 intra
2507 687 2811 741 Orientem
2843 685 3177 756 episcopos.
3213 686 3447 738 tametsi
3510 685 3755 742 diversa;

2105 773 2242 828 fidei
2278 777 2650 837 exsisterent,
2679 774 3124 829 indifferentem
3149 780 3347 828 tamen
3380 777 3756 830 communio-

2104 880 2242 918 nem
2274 865 2572 920 habuisse.
2607 866 2751 919 Cum
2785 864 3068 918 nimirum
3102 864 3410 923 Catholici.
3446 865 3754 934 episcopos

2103 953 2418 1008 Arianismi
2474 955 2815 1026 suspicione
2850 953 3190 1008 laborantes
3223 959 3280 1006 et
3312 953 3418 1006 sub
3453 954 3758 1009 catholicis

2103 1043 2164 1097 in
2197 1044 2454 1114 speciem
2487 1043 2956 1115 professionibus
3011 1043 3453 1108 delitescentes,
3490 1043 3754 1114 legitimo

2095 1132 2322 1203 judicio
2355 1134 2703 1188 convincere
2737 1139 2794 1188 et
2825 1132 3038 1203 ejicere
3058 1149 3179 1186 non
3199 1139 3463 1202 possent,
3483 1148 3756 1187 necessa-

2101 1221 2253 1276 riam
2285 1239 2420 1276 cum
2454 1222 2573 1276 illis
2595 1221 3074 1277 communionem
3108 1221 3446 1274 retinebant
3478 1237 3490 1274 :
3517 1221 3575 1274 id
3594 1221 3752 1291 quod

2104 1308 2344 1370 sufﬁcit.
2365 1315 2431 1363 ut
2458 1309 2529 1364 ab
2561 1309 2772 1364 Acacio
2803 1308 3058 1380 Cyrillus
3079 1308 3340 1380 legitime
3374 1309 3634 1379 potuerit
3655 1325 3753 1363 or-

2103 1397 2470 1452 dinationem
2511 1399 2796 1470 recipere.

2172 1489 2257 1542 31.
2283 1487 2590 1558 Cyrilliani
2613 1488 2989 1559 episcopatus
3019 1487 3191 1542 initia
3222 1486 3511 1559 singulari
3547 1487 3752 1542 Hiero-

2103 1577 2346 1648 solymis
2377 1582 2649 1648 portento
2672 1577 3018 1648 consignata
3049 1583 3188 1631 sunt
3217 1578 3307 1646 (‘2).
3344 1577 3633 1631 Nimirum
3658 1575 3751 1630 die

2101 1667 2234 1721 Maii
2266 1666 2519 1737 septima
2548 1683 2642 1722 an.
2678 1667 2771 1719 35t
2811 1666 2968 1721 circa
2997 1667 3200 1720 horam
3227 1667 3340 1720 diei
3377 1666 3752 1728 tertiam,hoc

2101 1763 2191 1811 est
2219 1772 2441 1811 nonam
2501 1762 2769 1811 nostram
2825 1758 3196 1823 matutinam,
3235 1773 3449 1829 magna
3509 1773 3648 1811 crux
3679 1773 3749 1811 ex

2100 1844 2254 1907 luce.
2283 1845 2426 1900 solis
2461 1846 2658 1900 radios
2691 1845 3006 1915 splendore
3065 1863 3374 1916 superans,
3409 1847 3747 1917 complures

2100 1935 2277 1990 horas
2306 1935 2429 1990 visa
2455 1952 2632 2006 super
2662 1940 2926 1989 montem
2962 1935 3261 2004 Golgotha,
3321 1936 3396 1990 ad
3444 1937 3743 1991 Olivarum

2099 2041 2287 2096 usque
2319 2030 2584 2079 montem
2616 2041 2678 2079 se
2738 2025 3082 2079 extendens.
3135 2026 3423 2079 Continuo
3457 2031 3612 2078 totus
3644 2041 3746 2095 po-

2099 2113 2275 2186 pulus
2306 2113 2578 2180 civitatis,
2613 2115 2805 2168 omnis
2838 2115 3048 2177 aetatis,
3103 2130 3296 2180 sexus,
3359 2114 3744 2181 conditionis,

2100 2219 2220 2258 non
2253 2202 2545 2275 indigetes
2573 2209 2824 2270 tantum,
2859 2204 2960 2258 sed
2995 2209 3052 2258 et
3101 2203 3306 2268 exteri,
3340 2203 3658 2257 Christiani
3691 2208 3750 2257 et

2100 2292 2354 2366 gentiles
2386 2292 2458 2347 ad
2489 2293 2802 2348 ecclesiam
2837 2308 3295 2357 accurrere,uno
3319 2292 3516 2346 animo
3542 2299 3598 2346 et
3628 2309 3745 2346 uno

2102 2388 2382 2452 tanquam
2417 2398 2484 2436 ex
2516 2399 2617 2436 ore
2648 2382 2943 2437 Christum
2979 2382 3308 2447 laudantes,
3343 2398 3410 2436 ac
3442 2380 3747 2449 religionis

2101 2471 2231 2542 ejus
2262 2470 2567 2525 veritatem
2599 2470 2823 2525 cmlesti
2855 2470 2974 2524 viso
3023 2468 3467 2540 comprobatam
3492 2486 3608 2523 non
3635 2468 3747 2523 du-

2098 2559 2355 2615 bitantes
2383 2560 2637 2629 Cyrillus
2663 2559 2789 2630 ipse
2819 2559 2972 2628 signi
3002 2559 3269 2613 oculatus
3303 2559 3468 2612 testis
3498 2556 3747 2613 redditis

2097 2650 2358 2723 primum
2389 2651 2506 2704 Deo
2536 2649 3002 2722 gratiis,signum
3028 2649 3138 2703 hoc
3172 2664 3277 2718 per
3301 2649 3525 2702 litteras
3542 2649 3740 2703 statim

2097 2740 2440 2795 Constantio
2481 2739 2938 2812 signiﬁcandum
2969 2739 3344 2804 existimavit,
3374 2739 3744 2810 ratusimpe-

2097 2836 2354 2884 ratorem
2387 2829 2449 2884 in
2508 2829 2815 2902 religionis
2846 2829 3196 2882 Christianae
3229 2843 3429 2881 amore
3457 2844 3562 2898 per
3593 2827 3744 2881 illud

2096 2919 2284 2991 magis
2310 2935 2377 2973 ac
2411 2919 2594 2990 magis
2627 2919 3047 2974 confirmatum
3081 2917 3149 2970 iri
3185 2934 3196 2982 ;
3225 2923 3282 2970 et
3313 2933 3520 2970 novam
3543 2917 3616 2970 ad
3643 2915 3745 2970 de-

2096 3006 2405 3062 bellandos
2438 3007 2635 3061 hostes
2667 3023 2738 3060 ex
2770 3007 2880 3060 hoc
2902 3005 3084 3059 divini
3120 3020 3257 3075 erga
3286 3021 3347 3058 se
3409 3005 3630 3058 amoris
3683 3010 3742 3059 et

2096 3113 2251 3152 curas
2284 3097 2472 3168 signo,
2507 3096 2784 3150 ﬁduciam
2817 3094 3260 3149 etalacritatem
3293 3099 3739 3163 concepturum.

2097 3185 2417 3256 Epistolam
2453 3185 2644 3239 fausta
2675 3184 3014 3255 precatione
3041 3181 3366 3248 concludit,
3387 3199 3517 3251 quas
3551 3182 3742 3236 laudis

2094 3275 2153 3328 in
2181 3274 2422 3328 modum
2451 3273 2787 3339 informata,
2815 3271 3223 3326 Constantium
3265 3271 3436 3325 tacite
3467 3276 3526 3324 et
3555 3270 3737 3324 ofﬁcii

2091 3369 2150 3418 et
2181 3381 2328 3419 veras
2363 3363 2498 3418 ﬁdei
2530 3362 3019 3418 admonet.Multa
3048 3362 3205 3415 circa
3236 3360 3645 3430 hujusostenti
3673 3363 3732 3411 et

2090 3451 2425 3524 Cyrillianaa
2453 3452 2717 3522 epistolas
2739 3449 3232 3504 veritatem.circa
3262 3465 3489 3502 annum
3510 3448 3739 3501 etdiem

2092 3559 2208 3612 quo
2241 3541 2365 3596 visa
2394 3557 2557 3608 crux,
2590 3546 2649 3595 et
2677 3541 2937 3594 diversas
2963 3556 3092 3609 quae
3134 3539 3205 3593 ab
3239 3538 3371 3592 aliis
3401 3537 3744 3592 auctoribus

2093 3630 2432 3685 referuntur
2461 3629 2938 3684 circumstantias
2965 3628 3252 3698 disputari
3273 3627 3497 3682 solent:
3524 3628 3592 3681 de
3609 3628 3743 3698 qui-

2091 3719 2202 3774 bus
2233 3736 2367 3774 cum
2399 3720 2460 3774 in
2483 3719 2887 3774 admonitione
2917 3718 3132 3788 praevia
3172 3718 3232 3770 in
3292 3718 3607 3788 epistolam
3666 3716 3739 3771 ad

2093 3809 2501 3864 Constantium
2535 3809 2675 3864 satis
2707 3825 2815 3863 nos
2847 3809 3065 3862 dixisse
3101 3806 3529 3872 existimemus,
3563 3823 3630 3860 eo
3653 3807 3742 3860 1e—

2093 3903 2316 3954 ctorem
2348 3897 2644 3969 ejusmodi
2701 3914 2902 3954 rerum
2953 3895 3253 3951 curiosum
3312 3894 3742 3950 remittendum

2084 3987 2446 4060 judicamus.

2591 4093 2809 4167 [xxvu
2866 4092 3097 4146 CAPUT
3156 4092 3244 4145 VL

2092 4187 2279 4252 Qualis
2309 4187 2368 4238 in
2394 4186 2738 4255 episcopatus
2783 4185 2956 4252 fuerit
2989 4179 3234 4250 ligo-illus
3263 4197 3281 4235 .·
3340 4179 3574 4235 dissidz'a
3628 4180 3745 4250 ejus

2163 4273 2285 4312 cum
2315 4258 2519 4312 Acacio
2577 4256 2898 4313 Caesariensi
2929 4272 2950 4317 ;
2980 4261 3031 4307 et
3089 4259 3290 4308 mutuas
3331 4255 3623 4322 utriusque
3652 4269 3744 4306 ac-

2165 4332 2486 4383 cusatz'ones.

2164 4438 2231 4490 32
2285 4435 2619 4490 Admodum
2637 4451 2825 4506 pauca
2837 4434 2908 4489 de
2922 4432 3125 4504 Cyrilli
3143 4432 3489 4503 episcopatu
3509 4448 3743 4488 conser-

2092 4525 2243 4580 vavit
2274 4525 2692 4580 historia.Eum
2721 4523 2922 4578 omnia
2955 4522 3226 4576 sublimis
3259 4521 3386 4592 ejus
3417 4521 3744 4577 ofﬁciimu-

322 4618 532 4673 nasius
577 4616 856 4670 Acacium
875 4631 1112 4686 semper
1139 4615 1225 4669 uti
1257 4614 1573 4670 toleratum
1608 4614 1680 4669 ab
1715 4612 1978 4668 Ecclesia
2013 4610 2053 4672 D
2087 4616 2186 4671 nia
2204 4621 2443 4671 strenue
2461 4615 2884 4687 adimplevisse
2921 4619 3079 4668 certo
3113 4613 3410 4667 aestimare
3429 4630 3743 4683 possumus

322 4708 674 4778 episcopum
735 4704 1038 4776 spectavit,
1076 4709 1148 4759 De
1180 4721 1301 4774 syn.
1358 4720 1417 4758 n.
1455 4706 1538 4758 13.
1575 4702 1974 4773 Basiliumque

321 4799 708 4868 Ancyranum
729 4811 848 4849 una
869 4811 1002 4849 cum
1017 4794 1151 4849 aliis
1170 4793 1230 4847 in
1248 4792 1500 4849 concilio
1520 4792 1852 4848 Sardicensi
1875 4809 1974 4848 ex-

320 4885 855 4947 communicatum,
887 4890 955 4939 ut
977 4883 1220 4938 fratrem
1252 4883 1449 4942 habet.
1484 4883 1606 4937 vivo
1641 4883 1779 4937 licet
1836 4885 1975 4938 Mar-

319 4974 496 5042 cello,
531 4973 673 5029 ibid.
711 4991 768 5028 n.
802 4974 892 5027 41.
927 4972 1036 5027 Sed
1068 4989 1259 5043 neque
1292 4971 1845 5027 EusebianiJulium
1865 4974 1972 5026 Ro-

322 5065 987 5135 manum.Protogenem
1007 5061 1669 5124 Sardicensem.Osium.
1705 5061 1976 5116 Gauden-

319 5156 472 5210 tium
521 5152 984 5215 Ariminensem,
1019 5152 1334 5207 Maximum
1388 5152 1794 5206 Trevirensem
1827 5166 1975 5222 quos

317 5245 581 5300 vicissim
615 5242 825 5298 eadem
854 5257 1028 5311 paena
1057 5240 1432 5308 damnarant,
1466 5257 1571 5311 pro
1630 5241 1786 5296 veris
1847 5241 1972 5312 epi-

315 5335 514 5407 scopis
544 5333 768 5390 habere
799 5330 1125 5385 desierunt.
1162 5331 1306 5385 Nam
1364 5331 1523 5402 quod
1572 5331 1838 5386 Socrates
1870 5331 1972 5393 ait,

311 5425 415 5482 lib.
443 5441 501 5491 ιι,
538 5441 664 5495 cap.
697 5424 792 5487 22,
826 5425 1059 5491 ruptam
1090 5419 1275 5475 fuisse
1307 5425 1440 5491 post
1485 5419 1806 5475 concilium
1841 5420 1972 5474 Sar‘

318 5513 560 5569 dicense
593 5508 866 5567 Orientis
897 5523 1030 5563 cum
1063 5507 1380 5564 Occidente
1400 5509 1974 5575 communionem,id

384 5693 460 5766 (2)
488 5689 692 5765 Cyrill.
719 5687 903 5762 epist.
926 5685 1000 5745 ad
1029 5685 1358 5757 Constant.,
1380 5703 1442 5748 n.
1475 5688 1528 5758 4,
1559 5691 1612 5746 ὅ.

2085 4711 2208 4760 tum
2223 4722 2291 4759 ex
2325 4703 2626 4759 laboribus
2650 4721 2797 4774 quos
2824 4703 3016 4757 adhuc
3045 4701 3352 4772 presbyter
3372 4703 3734 4772 perfunctus,

2085 4796 2318 4851 auxisse
2335 4795 2529 4866 potius
2549 4794 2608 4847 in
2625 4794 2968 4864 episcopatu
2985 4808 3162 4861 quam
3181 4791 3472 4846 minuisse
3489 4808 3737 4846 censen-

2085 4884 2196 4939 dus
2227 4889 2334 4951 est,
2373 4889 2496 4938 tum
2528 4899 2598 4937 ex
2620 4881 2857 4936 florenti
2885 4879 3434 4950 Hierosolymitanm
3462 4880 3737 4934 Ecclesia)

2085 4973 2214 5044 ejus
2247 4971 2612 5043 temporibus
2632 4971 3001 5034 statuQuam
3016 4969 3173 5022 enim
3201 4968 3371 5022 multi
3397 4967 3520 5023 illic
3535 4975 3737 5023 essent

2021 5075 2031 5087 '
2085 5061 2296 5127 sancti,
2325 5079 2440 5132 quo
2469 5062 2531 5115 in
2564 5061 2790 5114 honore
2825 5059 3033 5130 pietas,
3063 5059 3358 5129 conjicere
3391 5057 3530 5112 licet
3563 5075 3631 5112 ex
3657 5059 3732 5111 iis

2086 5169 2216 5223 quae
2249 5151 2500 5206 Basilius
2533 5151 2593 5203 in
2628 5149 2800 5220 epist.
2833 5151 2864 5202 4
2888 5148 2962 5203 ad
2981 5148 3340 5202 monachum
3376 5147 3607 5216 lapsum
3633 5147 3732 5214 ait,

2083 5257 2214 5313 pag.
2252 5243 2350 5306 t2;
2387 5255 2522 5293 eum
2553 5254 2767 5308 nempe
2811 5254 2945 5293 cum
2994 5237 3206 5292 Basilio
3257 5237 3385 5306 ipso
3445 5236 3601 5290 circa
3632 5253 3731 5290 an.

2083 5332 2186 5385 357
2210 5328 2677 5398 Hierosolymam
2710 5327 2912 5394 ivisse;
2934 5327 3057 5381 illic
3080 5326 3296 5381 multos
3311 5331 3547 5380 sanctos
3563 5343 3731 5381 oscu-

2084 5420 2309 5485 latum;
2335 5418 2556 5474 multos
2589 5417 2765 5472 etiam
2787 5433 2998 5472 manus
3031 5416 3161 5486 ejus
3184 5415 3268 5469 uti
3304 5420 3732 5469 sanctasattre-

2083 5513 2273 5565 ctasse
2329 5513 2388 5565 et
2443 5507 2795 5578 confovisse,
2855 5505 3106 5578 genibus
3140 5504 3326 5574 ipsius
3368 5502 3728 5574 provolutos.
