4090 6268
376 395 457 454 59
1668 389 1770 448 DE
1816 386 2003 449 VITA
2046 385 2111 446 Β.
2159 384 2502 452 GYRILLI.
3707 399 3784 460 60

379 523 823 582 Praedicationis
853 523 1118 580 ofﬁcium
1157 538 1263 596 per
1311 541 1373 579 se
1405 522 1822 596 adimplevisse
1837 519 2017 593 Cyril—
2048 519 2102 584 Α
2132 520 2344 576 Acacio
2377 538 2690 581 consessus
2713 531 2772 581 et
2789 526 3092 598 dignitatis
3117 529 3362 602 gradum
3388 529 3498 585 sibi
3522 529 3784 585 vindica-

381 616 504 671 lum
537 615 685 670 illud
719 613 1115 686 probat,quod
1142 614 1322 669 etiam
1345 613 1685 668 exsulTarsi
1717 611 1872 683 apud
1889 612 2027 666 bos-

380 707 565 777 pitem
605 705 928 768 Silvanum,
991 703 1389 759 concionandi
1441 702 1705 756 ofﬁcium
1755 702 2030 773 episcopo

380 796 763 868 permittente
793 794 959 866 fungi
991 794 1243 848 voluerit
1265 792 1806 848 exTheodoret.lib.
1835 808 2028 862 Ii,cap.

382 887 469 940 26.
501 887 683 950 Quam
718 885 992 956 largusin
1016 900 1232 956 egenos
1264 886 1562 939 eteITusus
1591 882 2031 940 fueritabunde

380 975 745 1031 declaratum
778 982 867 1030 est
896 974 1207 1029 decantato
1241 975 1340 1028 illo
1364 975 1515 1029 facto
1549 973 1708 1044 quod
1741 973 1854 1044 ipsi
1885 977 2033 1028 Aca-

381 1066 506 1120 cius
537 1064 770 1119 crimini
805 1064 1146 1118 vertitCum
1169 1063 1330 1117 enim
1364 1063 1906 1134 Hierosolymorum
1938 1079 2033 1118 re-

381 1156 619 1228 gionem
651 1155 838 1208 fames
861 1159 1227 1223 occupasset,
1255 1153 1553 1224 egentium
1578 1152 1897 1207 multitudo
1927 1168 2033 1206 ne-

382 1243 655 1301 cessariis
713 1243 1013 1297 alimentis
1046 1241 1329 1296 destituta
1377 1243 1438 1296 in
1469 1241 1775 1312 Cyrillum,
1831 1247 2034 1313 utpote

384 1335 749 1406 episcopum,
784 1333 987 1387 oculos
1019 1332 1293 1402 conjecit.
1328 1332 1469 1385 Cum
1521 1337 1720 1386 autem
1767 1331 2033 1401 pecunia:

384 1423 678 1488 deessent,
714 1421 928 1492 quibus
960 1421 1256 1475 subveniri
1285 1427 1482 1489 posset
1512 1420 2033 1491 egentibus,Cyril-

385 1515 480 1570 lus
514 1511 1110 1567 thesaurosEcclesize
1130 1516 1187 1564 et
1209 1527 1377 1566 sacra
1401 1510 1523 1564 vela
1547 1509 2034 1564 divendidit.Hazc

386 1603 635 1669 Sozom.,
669 1601 771 1655 lib.
809 1618 861 1656 ιν
891 1602 1059 1666 Hist,
1105 1617 1233 1671 cap.
1269 1603 1336 1654 25
1373 1617 1386 1653 :
1423 1599 1565 1670 quid
1593 1599 1732 1654 inde
1766 1605 2034 1654 secutum

383 1698 590 1764 postea
622 1689 1027 1746 narrabimus.

455 1783 540 1835 33.
569 1782 695 1835 Non
724 1780 826 1834 diu
856 1779 1094 1850 quietus
1126 1778 1185 1832 in
1219 1777 1356 1834 sede
1391 1795 1498 1834 sua
1519 1778 1739 1833 mansit
1758 1777 2030 1848 Cyrillus.

2138 609 2240 664 bat
2273 627 2286 664 :
2321 629 2496 682 quem
2517 616 2765 670 Aeacius
2786 616 3067 688 forte.qui
3099 619 3266 674 nulla
3298 620 3547 673 Nicamae
3577 619 3785 689 synodi

2139 703 2469 756 reverentia
2501 705 2834 771 tenebatur,
2857 707 3074 778 Cyrillo
3125 709 3398 780 negabat,
3440 714 3787 779 poteratque

2140 791 2448 846 nonnullis
2478 809 2720 848 suorum
2773 795 3153 851 decessorum
3187 797 3473 867 exemplis
3507 815 3567 852 se
3615 799 3786 865 tueri,

2141 897 2288 952 quos
2320 881 2379 934 in
2403 882 2862 939 Cmsariensibus
2877 885 3078 940 aliisve
3101 904 3221 940 sua!
3255 886 3568 956 provinciae
3589 888 3788 941 conci-

2138 968 2234 1024 liis
2263 987 2441 1041 supra
2497 972 3099 1045 Hierosolymitanum
3134 976 3356 1030 sedisse
3405 983 3791 1031 monumenta

2140 1061 2413 1131 quaedam
2445 1061 2622 1116 fidem
2653 1062 2910 1132 faciunt;
2963 1065 3077 1120 vid.
3135 1066 3341 1120 Euseb.
3403 1066 3505 1122 lib.
3559 1068 3789 1134 vHist.,

2142 1166 2190 1204 c.
2226 1153 2315 1217 23,
2351 1155 2408 1203 et
2435 1150 2539 1204 lib.
2571 1169 2659 1220 vn,
2694 1169 2820 1224 cap.
2857 1157 2906 1207 5.
2942 1155 3197 1225 Cyrillus
3230 1161 3518 1226 praeterea
3571 1155 3789 1208 immu-

2141 1257 2278 1296 nem
2312 1247 2460 1310 se,et
2489 1243 2747 1298 solutum
2770 1246 3232 1316 ajurisdictione
3263 1247 3642 1301 Caesariensis
3666 1246 3792 1316 epi-

2143 1332 2305 1402 scopi
2336 1348 2602 1387 asserere
2637 1334 2792 1388 visus
2824 1341 2930 1389 est.
2994 1337 3159 1399 Nam,
3208 1335 3347 1390 dum
3398 1335 3793 1407 apostolicum

2145 1421 2425 1476 thronum
2457 1422 2894 1495 obtendit,quid
2925 1426 3088 1480 aliud
3111 1443 3289 1496 quam
3322 1427 3710 1498 superiorem,
3736 1431 3797 1481 et

2142 1510 2215 1566 ab
2234 1511 2501 1566 inferiori
2527 1513 2663 1568 sede
2682 1513 3008 1570 immunem
3037 1532 3205 1569 suam
3227 1515 3541 1570 ecclesiam
3561 1515 3796 1570 statuit?

2148 1603 2394 1655 Vocatus
2415 1601 2486 1657 ab
2510 1603 2721 1658 Acacio
2753 1604 2928 1674 injus
2957 1621 3062 1674 per
3079 1604 3386 1659 biennium
3419 1605 3791 1670 continuum,

2145 1690 2352 1746 sistere
2384 1709 2444 1746 se
2478 1695 2892 1764 Acaciojudici
2915 1697 3355 1750 recusavitnon
3377 1696 3796 1751 accusationes

2143 1780 2558 1844 reformidans,
2594 1788 2662 1837 ut
2691 1784 2876 1838 visum
2913 1785 3133 1839 Socrati
3167 1785 3271 1839 lib.
3311 1802 3368 1849 ιι,
3403 1801 3530 1856 cap.
3566 1785 3796 1854 40(illae

387 1872 465 1925 De
493 1869 753 1940 primatu
784 1874 842 1922 et
872 1867 1305 1938 metropolitico
1345 1868 1483 1937 jure
1540 1867 1696 1920 inter
1727 1867 1920 1938 ipsum
1981 1872 2036 1922 et
2070 1881 2120 1949 Β
2151 1870 2311 1924 enim
2337 1870 2668 1935 levissimas,
2695 1878 2844 1928 teste
2874 1874 3242 1929 Theodoreto
3275 1874 3377 1930 lib.
3413 1892 3470 1942 ιι,
3521 1892 3646 1945 cap.
3705 1877 3798 1942 26,

387 1959 662 2014 Acacium
698 1958 905 2012 oborta
919 1956 1485 2020 contentio,mutuas
1503 1956 1910 2011 accusationes
1925 1972 2035 2027 pe-

389 2049 564 2120 perit.
601 2050 850 2118 Arrepta
878 2045 1236 2101 criminandi
1269 2062 1448 2101 causa
1475 2045 1760 2116 Cyrillum
1797 2046 2047 2101 Aeacius

395 2137 457 2192 in
489 2137 741 2193 concilio
775 2153 842 2190 ex
876 2136 1169 2208 episcopis
1189 2135 1572 2190 sibifactione
1598 2136 1936 2206 conjunctis
1951 2135 2049 2190 de-

391 2228 592 2299 posuit
621 2227 778 2281 circa
806 2227 948 2281 anni
980 2228 1081 2280 357
1113 2227 1293 2280 tinem
1349 2225 1443 2279 vel
1497 2226 1599 2280 358
1657 2224 1847 2279 initia.
1909 2226 2047 2291 Quae

390 2317 652 2371 omniaa
708 2315 879 2370 nobis
938 2315 1274 2369 accuratius
1333 2313 1692 2386 indaganda.
1727 2316 1806 2368 Ac
1856 2314 2047 2385 primo

391 2406 632 2479 quidem
667 2406 1114 2460 contentionem
1143 2404 1345 2476 Cyrilli
1374 2404 1444 2460 de
1462 2404 1719 2476 primatu
1743 2420 1892 2475 pene
1913 2421 2050 2459 cum

386 2497 516 2567 ipso
549 2495 750 2565 Cyrilli
776 2495 1120 2566 episcOpatu
1144 2494 1443 2565 incepisse
1473 2494 1809 2566 signiﬁcare
1824 2494 2052 2548 videtur

392 2587 749 2641 Sozomenus
779 2583 882 2638 lib.
918 2601 970 2637 ιν
1024 2586 1194 2646 Hist.,
1231 2599 1359 2654 cap.
1394 2583 1485 2649 25,
1529 2583 1623 2637 his
1663 2582 1891 2638 verbis:
1923 2585 2053 2638 Post

392 2680 702 2744 susceptum
787 2674 1292 2743 Hierosolymorum
1371 2674 1767 2742 episcopatum,
1863 2667 2050 2737 ἐπειδὴ

393 2759 672 2835 ἐπετράπη
695 2761 796 2828 τήν
826 2757 1231 2829 Ἱεροσολύμων
1268 2757 1591 2828 ἐπισκοπήν,
1627 2759 1692 2814 de
1740 2761 1873 2830 jure
1929 2777 2051 2815 me-

397 2852 739 2920 tropolitano
809 2851 1067 2905 adversus
1117 2852 1380 2904 Acacium
1430 2848 1808 2904 Casariensem
1839 2857 2055 2905 contro-

393 2943 626 2997 versiam
656 2947 988 3010 susceperat,
1023 2947 1290 3010 tanquam
1330 2939 1687 3010 apostolicam
1721 2941 1899 2996 sedem
1917 2942 2053 2996 obti-

395 3047 546 3086 nens.
582 3032 818 3086 Brevius
841 3029 1236 3101 remexplicat
1257 3029 1775 3085 Theodoretuslib.
1813 3046 1846 3082 ιι
1882 3031 2049 3097 Hist,

395 3138 523 3193 cap.
560 3124 628 3175 26
663 3138 674 3174 :
706 3121 782 3175 Hi
803 3137 927 3175 cum
957 3122 1022 3175 de
1069 3122 1318 3190 primatu
1361 3121 1507 3174 inter
1534 3135 1590 3174 se
1645 3121 2051 3177 contenderent.

397 3211 723 3280 reipublicw
757 3209 1081 3264 Christiana:
1112 3211 1556 3278 gravissimorum
1612 3209 1882 3264 malorum
1912 3226 2042 3264 cau-

396 3299 980 3372 samprwbuereﬂuid
993 3298 1246 3369 Cyrillus
1265 3298 1572 3368 apostolici
1591 3298 1786 3352 throni
1801 3298 2045 3352 obtentu

399 3389 510 3445 sibi
541 3389 823 3444 adversus
855 3388 1135 3443 Acacium
1168 3391 1488 3458 arrogaret,
1551 3393 1652 3442 aut
1699 3388 1947 3442 Aeacius
1980 3404 2051 3442 ex
2078 3403 2081 3405 ‘

400 3478 856 3550 metropolitano
881 3478 1018 3547 jure
1051 3475 2053 3546 contenderet.inquirendum.Tria

398 3573 631 3624 tantum
664 3567 775 3621 sibi
809 3581 1082 3638 arrogare
1116 3570 1348 3636 poterat
1367 3565 1622 3636 Cyrillus
1653 3582 1665 3620 :
1703 3565 2048 3636 metropoli-

397 3659 525 3713 tica-
545 3657 606 3711 in
638 3655 982 3711 Palmstinas
1005 3654 1296 3710 Ecclesias
1347 3656 1507 3725 jura,
1545 3655 1634 3710 vel
1684 3655 2052 3726 superiorem

399 3747 611 3802 Acacio
643 3761 958 3801 consessus
980 3744 1252 3816 gradum,
1277 3744 1364 3798 vel
1401 3745 1845 3799 immunitatem
1931 3761 2052 3798 suae

401 3835 664 3892 ecclesiae
697 3835 767 3889 ab
801 3833 1459 3905 Acaciijurisdictione.
1496 3833 1783 3904 Cyrillum
1819 3849 1880 3888 se
1929 3849 2053 3888 me-

397 3926 828 3998 tropolitanum
861 3924 1313 3980 Palaastinarum
1342 3922 1743 3978 Ecclesiarum
1794 3923 1909 3977 dici
1954 3939 2054 3977 vo-

400 4017 814 4077 luisse.nul|us
842 4017 1009 4071 testis
1042 4015 1274 4087 prodit:
1327 4032 1437 4069 nec
1487 4031 1660 4085 porro
1718 4014 1777 4070 id
1807 4019 2055 4069 conten-

400 4109 557 4163 disse
585 4106 907 4163 verisimile
931 4112 1038 4161 est.
1065 4104 1635 4175 Hierosolymitanos
1653 4104 1810 4157 enim
1829 4120 2052 4174 praesu-

399 4199 488 4253 les
518 4197 914 4252 honorificum
944 4194 1052 4248 sibi
1084 4194 1299 4248 Nicaani
1323 4193 1562 4247 concilii
1586 4193 1893 4246 decretum
1917 4208 2048 4246 can.

396 4290 426 4340 7
447 4291 786 4356 acceptasse
808 4288 867 4338 et
888 4283 948 4337 in
971 4299 1038 4336 eo
1065 4282 1434 4352 acquievisse
1466 4281 1723 4352 [XXVII]
1781 4280 2052 4336 dubitare

399 4392 518 4431 non
539 4375 677 4430 licet
710 4373 858 4428 Illud
895 4371 1182 4426 Macarius
1214 4387 1369 4424 unus
1394 4387 1423 4425 e
1468 4371 1788 4442 prmcipuis
1813 4371 2052 4427 concilii

401 4464 673 4521 Patribus
695 4465 823 4519 sine
844 4462 1023 4517 dubio
1043 4460 1374 4515 Palaestinis
1399 4458 1680 4514 Ecclesiis
1703 4459 2056 4532 signiﬁcavit

403 4552 907 4625 etpromulgavit;
960 4549 1227 4621 ejusque,
1262 4554 1319 4603 et
1350 4564 1763 4604 successorum
1794 4549 2048 4605 maxime

398 4647 685 4701 intererat
715 4649 779 4698 ut
834 4647 1059 4696 sartum
1109 4640 1528 4711 integrumque
1578 4645 2042 4694 conservaretur-

403 4734 578 4804 Atqui
611 4731 934 4788 concilium
967 4731 1268 4784 Nicamum
1299 4745 1429 4784 can.
1465 4732 1516 4794 7,
1555 4727 1694 4782 dum
1719 4745 1788 4782 ex
1807 4745 2050 4784 consue-

402 4824 606 4879 tudine
629 4828 688 4876 et
739 4820 984 4891 antiqua
1034 4817 1373 4880 traditione,
1418 4824 1886 4888 consequentem
1919 4823 2052 4890 post

398 4919 520 4968 tres
540 4913 834 4982 majorum
869 4909 1098 4964 sedium
1145 4909 1457 4979 episcopos
1509 4909 1890 4978 (Romanum.
1923 4909 2052 4964 Ale-

398 5002 757 5059 xandrinum
783 5004 840 5053 et
861 4997 1402 5061 Antiochenum,de
1425 4997 1642 5068 quibus
1667 4998 1788 5070 agit
1810 5015 1940 5053 can.
1970 4999 2047 5070 6],

405 5089 935 5160 Hierosolymitano
963 5087 1208 5142 honoris
1252 5085 1498 5159 gradum
1533 5092 1744 5150 tuetur,
1785 5087 1943 5143 salva
1995 5093 2053 5142 et

400 5183 629 5252 integra
662 5177 1129 5249 metrOpoIitanaa
1163 5176 1448 5247 urbijura
1477 5192 1716 5232 manere
1738 5177 2007 5232 decernit
2037 5194 2049 5231 :

401 5270 611 5343 Ἐχέτω
667 5267 766 5332 τὴν
825 5263 1153 5320 ἀκολουθίαν
1211 5266 1310 5331 τῆς
1360 5270 1552 5335 τιμῆς,
1602 5269 1670 5337 τῇ
1706 5263 2050 5340 μητροπόλει

399 5358 713 5427 σωζομένου
741 5355 944 5410 οἰκείου
978 5355 1308 5426 ἀξιώματος.
1371 5355 1531 5410 Nihil
1588 5372 1723 5426 ergo
1764 5356 2051 5428 Cyrillum

399 5455 675 5522 putamus
708 5446 1123 5519 metropolitici
1154 5447 1211 5499 in
1229 5444 1608 5500 Palasstinam
1631 5445 1788 5516 juris
1820 5445 1929 5500 sibi
1954 5460 2052 5498 ar-

401 5555 659 5612 rogasse.
694 5540 768 5592 At
797 5554 868 5593 ex
895 5534 1326 5593 consuetudine
1379 5541 1438 5590 et
1484 5535 1622 5606 jure
1681 5534 2052 5605 superiorem

466 5719 489 5753 ³
523 5718 706 5777 Galat.
745 5735 801 5786 ιι,
840 5721 891 5772 ο.

2151 1956 2487 2027 Cyrilloque
2536 1959 2733 2029 potius
2759 1960 3106 2016 honorificus
3158 1978 3334 2032 quam
3369 1963 3663 2025 timendas,
3693 1963 3799 2016 So‘

2150 2061 2296 2099 zom.
2332 2046 2412 2100 lib
2468 2065 2540 2115 iv,
2570 2064 2696 2118 cap.
2723 2052 2832 2118 25),
2867 2051 2969 2104 sed
2993 2051 3221 2106 nullam
3247 2051 3443 2106 Acacii
3475 2052 3539 2105 in
3601 2069 3662 2107 se
3696 2053 3798 2122 ju-

2150 2135 2561 2191 risdictionem
2593 2137 2905 2194 admittere
2966 2140 3187 2194 volens.
3247 2142 3534 2195 Joannem
3594 2141 3801 2211 Cyrilli

2153 2241 2555 2281 successorem
2591 2244 2718 2281 sese
2749 2229 2970 2298 pariter
2985 2229 3488 2300 abjurisdictione
3517 2247 3650 2284 cum
3675 2231 3804 2285 Cae-

2155 2315 2437 2369 sariensis
2469 2316 2885 2387 metropolitaa,
2922 2325 3044 2372 tum
3069 2319 3419 2388 patriarchaa
3446 2320 3802 2374 Antiocheni

2153 2405 2482 2460 immunem
2514 2422 2918 2476 propugnasse
2969 2414 3129 2478 patet
3159 2424 3228 2462 ex
3260 2409 3638 2480 Hieronymo,
3703 2410 3803 2479 qui

2153 2498 2406 2571 graviter
2435 2513 2504 2552 ea
2535 2498 2606 2552 de
2638 2515 2700 2552 re
2731 2515 2865 2553 cum
2898 2500 3025 2570 ipso
3079 2500 3430 2571 expostulat,
3493 2507 3550 2555 et
3581 2501 3802 2555 Nicami

2155 2586 2393 2642 concilii
2425 2588 2838 2642 auctoritatem
2866 2588 3082 2660 allegat
3102 2591 3272 2660 epist.
3307 2593 3394 2650 61.
3428 2590 3805 2645 nov.edit.38.

2155 2675 2403 2731 Aeacius
2435 2677 2563 2730 sine
2587 2676 2765 2731 dubio
2788 2679 3229 2748 metropolitica
3247 2695 3366 2733 sum
3390 2679 3450 2732 in
3475 2679 3808 2751 Hierosoly-

2157 2766 2444 2819 mitanam
2475 2765 2752 2820 Ecclesiae
2775 2767 2914 2837 jura
2947 2768 3239 2834 tuebatur,
3261 2773 3607 2839 poteratque
3631 2785 3694 2821 se
3714 2787 3808 2839 sy-

2157 2854 2298 2909 nodi
2326 2855 2596 2917 Nicamee,
2622 2853 2917 2924 siquidem
2951 2872 3019 2909 ea
3050 2855 3296 2910 auderet
3326 2857 3431 2923 uti,
3471 2862 3805 2928 protegere.

2159 2944 2302 2998 Ilinc
2325 2943 2628 3014 pr0prium
2642 2943 2842 3015 Cyrilli
2861 2945 3126 3015 judicem
3147 2946 3522 3017 agebat,eum
3543 2946 3809 3002 vocando

2157 3033 2339 3103 injus
2356 3049 2422 3087 ac
2455 3033 2711 3102 denique
2739 3033 3090 3105 judicando.

2230 3125 2313 3177 34.
2349 3123 2671 3192 Cujusnam
2705 3129 2861 3178 esset
2886 3140 3064 3178 causa
3086 3125 3296 3195 potior,
3350 3124 3546 3180 Acacii
3599 3140 3674 3178 an
3699 3126 3812 3195 Cy-

2158 3212 2276 3267 rilli
2309 3212 2459 3266 forte
2483 3212 2985 3282 lectorinquirat;
3014 3219 3072 3268 et
3111 3220 3308 3268 utrum
3366 3231 3494 3267 vere
3529 3231 3632 3268 seu
3663 3231 3807 3270 con-

2159 3301 2474 3357 suetudine
2508 3317 2610 3355 seu
2634 3303 2770 3371 jure
2801 3301 3086 3356 immunis
3118 3303 3371 3357 essetab
3426 3303 3810 3358 Caesariensis

2159 3389 2848 3460 episcopijurisdictione
2870 3391 3441 3462 Hierosolymitanus
3467 3392 3808 3462 episcopus,

2159 3494 2503 3549 quanquam
2521 3479 2647 3548 ipse
2671 3479 2898 3533 nullam
2932 3479 2990 3533 in
3011 3480 3161 3534 alios
3184 3481 3281 3550 qui
3318 3481 3428 3534 sibi
3453 3480 3706 3550 subjecti
3728 3481 3809 3535 fo—

2159 3571 2292 3620 rent
2321 3573 2662 3626 exerceret:
2699 3583 2771 3622 an
2822 3568 3074 3622 aliorum
3131 3569 3581 3639 provincialium
3641 3585 3810 3624 more

2159 3656 2507 3711 Caesariensi
2540 3657 2857 3728 metropoli
2887 3656 3176 3722 subesset,
3224 3659 3419 3728 priore
3467 3660 3621 3712 inter
3649 3660 3810 3728 ipsos

2159 3745 2288 3800 loco
2311 3751 2369 3799 et
2388 3745 2570 3818 gradu
2588 3753 2722 3816 post
2744 3747 3265 3816 metrOpolitanum
3290 3747 3807 3812 contentus?Quaa-

2160 3835 2271 3890 stio
2298 3841 2386 3889 est
2407 3835 2774 3890 eruditorum
2799 3837 3285 3891 contentionibus
3308 3838 3563 3892 maxime
3587 3838 3807 3909 agitata

2160 3930 2219 3979 et
2247 3930 2677 3994 versata,quam
2709 3924 2957 3979 deﬁnire
2988 3942 3107 3979 non
3129 3925 3301 3981 facile
3324 3932 3432 3981 est.
3475 3928 3613 3980 Eam
3639 3926 3806 3981 litem

2160 4028 2519 4083 componere
2550 4013 2734 4066 nostri
2771 4029 2889 4066 non
2915 4019 3004 4067 est
3034 4015 3287 4069 instituti
3317 4032 3428 4069 nec
3473 4015 3682 4069 virium
3712 4033 3812 4070 no-

2161 4106 2436 4156 strarum.
2472 4101 2657 4164 Quam
2714 4106 2912 4156 tamen
2944 4119 3186 4173 prorsus
3234 4103 3519 4158 intactam
3551 4102 3812 4175 relinqui

2159 4189 2324 4244 locus
2356 4190 2465 4244 iste
2498 4207 2614 4244 non
2643 4191 2886 4261 patitur.
2920 4191 3163 4245 Videtur
3195 4193 3368 4246 nobis
3397 4193 3653 4263 Cyrillus
3674 4193 3813 4266 legi-

2161 4279 2305 4333 tima
2335 4278 2612 4333 Ecclesia:
2635 4296 2756 4334 suae
2789 4279 2859 4334 ab
2916 4281 3077 4334 omni
3133 4280 3515 4335 Caesariensis
3549 4280 3812 4351 episcopi

2144 4367 2574 4454 .jurisdictione
2628 4368 2828 4423 libera:
2878 4369 3020 4440 jura
3075 4370 3452 4424 sustinuisse.
3510 4369 3574 4423 ld
3607 4370 3817 4424 suadet

2159 4458 2351 4529 primo
2371 4457 2680 4529 apostolici
2706 4458 2899 4512 throni
2917 4458 3144 4512 titulus.
3172 4459 3431 4512 Primum:
3468 4460 3812 4530 episcopum

2165 4547 2454 4602 habuerat
2483 4547 2537 4602 S.
2590 4547 2871 4603 Iacobum
2924 4549 3166 4601 fratrem
3209 4548 3463 4613 Domini,
3525 4549 3624 4618 qui
3687 4551 3811 4620 ipse

2164 4637 2485 4692 multorum
2517 4637 2798 4708 opinione
2831 4636 2936 4691 fuit
2963 4637 3361 4706 apostolorum
3388 4654 3578 4703 unus;
3602 4637 3813 4692 saltem

2159 4733 2403 4798 propter
2449 4727 2724 4782 eximiam
2803 4727 2910 4780 viri
2962 4726 3205 4798 [XXVII]
3253 4729 3526 4781 virtutem
3571 4734 3629 4781 et
3679 4743 3814 4782 cum

2160 4816 2414 4871 Domino
2449 4815 3027 4888 consanguinitatem
3053 4833 3158 4886 par
3188 4816 3333 4887 ipsis
3365 4816 3649 4887 apostolis
3673 4832 3816 4871 cen—

2167 4905 2428 4960 sebatur.
2461 4907 2607 4960 Eum
2640 4905 2860 4959 Paulus
2883 4911 3020 4960 ante
3053 4906 3292 4960 Petrum
3323 4905 3502 4960 etiam
3552 4912 3610 4960 et
3631 4906 3812 4960 Joan-

2160 5010 2298 5049 nem
2331 4994 2801 5056 nominans,tres
2835 4993 2968 5048 illas
2986 4993 3264 5048 Ecclesia)
3288 4993 3594 5049 columnas
3609 4993 3812 5064 appel-

2161 5084 2246 5138 lat
2274 5083 2651 5154 3.Epistolam
2686 5084 2816 5154 ejus
2848 5083 3111 5138 Ecclesia
3141 5100 3276 5137 cum
3310 5083 3541 5138 caeteris
3573 5088 3810 5154 aposto—

2162 5173 2355 5227 lorum
2407 5173 2644 5244 scriptis
2695 5173 2755 5226 in
2807 5171 3147 5226 divinorum
3198 5172 3486 5227 librorum
3522 5187 3812 5227 canonem

2162 5263 2529 5319 contulit.Ab
2555 5264 2680 5334 ipso
2695 5263 2942 5318 Domino
2963 5263 3511 5334 Hierosolymitanee
3536 5263 3810 5318 Ecclesia;

2162 5353 2430 5407 omnium
2463 5353 2668 5408 matris
2698 5351 3098 5424 gubernacula
3147 5353 3482 5422 suscepisse
3538 5351 3813 5406 nonnulli

2163 5441 2602 5496 existimabant.
2664 5441 2897 5496 Nullam
2930 5457 3062 5494 vero
3097 5441 3159 5494 in
3218 5443 3480 5495 Romano
3541 5441 3810 5510 imperio,

2162 5547 2360 5601 neque
2394 5547 2568 5602 porro
2600 5531 2663 5585 in
2693 5530 2828 5586 aliis
2859 5529 3019 5584 orbis
3062 5529 3380 5600 provinciis
3427 5529 3814 5599 apostolicam
