  <div class='ocr_page' id='page_1' title='image "/cluster/home/n/w/nwhite01/storage/ocr_20150623/33/mdp.39015078384412/038.png"; bbox 0 0 4090 6268; ppageno 0'>
   <div class='ocr_carea' id='block_1_1' title="bbox 362 353 2015 424">
    <p class='ocr_par' dir='ltr' id='par_1_1' title="bbox 362 353 2015 419">
     <span class='ocr_line' id='line_1_1' title="bbox 362 353 2015 419; baseline 0.004 -6"><span class='ocrx_word' id='word_1_1' title='bbox 362 353 438 414; x_wconf 75' lang='grc' dir='ltr'><strong>ϐί</strong></span> <span class='ocrx_word' id='word_1_2' title='bbox 1770 354 2015 419; x_wconf 82' lang='lat' dir='ltr'><strong>DISSE]</strong></span> 
     </span>
    </p>
   </div>
   <div class='ocr_carea' id='block_1_2' title="bbox 2123 353 3789 424">
    <p class='ocr_par' dir='ltr' id='par_1_2' title="bbox 2123 354 3789 424">
     <span class='ocr_line' id='line_1_2' title="bbox 2123 354 3789 424; baseline 0.003 -7"><span class='ocrx_word' id='word_1_3' title='bbox 2123 354 2294 420; x_wconf 57' lang='lat' dir='ltr'><strong>ATIO</strong></span> <span class='ocrx_word' id='word_1_4' title='bbox 2340 356 2388 417; x_wconf 93' lang='grc' dir='ltr'><strong>Ι.</strong></span> <span class='ocrx_word' id='word_1_5' title='bbox 3711 361 3789 424; x_wconf 77' lang='grc'><strong>62</strong></span> 
     </span>
    </p>
   </div>
   <div class='ocr_carea' id='block_1_3' title="bbox 363 487 3785 562">
    <p class='ocr_par' dir='ltr' id='par_1_3' title="bbox 363 487 3785 562">
     <span class='ocr_line' id='line_1_3' title="bbox 363 487 3785 562; baseline 0.001 -17"><span class='ocrx_word' id='word_1_6' title='bbox 363 489 573 545; x_wconf 80' lang='lat' dir='ltr'><strong>sedem</strong></span> <span class='ocrx_word' id='word_1_7' title='bbox 596 490 890 556; x_wconf 79' lang='lat' dir='ltr'><strong>novimus,</strong></span> <span class='ocrx_word' id='word_1_8' title='bbox 926 505 1058 562; x_wconf 72' lang='lat' dir='ltr'><strong>quin</strong></span> <span class='ocrx_word' id='word_1_9' title='bbox 1079 488 1251 545; x_wconf 81' lang='lat' dir='ltr'><strong>alteri</strong></span> <span class='ocrx_word' id='word_1_10' title='bbox 1275 489 1553 562; x_wconf 89' lang='lat' dir='ltr'><strong>episcopo</strong></span> <span class='ocrx_word' id='word_1_11' title='bbox 1582 490 2022 562; x_wconf 87' lang='lat' dir='ltr'><strong>subjectapare-</strong></span> <span class='ocrx_word' id='word_1_12' title='bbox 2051 495 2106 558; x_wconf 85' lang='lat' dir='ltr'><strong>A</strong></span> <span class='ocrx_word' id='word_1_13' title='bbox 2137 488 2494 557; x_wconf 89' lang='lat' dir='ltr'><strong>Pauliniani,</strong></span> <span class='ocrx_word' id='word_1_14' title='bbox 2528 488 2601 545; x_wconf 89' lang='lat' dir='ltr'><strong>ab</strong></span> <span class='ocrx_word' id='word_1_15' title='bbox 2632 487 2959 560; x_wconf 88' lang='lat' dir='ltr'><strong>Epiphanio</strong></span> <span class='ocrx_word' id='word_1_16' title='bbox 2982 488 3131 543; x_wconf 89' lang='lat' dir='ltr'><strong>citra</strong></span> <span class='ocrx_word' id='word_1_17' title='bbox 3151 489 3392 544; x_wconf 84' lang='lat' dir='ltr'><strong>Joannis</strong></span> <span class='ocrx_word' id='word_1_18' title='bbox 3426 505 3785 546; x_wconf 83' lang='lat' dir='ltr'><strong>consensum</strong></span> 
     </span>
    </p>
   </div>
   <div class='ocr_carea' id='block_1_4' title="bbox 363 578 2013 652">
    <p class='ocr_par' dir='ltr' id='par_1_4' title="bbox 363 578 2013 652">
     <span class='ocr_line' id='line_1_4' title="bbox 363 578 2013 652; baseline 0.001 -18"><span class='ocrx_word' id='word_1_19' title='bbox 363 584 474 634; x_wconf 89' lang='lat' dir='ltr'><strong>ret.</strong></span> <span class='ocrx_word' id='word_1_20' title='bbox 500 579 791 638; x_wconf 90' lang='lat' dir='ltr'><strong>Secundo.</strong></span> <span class='ocrx_word' id='word_1_21' title='bbox 818 579 1092 650; x_wconf 85' lang='lat' dir='ltr'><strong>quamvis</strong></span> <span class='ocrx_word' id='word_1_22' title='bbox 1111 578 1300 634; x_wconf 77' lang='lat' dir='ltr'><strong>civilis</strong></span> <span class='ocrx_word' id='word_1_23' title='bbox 1318 579 1628 650; x_wconf 81' lang='lat' dir='ltr'><strong>dispositio</strong></span> <span class='ocrx_word' id='word_1_24' title='bbox 1651 581 2013 652; x_wconf 90' lang='lat' dir='ltr'><strong>metropoles</strong></span> 
     </span>
    </p>
   </div>
   <div class='ocr_carea' id='block_1_5' title="bbox 363 669 2013 741">
    <p class='ocr_par' dir='ltr' id='par_1_5' title="bbox 363 669 2013 741">
     <span class='ocr_line' id='line_1_5' title="bbox 363 669 2013 741; baseline 0 -16"><span class='ocrx_word' id='word_1_25' title='bbox 363 669 798 725; x_wconf 87' lang='lat' dir='ltr'><strong>ecclesiasticas</strong></span> <span class='ocrx_word' id='word_1_26' title='bbox 830 675 1082 741; x_wconf 87' lang='lat' dir='ltr'><strong>regeret,</strong></span> <span class='ocrx_word' id='word_1_27' title='bbox 1111 669 1283 740; x_wconf 82' lang='lat' dir='ltr'><strong>vulgo</strong></span> <span class='ocrx_word' id='word_1_28' title='bbox 1318 675 1516 724; x_wconf 89' lang='lat' dir='ltr'><strong>tamen</strong></span> <span class='ocrx_word' id='word_1_29' title='bbox 1565 685 1633 724; x_wconf 90' lang='lat' dir='ltr'><strong>ea</strong></span> <span class='ocrx_word' id='word_1_30' title='bbox 1663 669 2013 741; x_wconf 82' lang='lat' dir='ltr'><strong>metropolis</strong></span> 
     </span>
    </p>
   </div>
   <div class='ocr_carea' id='block_1_6' title="bbox 364 755 2014 828">
    <p class='ocr_par' dir='ltr' id='par_1_6' title="bbox 364 755 2014 828">
     <span class='ocr_line' id='line_1_6' title="bbox 364 755 2014 828; baseline -0.002 -14"><span class='ocrx_word' id='word_1_31' title='bbox 364 758 739 823; x_wconf 78' lang='lat' dir='ltr'><strong>censebatur,</strong></span> <span class='ocrx_word' id='word_1_32' title='bbox 773 774 848 812; x_wconf 81' lang='lat' dir='ltr'><strong>ex</strong></span> <span class='ocrx_word' id='word_1_33' title='bbox 879 773 999 828; x_wconf 88' lang='lat' dir='ltr'><strong>qua</strong></span> <span class='ocrx_word' id='word_1_34' title='bbox 1015 771 1076 810; x_wconf 92' lang='lat' dir='ltr'><strong>se</strong></span> <span class='ocrx_word' id='word_1_35' title='bbox 1107 756 1180 810; x_wconf 89' lang='lat' dir='ltr'><strong>ad</strong></span> <span class='ocrx_word' id='word_1_36' title='bbox 1202 755 1348 810; x_wconf 88' lang='lat' dir='ltr'><strong>alias</strong></span> <span class='ocrx_word' id='word_1_37' title='bbox 1364 756 1539 810; x_wconf 91' lang='lat' dir='ltr'><strong>urbes</strong></span> <span class='ocrx_word' id='word_1_38' title='bbox 1566 756 1884 826; x_wconf 71' lang='lat' dir='ltr'><strong>praedicato</strong></span> <span class='ocrx_word' id='word_1_39' title='bbox 1901 756 2014 811; x_wconf 84' lang='lat' dir='ltr'><strong>dif-</strong></span> 
     </span>
    </p>
   </div>
   <div class='ocr_carea' id='block_1_7' title="bbox 365 844 2016 918">
    <p class='ocr_par' dir='ltr' id='par_1_7' title="bbox 365 844 2016 918">
     <span class='ocr_line' id='line_1_7' title="bbox 365 844 2016 918; baseline -0.001 -16"><span class='ocrx_word' id='word_1_40' title='bbox 365 847 614 902; x_wconf 78' lang='lat' dir='ltr'><strong>fuderat:</strong></span> <span class='ocrx_word' id='word_1_41' title='bbox 649 863 720 902; x_wconf 81' lang='lat' dir='ltr'><strong>ex</strong></span> <span class='ocrx_word' id='word_1_42' title='bbox 751 863 824 902; x_wconf 87' lang='lat' dir='ltr'><strong>ea</strong></span> <span class='ocrx_word' id='word_1_43' title='bbox 862 846 1054 918; x_wconf 87' lang='lat' dir='ltr'><strong>legem</strong></span> <span class='ocrx_word' id='word_1_44' title='bbox 1105 844 1389 900; x_wconf 85' lang='lat' dir='ltr'><strong>credendi</strong></span> <span class='ocrx_word' id='word_1_45' title='bbox 1440 850 1498 899; x_wconf 93' lang='lat' dir='ltr'><strong>et</strong></span> <span class='ocrx_word' id='word_1_46' title='bbox 1526 845 1755 899; x_wconf 87' lang='lat' dir='ltr'><strong>vivendi</strong></span> <span class='ocrx_word' id='word_1_47' title='bbox 1787 850 2016 900; x_wconf 74' lang='lat' dir='ltr'><strong>cmteraa</strong></span> 
     </span>
    </p>
   </div>
   <div class='ocr_carea' id='block_1_8' title="bbox 362 934 2015 1006">
    <p class='ocr_par' dir='ltr' id='par_1_8' title="bbox 362 934 2015 1006">
     <span class='ocr_line' id='line_1_8' title="bbox 362 934 2015 1006; baseline -0.002 -14"><span class='ocrx_word' id='word_1_48' title='bbox 362 937 698 992; x_wconf 80' lang='lat' dir='ltr'><strong>sumebant.</strong></span> <span class='ocrx_word' id='word_1_49' title='bbox 745 937 890 991; x_wconf 91' lang='lat' dir='ltr'><strong>Cum</strong></span> <span class='ocrx_word' id='word_1_50' title='bbox 922 934 1155 1006; x_wconf 87' lang='lat' dir='ltr'><strong>imperii</strong></span> <span class='ocrx_word' id='word_1_51' title='bbox 1204 934 1516 1006; x_wconf 82' lang='lat' dir='ltr'><strong>dispositio</strong></span> <span class='ocrx_word' id='word_1_52' title='bbox 1549 935 2015 1006; x_wconf 85' lang='lat' dir='ltr'><strong>Hierosolymam</strong></span> 
     </span>
    </p>
   </div>
   <div class='ocr_carea' id='block_1_9' title="bbox 361 1025 2018 1097">
    <p class='ocr_par' dir='ltr' id='par_1_9' title="bbox 361 1025 2018 1097">
     <span class='ocr_line' id='line_1_9' title="bbox 361 1025 2018 1097; baseline -0.001 -15"><span class='ocrx_word' id='word_1_53' title='bbox 361 1026 697 1082; x_wconf 60' lang='lat' dir='ltr'><strong>Palaestinis</strong></span> <span class='ocrx_word' id='word_1_54' title='bbox 729 1026 1109 1097; x_wconf 88' lang='lat' dir='ltr'><strong>metropolim</strong></span> <span class='ocrx_word' id='word_1_55' title='bbox 1141 1041 1270 1080; x_wconf 90' lang='lat' dir='ltr'><strong>esse</strong></span> <span class='ocrx_word' id='word_1_56' title='bbox 1293 1041 1414 1080; x_wconf 92' lang='lat' dir='ltr'><strong>non</strong></span> <span class='ocrx_word' id='word_1_57' title='bbox 1433 1025 1674 1093; x_wconf 90' lang='lat' dir='ltr'><strong>sineret,</strong></span> <span class='ocrx_word' id='word_1_58' title='bbox 1709 1025 1920 1079; x_wconf 90' lang='lat' dir='ltr'><strong>saltem</strong></span> <span class='ocrx_word' id='word_1_59' title='bbox 1949 1041 2018 1080; x_wconf 88' lang='lat' dir='ltr'><strong>ea</strong></span> 
     </span>
    </p>
   </div>
   <div class='ocr_carea' id='block_1_10' title="bbox 361 1113 2016 1186">
    <p class='ocr_par' dir='ltr' id='par_1_10' title="bbox 361 1113 2016 1186">
     <span class='ocr_line' id='line_1_10' title="bbox 361 1113 2016 1186; baseline -0.002 -15"><span class='ocrx_word' id='word_1_60' title='bbox 361 1116 649 1177; x_wconf 89' lang='lat' dir='ltr'><strong>Ecclesia,</strong></span> <span class='ocrx_word' id='word_1_61' title='bbox 670 1132 803 1186; x_wconf 62' lang='lat' dir='ltr'><strong>quae</strong></span> <span class='ocrx_word' id='word_1_62' title='bbox 828 1115 1106 1170; x_wconf 89' lang='lat' dir='ltr'><strong>omnibus</strong></span> <span class='ocrx_word' id='word_1_63' title='bbox 1130 1114 1368 1169; x_wconf 87' lang='lat' dir='ltr'><strong>initium</strong></span> <span class='ocrx_word' id='word_1_64' title='bbox 1402 1113 1666 1179; x_wconf 83' lang='lat' dir='ltr'><strong>dederat,</strong></span> <span class='ocrx_word' id='word_1_65' title='bbox 1683 1113 2016 1184; x_wconf 89' lang='lat' dir='ltr'><strong>apostolos-</strong></span> 
     </span>
    </p>
   </div>
   <div class='ocr_carea' id='block_1_11' title="bbox 358 1203 2013 1277">
    <p class='ocr_par' dir='ltr' id='par_1_11' title="bbox 358 1203 2013 1277">
     <span class='ocr_line' id='line_1_11' title="bbox 358 1203 2013 1277; baseline -0.001 -17"><span class='ocrx_word' id='word_1_66' title='bbox 358 1222 474 1277; x_wconf 89' lang='lat' dir='ltr'><strong>que</strong></span> <span class='ocrx_word' id='word_1_67' title='bbox 495 1211 554 1260; x_wconf 88' lang='lat' dir='ltr'><strong>et</strong></span> <span class='ocrx_word' id='word_1_68' title='bbox 579 1205 760 1260; x_wconf 83' lang='lat' dir='ltr'><strong>ﬁdem</strong></span> <span class='ocrx_word' id='word_1_69' title='bbox 801 1204 931 1260; x_wconf 89' lang='lat' dir='ltr'><strong>orbi</strong></span> <span class='ocrx_word' id='word_1_70' title='bbox 963 1205 1396 1270; x_wconf 81' lang='lat' dir='ltr'><strong>transmiserat,</strong></span> <span class='ocrx_word' id='word_1_71' title='bbox 1431 1203 1665 1258; x_wconf 72' lang='lat' dir='ltr'><strong>caeteris</strong></span> <span class='ocrx_word' id='word_1_72' title='bbox 1697 1220 1827 1274; x_wconf 66' lang='lat' dir='ltr'><strong>quas</strong></span> <span class='ocrx_word' id='word_1_73' title='bbox 1859 1204 1912 1258; x_wconf 90' lang='lat' dir='ltr'><strong>ei</strong></span> <span class='ocrx_word' id='word_1_74' title='bbox 1948 1203 2013 1257; x_wconf 84' lang='lat' dir='ltr'><strong>li-</strong></span> 
     </span>
    </p>
   </div>
   <div class='ocr_carea' id='block_1_12' title="bbox 358 1293 2014 1360">
    <p class='ocr_par' dir='ltr' id='par_1_12' title="bbox 358 1293 2014 1360">
     <span class='ocr_line' id='line_1_12' title="bbox 358 1293 2014 1360; baseline 0 -12"><span class='ocrx_word' id='word_1_75' title='bbox 358 1295 576 1351; x_wconf 88' lang='lat' dir='ltr'><strong>liarum</strong></span> <span class='ocrx_word' id='word_1_76' title='bbox 601 1295 732 1350; x_wconf 93' lang='lat' dir='ltr'><strong>loco</strong></span> <span class='ocrx_word' id='word_1_77' title='bbox 761 1293 1196 1356; x_wconf 86' lang='lat' dir='ltr'><strong>erant,subdita</strong></span> <span class='ocrx_word' id='word_1_78' title='bbox 1217 1309 1346 1348; x_wconf 90' lang='lat' dir='ltr'><strong>esse</strong></span> <span class='ocrx_word' id='word_1_79' title='bbox 1358 1310 1479 1348; x_wconf 90' lang='lat' dir='ltr'><strong>non</strong></span> <span class='ocrx_word' id='word_1_80' title='bbox 1501 1293 1772 1348; x_wconf 79' lang='lat' dir='ltr'><strong>debebat.</strong></span> <span class='ocrx_word' id='word_1_81' title='bbox 1799 1293 2014 1360; x_wconf 90' lang='lat' dir='ltr'><strong>Tertio,</strong></span> 
     </span>
    </p>
   </div>
   <div class='ocr_carea' id='block_1_13' title="bbox 362 1383 2016 1458">
    <p class='ocr_par' dir='ltr' id='par_1_13' title="bbox 362 1383 2016 1458">
     <span class='ocr_line' id='line_1_13' title="bbox 362 1383 2016 1458; baseline -0.002 -17"><span class='ocrx_word' id='word_1_82' title='bbox 362 1385 684 1458; x_wconf 84' lang='lat' dir='ltr'><strong>peculiaris</strong></span> <span class='ocrx_word' id='word_1_83' title='bbox 711 1385 840 1457; x_wconf 85' lang='lat' dir='ltr'><strong>ejus</strong></span> <span class='ocrx_word' id='word_1_84' title='bbox 866 1384 1144 1440; x_wconf 63' lang='lat' dir='ltr'><strong>Ecclesiae</strong></span> <span class='ocrx_word' id='word_1_85' title='bbox 1175 1389 1363 1440; x_wconf 86' lang='lat' dir='ltr'><strong>status</strong></span> <span class='ocrx_word' id='word_1_86' title='bbox 1393 1400 1514 1438; x_wconf 92' lang='lat' dir='ltr'><strong>non</strong></span> <span class='ocrx_word' id='word_1_87' title='bbox 1541 1399 1750 1455; x_wconf 87' lang='lat' dir='ltr'><strong>parum</strong></span> <span class='ocrx_word' id='word_1_88' title='bbox 1783 1383 1856 1437; x_wconf 91' lang='lat' dir='ltr'><strong>ad</strong></span> <span class='ocrx_word' id='word_1_89' title='bbox 1887 1399 2016 1438; x_wconf 89' lang='lat' dir='ltr'><strong>eam</strong></span> 
     </span>
    </p>
   </div>
   <div class='ocr_carea' id='block_1_14' title="bbox 365 1473 2019 1531">
    <p class='ocr_par' dir='ltr' id='par_1_14' title="bbox 365 1473 2019 1531">
     <span class='ocr_line' id='line_1_14' title="bbox 365 1473 2019 1531; baseline -0.002 -1"><span class='ocrx_word' id='word_1_90' title='bbox 365 1492 494 1531; x_wconf 89' lang='lat' dir='ltr'><strong>rem</strong></span> <span class='ocrx_word' id='word_1_91' title='bbox 524 1475 698 1530; x_wconf 81' lang='lat' dir='ltr'><strong>volet.</strong></span> <span class='ocrx_word' id='word_1_92' title='bbox 726 1474 812 1529; x_wconf 85' lang='lat' dir='ltr'><strong>Ab</strong></span> <span class='ocrx_word' id='word_1_93' title='bbox 846 1474 1078 1530; x_wconf 64' lang='lat' dir='ltr'><strong>caeteris</strong></span> <span class='ocrx_word' id='word_1_94' title='bbox 1123 1474 1455 1529; x_wconf 71' lang='lat' dir='ltr'><strong>Palmstinaa</strong></span> <span class='ocrx_word' id='word_1_95' title='bbox 1479 1473 1756 1528; x_wconf 92' lang='lat' dir='ltr'><strong>Ecclesiis</strong></span> <span class='ocrx_word' id='word_1_96' title='bbox 1778 1473 1932 1528; x_wconf 91' lang='lat' dir='ltr'><strong>victu</strong></span> <span class='ocrx_word' id='word_1_97' title='bbox 1963 1478 2019 1526; x_wconf 91' lang='lat' dir='ltr'><strong>et</strong></span> 
     </span>
    </p>
   </div>
   <div class='ocr_carea' id='block_1_15' title="bbox 362 1562 2016 1636">
    <p class='ocr_par' dir='ltr' id='par_1_15' title="bbox 362 1562 2016 1636">
     <span class='ocr_line' id='line_1_15' title="bbox 362 1562 2016 1636; baseline -0.004 -15"><span class='ocrx_word' id='word_1_98' title='bbox 362 1565 532 1621; x_wconf 89' lang='lat' dir='ltr'><strong>cultu</strong></span> <span class='ocrx_word' id='word_1_99' title='bbox 564 1570 865 1636; x_wconf 79' lang='lat' dir='ltr'><strong>segregata</strong></span> <span class='ocrx_word' id='word_1_100' title='bbox 895 1569 1060 1619; x_wconf 89' lang='lat' dir='ltr'><strong>erat:</strong></span> <span class='ocrx_word' id='word_1_101' title='bbox 1094 1580 1200 1634; x_wconf 91' lang='lat' dir='ltr'><strong>per</strong></span> <span class='ocrx_word' id='word_1_102' title='bbox 1242 1579 1432 1618; x_wconf 90' lang='lat' dir='ltr'><strong>annos</strong></span> <span class='ocrx_word' id='word_1_103' title='bbox 1477 1569 1716 1618; x_wconf 86' lang='lat' dir='ltr'><strong>centum</strong></span> <span class='ocrx_word' id='word_1_104' title='bbox 1765 1580 1835 1618; x_wconf 82' lang='lat' dir='ltr'><strong>ex</strong></span> <span class='ocrx_word' id='word_1_105' title='bbox 1874 1562 2016 1617; x_wconf 90' lang='lat' dir='ltr'><strong>solis</strong></span> 
     </span>
    </p>
   </div>
   <div class='ocr_carea' id='block_1_16' title="bbox 363 1652 2015 1724">
    <p class='ocr_par' dir='ltr' id='par_1_16' title="bbox 363 1652 2015 1724">
     <span class='ocr_line' id='line_1_16' title="bbox 363 1652 2015 1724; baseline -0.002 -16"><span class='ocrx_word' id='word_1_106' title='bbox 363 1653 490 1710; x_wconf 81' lang='lat' dir='ltr'><strong>fere</strong></span> <span class='ocrx_word' id='word_1_107' title='bbox 515 1653 773 1709; x_wconf 67' lang='lat' dir='ltr'><strong>Hebraais</strong></span> <span class='ocrx_word' id='word_1_108' title='bbox 822 1659 1123 1718; x_wconf 83' lang='lat' dir='ltr'><strong>constans,</strong></span> <span class='ocrx_word' id='word_1_109' title='bbox 1158 1670 1226 1708; x_wconf 87' lang='lat' dir='ltr'><strong>ex</strong></span> <span class='ocrx_word' id='word_1_110' title='bbox 1273 1669 1342 1709; x_wconf 89' lang='lat' dir='ltr'><strong>ea</strong></span> <span class='ocrx_word' id='word_1_111' title='bbox 1370 1658 1542 1724; x_wconf 90' lang='lat' dir='ltr'><strong>gente</strong></span> <span class='ocrx_word' id='word_1_112' title='bbox 1573 1652 1880 1723; x_wconf 88' lang='lat' dir='ltr'><strong>episcopos</strong></span> <span class='ocrx_word' id='word_1_113' title='bbox 1911 1652 2015 1706; x_wconf 86' lang='lat' dir='ltr'><strong>ha-</strong></span> 
     </span>
    </p>
   </div>
   <div class='ocr_carea' id='block_1_17' title="bbox 361 1741 2015 1814">
    <p class='ocr_par' dir='ltr' id='par_1_17' title="bbox 361 1741 2015 1814">
     <span class='ocr_line' id='line_1_17' title="bbox 361 1741 2015 1814; baseline -0.002 -16"><span class='ocrx_word' id='word_1_114' title='bbox 361 1743 1063 1810; x_wconf 89' lang='lat' dir='ltr'><strong>bens,circumcisionem</strong></span> <span class='ocrx_word' id='word_1_115' title='bbox 1087 1748 1146 1798; x_wconf 90' lang='lat' dir='ltr'><strong>et</strong></span> <span class='ocrx_word' id='word_1_116' title='bbox 1163 1742 1483 1797; x_wconf 82' lang='lat' dir='ltr'><strong>maximam</strong></span> <span class='ocrx_word' id='word_1_117' title='bbox 1500 1741 1778 1814; x_wconf 81' lang='lat' dir='ltr'><strong>legalium</strong></span> <span class='ocrx_word' id='word_1_118' title='bbox 1795 1741 2015 1796; x_wconf 88' lang='lat' dir='ltr'><strong>rituum</strong></span> 
     </span>
    </p>
   </div>
   <div class='ocr_carea' id='block_1_18' title="bbox 2135 578 3780 652">
    <p class='ocr_par' dir='ltr' id='par_1_18' title="bbox 2135 578 3780 652">
     <span class='ocr_line' id='line_1_18' title="bbox 2135 578 3780 652; baseline 0.002 -19"><span class='ocrx_word' id='word_1_119' title='bbox 2135 579 2198 634; x_wconf 91' lang='lat' dir='ltr'><strong>in</strong></span> <span class='ocrx_word' id='word_1_120' title='bbox 2229 580 2590 635; x_wconf 90' lang='lat' dir='ltr'><strong>monasterio</strong></span> <span class='ocrx_word' id='word_1_121' title='bbox 2610 578 2888 650; x_wconf 87' lang='lat' dir='ltr'><strong>quodam,</strong></span> <span class='ocrx_word' id='word_1_122' title='bbox 2921 578 3077 648; x_wconf 92' lang='lat' dir='ltr'><strong>quod</strong></span> <span class='ocrx_word' id='word_1_123' title='bbox 3101 578 3210 632; x_wconf 89' lang='lat' dir='ltr'><strong>iste</strong></span> <span class='ocrx_word' id='word_1_124' title='bbox 3233 579 3780 652; x_wconf 73' lang='lat' dir='ltr'><strong>Hierosolymitanaa</strong></span> 
     </span>
    </p>
   </div>
   <div class='ocr_carea' id='block_1_19' title="bbox 2137 668 3777 740">
    <p class='ocr_par' dir='ltr' id='par_1_19' title="bbox 2137 668 3777 740">
     <span class='ocr_line' id='line_1_19' title="bbox 2137 668 3777 740; baseline 0.001 -16"><span class='ocrx_word' id='word_1_125' title='bbox 2137 669 2406 724; x_wconf 72' lang='lat' dir='ltr'><strong>dimcesis</strong></span> <span class='ocrx_word' id='word_1_126' title='bbox 2439 686 2566 724; x_wconf 91' lang='lat' dir='ltr'><strong>esse</strong></span> <span class='ocrx_word' id='word_1_127' title='bbox 2600 668 2922 734; x_wconf 88' lang='lat' dir='ltr'><strong>asserebat,</strong></span> <span class='ocrx_word' id='word_1_128' title='bbox 2971 668 3066 722; x_wconf 91' lang='lat' dir='ltr'><strong>isti</strong></span> <span class='ocrx_word' id='word_1_129' title='bbox 3120 668 3435 740; x_wconf 88' lang='lat' dir='ltr'><strong>negabant,</strong></span> <span class='ocrx_word' id='word_1_130' title='bbox 3471 671 3726 725; x_wconf 85' lang='lat' dir='ltr'><strong>ordinati</strong></span> <span class='ocrx_word' id='word_1_131' title='bbox 3764 689 3777 740; x_wconf 90' lang='lat'><strong>;</strong></span> 
     </span>
    </p>
   </div>
   <div class='ocr_carea' id='block_1_20' title="bbox 2131 757 3780 832">
    <p class='ocr_par' dir='ltr' id='par_1_20' title="bbox 2131 757 3780 832">
     <span class='ocr_line' id='line_1_20' title="bbox 2131 757 3780 832; baseline 0.001 -18"><span class='ocrx_word' id='word_1_132' title='bbox 2131 761 2386 814; x_wconf 85' lang='lat' dir='ltr'><strong>Joannes</strong></span> <span class='ocrx_word' id='word_1_133' title='bbox 2420 758 2729 828; x_wconf 85' lang='lat' dir='ltr'><strong>utriusque</strong></span> <span class='ocrx_word' id='word_1_134' title='bbox 2762 757 3241 812; x_wconf 88' lang='lat' dir='ltr'><strong>accusationibus</strong></span> <span class='ocrx_word' id='word_1_135' title='bbox 3266 759 3420 812; x_wconf 90' lang='lat' dir='ltr'><strong>circa</strong></span> <span class='ocrx_word' id='word_1_136' title='bbox 3454 759 3628 814; x_wconf 85' lang='lat' dir='ltr'><strong>ﬁdem</strong></span> <span class='ocrx_word' id='word_1_137' title='bbox 3651 762 3780 832; x_wconf 87' lang='lat' dir='ltr'><strong>pul-</strong></span> 
     </span>
    </p>
   </div>
   <div class='ocr_carea' id='block_1_21' title="bbox 2133 847 3775 921">
    <p class='ocr_par' dir='ltr' id='par_1_21' title="bbox 2133 847 3775 921">
     <span class='ocr_line' id='line_1_21' title="bbox 2133 847 3775 921; baseline 0.001 -17"><span class='ocrx_word' id='word_1_138' title='bbox 2133 855 2314 913; x_wconf 89' lang='lat' dir='ltr'><strong>satus,</strong></span> <span class='ocrx_word' id='word_1_139' title='bbox 2348 849 2567 904; x_wconf 90' lang='lat' dir='ltr'><strong>omisso</strong></span> <span class='ocrx_word' id='word_1_140' title='bbox 2596 847 2943 902; x_wconf 66' lang='lat' dir='ltr'><strong>Censariensi</strong></span> <span class='ocrx_word' id='word_1_141' title='bbox 2981 853 3037 902; x_wconf 86' lang='lat' dir='ltr'><strong>et</strong></span> <span class='ocrx_word' id='word_1_142' title='bbox 3061 848 3428 902; x_wconf 81' lang='lat' dir='ltr'><strong>Antiochcno</strong></span> <span class='ocrx_word' id='word_1_143' title='bbox 3459 849 3775 921; x_wconf 88' lang='lat' dir='ltr'><strong>episc0pis,</strong></span> 
     </span>
    </p>
   </div>
   <div class='ocr_carea' id='block_1_22' title="bbox 2129 937 3776 1010">
    <p class='ocr_par' dir='ltr' id='par_1_22' title="bbox 2129 937 3776 1010">
     <span class='ocr_line' id='line_1_22' title="bbox 2129 937 3776 1010; baseline -0.001 -17"><span class='ocrx_word' id='word_1_144' title='bbox 2129 939 2204 994; x_wconf 90' lang='lat' dir='ltr'><strong>ad</strong></span> <span class='ocrx_word' id='word_1_145' title='bbox 2234 938 2702 992; x_wconf 78' lang='lat' dir='ltr'><strong>Alexandrinum</strong></span> <span class='ocrx_word' id='word_1_146' title='bbox 2754 953 3028 1006; x_wconf 71' lang='lat' dir='ltr'><strong>qua-rens</strong></span> <span class='ocrx_word' id='word_1_147' title='bbox 3079 937 3346 991; x_wconf 88' lang='lat' dir='ltr'><strong>subsidia</strong></span> <span class='ocrx_word' id='word_1_148' title='bbox 3394 938 3776 1010; x_wconf 74' lang='lat' dir='ltr'><strong>confugisset.</strong></span> 
     </span>
    </p>
   </div>
   <div class='ocr_carea' id='block_1_23' title="bbox 2129 1027 3781 1097">
    <p class='ocr_par' dir='ltr' id='par_1_23' title="bbox 2129 1027 3781 1097">
     <span class='ocr_line' id='line_1_23' title="bbox 2129 1027 3781 1097; baseline 0.001 -15"><span class='ocrx_word' id='word_1_149' title='bbox 2129 1027 2222 1082; x_wconf 89' lang='lat' dir='ltr'><strong>Sic</strong></span> <span class='ocrx_word' id='word_1_150' title='bbox 2247 1028 2330 1082; x_wconf 89' lang='lat' dir='ltr'><strong>ait</strong></span> <span class='ocrx_word' id='word_1_151' title='bbox 2362 1044 2528 1082; x_wconf 91' lang='lat' dir='ltr'><strong>num.</strong></span> <span class='ocrx_word' id='word_1_152' title='bbox 2561 1029 2626 1080; x_wconf 89' lang='lat'><strong>63</strong></span> <span class='ocrx_word' id='word_1_153' title='bbox 2659 1043 2668 1079; x_wconf 95' lang='lat'><strong>:</strong></span> <span class='ocrx_word' id='word_1_154' title='bbox 2708 1029 2785 1081; x_wconf 92' lang='lat' dir='ltr'><strong>Tu</strong></span> <span class='ocrx_word' id='word_1_155' title='bbox 2815 1029 2913 1097; x_wconf 91' lang='lat' dir='ltr'><strong>qui</strong></span> <span class='ocrx_word' id='word_1_156' title='bbox 2942 1027 3161 1095; x_wconf 78' lang='lat' dir='ltr'><strong>regulas</strong></span> <span class='ocrx_word' id='word_1_157' title='bbox 3205 1029 3406 1096; x_wconf 68' lang='lat' dir='ltr'><strong>quaeris</strong></span> <span class='ocrx_word' id='word_1_158' title='bbox 3456 1028 3781 1083; x_wconf 86' lang='lat' dir='ltr'><strong>ecclesiasti-</strong></span> 
     </span>
    </p>
   </div>
   <div class='ocr_carea' id='block_1_24' title="bbox 2128 1117 3779 1188">
    <p class='ocr_par' dir='ltr' id='par_1_24' title="bbox 2128 1117 3779 1188">
     <span class='ocr_line' id='line_1_24' title="bbox 2128 1117 3779 1188; baseline 0 -15"><span class='ocrx_word' id='word_1_159' title='bbox 2128 1133 2237 1184; x_wconf 86' lang='lat' dir='ltr'><strong>cas,</strong></span> <span class='ocrx_word' id='word_1_160' title='bbox 2270 1124 2321 1171; x_wconf 87' lang='lat' dir='ltr'><strong>et</strong></span> <span class='ocrx_word' id='word_1_161' title='bbox 2367 1118 2577 1171; x_wconf 73' lang='lat' dir='ltr'><strong>Nicoeni</strong></span> <span class='ocrx_word' id='word_1_162' title='bbox 2608 1117 2829 1171; x_wconf 80' lang='lat' dir='ltr'><strong>concilii</strong></span> <span class='ocrx_word' id='word_1_163' title='bbox 2885 1117 3188 1171; x_wconf 87' lang='lat' dir='ltr'><strong>canonibus</strong></span> <span class='ocrx_word' id='word_1_164' title='bbox 3247 1118 3482 1172; x_wconf 81' lang='lat' dir='ltr'><strong>uteris...</strong></span> <span class='ocrx_word' id='word_1_165' title='bbox 3515 1119 3779 1188; x_wconf 74' lang='lat' dir='ltr'><strong>responde</strong></span> 
     </span>
    </p>
   </div>
   <div class='ocr_carea' id='block_1_25' title="bbox 2127 1205 3779 1278">
    <p class='ocr_par' dir='ltr' id='par_1_25' title="bbox 2127 1205 3779 1278">
     <span class='ocr_line' id='line_1_25' title="bbox 2127 1205 3779 1278; baseline 0.001 -18"><span class='ocrx_word' id='word_1_166' title='bbox 2127 1205 2288 1271; x_wconf 82' lang='lat' dir='ltr'><strong>mihi,</strong></span> <span class='ocrx_word' id='word_1_167' title='bbox 2319 1206 2392 1260; x_wconf 88' lang='lat' dir='ltr'><strong>ad</strong></span> <span class='ocrx_word' id='word_1_168' title='bbox 2449 1206 2882 1260; x_wconf 70' lang='lat' dir='ltr'><strong>Alemandrinum</strong></span> <span class='ocrx_word' id='word_1_169' title='bbox 2942 1207 3252 1275; x_wconf 83' lang='lat' dir='ltr'><strong>episcopum</strong></span> <span class='ocrx_word' id='word_1_170' title='bbox 3306 1206 3611 1260; x_wconf 62' lang='lat' dir='ltr'><strong>Palaestina</strong></span> <span class='ocrx_word' id='word_1_171' title='bbox 3642 1209 3779 1278; x_wconf 87' lang='lat' dir='ltr'><strong>quid</strong></span> 
     </span>
    </p>
   </div>
   <div class='ocr_carea' id='block_1_26' title="bbox 2122 1294 3775 1366">
    <p class='ocr_par' dir='ltr' id='par_1_26' title="bbox 2122 1294 3775 1366">
     <span class='ocr_line' id='line_1_26' title="bbox 2122 1294 3775 1366; baseline 0.001 -17"><span class='ocrx_word' id='word_1_172' title='bbox 2122 1298 2366 1366; x_wconf 79' lang='lat' dir='ltr'><strong>pertinet</strong></span> <span class='ocrx_word' id='word_1_173' title='bbox 2397 1298 2424 1349; x_wconf 88' lang='lat'><strong><em>?</em></strong></span> <span class='ocrx_word' id='word_1_174' title='bbox 2456 1297 2522 1350; x_wconf 80' lang='lat' dir='ltr'><strong>Ni</strong></span> <span class='ocrx_word' id='word_1_175' title='bbox 2549 1294 2741 1364; x_wconf 81' lang='lat' dir='ltr'><strong>fallor,</strong></span> <span class='ocrx_word' id='word_1_176' title='bbox 2779 1294 2874 1349; x_wconf 87' lang='lat' dir='ltr'><strong>hoc</strong></span> <span class='ocrx_word' id='word_1_177' title='bbox 2905 1295 2982 1348; x_wconf 86' lang='lat' dir='ltr'><strong>ibi</strong></span> <span class='ocrx_word' id='word_1_178' title='bbox 3008 1295 3341 1361; x_wconf 78' lang='lat' dir='ltr'><strong>decernitur,</strong></span> <span class='ocrx_word' id='word_1_179' title='bbox 3375 1301 3432 1349; x_wconf 88' lang='lat' dir='ltr'><strong>ut</strong></span> <span class='ocrx_word' id='word_1_180' title='bbox 3466 1296 3775 1351; x_wconf 68' lang='lat' dir='ltr'><strong>Palaestinae</strong></span> 
     </span>
    </p>
   </div>
   <div class='ocr_carea' id='block_1_27' title="bbox 2129 1385 3772 1456">
    <p class='ocr_par' dir='ltr' id='par_1_27' title="bbox 2129 1385 3772 1456">
     <span class='ocr_line' id='line_1_27' title="bbox 2129 1385 3772 1456; baseline 0.001 -17"><span class='ocrx_word' id='word_1_181' title='bbox 2129 1386 2442 1456; x_wconf 83' lang='lat' dir='ltr'><strong>metropolis</strong></span> <span class='ocrx_word' id='word_1_182' title='bbox 2475 1386 2719 1442; x_wconf 71' lang='lat' dir='ltr'><strong>Caesarea</strong></span> <span class='ocrx_word' id='word_1_183' title='bbox 2757 1386 2847 1448; x_wconf 85' lang='lat' dir='ltr'><strong>sit,</strong></span> <span class='ocrx_word' id='word_1_184' title='bbox 2880 1391 2932 1438; x_wconf 90' lang='lat' dir='ltr'><strong>et</strong></span> <span class='ocrx_word' id='word_1_185' title='bbox 2964 1386 3130 1437; x_wconf 85' lang='lat' dir='ltr'><strong>totius</strong></span> <span class='ocrx_word' id='word_1_186' title='bbox 3179 1385 3417 1440; x_wconf 85' lang='lat' dir='ltr'><strong>Orientis</strong></span> <span class='ocrx_word' id='word_1_187' title='bbox 3455 1386 3772 1440; x_wconf 74' lang='lat' dir='ltr'><strong>Antiochia.</strong></span> 
     </span>
    </p>
   </div>
   <div class='ocr_carea' id='block_1_28' title="bbox 2127 1473 3776 1546">
    <p class='ocr_par' dir='ltr' id='par_1_28' title="bbox 2127 1473 3776 1546">
     <span class='ocr_line' id='line_1_28' title="bbox 2127 1473 3776 1546; baseline -0.001 -15"><span class='ocrx_word' id='word_1_188' title='bbox 2127 1478 2233 1532; x_wconf 81' lang='lat' dir='ltr'><strong>Aut</strong></span> <span class='ocrx_word' id='word_1_189' title='bbox 2267 1478 2443 1546; x_wconf 87' lang='lat' dir='ltr'><strong>igitur</strong></span> <span class='ocrx_word' id='word_1_190' title='bbox 2467 1476 2540 1531; x_wconf 87' lang='lat' dir='ltr'><strong>ad</strong></span> <span class='ocrx_word' id='word_1_191' title='bbox 2570 1474 2957 1532; x_wconf 64' lang='lat' dir='ltr'><strong>Caesariensem</strong></span> <span class='ocrx_word' id='word_1_192' title='bbox 2987 1473 3300 1544; x_wconf 83' lang='lat' dir='ltr'><strong>episcopum</strong></span> <span class='ocrx_word' id='word_1_193' title='bbox 3338 1478 3546 1544; x_wconf 79' lang='lat' dir='ltr'><strong>referre</strong></span> <span class='ocrx_word' id='word_1_194' title='bbox 3576 1477 3776 1531; x_wconf 81' lang='lat' dir='ltr'><strong>debue—</strong></span> 
     </span>
    </p>
   </div>
   <div class='ocr_carea' id='block_1_29' title="bbox 2127 1566 3775 1637">
    <p class='ocr_par' dir='ltr' id='par_1_29' title="bbox 2127 1566 3775 1637">
     <span class='ocr_line' id='line_1_29' title="bbox 2127 1566 3775 1637; baseline 0 -16"><span class='ocrx_word' id='word_1_195' title='bbox 2127 1582 2240 1632; x_wconf 85' lang='lat' dir='ltr'><strong>ras,</strong></span> <span class='ocrx_word' id='word_1_196' title='bbox 2297 1568 2385 1620; x_wconf 69' lang='lat' dir='ltr'><strong>(Ui</strong></span> <span class='ocrx_word' id='word_1_197' title='bbox 2429 1572 2614 1637; x_wconf 83' lang='lat' dir='ltr'><strong>spreta</strong></span> <span class='ocrx_word' id='word_1_198' title='bbox 2670 1566 3046 1620; x_wconf 85' lang='lat' dir='ltr'><strong>communione</strong></span> <span class='ocrx_word' id='word_1_199' title='bbox 3105 1571 3201 1618; x_wconf 87' lang='lat' dir='ltr'><strong>tua</strong></span> <span class='ocrx_word' id='word_1_200' title='bbox 3231 1567 3628 1620; x_wconf 80' lang='lat' dir='ltr'><strong>communicare</strong></span> <span class='ocrx_word' id='word_1_201' title='bbox 3681 1583 3775 1621; x_wconf 88' lang='lat' dir='ltr'><strong>nos</strong></span> 
     </span>
    </p>
   </div>
   <div class='ocr_carea' id='block_1_30' title="bbox 2126 1654 3772 1724">
    <p class='ocr_par' dir='ltr' id='par_1_30' title="bbox 2126 1654 3772 1724">
     <span class='ocr_line' id='line_1_30' title="bbox 2126 1654 3772 1724; baseline -0.001 -14"><span class='ocrx_word' id='word_1_202' title='bbox 2126 1672 2351 1712; x_wconf 79' lang='lat' dir='ltr'><strong>noveras</strong></span> <span class='ocrx_word' id='word_1_203' title='bbox 2378 1674 2398 1720; x_wconf 86' lang='lat'><em>;</em></span> <span class='ocrx_word' id='word_1_204' title='bbox 2431 1661 2547 1715; x_wconf 84' lang='lat' dir='ltr'><strong>aut,</strong></span> <span class='ocrx_word' id='word_1_205' title='bbox 2603 1656 2650 1710; x_wconf 90' lang='lat' dir='ltr'><strong>si</strong></span> <span class='ocrx_word' id='word_1_206' title='bbox 2672 1655 2870 1724; x_wconf 86' lang='lat' dir='ltr'><strong>procul</strong></span> <span class='ocrx_word' id='word_1_207' title='bbox 2901 1654 3263 1723; x_wconf 61' lang='lat' dir='ltr'><strong>expetendum</strong></span> <span class='ocrx_word' id='word_1_208' title='bbox 3304 1655 3586 1724; x_wconf 75' lang='lat' dir='ltr'><strong>judicium</strong></span> <span class='ocrx_word' id='word_1_209' title='bbox 3632 1661 3772 1722; x_wconf 80' lang='lat' dir='ltr'><strong>erat,</strong></span> 
     </span>
    </p>
   </div>
   <div class='ocr_carea' id='block_1_31' title="bbox 2127 1746 3778 1816">
    <p class='ocr_par' dir='ltr' id='par_1_31' title="bbox 2127 1746 3778 1816">
     <span class='ocr_line' id='line_1_31' title="bbox 2127 1746 3778 1816; baseline 0.001 -15"><span class='ocrx_word' id='word_1_210' title='bbox 2127 1747 2463 1802; x_wconf 83' lang='lat' dir='ltr'><strong>Antiochiam</strong></span> <span class='ocrx_word' id='word_1_211' title='bbox 2490 1748 2681 1816; x_wconf 88' lang='lat' dir='ltr'><strong>potius</strong></span> <span class='ocrx_word' id='word_1_212' title='bbox 2725 1746 2924 1799; x_wconf 67' lang='lat' dir='ltr'><strong>litterae</strong></span> <span class='ocrx_word' id='word_1_213' title='bbox 2954 1746 3280 1814; x_wconf 69' lang='lat' dir='ltr'><strong>dirigendae.</strong></span> <span class='ocrx_word' id='word_1_214' title='bbox 3323 1748 3533 1800; x_wconf 83' lang='lat' dir='ltr'><strong>Verum</strong></span> <span class='ocrx_word' id='word_1_215' title='bbox 3564 1747 3623 1800; x_wconf 88' lang='lat' dir='ltr'><strong>in</strong></span> <span class='ocrx_word' id='word_1_216' title='bbox 3657 1753 3778 1802; x_wconf 90' lang='lat' dir='ltr'><strong>tota</strong></span> 
     </span>
    </p>
   </div>
   <div class='ocr_carea' id='block_1_32' title="bbox 360 1829 3773 1931">
    <p class='ocr_par' dir='ltr' id='par_1_32' title="bbox 360 1829 3773 1931">
     <span class='ocr_line' id='line_1_32' title="bbox 360 1829 3773 1931; baseline 0.001 -44"><span class='ocrx_word' id='word_1_217' title='bbox 360 1838 596 1904; x_wconf 87' lang='lat' dir='ltr'><strong>partem</strong></span> <span class='ocrx_word' id='word_1_218' title='bbox 617 1832 906 1886; x_wconf 87' lang='lat' dir='ltr'><strong>retinens:</strong></span> <span class='ocrx_word' id='word_1_219' title='bbox 931 1831 1118 1902; x_wconf 90' lang='lat' dir='ltr'><strong>pulsis</strong></span> <span class='ocrx_word' id='word_1_220' title='bbox 1144 1829 1787 1902; x_wconf 67' lang='lat' dir='ltr'><strong>HierosolymaJudai-is</strong></span> <span class='ocrx_word' id='word_1_221' title='bbox 1802 1846 2012 1883; x_wconf 90' lang='lat' dir='ltr'><strong>novam</strong></span> <span class='ocrx_word' id='word_1_222' title='bbox 2050 1868 2090 1931; x_wconf 77' lang='grc' dir='ltr'>Β</span> <span class='ocrx_word' id='word_1_223' title='bbox 2129 1835 2239 1890; x_wconf 80' lang='lat' dir='ltr'><strong>hac</strong></span> <span class='ocrx_word' id='word_1_224' title='bbox 2269 1837 2519 1907; x_wconf 81' lang='lat' dir='ltr'><strong>epistola</strong></span> <span class='ocrx_word' id='word_1_225' title='bbox 2551 1840 2714 1889; x_wconf 85' lang='lat' dir='ltr'><strong>tanto</strong></span> <span class='ocrx_word' id='word_1_226' title='bbox 2747 1834 2932 1889; x_wconf 86' lang='lat' dir='ltr'><strong>animi</strong></span> <span class='ocrx_word' id='word_1_227' title='bbox 2969 1835 3195 1889; x_wconf 84' lang='lat' dir='ltr'><strong>fervore</strong></span> <span class='ocrx_word' id='word_1_228' title='bbox 3223 1840 3399 1906; x_wconf 89' lang='lat' dir='ltr'><strong>atque</strong></span> <span class='ocrx_word' id='word_1_229' title='bbox 3432 1835 3656 1907; x_wconf 89' lang='lat' dir='ltr'><strong>impetu</strong></span> <span class='ocrx_word' id='word_1_230' title='bbox 3711 1836 3773 1890; x_wconf 90' lang='lat' dir='ltr'><strong>in</strong></span> 
     </span>
    </p>
   </div>
   <div class='ocr_carea' id='block_1_33' title="bbox 361 1918 2013 1992">
    <p class='ocr_par' dir='ltr' id='par_1_33' title="bbox 361 1918 2013 1992">
     <span class='ocr_line' id='line_1_33' title="bbox 361 1918 2013 1992; baseline -0.002 -16"><span class='ocrx_word' id='word_1_231' title='bbox 361 1921 622 1976; x_wconf 83' lang='lat' dir='ltr'><strong>formam</strong></span> <span class='ocrx_word' id='word_1_232' title='bbox 646 1921 871 1992; x_wconf 90' lang='lat' dir='ltr'><strong>recepit</strong></span> <span class='ocrx_word' id='word_1_233' title='bbox 892 1921 1172 1986; x_wconf 89' lang='lat' dir='ltr'><strong>Ecclesia,</strong></span> <span class='ocrx_word' id='word_1_234' title='bbox 1206 1937 1275 1975; x_wconf 84' lang='lat' dir='ltr'><strong>ex</strong></span> <span class='ocrx_word' id='word_1_235' title='bbox 1297 1919 1617 1992; x_wconf 85' lang='lat' dir='ltr'><strong>gentilibus</strong></span> <span class='ocrx_word' id='word_1_236' title='bbox 1640 1918 2013 1974; x_wconf 89' lang='lat' dir='ltr'><strong>solummodo</strong></span> 
     </span>
    </p>
   </div>
   <div class='ocr_carea' id='block_1_34' title="bbox 361 2008 2013 2081">
    <p class='ocr_par' dir='ltr' id='par_1_34' title="bbox 361 2008 2013 2081">
     <span class='ocr_line' id='line_1_34' title="bbox 361 2008 2013 2081; baseline -0.002 -15"><span class='ocrx_word' id='word_1_237' title='bbox 361 2011 713 2081; x_wconf 89' lang='lat' dir='ltr'><strong>composita.</strong></span> <span class='ocrx_word' id='word_1_238' title='bbox 747 2014 821 2064; x_wconf 83' lang='lat' dir='ltr'><strong>At</strong></span> <span class='ocrx_word' id='word_1_239' title='bbox 852 2009 1030 2064; x_wconf 88' lang='lat' dir='ltr'><strong>etiam</strong></span> <span class='ocrx_word' id='word_1_240' title='bbox 1062 2009 1281 2065; x_wconf 90' lang='lat' dir='ltr'><strong>multos</strong></span> <span class='ocrx_word' id='word_1_241' title='bbox 1323 2009 1433 2064; x_wconf 90' lang='lat' dir='ltr'><strong>sibi</strong></span> <span class='ocrx_word' id='word_1_242' title='bbox 1485 2008 1816 2081; x_wconf 90' lang='lat' dir='ltr'><strong>peculiares</strong></span> <span class='ocrx_word' id='word_1_243' title='bbox 1845 2008 2013 2072; x_wconf 88' lang='lat' dir='ltr'><strong>ritus,</strong></span> 
     </span>
    </p>
   </div>
   <div class='ocr_carea' id='block_1_35' title="bbox 361 2097 2018 2172">
    <p class='ocr_par' dir='ltr' id='par_1_35' title="bbox 361 2097 2018 2172">
     <span class='ocr_line' id='line_1_35' title="bbox 361 2097 2018 2172; baseline -0.003 -17"><span class='ocrx_word' id='word_1_244' title='bbox 361 2099 560 2172; x_wconf 89' lang='lat' dir='ltr'><strong>quoad</strong></span> <span class='ocrx_word' id='word_1_245' title='bbox 583 2099 1058 2155; x_wconf 88' lang='lat' dir='ltr'><strong>observationem</strong></span> <span class='ocrx_word' id='word_1_246' title='bbox 1079 2099 1318 2154; x_wconf 67' lang='lat' dir='ltr'><strong>Pascha)</strong></span> <span class='ocrx_word' id='word_1_247' title='bbox 1341 2099 1609 2164; x_wconf 89' lang='lat' dir='ltr'><strong>retinuit,</strong></span> <span class='ocrx_word' id='word_1_248' title='bbox 1636 2102 1784 2153; x_wconf 89' lang='lat' dir='ltr'><strong>teste</strong></span> <span class='ocrx_word' id='word_1_249' title='bbox 1809 2097 2018 2153; x_wconf 85' lang='lat' dir='ltr'><strong>Firmi-</strong></span> 
     </span>
    </p>
   </div>
   <div class='ocr_carea' id='block_1_36' title="bbox 359 2187 2014 2260">
    <p class='ocr_par' dir='ltr' id='par_1_36' title="bbox 359 2187 2014 2260">
     <span class='ocr_line' id='line_1_36' title="bbox 359 2187 2014 2260; baseline -0.002 -16"><span class='ocrx_word' id='word_1_250' title='bbox 359 2191 521 2245; x_wconf 90' lang='lat' dir='ltr'><strong>liano</strong></span> <span class='ocrx_word' id='word_1_251' title='bbox 553 2189 810 2260; x_wconf 89' lang='lat' dir='ltr'><strong>epistola</strong></span> <span class='ocrx_word' id='word_1_252' title='bbox 842 2189 916 2244; x_wconf 89' lang='lat' dir='ltr'><strong>ad</strong></span> <span class='ocrx_word' id='word_1_253' title='bbox 960 2190 1357 2260; x_wconf 83' lang='lat' dir='ltr'><strong>Cyprianum;</strong></span> <span class='ocrx_word' id='word_1_254' title='bbox 1406 2189 1717 2258; x_wconf 89' lang='lat' dir='ltr'><strong>adhucque</strong></span> <span class='ocrx_word' id='word_1_255' title='bbox 1769 2187 1878 2242; x_wconf 91' lang='lat' dir='ltr'><strong>sub</strong></span> <span class='ocrx_word' id='word_1_256' title='bbox 1908 2187 2014 2258; x_wconf 84' lang='lat' dir='ltr'><strong>Cy-</strong></span> 
     </span>
    </p>
   </div>
   <div class='ocr_carea' id='block_1_37' title="bbox 359 2276 2020 2350">
    <p class='ocr_par' dir='ltr' id='par_1_37' title="bbox 359 2276 2020 2350">
     <span class='ocr_line' id='line_1_37' title="bbox 359 2276 2020 2350; baseline -0.001 -16"><span class='ocrx_word' id='word_1_257' title='bbox 359 2279 500 2335; x_wconf 84' lang='lat' dir='ltr'><strong>rillo</strong></span> <span class='ocrx_word' id='word_1_258' title='bbox 533 2279 869 2350; x_wconf 90' lang='lat' dir='ltr'><strong>peculiares</strong></span> <span class='ocrx_word' id='word_1_259' title='bbox 905 2278 1162 2334; x_wconf 89' lang='lat' dir='ltr'><strong>habebat</strong></span> <span class='ocrx_word' id='word_1_260' title='bbox 1192 2284 1251 2333; x_wconf 90' lang='lat' dir='ltr'><strong>et</strong></span> <span class='ocrx_word' id='word_1_261' title='bbox 1278 2295 1313 2334; x_wconf 88' lang='lat' dir='ltr'><strong>a</strong></span> <span class='ocrx_word' id='word_1_262' title='bbox 1349 2284 1696 2333; x_wconf 70' lang='lat' dir='ltr'><strong>cwterarum</strong></span> <span class='ocrx_word' id='word_1_263' title='bbox 1727 2276 2020 2332; x_wconf 89' lang='lat' dir='ltr'><strong>Ecclesia-</strong></span> 
     </span>
    </p>
   </div>
   <div class='ocr_carea' id='block_1_38' title="bbox 359 2365 2016 2437">
    <p class='ocr_par' dir='ltr' id='par_1_38' title="bbox 359 2365 2016 2437">
     <span class='ocr_line' id='line_1_38' title="bbox 359 2365 2016 2437; baseline -0.003 -13"><span class='ocrx_word' id='word_1_264' title='bbox 359 2386 495 2425; x_wconf 89' lang='lat' dir='ltr'><strong>rum</strong></span> <span class='ocrx_word' id='word_1_265' title='bbox 530 2385 696 2424; x_wconf 90' lang='lat' dir='ltr'><strong>more</strong></span> <span class='ocrx_word' id='word_1_266' title='bbox 727 2369 1040 2424; x_wconf 92' lang='lat' dir='ltr'><strong>distinctas</strong></span> <span class='ocrx_word' id='word_1_267' title='bbox 1070 2368 1813 2437; x_wconf 90' lang='lat' dir='ltr'><strong>consuetudines,quarum</strong></span> <span class='ocrx_word' id='word_1_268' title='bbox 1831 2365 2016 2437; x_wconf 86' lang='lat' dir='ltr'><strong>pluri-</strong></span> 
     </span>
    </p>
   </div>
   <div class='ocr_carea' id='block_1_39' title="bbox 370 2457 2018 2522">
    <p class='ocr_par' dir='ltr' id='par_1_39' title="bbox 370 2457 2018 2522">
     <span class='ocr_line' id='line_1_39' title="bbox 370 2457 2018 2522; baseline -0.002 -8"><span class='ocrx_word' id='word_1_269' title='bbox 370 2477 498 2514; x_wconf 91' lang='lat' dir='ltr'><strong>mas</strong></span> <span class='ocrx_word' id='word_1_270' title='bbox 533 2477 643 2514; x_wconf 90' lang='lat' dir='ltr'><strong>suo</strong></span> <span class='ocrx_word' id='word_1_271' title='bbox 673 2459 800 2514; x_wconf 90' lang='lat' dir='ltr'><strong>loco</strong></span> <span class='ocrx_word' id='word_1_272' title='bbox 831 2459 1296 2515; x_wconf 82' lang='lat' dir='ltr'><strong>observavimus.</strong></span> <span class='ocrx_word' id='word_1_273' title='bbox 1329 2461 1466 2514; x_wconf 90' lang='lat' dir='ltr'><strong>Erat</strong></span> <span class='ocrx_word' id='word_1_274' title='bbox 1494 2465 1691 2513; x_wconf 89' lang='lat' dir='ltr'><strong>autem</strong></span> <span class='ocrx_word' id='word_1_275' title='bbox 1723 2458 1782 2512; x_wconf 91' lang='lat' dir='ltr'><strong>id</strong></span> <span class='ocrx_word' id='word_1_276' title='bbox 1814 2457 2018 2522; x_wconf 91' lang='lat' dir='ltr'><strong>moris,</strong></span> 
     </span>
    </p>
   </div>
   <div class='ocr_carea' id='block_1_40' title="bbox 360 2547 2018 2619">
    <p class='ocr_par' dir='ltr' id='par_1_40' title="bbox 360 2547 2018 2619">
     <span class='ocr_line' id='line_1_40' title="bbox 360 2547 2018 2619; baseline -0.002 -15"><span class='ocrx_word' id='word_1_277' title='bbox 360 2555 426 2604; x_wconf 92' lang='lat' dir='ltr'><strong>ut</strong></span> <span class='ocrx_word' id='word_1_278' title='bbox 446 2549 732 2606; x_wconf 83' lang='lat' dir='ltr'><strong>Ecclesiae</strong></span> <span class='ocrx_word' id='word_1_279' title='bbox 757 2549 892 2604; x_wconf 93' lang='lat' dir='ltr'><strong>aliis</strong></span> <span class='ocrx_word' id='word_1_280' title='bbox 914 2548 1042 2619; x_wconf 87' lang='lat' dir='ltr'><strong>subj</strong></span> <span class='ocrx_word' id='word_1_281' title='bbox 1055 2555 1195 2604; x_wconf 79' lang='lat' dir='ltr'><strong>ectm</strong></span> <span class='ocrx_word' id='word_1_282' title='bbox 1213 2565 1415 2604; x_wconf 90' lang='lat' dir='ltr'><strong>earum</strong></span> <span class='ocrx_word' id='word_1_283' title='bbox 1435 2549 1585 2602; x_wconf 91' lang='lat' dir='ltr'><strong>ritus</strong></span> <span class='ocrx_word' id='word_1_284' title='bbox 1605 2547 1778 2617; x_wconf 84' lang='lat' dir='ltr'><strong>vulgo</strong></span> <span class='ocrx_word' id='word_1_285' title='bbox 1804 2563 1985 2617; x_wconf 87' lang='lat' dir='ltr'><strong>seque</strong></span> <span class='ocrx_word' id='word_1_286' title='bbox 1999 2576 2018 2586; x_wconf 75' lang='grc' dir='ltr'><strong><em>ο</em></strong></span> 
     </span>
    </p>
   </div>
   <div class='ocr_carea' id='block_1_41' title="bbox 366 2637 2020 2709">
    <p class='ocr_par' dir='ltr' id='par_1_41' title="bbox 366 2637 2020 2709">
     <span class='ocr_line' id='line_1_41' title="bbox 366 2637 2020 2709; baseline -0.002 -16"><span class='ocrx_word' id='word_1_287' title='bbox 366 2645 595 2693; x_wconf 85' lang='lat' dir='ltr'><strong>rentur.</strong></span> <span class='ocrx_word' id='word_1_288' title='bbox 631 2640 770 2704; x_wconf 69' lang='lat' dir='ltr'><strong>Qua:</strong></span> <span class='ocrx_word' id='word_1_289' title='bbox 803 2639 1172 2694; x_wconf 64' lang='lat' dir='ltr'><strong>Alexandriae</strong></span> <span class='ocrx_word' id='word_1_290' title='bbox 1204 2639 1519 2709; x_wconf 88' lang='lat' dir='ltr'><strong>disciplina</strong></span> <span class='ocrx_word' id='word_1_291' title='bbox 1542 2637 1790 2709; x_wconf 82' lang='lat' dir='ltr'><strong>vigebat,</strong></span> <span class='ocrx_word' id='word_1_292' title='bbox 1825 2653 1893 2691; x_wconf 86' lang='lat' dir='ltr'><strong>ea</strong></span> <span class='ocrx_word' id='word_1_293' title='bbox 1925 2641 2020 2690; x_wconf 92' lang='lat' dir='ltr'><strong>to-</strong></span> 
     </span>
    </p>
   </div>
   <div class='ocr_carea' id='block_1_42' title="bbox 361 2726 2024 2801">
    <p class='ocr_par' dir='ltr' id='par_1_42' title="bbox 361 2726 2024 2801">
     <span class='ocr_line' id='line_1_42' title="bbox 361 2726 2024 2801; baseline -0.002 -17"><span class='ocrx_word' id='word_1_294' title='bbox 361 2730 480 2784; x_wconf 86' lang='lat' dir='ltr'><strong>tius</strong></span> <span class='ocrx_word' id='word_1_295' title='bbox 507 2729 735 2801; x_wconf 67' lang='lat' dir='ltr'><strong>.Egypti</strong></span> <span class='ocrx_word' id='word_1_296' title='bbox 758 2729 1077 2796; x_wconf 90' lang='lat' dir='ltr'><strong>censenda;</strong></span> <span class='ocrx_word' id='word_1_297' title='bbox 1103 2746 1235 2799; x_wconf 78' lang='lat' dir='ltr'><strong>quae</strong></span> <span class='ocrx_word' id='word_1_298' title='bbox 1258 2727 1798 2792; x_wconf 71' lang='lat' dir='ltr'><strong>Antiochim,totius</strong></span> <span class='ocrx_word' id='word_1_299' title='bbox 1817 2726 2024 2782; x_wconf 84' lang='lat' dir='ltr'><strong>Orien-</strong></span> 
     </span>
    </p>
   </div>
   <div class='ocr_carea' id='block_1_43' title="bbox 367 2817 2027 2890">
    <p class='ocr_par' dir='ltr' id='par_1_43' title="bbox 367 2817 2027 2890">
     <span class='ocr_line' id='line_1_43' title="bbox 367 2817 2027 2890; baseline -0.003 -17"><span class='ocrx_word' id='word_1_300' title='bbox 367 2819 464 2884; x_wconf 85' lang='lat' dir='ltr'><strong>tis;</strong></span> <span class='ocrx_word' id='word_1_301' title='bbox 493 2835 627 2890; x_wconf 63' lang='lat' dir='ltr'><strong>quae</strong></span> <span class='ocrx_word' id='word_1_302' title='bbox 652 2820 872 2883; x_wconf 70' lang='lat' dir='ltr'><strong>Romae,</strong></span> <span class='ocrx_word' id='word_1_303' title='bbox 901 2818 1239 2874; x_wconf 85' lang='lat' dir='ltr'><strong>Occidentis</strong></span> <span class='ocrx_word' id='word_1_304' title='bbox 1264 2818 1385 2873; x_wconf 78' lang='lat' dir='ltr'><strong>fere</strong></span> <span class='ocrx_word' id='word_1_305' title='bbox 1405 2817 1686 2874; x_wconf 84' lang='lat' dir='ltr'><strong>universi.</strong></span> <span class='ocrx_word' id='word_1_306' title='bbox 1721 2817 1859 2879; x_wconf 70' lang='lat' dir='ltr'><strong>Qum</strong></span> <span class='ocrx_word' id='word_1_307' title='bbox 1893 2831 2027 2887; x_wconf 86' lang='lat' dir='ltr'><strong>ergo</strong></span> 
     </span>
    </p>
   </div>
   <div class='ocr_carea' id='block_1_44' title="bbox 372 2904 2029 2978">
    <p class='ocr_par' dir='ltr' id='par_1_44' title="bbox 372 2904 2029 2978">
     <span class='ocr_line' id='line_1_44' title="bbox 372 2904 2029 2978; baseline -0.004 -16"><span class='ocrx_word' id='word_1_308' title='bbox 372 2907 641 2962; x_wconf 87' lang='lat' dir='ltr'><strong>Ecclesia</strong></span> <span class='ocrx_word' id='word_1_309' title='bbox 677 2909 965 2978; x_wconf 90' lang='lat' dir='ltr'><strong>separatis</strong></span> <span class='ocrx_word' id='word_1_310' title='bbox 997 2906 1263 2962; x_wconf 89' lang='lat' dir='ltr'><strong>moribus</strong></span> <span class='ocrx_word' id='word_1_311' title='bbox 1310 2905 1538 2978; x_wconf 88' lang='lat' dir='ltr'><strong>agebat,</strong></span> <span class='ocrx_word' id='word_1_312' title='bbox 1574 2921 1644 2960; x_wconf 87' lang='lat' dir='ltr'><strong>ea</strong></span> <span class='ocrx_word' id='word_1_313' title='bbox 1675 2904 1762 2960; x_wconf 90' lang='lat' dir='ltr'><strong>sui</strong></span> <span class='ocrx_word' id='word_1_314' title='bbox 1783 2904 1940 2975; x_wconf 85' lang='lat' dir='ltr'><strong>juris</strong></span> <span class='ocrx_word' id='word_1_315' title='bbox 1972 2909 2029 2957; x_wconf 90' lang='lat' dir='ltr'><strong>et</strong></span> 
     </span>
    </p>
   </div>
   <div class='ocr_carea' id='block_1_45' title="bbox 370 2994 2027 3060">
    <p class='ocr_par' dir='ltr' id='par_1_45' title="bbox 370 2994 2027 3060">
     <span class='ocr_line' id='line_1_45' title="bbox 370 2994 2027 3060; baseline -0.004 -8"><span class='ocrx_word' id='word_1_316' title='bbox 370 2997 588 3053; x_wconf 90' lang='lat' dir='ltr'><strong>soluta</strong></span> <span class='ocrx_word' id='word_1_317' title='bbox 611 3013 644 3052; x_wconf 91' lang='lat' dir='ltr'><strong>a</strong></span> <span class='ocrx_word' id='word_1_318' title='bbox 673 3004 1020 3053; x_wconf 71' lang='lat' dir='ltr'><strong>cmterarum</strong></span> <span class='ocrx_word' id='word_1_319' title='bbox 1045 2998 1351 3052; x_wconf 86' lang='lat' dir='ltr'><strong>dominatu</strong></span> <span class='ocrx_word' id='word_1_320' title='bbox 1377 2996 1695 3052; x_wconf 83' lang='lat' dir='ltr'><strong>censenda.</strong></span> <span class='ocrx_word' id='word_1_321' title='bbox 1730 2996 1968 3060; x_wconf 88' lang='lat' dir='ltr'><strong>Quarto,</strong></span> <span class='ocrx_word' id='word_1_322' title='bbox 1994 2994 2027 3047; x_wconf 94' lang='lat' dir='ltr'><strong>S</strong></span> 
     </span>
    </p>
   </div>
   <div class='ocr_carea' id='block_1_46' title="bbox 369 3083 2024 3157">
    <p class='ocr_par' dir='ltr' id='par_1_46' title="bbox 369 3083 2024 3157">
     <span class='ocr_line' id='line_1_46' title="bbox 369 3083 2024 3157; baseline -0.004 -15"><span class='ocrx_word' id='word_1_323' title='bbox 369 3087 588 3142; x_wconf 86' lang='lat' dir='ltr'><strong>Jacobo</strong></span> <span class='ocrx_word' id='word_1_324' title='bbox 620 3087 870 3153; x_wconf 87' lang='lat' dir='ltr'><strong>vivente,</strong></span> <span class='ocrx_word' id='word_1_325' title='bbox 904 3087 1038 3157; x_wconf 91' lang='lat' dir='ltr'><strong>quis</strong></span> <span class='ocrx_word' id='word_1_326' title='bbox 1081 3086 1401 3142; x_wconf 85' lang='lat' dir='ltr'><strong>crediderit</strong></span> <span class='ocrx_word' id='word_1_327' title='bbox 1443 3085 1864 3142; x_wconf 63' lang='lat' dir='ltr'><strong>Caesariensem</strong></span> <span class='ocrx_word' id='word_1_328' title='bbox 1902 3083 2024 3154; x_wconf 92' lang='lat' dir='ltr'><strong>epi-</strong></span> 
     </span>
    </p>
   </div>
   <div class='ocr_carea' id='block_1_47' title="bbox 370 3175 2030 3248">
    <p class='ocr_par' dir='ltr' id='par_1_47' title="bbox 370 3175 2030 3248">
     <span class='ocr_line' id='line_1_47' title="bbox 370 3175 2030 3248; baseline -0.004 -17"><span class='ocrx_word' id='word_1_329' title='bbox 370 3192 621 3248; x_wconf 89' lang='lat' dir='ltr'><strong>sc0pum</strong></span> <span class='ocrx_word' id='word_1_330' title='bbox 654 3175 1093 3247; x_wconf 82' lang='lat' dir='ltr'><strong>metropolitica</strong></span> <span class='ocrx_word' id='word_1_331' title='bbox 1123 3176 1185 3230; x_wconf 91' lang='lat' dir='ltr'><strong>in</strong></span> <span class='ocrx_word' id='word_1_332' title='bbox 1218 3175 1567 3247; x_wconf 90' lang='lat' dir='ltr'><strong>ipsumjura</strong></span> <span class='ocrx_word' id='word_1_333' title='bbox 1591 3189 1864 3229; x_wconf 82' lang='lat' dir='ltr'><strong>exercere</strong></span> <span class='ocrx_word' id='word_1_334' title='bbox 1887 3188 2030 3226; x_wconf 91' lang='lat' dir='ltr'><strong>con—</strong></span> 
     </span>
    </p>
   </div>
   <div class='ocr_carea' id='block_1_48' title="bbox 367 3264 2018 3335">
    <p class='ocr_par' dir='ltr' id='par_1_48' title="bbox 367 3264 2018 3335">
     <span class='ocr_line' id='line_1_48' title="bbox 367 3264 2018 3335; baseline -0.002 -17"><span class='ocrx_word' id='word_1_335' title='bbox 367 3265 635 3320; x_wconf 88' lang='lat' dir='ltr'><strong>tendisse</strong></span> <span class='ocrx_word' id='word_1_336' title='bbox 652 3264 680 3319; x_wconf 84' lang='lat'><strong>?</strong></span> <span class='ocrx_word' id='word_1_337' title='bbox 708 3267 787 3319; x_wconf 90' lang='lat' dir='ltr'><strong>Eo</strong></span> <span class='ocrx_word' id='word_1_338' title='bbox 809 3271 1044 3320; x_wconf 82' lang='lat' dir='ltr'><strong>mortuo</strong></span> <span class='ocrx_word' id='word_1_339' title='bbox 1075 3264 1304 3320; x_wconf 90' lang='lat' dir='ltr'><strong>cladem</strong></span> <span class='ocrx_word' id='word_1_340' title='bbox 1326 3264 1923 3335; x_wconf 84' lang='lat' dir='ltr'><strong>Hierosolymitanam</strong></span> <span class='ocrx_word' id='word_1_341' title='bbox 1949 3279 2018 3316; x_wconf 83' lang='lat' dir='ltr'><strong>ex</strong></span> 
     </span>
    </p>
   </div>
   <div class='ocr_carea' id='block_1_49' title="bbox 361 3352 2012 3426">
    <p class='ocr_par' dir='ltr' id='par_1_49' title="bbox 361 3352 2012 3426">
     <span class='ocr_line' id='line_1_49' title="bbox 361 3352 2012 3426; baseline -0.002 -18"><span class='ocrx_word' id='word_1_342' title='bbox 361 3355 684 3426; x_wconf 87' lang='lat' dir='ltr'><strong>prophetia</strong></span> <span class='ocrx_word' id='word_1_343' title='bbox 710 3355 941 3424; x_wconf 81' lang='lat' dir='ltr'><strong>fugiens</strong></span> <span class='ocrx_word' id='word_1_344' title='bbox 974 3354 1239 3410; x_wconf 89' lang='lat' dir='ltr'><strong>Ecclesia</strong></span> <span class='ocrx_word' id='word_1_345' title='bbox 1276 3371 1337 3410; x_wconf 88' lang='lat' dir='ltr'><strong>se</strong></span> <span class='ocrx_word' id='word_1_346' title='bbox 1388 3354 1611 3410; x_wconf 90' lang='lat' dir='ltr'><strong>Pellam</strong></span> <span class='ocrx_word' id='word_1_347' title='bbox 1643 3354 1704 3408; x_wconf 90' lang='lat' dir='ltr'><strong>in</strong></span> <span class='ocrx_word' id='word_1_348' title='bbox 1737 3352 2012 3407; x_wconf 86' lang='lat' dir='ltr'><strong>Arabiam</strong></span> 
     </span>
    </p>
   </div>
   <div class='ocr_carea' id='block_1_50' title="bbox 363 3442 2011 3516">
    <p class='ocr_par' dir='ltr' id='par_1_50' title="bbox 363 3442 2011 3516">
     <span class='ocr_line' id='line_1_50' title="bbox 363 3442 2011 3516; baseline -0.002 -17"><span class='ocrx_word' id='word_1_349' title='bbox 363 3443 619 3499; x_wconf 89' lang='lat' dir='ltr'><strong>contulit</strong></span> <span class='ocrx_word' id='word_1_350' title='bbox 653 3459 666 3496; x_wconf 89' lang='lat'>:</span> <span class='ocrx_word' id='word_1_351' title='bbox 705 3444 856 3499; x_wconf 90' lang='lat' dir='ltr'><strong>nihil</strong></span> <span class='ocrx_word' id='word_1_352' title='bbox 888 3450 1011 3499; x_wconf 89' lang='lat' dir='ltr'><strong>tum</strong></span> <span class='ocrx_word' id='word_1_353' title='bbox 1045 3445 1106 3498; x_wconf 92' lang='lat' dir='ltr'><strong>in</strong></span> <span class='ocrx_word' id='word_1_354' title='bbox 1139 3460 1270 3500; x_wconf 89' lang='lat' dir='ltr'><strong>eam</strong></span> <span class='ocrx_word' id='word_1_355' title='bbox 1323 3450 1554 3516; x_wconf 88' lang='lat' dir='ltr'><strong>paterat</strong></span> <span class='ocrx_word' id='word_1_356' title='bbox 1609 3442 2011 3498; x_wconf 71' lang='lat' dir='ltr'><strong>Caesariensis.</strong></span> 
     </span>
    </p>
   </div>
   <div class='ocr_carea' id='block_1_51' title="bbox 369 3533 2015 3605">
    <p class='ocr_par' dir='ltr' id='par_1_51' title="bbox 369 3533 2015 3605">
     <span class='ocr_line' id='line_1_51' title="bbox 369 3533 2015 3605; baseline -0.004 -15"><span class='ocrx_word' id='word_1_357' title='bbox 369 3537 511 3590; x_wconf 89' lang='lat' dir='ltr'><strong>Post</strong></span> <span class='ocrx_word' id='word_1_358' title='bbox 542 3550 720 3588; x_wconf 90' lang='lat' dir='ltr'><strong>suum</strong></span> <span class='ocrx_word' id='word_1_359' title='bbox 770 3533 844 3588; x_wconf 88' lang='lat' dir='ltr'><strong>ad</strong></span> <span class='ocrx_word' id='word_1_360' title='bbox 891 3534 1174 3605; x_wconf 92' lang='lat' dir='ltr'><strong>pristinas</strong></span> <span class='ocrx_word' id='word_1_361' title='bbox 1220 3533 1390 3589; x_wconf 90' lang='lat' dir='ltr'><strong>sedes</strong></span> <span class='ocrx_word' id='word_1_362' title='bbox 1436 3533 1714 3600; x_wconf 89' lang='lat' dir='ltr'><strong>reditum,</strong></span> <span class='ocrx_word' id='word_1_363' title='bbox 1765 3549 1840 3587; x_wconf 90' lang='lat' dir='ltr'><strong>an</strong></span> <span class='ocrx_word' id='word_1_364' title='bbox 1890 3537 2015 3585; x_wconf 92' lang='lat' dir='ltr'><strong>tum</strong></span> 
     </span>
    </p>
   </div>
   <div class='ocr_carea' id='block_1_52' title="bbox 363 3621 2019 3696">
    <p class='ocr_par' dir='ltr' id='par_1_52' title="bbox 363 3621 2019 3696">
     <span class='ocr_line' id='line_1_52' title="bbox 363 3621 2019 3696; baseline -0.002 -18"><span class='ocrx_word' id='word_1_365' title='bbox 363 3625 627 3696; x_wconf 88' lang='lat' dir='ltr'><strong>primum</strong></span> <span class='ocrx_word' id='word_1_366' title='bbox 648 3623 1106 3694; x_wconf 87' lang='lat' dir='ltr'><strong>metropolitano</strong></span> <span class='ocrx_word' id='word_1_367' title='bbox 1128 3641 1336 3696; x_wconf 88' lang='lat' dir='ltr'><strong>parere</strong></span> <span class='ocrx_word' id='word_1_368' title='bbox 1355 3623 1596 3694; x_wconf 90' lang='lat' dir='ltr'><strong>incepit,</strong></span> <span class='ocrx_word' id='word_1_369' title='bbox 1617 3638 1750 3676; x_wconf 91' lang='lat' dir='ltr'><strong>cum</strong></span> <span class='ocrx_word' id='word_1_370' title='bbox 1772 3621 2019 3676; x_wconf 88' lang='lat' dir='ltr'><strong>haberet</strong></span> 
     </span>
    </p>
   </div>
   <div class='ocr_carea' id='block_1_53' title="bbox 365 3710 2014 3785">
    <p class='ocr_par' dir='ltr' id='par_1_53' title="bbox 365 3710 2014 3785">
     <span class='ocr_line' id='line_1_53' title="bbox 365 3710 2014 3785; baseline -0.004 -16"><span class='ocrx_word' id='word_1_371' title='bbox 365 3714 706 3769; x_wconf 90' lang='lat' dir='ltr'><strong>Simeonem</strong></span> <span class='ocrx_word' id='word_1_372' title='bbox 729 3714 1069 3785; x_wconf 90' lang='lat' dir='ltr'><strong>episcopum</strong></span> <span class='ocrx_word' id='word_1_373' title='bbox 1084 3730 1199 3768; x_wconf 90' lang='lat' dir='ltr'><strong>non</strong></span> <span class='ocrx_word' id='word_1_374' title='bbox 1218 3713 1416 3768; x_wconf 90' lang='lat' dir='ltr'><strong>minus</strong></span> <span class='ocrx_word' id='word_1_375' title='bbox 1440 3710 1820 3783; x_wconf 89' lang='lat' dir='ltr'><strong>spectabilem</strong></span> <span class='ocrx_word' id='word_1_376' title='bbox 1837 3724 2014 3780; x_wconf 90' lang='lat' dir='ltr'><strong>quam</strong></span> 
     </span>
    </p>
   </div>
   <div class='ocr_carea' id='block_1_54' title="bbox 363 3808 2015 3883">
    <p class='ocr_par' dir='ltr' id='par_1_54' title="bbox 363 3808 2015 3883">
     <span class='ocr_line' id='line_1_54' title="bbox 363 3808 2015 3883; baseline -0.002 -17"><span class='ocrx_word' id='word_1_377' title='bbox 363 3811 648 3867; x_wconf 86' lang='lat' dir='ltr'><strong>Jacobum</strong></span> <span class='ocrx_word' id='word_1_378' title='bbox 681 3812 876 3883; x_wconf 91' lang='lat' dir='ltr'><strong>ipsum</strong></span> <span class='ocrx_word' id='word_1_379' title='bbox 899 3811 927 3866; x_wconf 75' lang='lat' dir='ltr'><strong>‘P</strong></span> <span class='ocrx_word' id='word_1_380' title='bbox 954 3811 1209 3866; x_wconf 88' lang='lat' dir='ltr'><strong>Tandem</strong></span> <span class='ocrx_word' id='word_1_381' title='bbox 1244 3827 1379 3866; x_wconf 92' lang='lat' dir='ltr'><strong>cum</strong></span> <span class='ocrx_word' id='word_1_382' title='bbox 1415 3809 1474 3864; x_wconf 91' lang='lat' dir='ltr'><strong>in</strong></span> <span class='ocrx_word' id='word_1_383' title='bbox 1508 3825 1716 3864; x_wconf 88' lang='lat' dir='ltr'><strong>novam</strong></span> <span class='ocrx_word' id='word_1_384' title='bbox 1765 3808 2015 3862; x_wconf 84' lang='lat' dir='ltr'><strong>formam</strong></span> 
     </span>
    </p>
   </div>
   <div class='ocr_carea' id='block_1_55' title="bbox 364 3896 2019 3972">
    <p class='ocr_par' dir='ltr' id='par_1_55' title="bbox 364 3896 2019 3972">
     <span class='ocr_line' id='line_1_55' title="bbox 364 3896 2019 3972; baseline -0.004 -15"><span class='ocrx_word' id='word_1_385' title='bbox 364 3907 597 3957; x_wconf 88' lang='lat' dir='ltr'><strong>mutata</strong></span> <span class='ocrx_word' id='word_1_386' title='bbox 631 3907 742 3968; x_wconf 90' lang='lat' dir='ltr'><strong>est,</strong></span> <span class='ocrx_word' id='word_1_387' title='bbox 784 3900 1003 3972; x_wconf 89' lang='lat' dir='ltr'><strong>elapsis</strong></span> <span class='ocrx_word' id='word_1_388' title='bbox 1053 3907 1289 3955; x_wconf 90' lang='lat' dir='ltr'><strong>centum</strong></span> <span class='ocrx_word' id='word_1_389' title='bbox 1337 3900 1532 3962; x_wconf 86' lang='lat' dir='ltr'><strong>annis,</strong></span> <span class='ocrx_word' id='word_1_390' title='bbox 1585 3897 1798 3969; x_wconf 90' lang='lat' dir='ltr'><strong>quibus</strong></span> <span class='ocrx_word' id='word_1_391' title='bbox 1831 3896 2019 3951; x_wconf 88' lang='lat' dir='ltr'><strong>libera</strong></span> 
     </span>
    </p>
   </div>
   <div class='ocr_carea' id='block_1_56' title="bbox 363 3988 2015 4061">
    <p class='ocr_par' dir='ltr' id='par_1_56' title="bbox 363 3988 2015 4061">
     <span class='ocr_line' id='line_1_56' title="bbox 363 3988 2015 4061; baseline -0.003 -16"><span class='ocrx_word' id='word_1_392' title='bbox 363 3990 661 4055; x_wconf 80' lang='lat' dir='ltr'><strong>fuerat,an</strong></span> <span class='ocrx_word' id='word_1_393' title='bbox 687 3996 964 4061; x_wconf 90' lang='lat' dir='ltr'><strong>putamus</strong></span> <span class='ocrx_word' id='word_1_394' title='bbox 978 3990 1401 4044; x_wconf 65' lang='lat' dir='ltr'><strong>Caesariensem</strong></span> <span class='ocrx_word' id='word_1_395' title='bbox 1426 3988 2015 4060; x_wconf 82' lang='lat' dir='ltr'><strong>episcopum.novum</strong></span> 
     </span>
    </p>
   </div>
   <div class='ocr_carea' id='block_1_57' title="bbox 369 4076 2015 4148">
    <p class='ocr_par' dir='ltr' id='par_1_57' title="bbox 369 4076 2015 4148">
     <span class='ocr_line' id='line_1_57' title="bbox 369 4076 2015 4148; baseline -0.002 -14"><span class='ocrx_word' id='word_1_396' title='bbox 369 4086 426 4134; x_wconf 89' lang='lat' dir='ltr'><strong>et</strong></span> <span class='ocrx_word' id='word_1_397' title='bbox 454 4078 873 4134; x_wconf 90' lang='lat' dir='ltr'><strong>decessoribus</strong></span> <span class='ocrx_word' id='word_1_398' title='bbox 905 4079 1028 4134; x_wconf 91' lang='lat' dir='ltr'><strong>suis</strong></span> <span class='ocrx_word' id='word_1_399' title='bbox 1066 4079 1424 4134; x_wconf 87' lang='lat' dir='ltr'><strong>intentatum</strong></span> <span class='ocrx_word' id='word_1_400' title='bbox 1470 4079 1570 4148; x_wconf 89' lang='lat' dir='ltr'><strong>jus</strong></span> <span class='ocrx_word' id='word_1_401' title='bbox 1601 4079 1660 4132; x_wconf 91' lang='lat' dir='ltr'><strong>in</strong></span> <span class='ocrx_word' id='word_1_402' title='bbox 1691 4076 2015 4132; x_wconf 86' lang='lat' dir='ltr'><strong>Ecclesiam</strong></span> 
     </span>
    </p>
   </div>
   <div class='ocr_carea' id='block_1_58' title="bbox 365 4166 2016 4238">
    <p class='ocr_par' dir='ltr' id='par_1_58' title="bbox 365 4166 2016 4238">
     <span class='ocr_line' id='line_1_58' title="bbox 365 4166 2016 4238; baseline -0.004 -14"><span class='ocrx_word' id='word_1_403' title='bbox 365 4169 531 4224; x_wconf 89' lang='lat' dir='ltr'><strong>omni</strong></span> <span class='ocrx_word' id='word_1_404' title='bbox 579 4185 816 4238; x_wconf 89' lang='lat' dir='ltr'><strong>semper</strong></span> <span class='ocrx_word' id='word_1_405' title='bbox 861 4168 1238 4223; x_wconf 86' lang='lat' dir='ltr'><strong>veneratione</strong></span> <span class='ocrx_word' id='word_1_406' title='bbox 1292 4185 1326 4222; x_wconf 91' lang='lat' dir='ltr'><strong>a</strong></span> <span class='ocrx_word' id='word_1_407' title='bbox 1373 4166 1722 4222; x_wconf 89' lang='lat' dir='ltr'><strong>Christianis</strong></span> <span class='ocrx_word' id='word_1_408' title='bbox 1753 4166 2016 4221; x_wconf 88' lang='lat' dir='ltr'><strong>habitam</strong></span> 
     </span>
    </p>
   </div>
   <div class='ocr_carea' id='block_1_59' title="bbox 365 4257 2017 4330">
    <p class='ocr_par' dir='ltr' id='par_1_59' title="bbox 365 4257 2017 4330">
     <span class='ocr_line' id='line_1_59' title="bbox 365 4257 2017 4330; baseline -0.001 -18"><span class='ocrx_word' id='word_1_409' title='bbox 365 4258 819 4330; x_wconf 63' lang='lat' dir='ltr'><strong>praesumpsisse</strong></span> <span class='ocrx_word' id='word_1_410' title='bbox 839 4257 868 4312; x_wconf 87' lang='lat'><strong>?</strong></span> <span class='ocrx_word' id='word_1_411' title='bbox 897 4257 1110 4322; x_wconf 88' lang='lat' dir='ltr'><strong>Quinto</strong></span> <span class='ocrx_word' id='word_1_412' title='bbox 1145 4257 1405 4317; x_wconf 79' lang='lat' dir='ltr'><strong>tandem.</strong></span> <span class='ocrx_word' id='word_1_413' title='bbox 1437 4257 1786 4312; x_wconf 89' lang='lat' dir='ltr'><strong>inusitatum</strong></span> <span class='ocrx_word' id='word_1_414' title='bbox 1814 4257 1875 4310; x_wconf 89' lang='lat' dir='ltr'><strong>in</strong></span> <span class='ocrx_word' id='word_1_415' title='bbox 1909 4257 2017 4310; x_wconf 89' lang='lat' dir='ltr'><strong>Ec-</strong></span> 
     </span>
    </p>
   </div>
   <div class='ocr_carea' id='block_1_60' title="bbox 363 4344 2012 4417">
    <p class='ocr_par' dir='ltr' id='par_1_60' title="bbox 363 4344 2012 4417">
     <span class='ocr_line' id='line_1_60' title="bbox 363 4344 2012 4417; baseline -0.003 -15"><span class='ocrx_word' id='word_1_416' title='bbox 363 4347 548 4403; x_wconf 91' lang='lat' dir='ltr'><strong>clesia</strong></span> <span class='ocrx_word' id='word_1_417' title='bbox 576 4353 702 4400; x_wconf 89' lang='lat' dir='ltr'><strong>erat</strong></span> <span class='ocrx_word' id='word_1_418' title='bbox 730 4351 796 4400; x_wconf 89' lang='lat' dir='ltr'><strong>ut</strong></span> <span class='ocrx_word' id='word_1_419' title='bbox 826 4346 1099 4417; x_wconf 89' lang='lat' dir='ltr'><strong>superior</strong></span> <span class='ocrx_word' id='word_1_420' title='bbox 1137 4350 1374 4417; x_wconf 90' lang='lat' dir='ltr'><strong>pareret</strong></span> <span class='ocrx_word' id='word_1_421' title='bbox 1420 4345 1705 4400; x_wconf 84' lang='lat' dir='ltr'><strong>inferiori.</strong></span> <span class='ocrx_word' id='word_1_422' title='bbox 1740 4344 2012 4416; x_wconf 88' lang='lat' dir='ltr'><strong>Superio-</strong></span> 
     </span>
    </p>
   </div>
   <div class='ocr_carea' id='block_1_61' title="bbox 362 4430 2019 4504">
    <p class='ocr_par' dir='ltr' id='par_1_61' title="bbox 362 4430 2019 4504">
     <span class='ocr_line' id='line_1_61' title="bbox 362 4430 2019 4504; baseline -0.004 -15"><span class='ocrx_word' id='word_1_423' title='bbox 362 4450 489 4489; x_wconf 90' lang='lat' dir='ltr'><strong>rem</strong></span> <span class='ocrx_word' id='word_1_424' title='bbox 509 4431 861 4487; x_wconf 69' lang='lat' dir='ltr'><strong>Caasariensi</strong></span> <span class='ocrx_word' id='word_1_425' title='bbox 885 4431 1161 4504; x_wconf 88' lang='lat' dir='ltr'><strong>episcopo</strong></span> <span class='ocrx_word' id='word_1_426' title='bbox 1195 4431 1502 4487; x_wconf 89' lang='lat' dir='ltr'><strong>obtinebat</strong></span> <span class='ocrx_word' id='word_1_427' title='bbox 1531 4430 2019 4502; x_wconf 88' lang='lat' dir='ltr'><strong>Hierosolymita-</strong></span> 
     </span>
    </p>
   </div>
   <div class='ocr_carea' id='block_1_62' title="bbox 362 4519 2019 4594">
    <p class='ocr_par' dir='ltr' id='par_1_62' title="bbox 362 4519 2019 4594">
     <span class='ocr_line' id='line_1_62' title="bbox 362 4519 2019 4594; baseline -0.002 -16"><span class='ocrx_word' id='word_1_428' title='bbox 362 4540 476 4578; x_wconf 91' lang='lat' dir='ltr'><strong>nus</strong></span> <span class='ocrx_word' id='word_1_429' title='bbox 491 4522 739 4577; x_wconf 88' lang='lat' dir='ltr'><strong>honoris</strong></span> <span class='ocrx_word' id='word_1_430' title='bbox 759 4528 821 4577; x_wconf 89' lang='lat' dir='ltr'><strong>et</strong></span> <span class='ocrx_word' id='word_1_431' title='bbox 842 4537 1156 4577; x_wconf 91' lang='lat' dir='ltr'><strong>consessus</strong></span> <span class='ocrx_word' id='word_1_432' title='bbox 1178 4520 1629 4594; x_wconf 87' lang='lat' dir='ltr'><strong>gradum,quem</strong></span> <span class='ocrx_word' id='word_1_433' title='bbox 1645 4521 1757 4592; x_wconf 91' lang='lat' dir='ltr'><strong>ipsi</strong></span> <span class='ocrx_word' id='word_1_434' title='bbox 1774 4536 1842 4574; x_wconf 84' lang='lat' dir='ltr'><strong>ex</strong></span> <span class='ocrx_word' id='word_1_435' title='bbox 1864 4519 2019 4574; x_wconf 90' lang='lat' dir='ltr'><strong>anti-</strong></span> 
     </span>
    </p>
   </div>
   <div class='ocr_carea' id='block_1_63' title="bbox 2119 1924 3773 1995">
    <p class='ocr_par' dir='ltr' id='par_1_63' title="bbox 2119 1924 3773 1995">
     <span class='ocr_line' id='line_1_63' title="bbox 2119 1924 3773 1995; baseline -0.002 -13"><span class='ocrx_word' id='word_1_436' title='bbox 2119 1928 2405 1982; x_wconf 85' lang='lat' dir='ltr'><strong>Joannem</strong></span> <span class='ocrx_word' id='word_1_437' title='bbox 2440 1925 2738 1980; x_wconf 85' lang='lat' dir='ltr'><strong>invehitur</strong></span> <span class='ocrx_word' id='word_1_438' title='bbox 2769 1924 3162 1995; x_wconf 77' lang='lat' dir='ltr'><strong>Hieronymus</strong></span> <span class='ocrx_word' id='word_1_439' title='bbox 3185 1924 3773 1995; x_wconf 88' lang='lat' dir='ltr'><strong>domesticisinjuriis</strong></span> 
     </span>
    </p>
   </div>
   <div class='ocr_carea' id='block_1_64' title="bbox 2123 2014 3774 2086">
    <p class='ocr_par' dir='ltr' id='par_1_64' title="bbox 2123 2014 3774 2086">
     <span class='ocr_line' id='line_1_64' title="bbox 2123 2014 3774 2086; baseline -0.002 -15"><span class='ocrx_word' id='word_1_440' title='bbox 2123 2017 2423 2078; x_wconf 87' lang='lat' dir='ltr'><strong>incensus,</strong></span> <span class='ocrx_word' id='word_1_441' title='bbox 2447 2021 2515 2070; x_wconf 93' lang='lat' dir='ltr'><strong>ut</strong></span> <span class='ocrx_word' id='word_1_442' title='bbox 2530 2021 2694 2070; x_wconf 89' lang='lat' dir='ltr'><strong>actor</strong></span> <span class='ocrx_word' id='word_1_443' title='bbox 2723 2014 3139 2068; x_wconf 64' lang='lat' dir='ltr'><strong>controversiae</strong></span> <span class='ocrx_word' id='word_1_444' title='bbox 3161 2014 3344 2086; x_wconf 88' lang='lat' dir='ltr'><strong>magis</strong></span> <span class='ocrx_word' id='word_1_445' title='bbox 3374 2031 3549 2085; x_wconf 91' lang='lat' dir='ltr'><strong>quam</strong></span> <span class='ocrx_word' id='word_1_446' title='bbox 3569 2031 3774 2084; x_wconf 70' lang='lat' dir='ltr'><strong>mquus</strong></span> 
     </span>
    </p>
   </div>
   <div class='ocr_carea' id='block_1_65' title="bbox 2123 2102 3773 2177">
    <p class='ocr_par' dir='ltr' id='par_1_65' title="bbox 2123 2102 3773 2177">
     <span class='ocr_line' id='line_1_65' title="bbox 2123 2102 3773 2177; baseline -0.003 -16"><span class='ocrx_word' id='word_1_447' title='bbox 2123 2106 2304 2177; x_wconf 85' lang='lat' dir='ltr'><strong>hujus</strong></span> <span class='ocrx_word' id='word_1_448' title='bbox 2337 2104 2684 2159; x_wconf 70' lang='lat' dir='ltr'><strong>dirimenda:</strong></span> <span class='ocrx_word' id='word_1_449' title='bbox 2718 2103 2940 2158; x_wconf 90' lang='lat' dir='ltr'><strong>arbiter</strong></span> <span class='ocrx_word' id='word_1_450' title='bbox 2970 2119 3036 2158; x_wconf 90' lang='lat' dir='ltr'><strong>ac</strong></span> <span class='ocrx_word' id='word_1_451' title='bbox 3061 2102 3247 2174; x_wconf 82' lang='lat' dir='ltr'><strong>judex</strong></span> <span class='ocrx_word' id='word_1_452' title='bbox 3300 2119 3428 2157; x_wconf 91' lang='lat' dir='ltr'><strong>esse</strong></span> <span class='ocrx_word' id='word_1_453' title='bbox 3489 2103 3773 2170; x_wconf 90' lang='lat' dir='ltr'><strong>videatur,</strong></span> 
     </span>
    </p>
   </div>
   <div class='ocr_carea' id='block_1_66' title="bbox 2125 2192 3773 2262">
    <p class='ocr_par' dir='ltr' id='par_1_66' title="bbox 2125 2192 3773 2262">
     <span class='ocr_line' id='line_1_66' title="bbox 2125 2192 3773 2262; baseline -0.002 -12"><span class='ocrx_word' id='word_1_454' title='bbox 2125 2195 2286 2250; x_wconf 90' lang='lat' dir='ltr'><strong>Alias</strong></span> <span class='ocrx_word' id='word_1_455' title='bbox 2318 2201 2458 2250; x_wconf 89' lang='lat' dir='ltr'><strong>nata</strong></span> <span class='ocrx_word' id='word_1_456' title='bbox 2484 2193 2886 2249; x_wconf 88' lang='lat' dir='ltr'><strong>controversia</strong></span> <span class='ocrx_word' id='word_1_457' title='bbox 2937 2198 3063 2247; x_wconf 85' lang='lat' dir='ltr'><strong>erat</strong></span> <span class='ocrx_word' id='word_1_458' title='bbox 3101 2192 3172 2247; x_wconf 92' lang='lat' dir='ltr'><strong>de</strong></span> <span class='ocrx_word' id='word_1_459' title='bbox 3223 2192 3773 2262; x_wconf 73' lang='lat' dir='ltr'><strong>Hierosolymitanas</strong></span> 
     </span>
    </p>
   </div>
   <div class='ocr_carea' id='block_1_67' title="bbox 2123 2281 3766 2356">
    <p class='ocr_par' dir='ltr' id='par_1_67' title="bbox 2123 2281 3766 2356">
     <span class='ocr_line' id='line_1_67' title="bbox 2123 2281 3766 2356; baseline -0.004 -15"><span class='ocrx_word' id='word_1_460' title='bbox 2123 2285 2392 2356; x_wconf 69' lang='lat' dir='ltr'><strong>parmcia)</strong></span> <span class='ocrx_word' id='word_1_461' title='bbox 2425 2283 2668 2350; x_wconf 79' lang='lat' dir='ltr'><strong>ﬁnibus,</strong></span> <span class='ocrx_word' id='word_1_462' title='bbox 2705 2299 2847 2337; x_wconf 90' lang='lat' dir='ltr'><strong>num</strong></span> <span class='ocrx_word' id='word_1_463' title='bbox 2907 2281 3248 2352; x_wconf 82' lang='lat' dir='ltr'><strong>Hieronymi</strong></span> <span class='ocrx_word' id='word_1_464' title='bbox 3306 2298 3372 2335; x_wconf 88' lang='lat' dir='ltr'><strong>ac</strong></span> <span class='ocrx_word' id='word_1_465' title='bbox 3429 2281 3766 2336; x_wconf 86' lang='lat' dir='ltr'><strong>Pauliniani</strong></span> 
     </span>
    </p>
   </div>
   <div class='ocr_carea' id='block_1_68' title="bbox 2125 2369 3772 2442">
    <p class='ocr_par' dir='ltr' id='par_1_68' title="bbox 2125 2369 3772 2442">
     <span class='ocr_line' id='line_1_68' title="bbox 2125 2369 3772 2442; baseline -0.002 -14"><span class='ocrx_word' id='word_1_466' title='bbox 2125 2373 2550 2429; x_wconf 88' lang='lat' dir='ltr'><strong>monasterium</strong></span> <span class='ocrx_word' id='word_1_467' title='bbox 2574 2371 2647 2426; x_wconf 91' lang='lat' dir='ltr'><strong>ad</strong></span> <span class='ocrx_word' id='word_1_468' title='bbox 2682 2388 2811 2426; x_wconf 90' lang='lat' dir='ltr'><strong>eam</strong></span> <span class='ocrx_word' id='word_1_469' title='bbox 2835 2371 3177 2442; x_wconf 87' lang='lat' dir='ltr'><strong>pertineret.</strong></span> <span class='ocrx_word' id='word_1_470' title='bbox 3199 2371 3338 2441; x_wconf 84' lang='lat' dir='ltr'><strong>Ejus</strong></span> <span class='ocrx_word' id='word_1_471' title='bbox 3356 2369 3633 2440; x_wconf 82' lang='lat' dir='ltr'><strong>reijudex</strong></span> <span class='ocrx_word' id='word_1_472' title='bbox 3652 2387 3772 2425; x_wconf 85' lang='lat' dir='ltr'><strong>non</strong></span> 
     </span>
    </p>
   </div>
   <div class='ocr_carea' id='block_1_69' title="bbox 2123 2458 3774 2532">
    <p class='ocr_par' dir='ltr' id='par_1_69' title="bbox 2123 2458 3774 2532">
     <span class='ocr_line' id='line_1_69' title="bbox 2123 2458 3774 2532; baseline -0.003 -15"><span class='ocrx_word' id='word_1_473' title='bbox 2123 2461 2559 2518; x_wconf 77' lang='lat' dir='ltr'><strong>Alexandrinus</strong></span> <span class='ocrx_word' id='word_1_474' title='bbox 2591 2461 2834 2532; x_wconf 75' lang='lat' dir='ltr'><strong>praesul.</strong></span> <span class='ocrx_word' id='word_1_475' title='bbox 2877 2459 2980 2514; x_wconf 89' lang='lat' dir='ltr'><strong>sed</strong></span> <span class='ocrx_word' id='word_1_476' title='bbox 3033 2458 3346 2530; x_wconf 67' lang='lat' dir='ltr'><strong>provincias</strong></span> <span class='ocrx_word' id='word_1_477' title='bbox 3393 2459 3774 2529; x_wconf 86' lang='lat' dir='ltr'><strong>metropolita</strong></span> 
     </span>
    </p>
   </div>
   <div class='ocr_carea' id='block_1_70' title="bbox 2124 2546 3771 2623">
    <p class='ocr_par' dir='ltr' id='par_1_70' title="bbox 2124 2546 3771 2623">
     <span class='ocr_line' id='line_1_70' title="bbox 2124 2546 3771 2623; baseline -0.003 -17"><span class='ocrx_word' id='word_1_478' title='bbox 2124 2553 2322 2623; x_wconf 89' lang='lat' dir='ltr'><strong>potius</strong></span> <span class='ocrx_word' id='word_1_479' title='bbox 2353 2550 2575 2606; x_wconf 88' lang='lat' dir='ltr'><strong>assumi</strong></span> <span class='ocrx_word' id='word_1_480' title='bbox 2609 2549 2879 2604; x_wconf 90' lang='lat' dir='ltr'><strong>debebat.</strong></span> <span class='ocrx_word' id='word_1_481' title='bbox 2915 2549 3245 2620; x_wconf 87' lang='lat' dir='ltr'><strong>Opponitur</strong></span> <span class='ocrx_word' id='word_1_482' title='bbox 3269 2563 3504 2618; x_wconf 90' lang='lat' dir='ltr'><strong>quoque</strong></span> <span class='ocrx_word' id='word_1_483' title='bbox 3529 2546 3771 2617; x_wconf 87' lang='lat' dir='ltr'><strong>quodin</strong></span> 
     </span>
    </p>
   </div>
   <div class='ocr_carea' id='block_1_71' title="bbox 2124 2636 3772 2712">
    <p class='ocr_par' dir='ltr' id='par_1_71' title="bbox 2124 2636 3772 2712">
     <span class='ocr_line' id='line_1_71' title="bbox 2124 2636 3772 2712; baseline -0.003 -17"><span class='ocrx_word' id='word_1_484' title='bbox 2124 2639 2584 2712; x_wconf 86' lang='lat' dir='ltr'><strong>provincialibus</strong></span> <span class='ocrx_word' id='word_1_485' title='bbox 2598 2639 2928 2693; x_wconf 65' lang='lat' dir='ltr'><strong>Palaestinas</strong></span> <span class='ocrx_word' id='word_1_486' title='bbox 2944 2637 3234 2704; x_wconf 89' lang='lat' dir='ltr'><strong>conciliis,</strong></span> <span class='ocrx_word' id='word_1_487' title='bbox 3251 2636 3630 2691; x_wconf 76' lang='lat' dir='ltr'><strong>Cwsariensis</strong></span> <span class='ocrx_word' id='word_1_488' title='bbox 3650 2652 3772 2690; x_wconf 87' lang='lat' dir='ltr'><strong>me-</strong></span> 
     </span>
    </p>
   </div>
   <div class='ocr_carea' id='block_1_72' title="bbox 2125 2726 3770 2802">
    <p class='ocr_par' dir='ltr' id='par_1_72' title="bbox 2125 2726 3770 2802">
     <span class='ocr_line' id='line_1_72' title="bbox 2125 2726 3770 2802; baseline -0.004 -17"><span class='ocrx_word' id='word_1_489' title='bbox 2125 2730 2404 2802; x_wconf 89' lang='lat' dir='ltr'><strong>tropolita</strong></span> <span class='ocrx_word' id='word_1_490' title='bbox 2423 2729 2788 2800; x_wconf 72' lang='lat' dir='ltr'><strong>praesideret.</strong></span> <span class='ocrx_word' id='word_1_491' title='bbox 2814 2727 2876 2781; x_wconf 93' lang='lat' dir='ltr'><strong>Id</strong></span> <span class='ocrx_word' id='word_1_492' title='bbox 2900 2733 3062 2799; x_wconf 89' lang='lat' dir='ltr'><strong>patet</strong></span> <span class='ocrx_word' id='word_1_493' title='bbox 3085 2727 3156 2780; x_wconf 88' lang='lat' dir='ltr'><strong>de</strong></span> <span class='ocrx_word' id='word_1_494' title='bbox 3179 2726 3508 2780; x_wconf 67' lang='lat' dir='ltr'><strong>eoncilioin</strong></span> <span class='ocrx_word' id='word_1_495' title='bbox 3532 2732 3770 2780; x_wconf 90' lang='lat' dir='ltr'><strong>contro-</strong></span> 
     </span>
    </p>
   </div>
   <div class='ocr_carea' id='block_1_73' title="bbox 2124 2815 3768 2888">
    <p class='ocr_par' dir='ltr' id='par_1_73' title="bbox 2124 2815 3768 2888">
     <span class='ocr_line' id='line_1_73' title="bbox 2124 2815 3768 2888; baseline -0.002 -15"><span class='ocrx_word' id='word_1_496' title='bbox 2124 2820 2314 2874; x_wconf 88' lang='lat' dir='ltr'><strong>versia</strong></span> <span class='ocrx_word' id='word_1_497' title='bbox 2336 2818 2658 2884; x_wconf 87' lang='lat' dir='ltr'><strong>Paschatis,</strong></span> <span class='ocrx_word' id='word_1_498' title='bbox 2684 2816 2854 2887; x_wconf 87' lang='lat' dir='ltr'><strong>cujus</strong></span> <span class='ocrx_word' id='word_1_499' title='bbox 2876 2815 3159 2888; x_wconf 78' lang='lat' dir='ltr'><strong>praesides</strong></span> <span class='ocrx_word' id='word_1_500' title='bbox 3183 2815 3254 2869; x_wconf 93' lang='lat' dir='ltr'><strong>ab</strong></span> <span class='ocrx_word' id='word_1_501' title='bbox 3277 2815 3527 2870; x_wconf 88' lang='lat' dir='ltr'><strong>Eusebio</strong></span> <span class='ocrx_word' id='word_1_502' title='bbox 3560 2815 3768 2870; x_wconf 87' lang='lat' dir='ltr'><strong>dicun-</strong></span> 
     </span>
    </p>
   </div>
   <div class='ocr_carea' id='block_1_74' title="bbox 2125 2905 3767 2979">
    <p class='ocr_par' dir='ltr' id='par_1_74' title="bbox 2125 2905 3767 2979">
     <span class='ocr_line' id='line_1_74' title="bbox 2125 2905 3767 2979; baseline -0.004 -15"><span class='ocrx_word' id='word_1_503' title='bbox 2125 2916 2219 2965; x_wconf 91' lang='lat' dir='ltr'><strong>tur</strong></span> <span class='ocrx_word' id='word_1_504' title='bbox 2240 2909 2340 2964; x_wconf 93' lang='lat' dir='ltr'><strong>lib.</strong></span> <span class='ocrx_word' id='word_1_505' title='bbox 2367 2926 2419 2971; x_wconf 79' lang='grc' dir='ltr'><strong>γ,</strong></span> <span class='ocrx_word' id='word_1_506' title='bbox 2443 2925 2571 2979; x_wconf 87' lang='lat' dir='ltr'><strong>cap,</strong></span> <span class='ocrx_word' id='word_1_507' title='bbox 2600 2909 2688 2973; x_wconf 87' lang='lat'><strong>23,</strong></span> <span class='ocrx_word' id='word_1_508' title='bbox 2740 2905 3100 2976; x_wconf 85' lang='lat' dir='ltr'><strong>Theophilus</strong></span> <span class='ocrx_word' id='word_1_509' title='bbox 3125 2905 3504 2958; x_wconf 67' lang='lat' dir='ltr'><strong>Coasariensis</strong></span> <span class='ocrx_word' id='word_1_510' title='bbox 3536 2910 3595 2958; x_wconf 91' lang='lat' dir='ltr'><strong>et</strong></span> <span class='ocrx_word' id='word_1_511' title='bbox 3617 2906 3767 2959; x_wconf 78' lang='lat' dir='ltr'><strong>Nar-</strong></span> 
     </span>
    </p>
   </div>
   <div class='ocr_carea' id='block_1_75' title="bbox 2125 2993 3767 3066">
    <p class='ocr_par' dir='ltr' id='par_1_75' title="bbox 2125 2993 3767 3066">
     <span class='ocr_line' id='line_1_75' title="bbox 2125 2993 3767 3066; baseline -0.004 -12"><span class='ocrx_word' id='word_1_512' title='bbox 2125 2998 2313 3055; x_wconf 90' lang='lat' dir='ltr'><strong>cissus</strong></span> <span class='ocrx_word' id='word_1_513' title='bbox 2365 2996 2955 3066; x_wconf 84' lang='lat' dir='ltr'><strong>Hierosolymitanus.</strong></span> <span class='ocrx_word' id='word_1_514' title='bbox 2986 2993 3226 3048; x_wconf 87' lang='lat' dir='ltr'><strong>Atidem</strong></span> <span class='ocrx_word' id='word_1_515' title='bbox 3279 3009 3384 3063; x_wconf 89' lang='lat' dir='ltr'><strong>cap</strong></span> <span class='ocrx_word' id='word_1_516' title='bbox 3435 2996 3525 3058; x_wconf 81' lang='lat'><strong>27,</strong></span> <span class='ocrx_word' id='word_1_517' title='bbox 3559 2993 3767 3048; x_wconf 88' lang='lat' dir='ltr'><strong>eadem</strong></span> 
     </span>
    </p>
   </div>
   <div class='ocr_carea' id='block_1_76' title="bbox 2124 3083 3770 3155">
    <p class='ocr_par' dir='ltr' id='par_1_76' title="bbox 2124 3083 3770 3155">
     <span class='ocr_line' id='line_1_76' title="bbox 2124 3083 3770 3155; baseline -0.004 -12"><span class='ocrx_word' id='word_1_518' title='bbox 2124 3103 2444 3143; x_wconf 88' lang='lat' dir='ltr'><strong>recensens</strong></span> <span class='ocrx_word' id='word_1_519' title='bbox 2477 3086 2814 3140; x_wconf 82' lang='lat' dir='ltr'><strong>Narcissum</strong></span> <span class='ocrx_word' id='word_1_520' title='bbox 2837 3084 3131 3155; x_wconf 69' lang='lat' dir='ltr'><strong>praeponit</strong></span> <span class='ocrx_word' id='word_1_521' title='bbox 3151 3083 3614 3154; x_wconf 74' lang='lat' dir='ltr'><strong>’I‘heOphiloDiu</strong></span> <span class='ocrx_word' id='word_1_522' title='bbox 3638 3087 3770 3153; x_wconf 89' lang='lat' dir='ltr'><strong>post</strong></span> 
     </span>
    </p>
   </div>
   <div class='ocr_carea' id='block_1_77' title="bbox 2128 3172 3768 3250">
    <p class='ocr_par' dir='ltr' id='par_1_77' title="bbox 2128 3172 3768 3250">
     <span class='ocr_line' id='line_1_77' title="bbox 2128 3172 3768 3250; baseline -0.004 -17"><span class='ocrx_word' id='word_1_523' title='bbox 2128 3177 2329 3250; x_wconf 88' lang='lat' dir='ltr'><strong>Cyrilli</strong></span> <span class='ocrx_word' id='word_1_524' title='bbox 2361 3182 2648 3247; x_wconf 86' lang='lat' dir='ltr'><strong>tempora.</strong></span> <span class='ocrx_word' id='word_1_525' title='bbox 2701 3191 2834 3228; x_wconf 89' lang='lat' dir='ltr'><strong>cum</strong></span> <span class='ocrx_word' id='word_1_526' title='bbox 2883 3175 3139 3228; x_wconf 88' lang='lat' dir='ltr'><strong>Joannes</strong></span> <span class='ocrx_word' id='word_1_527' title='bbox 3197 3172 3768 3244; x_wconf 84' lang='lat' dir='ltr'><strong>Hierosolymitanus</strong></span> 
     </span>
    </p>
   </div>
   <div class='ocr_carea' id='block_1_78' title="bbox 2129 3262 3769 3339">
    <p class='ocr_par' dir='ltr' id='par_1_78' title="bbox 2129 3262 3769 3339">
     <span class='ocr_line' id='line_1_78' title="bbox 2129 3262 3769 3339; baseline -0.005 -16"><span class='ocrx_word' id='word_1_528' title='bbox 2129 3267 2497 3339; x_wconf 87' lang='lat' dir='ltr'><strong>Dispolitano</strong></span> <span class='ocrx_word' id='word_1_529' title='bbox 2521 3270 2728 3321; x_wconf 86' lang='lat' dir='ltr'><strong>contra</strong></span> <span class='ocrx_word' id='word_1_530' title='bbox 2751 3263 3051 3336; x_wconf 90' lang='lat' dir='ltr'><strong>Pelagium</strong></span> <span class='ocrx_word' id='word_1_531' title='bbox 3075 3263 3327 3318; x_wconf 91' lang='lat' dir='ltr'><strong>concilio</strong></span> <span class='ocrx_word' id='word_1_532' title='bbox 3350 3279 3445 3316; x_wconf 92' lang='lat' dir='ltr'><strong>an.</strong></span> <span class='ocrx_word' id='word_1_533' title='bbox 3467 3262 3769 3316; x_wconf 76' lang='lat' dir='ltr'><strong>315inter-</strong></span> 
     </span>
    </p>
   </div>
   <div class='ocr_carea' id='block_1_79' title="bbox 2121 3353 3764 3430">
    <p class='ocr_par' dir='ltr' id='par_1_79' title="bbox 2121 3353 3764 3430">
     <span class='ocr_line' id='line_1_79' title="bbox 2121 3353 3764 3430; baseline -0.004 -15"><span class='ocrx_word' id='word_1_534' title='bbox 2121 3359 2418 3418; x_wconf 81' lang='lat' dir='ltr'><strong>fuisset.S.</strong></span> <span class='ocrx_word' id='word_1_535' title='bbox 2444 3355 3215 3430; x_wconf 83' lang='lat' dir='ltr'><strong>Augustinusactaconcilii,</strong></span> <span class='ocrx_word' id='word_1_536' title='bbox 3250 3354 3565 3425; x_wconf 89' lang='lat' dir='ltr'><strong>utquidem</strong></span> <span class='ocrx_word' id='word_1_537' title='bbox 3596 3353 3764 3408; x_wconf 90' lang='lat' dir='ltr'><strong>vide-</strong></span> 
     </span>
    </p>
   </div>
   <div class='ocr_carea' id='block_1_80' title="bbox 2123 3443 3765 3515">
    <p class='ocr_par' dir='ltr' id='par_1_80' title="bbox 2123 3443 3765 3515">
     <span class='ocr_line' id='line_1_80' title="bbox 2123 3443 3765 3515; baseline -0.004 -11"><span class='ocrx_word' id='word_1_538' title='bbox 2123 3454 2217 3504; x_wconf 91' lang='lat' dir='ltr'><strong>tur</strong></span> <span class='ocrx_word' id='word_1_539' title='bbox 2248 3454 2485 3504; x_wconf 90' lang='lat' dir='ltr'><strong>secutus</strong></span> <span class='ocrx_word' id='word_1_540' title='bbox 2516 3447 2616 3501; x_wconf 90' lang='lat' dir='ltr'><strong>lib.</strong></span> <span class='ocrx_word' id='word_1_541' title='bbox 2645 3464 2661 3500; x_wconf 85' lang='lat'><strong>1</strong></span> <span class='ocrx_word' id='word_1_542' title='bbox 2701 3453 2896 3501; x_wconf 82' lang='lat' dir='ltr'><strong>contra</strong></span> <span class='ocrx_word' id='word_1_543' title='bbox 2940 3446 3246 3511; x_wconf 76' lang='lat' dir='ltr'><strong>lulianum,</strong></span> <span class='ocrx_word' id='word_1_544' title='bbox 3280 3444 3369 3498; x_wconf 88' lang='lat' dir='ltr'><strong>bis</strong></span> <span class='ocrx_word' id='word_1_545' title='bbox 3412 3445 3603 3515; x_wconf 89' lang='lat' dir='ltr'><strong>capite</strong></span> <span class='ocrx_word' id='word_1_546' title='bbox 3636 3443 3765 3497; x_wconf 91' lang='lat' dir='ltr'><strong>vide</strong></span> 
     </span>
    </p>
   </div>
   <div class='ocr_carea' id='block_1_81' title="bbox 2122 3534 3766 3607">
    <p class='ocr_par' dir='ltr' id='par_1_81' title="bbox 2122 3534 3766 3607">
     <span class='ocr_line' id='line_1_81' title="bbox 2122 3534 3766 3607; baseline -0.004 -14"><span class='ocrx_word' id='word_1_547' title='bbox 2122 3539 2420 3600; x_wconf 84' lang='lat' dir='ltr'><strong>licet5,n.</strong></span> <span class='ocrx_word' id='word_1_548' title='bbox 2475 3539 2560 3596; x_wconf 85' lang='grc'><strong>19.</strong></span> <span class='ocrx_word' id='word_1_549' title='bbox 2611 3542 2668 3590; x_wconf 89' lang='lat' dir='ltr'><strong>et</strong></span> <span class='ocrx_word' id='word_1_550' title='bbox 2715 3551 2846 3607; x_wconf 91' lang='lat' dir='ltr'><strong>cap.</strong></span> <span class='ocrx_word' id='word_1_551' title='bbox 2898 3538 2949 3602; x_wconf 86' lang='lat'><strong>7,</strong></span> <span class='ocrx_word' id='word_1_552' title='bbox 3001 3551 3145 3588; x_wconf 89' lang='lat' dir='ltr'><strong>num</strong></span> <span class='ocrx_word' id='word_1_553' title='bbox 3197 3536 3282 3591; x_wconf 84' lang='grc'><strong>31.</strong></span> <span class='ocrx_word' id='word_1_554' title='bbox 3315 3534 3600 3588; x_wconf 88' lang='lat' dir='ltr'><strong>Joannem</strong></span> <span class='ocrx_word' id='word_1_555' title='bbox 3634 3537 3766 3604; x_wconf 90' lang='lat' dir='ltr'><strong>post</strong></span> 
     </span>
    </p>
   </div>
   <div class='ocr_carea' id='block_1_82' title="bbox 2120 3622 3772 3698">
    <p class='ocr_par' dir='ltr' id='par_1_82' title="bbox 2120 3622 3772 3698">
     <span class='ocr_line' id='line_1_82' title="bbox 2120 3622 3772 3698; baseline -0.003 -17"><span class='ocrx_word' id='word_1_556' title='bbox 2120 3627 2429 3698; x_wconf 81' lang='lat' dir='ltr'><strong>Eulogium</strong></span> <span class='ocrx_word' id='word_1_557' title='bbox 2461 3625 2881 3680; x_wconf 66' lang='lat' dir='ltr'><strong>Caesariensem</strong></span> <span class='ocrx_word' id='word_1_558' title='bbox 2911 3622 3318 3678; x_wconf 90' lang='lat' dir='ltr'><strong>nominat.Sed</strong></span> <span class='ocrx_word' id='word_1_559' title='bbox 3349 3623 3499 3678; x_wconf 89' lang='lat' dir='ltr'><strong>nihil</strong></span> <span class='ocrx_word' id='word_1_560' title='bbox 3532 3622 3633 3676; x_wconf 89' lang='lat' dir='ltr'><strong>illa</strong></span> <span class='ocrx_word' id='word_1_561' title='bbox 3655 3623 3772 3676; x_wconf 77' lang='lat' dir='ltr'><strong>Cas-</strong></span> 
     </span>
    </p>
   </div>
   <div class='ocr_carea' id='block_1_83' title="bbox 2123 3711 3771 3783">
    <p class='ocr_par' dir='ltr' id='par_1_83' title="bbox 2123 3711 3771 3783">
     <span class='ocr_line' id='line_1_83' title="bbox 2123 3711 3771 3783; baseline -0.003 -12"><span class='ocrx_word' id='word_1_562' title='bbox 2123 3715 2406 3772; x_wconf 87' lang='lat' dir='ltr'><strong>sariensis</strong></span> <span class='ocrx_word' id='word_1_563' title='bbox 2438 3714 2498 3768; x_wconf 90' lang='lat' dir='ltr'><strong>in</strong></span> <span class='ocrx_word' id='word_1_564' title='bbox 2546 3713 2814 3769; x_wconf 90' lang='lat' dir='ltr'><strong>conciliis</strong></span> <span class='ocrx_word' id='word_1_565' title='bbox 2864 3730 2986 3768; x_wconf 73' lang='lat' dir='ltr'><strong>suae</strong></span> <span class='ocrx_word' id='word_1_566' title='bbox 3044 3712 3357 3783; x_wconf 63' lang='lat' dir='ltr'><strong>provinciae</strong></span> <span class='ocrx_word' id='word_1_567' title='bbox 3389 3711 3771 3783; x_wconf 61' lang='lat' dir='ltr'><strong>praesidentia</strong></span> 
     </span>
    </p>
   </div>
   <div class='ocr_carea' id='block_1_84' title="bbox 2122 3801 3765 3874">
    <p class='ocr_par' dir='ltr' id='par_1_84' title="bbox 2122 3801 3765 3874">
     <span class='ocr_line' id='line_1_84' title="bbox 2122 3801 3765 3874; baseline -0.004 -13"><span class='ocrx_word' id='word_1_568' title='bbox 2122 3804 2400 3861; x_wconf 86' lang='lat' dir='ltr'><strong>adversus</strong></span> <span class='ocrx_word' id='word_1_569' title='bbox 2423 3803 3022 3874; x_wconf 88' lang='lat' dir='ltr'><strong>Hierosolymitanum</strong></span> <span class='ocrx_word' id='word_1_570' title='bbox 3047 3801 3365 3860; x_wconf 86' lang='lat' dir='ltr'><strong>concludit.</strong></span> <span class='ocrx_word' id='word_1_571' title='bbox 3384 3817 3515 3855; x_wconf 92' lang='lat' dir='ltr'><strong>cum</strong></span> <span class='ocrx_word' id='word_1_572' title='bbox 3538 3818 3607 3856; x_wconf 86' lang='lat' dir='ltr'><strong>ex</strong></span> <span class='ocrx_word' id='word_1_573' title='bbox 3627 3806 3765 3856; x_wconf 90' lang='lat' dir='ltr'><strong>ante</strong></span> 
     </span>
    </p>
   </div>
   <div class='ocr_carea' id='block_1_85' title="bbox 2124 3890 3763 3960">
    <p class='ocr_par' dir='ltr' id='par_1_85' title="bbox 2124 3890 3763 3960">
     <span class='ocr_line' id='line_1_85' title="bbox 2124 3890 3763 3960; baseline -0.002 -12"><span class='ocrx_word' id='word_1_574' title='bbox 2124 3894 2296 3950; x_wconf 91' lang='lat' dir='ltr'><strong>dictis</strong></span> <span class='ocrx_word' id='word_1_575' title='bbox 2317 3899 2548 3949; x_wconf 89' lang='lat' dir='ltr'><strong>constet</strong></span> <span class='ocrx_word' id='word_1_576' title='bbox 2573 3894 2879 3956; x_wconf 86' lang='lat' dir='ltr'><strong>Joannem,</strong></span> <span class='ocrx_word' id='word_1_577' title='bbox 2916 3891 3016 3960; x_wconf 90' lang='lat' dir='ltr'><strong>qui</strong></span> <span class='ocrx_word' id='word_1_578' title='bbox 3042 3891 3302 3945; x_wconf 90' lang='lat' dir='ltr'><strong>secundo</strong></span> <span class='ocrx_word' id='word_1_579' title='bbox 3342 3891 3437 3945; x_wconf 93' lang='lat' dir='ltr'><strong>hic</strong></span> <span class='ocrx_word' id='word_1_580' title='bbox 3459 3890 3588 3944; x_wconf 95' lang='lat' dir='ltr'><strong>loco</strong></span> <span class='ocrx_word' id='word_1_581' title='bbox 3621 3907 3763 3944; x_wconf 90' lang='lat' dir='ltr'><strong>con-</strong></span> 
     </span>
    </p>
   </div>
   <div class='ocr_carea' id='block_1_86' title="bbox 2123 3979 3762 4048">
    <p class='ocr_par' dir='ltr' id='par_1_86' title="bbox 2123 3979 3762 4048">
     <span class='ocr_line' id='line_1_86' title="bbox 2123 3979 3762 4048; baseline -0.004 -8"><span class='ocrx_word' id='word_1_582' title='bbox 2123 3989 2320 4040; x_wconf 91' lang='lat' dir='ltr'><strong>tentus</strong></span> <span class='ocrx_word' id='word_1_583' title='bbox 2343 3988 2487 4048; x_wconf 84' lang='lat' dir='ltr'><strong>erat,</strong></span> <span class='ocrx_word' id='word_1_584' title='bbox 2513 3998 2680 4037; x_wconf 90' lang='lat' dir='ltr'><strong>suam</strong></span> <span class='ocrx_word' id='word_1_585' title='bbox 2701 3981 2772 4036; x_wconf 86' lang='lat' dir='ltr'><strong>ab</strong></span> <span class='ocrx_word' id='word_1_586' title='bbox 2797 3979 3165 4042; x_wconf 72' lang='lat' dir='ltr'><strong>Caasariensi,</strong></span> <span class='ocrx_word' id='word_1_587' title='bbox 3208 3980 3326 4034; x_wconf 90' lang='lat' dir='ltr'><strong>imo</strong></span> <span class='ocrx_word' id='word_1_588' title='bbox 3360 3984 3419 4034; x_wconf 88' lang='lat' dir='ltr'><strong>et</strong></span> <span class='ocrx_word' id='word_1_589' title='bbox 3446 3979 3517 4033; x_wconf 90' lang='lat' dir='ltr'><strong>ab</strong></span> <span class='ocrx_word' id='word_1_590' title='bbox 3549 3981 3762 4034; x_wconf 87' lang='lat' dir='ltr'><strong>Antio-</strong></span> 
     </span>
    </p>
   </div>
   <div class='ocr_carea' id='block_1_87' title="bbox 2121 4068 3772 4139">
    <p class='ocr_par' dir='ltr' id='par_1_87' title="bbox 2121 4068 3772 4139">
     <span class='ocr_line' id='line_1_87' title="bbox 2121 4068 3772 4139; baseline -0.005 -10"><span class='ocrx_word' id='word_1_591' title='bbox 2121 4075 2311 4129; x_wconf 90' lang='lat' dir='ltr'><strong>cheno</strong></span> <span class='ocrx_word' id='word_1_592' title='bbox 2337 4071 2776 4128; x_wconf 90' lang='lat' dir='ltr'><strong>immunitatem</strong></span> <span class='ocrx_word' id='word_1_593' title='bbox 2801 4068 3162 4124; x_wconf 63' lang='lat' dir='ltr'><strong>defendisse.</strong></span> <span class='ocrx_word' id='word_1_594' title='bbox 3184 4068 3580 4139; x_wconf 72' lang='lat' dir='ltr'><strong>alioquinihil</strong></span> <span class='ocrx_word' id='word_1_595' title='bbox 3605 4085 3772 4138; x_wconf 88' lang='lat' dir='ltr'><strong>pror-</strong></span> 
     </span>
    </p>
   </div>
   <div class='ocr_carea' id='block_1_88' title="bbox 2124 4159 3770 4235">
    <p class='ocr_par' dir='ltr' id='par_1_88' title="bbox 2124 4159 3770 4235">
     <span class='ocr_line' id='line_1_88' title="bbox 2124 4159 3770 4235; baseline -0.005 -15"><span class='ocrx_word' id='word_1_596' title='bbox 2124 4182 2222 4220; x_wconf 94' lang='lat' dir='ltr'><strong>sus</strong></span> <span class='ocrx_word' id='word_1_597' title='bbox 2246 4181 2314 4219; x_wconf 88' lang='lat' dir='ltr'><strong>ex</strong></span> <span class='ocrx_word' id='word_1_598' title='bbox 2337 4164 2467 4235; x_wconf 90' lang='lat' dir='ltr'><strong>ipsa</strong></span> <span class='ocrx_word' id='word_1_599' title='bbox 2503 4161 2887 4234; x_wconf 69' lang='lat' dir='ltr'><strong>praesidentia</strong></span> <span class='ocrx_word' id='word_1_600' title='bbox 2928 4159 3200 4215; x_wconf 92' lang='lat' dir='ltr'><strong>concludi</strong></span> <span class='ocrx_word' id='word_1_601' title='bbox 3226 4165 3436 4231; x_wconf 89' lang='lat' dir='ltr'><strong>potest.</strong></span> <span class='ocrx_word' id='word_1_602' title='bbox 3473 4161 3676 4212; x_wconf 76' lang='lat' dir='ltr'><strong>Nonne</strong></span> <span class='ocrx_word' id='word_1_603' title='bbox 3707 4159 3770 4213; x_wconf 91' lang='lat' dir='ltr'><strong>in</strong></span> 
     </span>
    </p>
   </div>
   <div class='ocr_carea' id='block_1_89' title="bbox 2122 4249 3765 4316">
    <p class='ocr_par' dir='ltr' id='par_1_89' title="bbox 2122 4249 3765 4316">
     <span class='ocr_line' id='line_1_89' title="bbox 2122 4249 3765 4316; baseline -0.004 -7"><span class='ocrx_word' id='word_1_604' title='bbox 2122 4253 2375 4309; x_wconf 92' lang='lat' dir='ltr'><strong>concilio</strong></span> <span class='ocrx_word' id='word_1_605' title='bbox 2409 4254 2642 4308; x_wconf 75' lang='lat' dir='ltr'><strong>Niczrno</strong></span> <span class='ocrx_word' id='word_1_606' title='bbox 2675 4258 2812 4307; x_wconf 90' lang='lat' dir='ltr'><strong>ante</strong></span> <span class='ocrx_word' id='word_1_607' title='bbox 2852 4250 3254 4305; x_wconf 82' lang='lat' dir='ltr'><strong>Alexandrum</strong></span> <span class='ocrx_word' id='word_1_608' title='bbox 3285 4255 3343 4304; x_wconf 92' lang='lat' dir='ltr'><strong>et</strong></span> <span class='ocrx_word' id='word_1_609' title='bbox 3372 4249 3765 4316; x_wconf 85' lang='lat' dir='ltr'><strong>Eustathium,</strong></span> 
     </span>
    </p>
   </div>
   <div class='ocr_carea' id='block_1_90' title="bbox 2124 4338 3774 4410">
    <p class='ocr_par' dir='ltr' id='par_1_90' title="bbox 2124 4338 3774 4410">
     <span class='ocr_line' id='line_1_90' title="bbox 2124 4338 3774 4410; baseline -0.004 -12"><span class='ocrx_word' id='word_1_610' title='bbox 2124 4343 2292 4398; x_wconf 90' lang='lat' dir='ltr'><strong>illum</strong></span> <span class='ocrx_word' id='word_1_611' title='bbox 2317 4343 2670 4408; x_wconf 74' lang='lat' dir='ltr'><strong>Antiochiae,</strong></span> <span class='ocrx_word' id='word_1_612' title='bbox 2695 4343 2852 4396; x_wconf 89' lang='lat' dir='ltr'><strong>hunc</strong></span> <span class='ocrx_word' id='word_1_613' title='bbox 2874 4340 3244 4396; x_wconf 71' lang='lat' dir='ltr'><strong>Alexandria)</strong></span> <span class='ocrx_word' id='word_1_614' title='bbox 3271 4338 3603 4410; x_wconf 66' lang='lat' dir='ltr'><strong>praesulem.</strong></span> <span class='ocrx_word' id='word_1_615' title='bbox 3621 4338 3774 4392; x_wconf 90' lang='lat' dir='ltr'><strong>sedit</strong></span> 
     </span>
    </p>
   </div>
   <div class='ocr_carea' id='block_1_91' title="bbox 2123 4428 3767 4504">
    <p class='ocr_par' dir='ltr' id='par_1_91' title="bbox 2123 4428 3767 4504">
     <span class='ocr_line' id='line_1_91' title="bbox 2123 4428 3767 4504; baseline -0.004 -14"><span class='ocrx_word' id='word_1_616' title='bbox 2123 4434 2294 4490; x_wconf 91' lang='lat' dir='ltr'><strong>Osius</strong></span> <span class='ocrx_word' id='word_1_617' title='bbox 2319 4433 2482 4488; x_wconf 87' lang='lat' dir='ltr'><strong>nulla</strong></span> <span class='ocrx_word' id='word_1_618' title='bbox 2499 4433 2751 4504; x_wconf 80' lang='lat' dir='ltr'><strong>prOprioe</strong></span> <span class='ocrx_word' id='word_1_619' title='bbox 2776 4431 2933 4486; x_wconf 89' lang='lat' dir='ltr'><strong>sedis</strong></span> <span class='ocrx_word' id='word_1_620' title='bbox 2950 4430 3234 4503; x_wconf 87' lang='lat' dir='ltr'><strong>dignitate</strong></span> <span class='ocrx_word' id='word_1_621' title='bbox 3262 4430 3321 4483; x_wconf 93' lang='lat' dir='ltr'><strong>in</strong></span> <span class='ocrx_word' id='word_1_622' title='bbox 3345 4429 3501 4483; x_wconf 88' lang='lat' dir='ltr'><strong>hunc</strong></span> <span class='ocrx_word' id='word_1_623' title='bbox 3518 4428 3767 4500; x_wconf 87' lang='lat' dir='ltr'><strong>gradum</strong></span> 
     </span>
    </p>
   </div>
   <div class='ocr_carea' id='block_1_92' title="bbox 2123 4519 3766 4591">
    <p class='ocr_par' dir='ltr' id='par_1_92' title="bbox 2123 4519 3766 4591">
     <span class='ocr_line' id='line_1_92' title="bbox 2123 4519 3766 4591; baseline -0.003 -12"><span class='ocrx_word' id='word_1_624' title='bbox 2123 4522 2421 4579; x_wconf 86' lang='lat' dir='ltr'><strong>sublatus?</strong></span> <span class='ocrx_word' id='word_1_625' title='bbox 2441 4523 2547 4588; x_wconf 90' lang='lat' dir='ltr'><strong>Qui</strong></span> <span class='ocrx_word' id='word_1_626' title='bbox 2567 4522 2615 4576; x_wconf 91' lang='lat' dir='ltr'><strong>si</strong></span> <span class='ocrx_word' id='word_1_627' title='bbox 2647 4527 2897 4591; x_wconf 83' lang='lat' dir='ltr'><strong>negatur</strong></span> <span class='ocrx_word' id='word_1_628' title='bbox 2917 4520 3152 4576; x_wconf 91' lang='lat' dir='ltr'><strong>concilii</strong></span> <span class='ocrx_word' id='word_1_629' title='bbox 3197 4536 3416 4591; x_wconf 80' lang='lat' dir='ltr'><strong>praeses</strong></span> <span class='ocrx_word' id='word_1_630' title='bbox 3448 4519 3766 4585; x_wconf 84' lang='lat' dir='ltr'><strong>exstitisse,</strong></span> 
     </span>
    </p>
   </div>
   <div class='ocr_carea' id='block_1_93' title="bbox 362 4597 3767 4684">
    <p class='ocr_par' dir='ltr' id='par_1_93' title="bbox 362 4597 3767 4684">
     <span class='ocr_line' id='line_1_93' title="bbox 362 4597 3767 4684; baseline -0.003 -16"><span class='ocrx_word' id='word_1_631' title='bbox 362 4630 479 4684; x_wconf 88' lang='lat' dir='ltr'><strong>qua</strong></span> <span class='ocrx_word' id='word_1_632' title='bbox 501 4611 936 4667; x_wconf 77' lang='lat' dir='ltr'><strong>consuetudine</strong></span> <span class='ocrx_word' id='word_1_633' title='bbox 959 4611 1260 4665; x_wconf 69' lang='lat' dir='ltr'><strong>Nicwnum</strong></span> <span class='ocrx_word' id='word_1_634' title='bbox 1283 4610 1602 4666; x_wconf 83' lang='lat' dir='ltr'><strong>concilium</strong></span> <span class='ocrx_word' id='word_1_635' title='bbox 1624 4610 2010 4665; x_wconf 76' lang='lat' dir='ltr'><strong>conservavit:</strong></span> <span class='ocrx_word' id='word_1_636' title='bbox 2046 4597 2090 4660; x_wconf 84' lang='lat' dir='ltr'><strong>D</strong></span> <span class='ocrx_word' id='word_1_637' title='bbox 2122 4613 2409 4668; x_wconf 80' lang='lat' dir='ltr'><strong>honorem</strong></span> <span class='ocrx_word' id='word_1_638' title='bbox 2435 4613 2592 4667; x_wconf 85' lang='lat' dir='ltr'><strong>hunc</strong></span> <span class='ocrx_word' id='word_1_639' title='bbox 2623 4617 2978 4666; x_wconf 84' lang='lat' dir='ltr'><strong>consecutus</strong></span> <span class='ocrx_word' id='word_1_640' title='bbox 3022 4610 3248 4664; x_wconf 83' lang='lat' dir='ltr'><strong>videtur</strong></span> <span class='ocrx_word' id='word_1_641' title='bbox 3267 4610 3632 4677; x_wconf 70' lang='lat' dir='ltr'><strong>Eustathius,</strong></span> <span class='ocrx_word' id='word_1_642' title='bbox 3665 4610 3767 4680; x_wconf 85' lang='lat' dir='ltr'><strong>qui</strong></span> 
     </span>
    </p>
   </div>
   <div class='ocr_carea' id='block_1_94' title="bbox 358 4698 2007 4771">
    <p class='ocr_par' dir='ltr' id='par_1_94' title="bbox 358 4698 2007 4771">
     <span class='ocr_line' id='line_1_94' title="bbox 358 4698 2007 4771; baseline -0.003 -14"><span class='ocrx_word' id='word_1_643' title='bbox 358 4703 431 4757; x_wconf 83' lang='lat' dir='ltr'><strong>ab</strong></span> <span class='ocrx_word' id='word_1_644' title='bbox 453 4701 805 4756; x_wconf 66' lang='lat' dir='ltr'><strong>Caesariensi</strong></span> <span class='ocrx_word' id='word_1_645' title='bbox 821 4699 1168 4771; x_wconf 88' lang='lat' dir='ltr'><strong>igiturliber</strong></span> <span class='ocrx_word' id='word_1_646' title='bbox 1188 4704 1332 4754; x_wconf 88' lang='lat' dir='ltr'><strong>erat.</strong></span> <span class='ocrx_word' id='word_1_647' title='bbox 1360 4700 1501 4753; x_wconf 91' lang='lat' dir='ltr'><strong>Cum</strong></span> <span class='ocrx_word' id='word_1_648' title='bbox 1516 4698 1832 4754; x_wconf 90' lang='lat' dir='ltr'><strong>concilium</strong></span> <span class='ocrx_word' id='word_1_649' title='bbox 1856 4699 2007 4753; x_wconf 85' lang='lat' dir='ltr'><strong>Con-</strong></span> 
     </span>
    </p>
   </div>
   <div class='ocr_carea' id='block_1_95' title="bbox 359 4787 2007 4860">
    <p class='ocr_par' dir='ltr' id='par_1_95' title="bbox 359 4787 2007 4860">
     <span class='ocr_line' id='line_1_95' title="bbox 359 4787 2007 4860; baseline -0.002 -14"><span class='ocrx_word' id='word_1_650' title='bbox 359 4789 962 4860; x_wconf 88' lang='lat' dir='ltr'><strong>stantinopolitanum</strong></span> <span class='ocrx_word' id='word_1_651' title='bbox 985 4787 1291 4859; x_wconf 90' lang='lat' dir='ltr'><strong>ejusurbis</strong></span> <span class='ocrx_word' id='word_1_652' title='bbox 1312 4788 1590 4859; x_wconf 83' lang='lat' dir='ltr'><strong>episcopo</strong></span> <span class='ocrx_word' id='word_1_653' title='bbox 1607 4787 1932 4843; x_wconf 91' lang='lat' dir='ltr'><strong>secundum</strong></span> <span class='ocrx_word' id='word_1_654' title='bbox 1947 4788 2007 4842; x_wconf 93' lang='lat' dir='ltr'><strong>in</strong></span> 
     </span>
    </p>
   </div>
   <div class='ocr_carea' id='block_1_96' title="bbox 358 4877 2004 4950">
    <p class='ocr_par' dir='ltr' id='par_1_96' title="bbox 358 4877 2004 4950">
     <span class='ocr_line' id='line_1_96' title="bbox 358 4877 2004 4950; baseline -0.002 -15"><span class='ocrx_word' id='word_1_655' title='bbox 358 4879 625 4936; x_wconf 84' lang='lat' dir='ltr'><strong>Ecclesia</strong></span> <span class='ocrx_word' id='word_1_656' title='bbox 653 4878 900 4933; x_wconf 87' lang='lat' dir='ltr'><strong>honoris</strong></span> <span class='ocrx_word' id='word_1_657' title='bbox 932 4877 1178 4950; x_wconf 89' lang='lat' dir='ltr'><strong>gradum</strong></span> <span class='ocrx_word' id='word_1_658' title='bbox 1197 4877 1487 4939; x_wconf 81' lang='lat' dir='ltr'><strong>attribuit,</strong></span> <span class='ocrx_word' id='word_1_659' title='bbox 1514 4877 1690 4931; x_wconf 92' lang='lat' dir='ltr'><strong>simul</strong></span> <span class='ocrx_word' id='word_1_660' title='bbox 1722 4877 1793 4932; x_wconf 92' lang='lat' dir='ltr'><strong>ab</strong></span> <span class='ocrx_word' id='word_1_661' title='bbox 1827 4877 2004 4932; x_wconf 80' lang='lat' dir='ltr'><strong>Hera-</strong></span> 
     </span>
    </p>
   </div>
   <div class='ocr_carea' id='block_1_97' title="bbox 357 4966 2005 5040">
    <p class='ocr_par' dir='ltr' id='par_1_97' title="bbox 357 4966 2005 5040">
     <span class='ocr_line' id='line_1_97' title="bbox 357 4966 2005 5040; baseline -0.002 -15"><span class='ocrx_word' id='word_1_662' title='bbox 357 4969 601 5025; x_wconf 91' lang='lat' dir='ltr'><strong>cliensis</strong></span> <span class='ocrx_word' id='word_1_663' title='bbox 629 4966 893 5040; x_wconf 90' lang='lat' dir='ltr'><strong>episcopi</strong></span> <span class='ocrx_word' id='word_1_664' title='bbox 927 4966 1318 5039; x_wconf 72' lang='lat' dir='ltr'><strong>metrOpolitaa</strong></span> <span class='ocrx_word' id='word_1_665' title='bbox 1367 4966 1666 5038; x_wconf 90' lang='lat' dir='ltr'><strong>quondam</strong></span> <span class='ocrx_word' id='word_1_666' title='bbox 1701 4967 1790 5021; x_wconf 92' lang='lat' dir='ltr'><strong>sui</strong></span> <span class='ocrx_word' id='word_1_667' title='bbox 1816 4966 2005 5037; x_wconf 90' lang='lat' dir='ltr'><strong>juris-</strong></span> 
     </span>
    </p>
   </div>
   <div class='ocr_carea' id='block_1_98' title="bbox 359 5055 2006 5127">
    <p class='ocr_par' dir='ltr' id='par_1_98' title="bbox 359 5055 2006 5127">
     <span class='ocr_line' id='line_1_98' title="bbox 359 5055 2006 5127; baseline -0.004 -11"><span class='ocrx_word' id='word_1_668' title='bbox 359 5059 618 5116; x_wconf 89' lang='lat' dir='ltr'><strong>dictione</strong></span> <span class='ocrx_word' id='word_1_669' title='bbox 648 5057 920 5114; x_wconf 89' lang='lat' dir='ltr'><strong>absolvit.</strong></span> <span class='ocrx_word' id='word_1_670' title='bbox 955 5056 1017 5111; x_wconf 93' lang='lat' dir='ltr'><strong>Id</strong></span> <span class='ocrx_word' id='word_1_671' title='bbox 1044 5055 1118 5111; x_wconf 92' lang='lat' dir='ltr'><strong>ad</strong></span> <span class='ocrx_word' id='word_1_672' title='bbox 1151 5055 1488 5126; x_wconf 80' lang='lat' dir='ltr'><strong>exemplum</strong></span> <span class='ocrx_word' id='word_1_673' title='bbox 1520 5056 2006 5127; x_wconf 84' lang='lat' dir='ltr'><strong>Hierosolymita-</strong></span> 
     </span>
    </p>
   </div>
   <div class='ocr_carea' id='block_1_99' title="bbox 358 5144 1540 5218">
    <p class='ocr_par' dir='ltr' id='par_1_99' title="bbox 358 5144 1540 5218">
     <span class='ocr_line' id='line_1_99' title="bbox 358 5144 1540 5218; baseline -0.003 -13"><span class='ocrx_word' id='word_1_674' title='bbox 358 5167 449 5204; x_wconf 71' lang='lat' dir='ltr'><strong>nas</strong></span> <span class='ocrx_word' id='word_1_675' title='bbox 482 5147 736 5204; x_wconf 72' lang='lat' dir='ltr'><strong>Eccesiaa</strong></span> <span class='ocrx_word' id='word_1_676' title='bbox 769 5146 990 5201; x_wconf 83' lang='lat' dir='ltr'><strong>factum</strong></span> <span class='ocrx_word' id='word_1_677' title='bbox 1023 5144 1264 5200; x_wconf 88' lang='lat' dir='ltr'><strong>credere</strong></span> <span class='ocrx_word' id='word_1_678' title='bbox 1299 5163 1404 5218; x_wconf 89' lang='lat' dir='ltr'><strong>par</strong></span> <span class='ocrx_word' id='word_1_679' title='bbox 1433 5152 1540 5202; x_wconf 89' lang='lat' dir='ltr'><strong>est.</strong></span> 
     </span>
    </p>
   </div>
   <div class='ocr_carea' id='block_1_100' title="bbox 421 5234 2007 5312">
    <p class='ocr_par' dir='ltr' id='par_1_100' title="bbox 421 5234 2007 5312">
     <span class='ocr_line' id='line_1_100' title="bbox 421 5234 2007 5312; baseline -0.003 -18"><span class='ocrx_word' id='word_1_680' title='bbox 421 5236 654 5312; x_wconf 80' lang='lat' dir='ltr'><strong>[XXIX]</strong></span> <span class='ocrx_word' id='word_1_681' title='bbox 687 5237 776 5290; x_wconf 79' lang='lat'><strong>35.</strong></span> <span class='ocrx_word' id='word_1_682' title='bbox 812 5234 954 5289; x_wconf 88' lang='lat' dir='ltr'><strong>Huic</strong></span> <span class='ocrx_word' id='word_1_683' title='bbox 986 5235 1300 5290; x_wconf 77' lang='lat' dir='ltr'><strong>sententias</strong></span> <span class='ocrx_word' id='word_1_684' title='bbox 1332 5251 1464 5305; x_wconf 67' lang='lat' dir='ltr'><strong>quas</strong></span> <span class='ocrx_word' id='word_1_685' title='bbox 1511 5234 1760 5290; x_wconf 90' lang='lat' dir='ltr'><strong>liberam</strong></span> <span class='ocrx_word' id='word_1_686' title='bbox 1793 5236 2007 5291; x_wconf 88' lang='lat' dir='ltr'><strong>asserit</strong></span> 
     </span>
    </p>
   </div>
   <div class='ocr_carea' id='block_1_101' title="bbox 352 5322 2005 5396">
    <p class='ocr_par' dir='ltr' id='par_1_101' title="bbox 352 5322 2005 5396">
     <span class='ocr_line' id='line_1_101' title="bbox 352 5322 2005 5396; baseline -0.002 -13"><span class='ocrx_word' id='word_1_687' title='bbox 352 5323 958 5396; x_wconf 81' lang='lat' dir='ltr'><strong>Hierosolymitanam</strong></span> <span class='ocrx_word' id='word_1_688' title='bbox 989 5322 1315 5378; x_wconf 89' lang='lat' dir='ltr'><strong>Ecclesiam</strong></span> <span class='ocrx_word' id='word_1_689' title='bbox 1334 5323 1487 5379; x_wconf 90' lang='lat' dir='ltr'><strong>nihil</strong></span> <span class='ocrx_word' id='word_1_690' title='bbox 1519 5324 1638 5378; x_wconf 84' lang='lat' dir='ltr'><strong>fere</strong></span> <span class='ocrx_word' id='word_1_691' title='bbox 1661 5324 1880 5396; x_wconf 90' lang='lat' dir='ltr'><strong>opponi</strong></span> <span class='ocrx_word' id='word_1_692' title='bbox 1906 5340 2005 5396; x_wconf 93' lang='lat' dir='ltr'><strong>po-</strong></span> 
     </span>
    </p>
   </div>
   <div class='ocr_carea' id='block_1_102' title="bbox 356 5411 2009 5489">
    <p class='ocr_par' dir='ltr' id='par_1_102' title="bbox 356 5411 2009 5489">
     <span class='ocr_line' id='line_1_102' title="bbox 356 5411 2009 5489; baseline -0.003 -17"><span class='ocrx_word' id='word_1_693' title='bbox 356 5423 469 5472; x_wconf 88' lang='lat' dir='ltr'><strong>test</strong></span> <span class='ocrx_word' id='word_1_694' title='bbox 498 5420 721 5489; x_wconf 72' lang='lat' dir='ltr'><strong>praater</strong></span> <span class='ocrx_word' id='word_1_695' title='bbox 752 5412 809 5467; x_wconf 94' lang='lat' dir='ltr'><strong>S.</strong></span> <span class='ocrx_word' id='word_1_696' title='bbox 844 5411 1184 5484; x_wconf 83' lang='lat' dir='ltr'><strong>Hieronymi</strong></span> <span class='ocrx_word' id='word_1_697' title='bbox 1209 5413 1648 5468; x_wconf 88' lang='lat' dir='ltr'><strong>auctoritatem.</strong></span> <span class='ocrx_word' id='word_1_698' title='bbox 1673 5414 1727 5468; x_wconf 87' lang='lat' dir='ltr'><strong>Is</strong></span> <span class='ocrx_word' id='word_1_699' title='bbox 1758 5411 2009 5484; x_wconf 83' lang='lat' dir='ltr'><strong>epistola</strong></span> 
     </span>
    </p>
   </div>
   <div class='ocr_carea' id='block_1_103' title="bbox 351 5499 2004 5571">
    <p class='ocr_par' dir='ltr' id='par_1_103' title="bbox 351 5499 2004 5571">
     <span class='ocr_line' id='line_1_103' title="bbox 351 5499 2004 5571; baseline -0.005 -7"><span class='ocrx_word' id='word_1_700' title='bbox 351 5523 508 5564; x_wconf 90' lang='lat' dir='ltr'><strong>nunc</strong></span> <span class='ocrx_word' id='word_1_701' title='bbox 527 5506 620 5571; x_wconf 90' lang='lat'><strong>38,</strong></span> <span class='ocrx_word' id='word_1_702' title='bbox 645 5502 793 5558; x_wconf 90' lang='lat' dir='ltr'><strong>olim</strong></span> <span class='ocrx_word' id='word_1_703' title='bbox 816 5502 908 5567; x_wconf 81' lang='grc'><strong>61,</strong></span> <span class='ocrx_word' id='word_1_704' title='bbox 933 5499 1003 5556; x_wconf 89' lang='lat' dir='ltr'><strong>de</strong></span> <span class='ocrx_word' id='word_1_705' title='bbox 1021 5501 1245 5557; x_wconf 85' lang='lat' dir='ltr'><strong>Joanne</strong></span> <span class='ocrx_word' id='word_1_706' title='bbox 1273 5501 1459 5556; x_wconf 90' lang='lat' dir='ltr'><strong>nostri</strong></span> <span class='ocrx_word' id='word_1_707' title='bbox 1485 5517 1826 5558; x_wconf 89' lang='lat' dir='ltr'><strong>successore</strong></span> <span class='ocrx_word' id='word_1_708' title='bbox 1865 5518 2004 5557; x_wconf 90' lang='lat' dir='ltr'><strong>con-</strong></span> 
     </span>
    </p>
   </div>
   <div class='ocr_carea' id='block_1_104' title="bbox 355 5589 2009 5672">
    <p class='ocr_par' dir='ltr' id='par_1_104' title="bbox 355 5589 2009 5672">
     <span class='ocr_line' id='line_1_104' title="bbox 355 5589 2009 5672; baseline -0.004 -20"><span class='ocrx_word' id='word_1_709' title='bbox 355 5611 641 5672; x_wconf 85' lang='lat' dir='ltr'><strong>querens,</strong></span> <span class='ocrx_word' id='word_1_710' title='bbox 671 5589 860 5664; x_wconf 88' lang='lat' dir='ltr'><strong>quod,</strong></span> <span class='ocrx_word' id='word_1_711' title='bbox 893 5606 1028 5645; x_wconf 88' lang='lat' dir='ltr'><strong>cum</strong></span> <span class='ocrx_word' id='word_1_712' title='bbox 1061 5607 1194 5646; x_wconf 90' lang='lat' dir='ltr'><strong>eum</strong></span> <span class='ocrx_word' id='word_1_713' title='bbox 1217 5591 1373 5646; x_wconf 88' lang='lat' dir='ltr'><strong>inter</strong></span> <span class='ocrx_word' id='word_1_714' title='bbox 1405 5596 1462 5644; x_wconf 89' lang='lat' dir='ltr'><strong>et</strong></span> <span class='ocrx_word' id='word_1_715' title='bbox 1491 5592 1916 5664; x_wconf 82' lang='lat' dir='ltr'><strong>Hieronymum</strong></span> <span class='ocrx_word' id='word_1_716' title='bbox 1939 5607 2009 5647; x_wconf 90' lang='lat' dir='ltr'><strong>ac</strong></span> 
     </span>
    </p>
   </div>
   <div class='ocr_carea' id='block_1_105' title="bbox 345 5681 2006 5760">
    <p class='ocr_par' dir='ltr' id='par_1_105' title="bbox 345 5681 2006 5760">
     <span class='ocr_line' id='line_1_105' title="bbox 345 5681 2006 5760; baseline -0.003 -18"><span class='ocrx_word' id='word_1_717' title='bbox 345 5683 759 5760; x_wconf 75' lang='lat' dir='ltr'><strong>Epiphaniam</strong></span> <span class='ocrx_word' id='word_1_718' title='bbox 800 5684 1004 5736; x_wconf 79' lang='lat' dir='ltr'><strong>exorta</strong></span> <span class='ocrx_word' id='word_1_719' title='bbox 1053 5685 1213 5737; x_wconf 81' lang='lat' dir='ltr'><strong>esset</strong></span> <span class='ocrx_word' id='word_1_720' title='bbox 1258 5681 1657 5739; x_wconf 84' lang='lat' dir='ltr'><strong>controversia</strong></span> <span class='ocrx_word' id='word_1_721' title='bbox 1693 5681 2006 5739; x_wconf 88' lang='lat' dir='ltr'><strong>occasione</strong></span> 
     </span>
    </p>
   </div>
   <div class='ocr_carea' id='block_1_106' title="bbox 2118 4697 3768 4756">
    <p class='ocr_par' dir='ltr' id='par_1_106' title="bbox 2118 4697 3768 4756">
     <span class='ocr_line' id='line_1_106' title="bbox 2118 4697 3768 4756; baseline -0.004 0"><span class='ocrx_word' id='word_1_722' title='bbox 2118 4707 2276 4756; x_wconf 83' lang='lat' dir='ltr'><strong>certe</strong></span> <span class='ocrx_word' id='word_1_723' title='bbox 2308 4699 2710 4755; x_wconf 83' lang='lat' dir='ltr'><strong>Alexandrino</strong></span> <span class='ocrx_word' id='word_1_724' title='bbox 2731 4699 2977 4754; x_wconf 76' lang='lat' dir='ltr'><strong>inferior</strong></span> <span class='ocrx_word' id='word_1_725' title='bbox 3008 4704 3152 4754; x_wconf 90' lang='lat' dir='ltr'><strong>erat.</strong></span> <span class='ocrx_word' id='word_1_726' title='bbox 3186 4699 3346 4753; x_wconf 88' lang='lat' dir='ltr'><strong>Idem</strong></span> <span class='ocrx_word' id='word_1_727' title='bbox 3375 4699 3545 4753; x_wconf 76' lang='lat' dir='ltr'><strong>Osius</strong></span> <span class='ocrx_word' id='word_1_728' title='bbox 3569 4697 3768 4752; x_wconf 88' lang='lat' dir='ltr'><strong>Sardi-</strong></span> 
     </span>
    </p>
   </div>
   <div class='ocr_carea' id='block_1_107' title="bbox 2117 4788 3765 4862">
    <p class='ocr_par' dir='ltr' id='par_1_107' title="bbox 2117 4788 3765 4862">
     <span class='ocr_line' id='line_1_107' title="bbox 2117 4788 3765 4862; baseline -0.002 -16"><span class='ocrx_word' id='word_1_729' title='bbox 2117 4791 2277 4846; x_wconf 91' lang='lat' dir='ltr'><strong>censi</strong></span> <span class='ocrx_word' id='word_1_730' title='bbox 2307 4806 2541 4862; x_wconf 89' lang='lat' dir='ltr'><strong>quoque</strong></span> <span class='ocrx_word' id='word_1_731' title='bbox 2563 4789 2814 4844; x_wconf 91' lang='lat' dir='ltr'><strong>concilio</strong></span> <span class='ocrx_word' id='word_1_732' title='bbox 2838 4788 3090 4859; x_wconf 64' lang='lat' dir='ltr'><strong>praefuit,</strong></span> <span class='ocrx_word' id='word_1_733' title='bbox 3117 4805 3248 4842; x_wconf 91' lang='lat' dir='ltr'><strong>cum</strong></span> <span class='ocrx_word' id='word_1_734' title='bbox 3273 4788 3492 4842; x_wconf 91' lang='lat' dir='ltr'><strong>omisso</strong></span> <span class='ocrx_word' id='word_1_735' title='bbox 3507 4788 3765 4842; x_wconf 87' lang='lat' dir='ltr'><strong>Athana-</strong></span> 
     </span>
    </p>
   </div>
   <div class='ocr_carea' id='block_1_108' title="bbox 2117 4875 3762 4949">
    <p class='ocr_par' dir='ltr' id='par_1_108' title="bbox 2117 4875 3762 4949">
     <span class='ocr_line' id='line_1_108' title="bbox 2117 4875 3762 4949; baseline -0.002 -16"><span class='ocrx_word' id='word_1_736' title='bbox 2117 4879 2204 4933; x_wconf 88' lang='lat' dir='ltr'><strong>sio</strong></span> <span class='ocrx_word' id='word_1_737' title='bbox 2249 4878 2349 4949; x_wconf 90' lang='lat' dir='ltr'><strong>qui</strong></span> <span class='ocrx_word' id='word_1_738' title='bbox 2381 4885 2546 4933; x_wconf 90' lang='lat' dir='ltr'><strong>actor</strong></span> <span class='ocrx_word' id='word_1_739' title='bbox 2575 4881 2721 4942; x_wconf 90' lang='lat' dir='ltr'><strong>erat,</strong></span> <span class='ocrx_word' id='word_1_740' title='bbox 2773 4875 2943 4930; x_wconf 89' lang='lat' dir='ltr'><strong>multi</strong></span> <span class='ocrx_word' id='word_1_741' title='bbox 2988 4875 3268 4930; x_wconf 87' lang='lat' dir='ltr'><strong>adessent</strong></span> <span class='ocrx_word' id='word_1_742' title='bbox 3297 4875 3762 4947; x_wconf 90' lang='lat' dir='ltr'><strong>metropolitani,</strong></span> 
     </span>
    </p>
   </div>
   <div class='ocr_carea' id='block_1_109' title="bbox 2117 4965 3758 5040">
    <p class='ocr_par' dir='ltr' id='par_1_109' title="bbox 2117 4965 3758 5040">
     <span class='ocr_line' id='line_1_109' title="bbox 2117 4965 3758 5040; baseline -0.002 -17"><span class='ocrx_word' id='word_1_743' title='bbox 2117 4967 2332 5040; x_wconf 91' lang='lat' dir='ltr'><strong>quibus</strong></span> <span class='ocrx_word' id='word_1_744' title='bbox 2363 4967 2490 5038; x_wconf 90' lang='lat' dir='ltr'><strong>ipse</strong></span> <span class='ocrx_word' id='word_1_745' title='bbox 2521 4966 2771 5021; x_wconf 85' lang='lat' dir='ltr'><strong>inferior</strong></span> <span class='ocrx_word' id='word_1_746' title='bbox 2809 4965 3134 5020; x_wconf 90' lang='lat' dir='ltr'><strong>concedere</strong></span> <span class='ocrx_word' id='word_1_747' title='bbox 3185 4965 3400 5020; x_wconf 89' lang='lat' dir='ltr'><strong>debere</strong></span> <span class='ocrx_word' id='word_1_748' title='bbox 3432 4965 3758 5021; x_wconf 90' lang='lat' dir='ltr'><strong>videbatur.</strong></span> 
     </span>
    </p>
   </div>
   <div class='ocr_carea' id='block_1_110' title="bbox 2117 5056 3762 5125">
    <p class='ocr_par' dir='ltr' id='par_1_110' title="bbox 2117 5056 3762 5125">
     <span class='ocr_line' id='line_1_110' title="bbox 2117 5056 3762 5125; baseline 0 -13"><span class='ocrx_word' id='word_1_749' title='bbox 2117 5057 2251 5125; x_wconf 92' lang='lat' dir='ltr'><strong>Sed,</strong></span> <span class='ocrx_word' id='word_1_750' title='bbox 2285 5063 2349 5111; x_wconf 91' lang='lat' dir='ltr'><strong>ut</strong></span> <span class='ocrx_word' id='word_1_751' title='bbox 2377 5058 2439 5112; x_wconf 89' lang='lat' dir='ltr'><strong>in</strong></span> <span class='ocrx_word' id='word_1_752' title='bbox 2489 5056 2864 5112; x_wconf 66' lang='lat' dir='ltr'><strong>Palaestinam</strong></span> <span class='ocrx_word' id='word_1_753' title='bbox 2903 5060 3182 5123; x_wconf 89' lang='lat' dir='ltr'><strong>revertar,</strong></span> <span class='ocrx_word' id='word_1_754' title='bbox 3216 5072 3349 5111; x_wconf 91' lang='lat' dir='ltr'><strong>cum</strong></span> <span class='ocrx_word' id='word_1_755' title='bbox 3383 5057 3762 5112; x_wconf 69' lang='lat' dir='ltr'><strong>Caesariensis</strong></span> 
     </span>
    </p>
   </div>
   <div class='ocr_carea' id='block_1_111' title="bbox 2118 5145 3766 5217">
    <p class='ocr_par' dir='ltr' id='par_1_111' title="bbox 2118 5145 3766 5217">
     <span class='ocr_line' id='line_1_111' title="bbox 2118 5145 3766 5217; baseline -0.001 -16"><span class='ocrx_word' id='word_1_756' title='bbox 2118 5145 2770 5217; x_wconf 90' lang='lat' dir='ltr'><strong>solusjurisdictionem</strong></span> <span class='ocrx_word' id='word_1_757' title='bbox 2787 5145 2846 5199; x_wconf 88' lang='lat' dir='ltr'><strong>in</strong></span> <span class='ocrx_word' id='word_1_758' title='bbox 2863 5145 3164 5217; x_wconf 88' lang='lat' dir='ltr'><strong>provincia</strong></span> <span class='ocrx_word' id='word_1_759' title='bbox 3177 5145 3509 5216; x_wconf 88' lang='lat' dir='ltr'><strong>possideret</strong></span> <span class='ocrx_word' id='word_1_760' title='bbox 3531 5147 3590 5200; x_wconf 91' lang='lat' dir='ltr'><strong>in</strong></span> <span class='ocrx_word' id='word_1_761' title='bbox 3625 5163 3766 5201; x_wconf 91' lang='lat' dir='ltr'><strong>con-</strong></span> 
     </span>
    </p>
   </div>
   <div class='ocr_carea' id='block_1_112' title="bbox 2118 5234 3766 5292">
    <p class='ocr_par' dir='ltr' id='par_1_112' title="bbox 2118 5234 3766 5292">
     <span class='ocr_line' id='line_1_112' title="bbox 2118 5234 3766 5292; baseline -0.001 -1"><span class='ocrx_word' id='word_1_762' title='bbox 2118 5237 2272 5292; x_wconf 87' lang='lat' dir='ltr'><strong>ciliis</strong></span> <span class='ocrx_word' id='word_1_763' title='bbox 2295 5251 2402 5290; x_wconf 91' lang='lat' dir='ltr'><strong>sua</strong></span> <span class='ocrx_word' id='word_1_764' title='bbox 2425 5237 2774 5292; x_wconf 89' lang='lat' dir='ltr'><strong>auctoritate</strong></span> <span class='ocrx_word' id='word_1_765' title='bbox 2797 5235 3130 5290; x_wconf 80' lang='lat' dir='ltr'><strong>convocatis</strong></span> <span class='ocrx_word' id='word_1_766' title='bbox 3154 5241 3212 5288; x_wconf 92' lang='lat' dir='ltr'><strong>et</strong></span> <span class='ocrx_word' id='word_1_767' title='bbox 3237 5234 3549 5290; x_wconf 88' lang='lat' dir='ltr'><strong>celebratis</strong></span> <span class='ocrx_word' id='word_1_768' title='bbox 3574 5236 3766 5290; x_wconf 88' lang='lat' dir='ltr'><strong>nemi-</strong></span> 
     </span>
    </p>
   </div>
   <div class='ocr_carea' id='block_1_113' title="bbox 2117 5324 3762 5399">
    <p class='ocr_par' dir='ltr' id='par_1_113' title="bbox 2117 5324 3762 5399">
     <span class='ocr_line' id='line_1_113' title="bbox 2117 5324 3762 5399; baseline -0.001 -17"><span class='ocrx_word' id='word_1_769' title='bbox 2117 5341 2256 5382; x_wconf 89' lang='lat' dir='ltr'><strong>nem</strong></span> <span class='ocrx_word' id='word_1_770' title='bbox 2287 5324 2471 5379; x_wconf 91' lang='lat' dir='ltr'><strong>alium</strong></span> <span class='ocrx_word' id='word_1_771' title='bbox 2501 5325 2818 5397; x_wconf 57' lang='lat' dir='ltr'><strong>praesidere</strong></span> <span class='ocrx_word' id='word_1_772' title='bbox 2851 5341 2956 5396; x_wconf 90' lang='lat' dir='ltr'><strong>par</strong></span> <span class='ocrx_word' id='word_1_773' title='bbox 2987 5330 3128 5380; x_wconf 86' lang='lat' dir='ltr'><strong>erat.</strong></span> <span class='ocrx_word' id='word_1_774' title='bbox 3166 5328 3238 5380; x_wconf 85' lang='lat' dir='ltr'><strong>At</strong></span> <span class='ocrx_word' id='word_1_775' title='bbox 3269 5326 3329 5378; x_wconf 91' lang='lat' dir='ltr'><strong>in</strong></span> <span class='ocrx_word' id='word_1_776' title='bbox 3361 5325 3630 5380; x_wconf 90' lang='lat' dir='ltr'><strong>conciliis</strong></span> <span class='ocrx_word' id='word_1_777' title='bbox 3661 5343 3762 5399; x_wconf 53' lang='lat' dir='ltr'><strong>ge.</strong></span> 
     </span>
    </p>
   </div>
   <div class='ocr_carea' id='block_1_114' title="bbox 2118 5413 3762 5486">
    <p class='ocr_par' dir='ltr' id='par_1_114' title="bbox 2118 5413 3762 5486">
     <span class='ocr_line' id='line_1_114' title="bbox 2118 5413 3762 5486; baseline -0.001 -14"><span class='ocrx_word' id='word_1_778' title='bbox 2118 5414 2422 5472; x_wconf 90' lang='lat' dir='ltr'><strong>neralibus</strong></span> <span class='ocrx_word' id='word_1_779' title='bbox 2445 5414 2532 5469; x_wconf 90' lang='lat' dir='ltr'><strong>vel</strong></span> <span class='ocrx_word' id='word_1_780' title='bbox 2557 5420 2721 5470; x_wconf 82' lang='lat' dir='ltr'><strong>extra</strong></span> <span class='ocrx_word' id='word_1_781' title='bbox 2767 5413 2960 5486; x_wconf 81' lang='lat' dir='ltr'>[XXX]</span> <span class='ocrx_word' id='word_1_782' title='bbox 2985 5415 3367 5486; x_wconf 91' lang='lat' dir='ltr'><strong>provinciam,</strong></span> <span class='ocrx_word' id='word_1_783' title='bbox 3392 5420 3526 5486; x_wconf 90' lang='lat' dir='ltr'><strong>post</strong></span> <span class='ocrx_word' id='word_1_784' title='bbox 3557 5415 3762 5470; x_wconf 89' lang='lat' dir='ltr'><strong>Hiero-</strong></span> 
     </span>
    </p>
   </div>
   <div class='ocr_carea' id='block_1_115' title="bbox 2117 5503 3760 5576">
    <p class='ocr_par' dir='ltr' id='par_1_115' title="bbox 2117 5503 3760 5576">
     <span class='ocr_line' id='line_1_115' title="bbox 2117 5503 3760 5576; baseline -0.001 -16"><span class='ocrx_word' id='word_1_785' title='bbox 2117 5504 2538 5576; x_wconf 88' lang='lat' dir='ltr'><strong>solymitanum</strong></span> <span class='ocrx_word' id='word_1_786' title='bbox 2561 5504 2728 5560; x_wconf 89' lang='lat' dir='ltr'><strong>nulla</strong></span> <span class='ocrx_word' id='word_1_787' title='bbox 2752 5504 3101 5560; x_wconf 88' lang='lat' dir='ltr'><strong>altercation</strong></span> <span class='ocrx_word' id='word_1_788' title='bbox 3134 5503 3393 5559; x_wconf 89' lang='lat' dir='ltr'><strong>sedebat.</strong></span> <span class='ocrx_word' id='word_1_789' title='bbox 3430 5504 3519 5557; x_wconf 91' lang='lat' dir='ltr'><strong>Sic</strong></span> <span class='ocrx_word' id='word_1_790' title='bbox 3551 5505 3610 5558; x_wconf 89' lang='lat' dir='ltr'><strong>in</strong></span> <span class='ocrx_word' id='word_1_791' title='bbox 3645 5507 3760 5559; x_wconf 79' lang='lat' dir='ltr'><strong>An-</strong></span> 
     </span>
    </p>
   </div>
   <div class='ocr_carea' id='block_1_116' title="bbox 2116 5591 3759 5656">
    <p class='ocr_par' dir='ltr' id='par_1_116' title="bbox 2116 5591 3759 5656">
     <span class='ocr_line' id='line_1_116' title="bbox 2116 5591 3759 5656; baseline -0.003 -6"><span class='ocrx_word' id='word_1_792' title='bbox 2116 5594 2392 5650; x_wconf 88' lang='lat' dir='ltr'><strong>tiocheno</strong></span> <span class='ocrx_word' id='word_1_793' title='bbox 2419 5600 2627 5649; x_wconf 87' lang='lat' dir='ltr'><strong>contra</strong></span> <span class='ocrx_word' id='word_1_794' title='bbox 2657 5593 2906 5649; x_wconf 88' lang='lat' dir='ltr'><strong>Paulum</strong></span> <span class='ocrx_word' id='word_1_795' title='bbox 2956 5594 3429 5650; x_wconf 89' lang='lat' dir='ltr'><strong>Samosatensem</strong></span> <span class='ocrx_word' id='word_1_796' title='bbox 3484 5591 3759 5656; x_wconf 91' lang='lat' dir='ltr'><strong>concilio,</strong></span> 
     </span>
    </p>
   </div>
   <div class='ocr_carea' id='block_1_117' title="bbox 2115 5682 3757 5757">
    <p class='ocr_par' dir='ltr' id='par_1_117' title="bbox 2115 5682 3757 5757">
     <span class='ocr_line' id='line_1_117' title="bbox 2115 5682 3757 5757; baseline -0.007 -15"><span class='ocrx_word' id='word_1_797' title='bbox 2115 5688 2249 5757; x_wconf 86' lang='lat' dir='ltr'><strong>post</strong></span> <span class='ocrx_word' id='word_1_798' title='bbox 2268 5683 2558 5742; x_wconf 86' lang='lat' dir='ltr'><strong>Helenum</strong></span> <span class='ocrx_word' id='word_1_799' title='bbox 2573 5685 2922 5740; x_wconf 88' lang='lat' dir='ltr'><strong>Tarsensem</strong></span> <span class='ocrx_word' id='word_1_800' title='bbox 2945 5682 3204 5746; x_wconf 90' lang='lat' dir='ltr'><strong>concilii,</strong></span> <span class='ocrx_word' id='word_1_801' title='bbox 3228 5688 3292 5737; x_wconf 88' lang='lat' dir='ltr'><strong>ut</strong></span> <span class='ocrx_word' id='word_1_802' title='bbox 3316 5685 3580 5750; x_wconf 89' lang='lat' dir='ltr'><strong>apparet,</strong></span> <span class='ocrx_word' id='word_1_803' title='bbox 3607 5694 3757 5744; x_wconf 79' lang='lat' dir='ltr'><strong>prae-</strong></span> 
     </span>
    </p>
   </div>
  </div>
