4094 6282
366 425 446 484 63
1646 418 1748 479 DE
1788 414 1976 479 VITA
2017 413 2083 476 Ι.
2127 412 2470 476 GYRILLI.
3702 423 3783 481 64

368 554 890 628 sidem,proximus
912 558 977 614 in
997 552 1525 631 synodicislitteris
1537 550 1872 625 appellatur
1892 550 2010 624 Hy-
2045 547 2091 615 Α
2130 546 2326 603 Acacii
2349 563 2548 605 rerum
2572 553 2781 616 status,
2804 554 2872 606 ut
2890 552 3369 625 AcaciusCyrillo
3390 553 3783 612 consubstan-

365 663 629 704 menaus
656 650 1232 722 Hierosolymitanus
1277 651 1414 702 ante
1462 645 1862 701 Theotecnum
1889 644 2015 698 Ca-

367 738 713 807 sariensem,
759 740 913 811 apud
985 738 1152 794 useb.
1180 738 1283 793 lib.
1313 752 1393 790 vu
1431 737 1591 800 Hist,
1636 750 1764 804 cap.
1793 733 1881 787 30.
1914 734 2016 785 At-

365 843 481 898 que
503 828 631 898 ipse
653 828 942 884 Eusebius
963 844 1089 899 cap.
1112 828 1201 893 28,
1226 828 1465 880 Patrum
1486 823 1585 895 qui
1610 821 1681 877 ad
1695 820 2015 877 concilium

365 923 775 971 convenerunt
806 917 1053 971 nomina
1085 931 1428 980 recensens,
1462 911 1763 984 Hymenai
1795 924 2015 964 nomen

369 1009 507 1059 ante
531 1005 846 1059 Theotecni
896 1004 1097 1060 refert.
1132 1005 1490 1059 Sozomenus
1522 1000 1560 1054 l.
1596 1018 1637 1064 ι.
1670 1017 1719 1054 c.
1756 1002 1840 1056 1⁸7.
1876 1013 2017 1067 apo-

367 1092 710 1147 stolicarum
748 1093 978 1147 sedium
1009 1092 1319 1164 praesules,
1353 1091 1451 1161 qui
1484 1089 1721 1144 Nicano
1762 1086 2016 1142 concilio

365 1186 651 1253 tanquam
684 1181 984 1253 principes
1016 1181 1339 1237 interfuere
1363 1194 1724 1243 memorans,
1747 1176 2018 1232 omnium

363 1271 626 1343 primum
650 1272 965 1326 Macarium
988 1270 1272 1343 appellat,
1296 1268 1471 1325 etiarn
1495 1274 1631 1322 ante
1646 1266 2017 1321 Eustathium

366 1360 804 1416 Antiochenum
830 1365 887 1414 et
908 1359 1308 1415 Alexandrum
1329 1356 1720 1413 Alexandria.
1744 1356 1810 1410 In
1840 1354 2019 1409 rebus

361 1466 601 1521 quoque
633 1450 706 1505 ad
745 1449 1111 1521 provinciam
1162 1447 1540 1504 Palaestinam
1577 1443 2018 1516 pertinentibus

361 1539 622 1609 priorem
651 1538 973 1609 aliquando
1024 1537 1220 1593 locum
1259 1534 1501 1591 tenebat
1531 1532 2017 1605 ilierosolymita‘

362 1626 914 1682 nus.Eusebiuslib.
931 1643 979 1680 νι
995 1625 1156 1685 Hist.
1174 1641 1302 1696 cap.
1323 1624 1487 1685 19.de
1510 1623 1727 1679 litteris
1748 1638 2020 1677 commu-

360 1715 540 1770 nibus
571 1716 845 1786 loquens,
875 1715 1101 1786 quasin
1127 1714 1379 1769 favorem
1404 1713 1673 1787 Origenis
1703 1711 1776 1767 ad
1808 1713 2020 1766 Deme-

362 1805 545 1860 trium
560 1805 993 1860 Antiochenum
1011 1804 1225 1859 dedere
1239 1804 1570 1874 Alexanper
1587 1800 2020 1872 Hierosolymo-

2126 636 2270 692 tiale
2292 644 2495 709 posset
2515 638 2796 711 objieere,
2822 641 3276 698 similitudinem
3294 643 3643 700 substantia
3657 662 3779 700 non

2121 734 2343 799 posset.
2367 728 2622 799 Cyrillus
2651 745 2773 785 una
2801 747 2936 786 cum
2968 733 3217 787 Maximo
3249 734 3311 788 in
3344 735 3599 789 concilio
3634 735 3775 791 Hie-

2121 816 2556 887 rosolymitano
2582 835 2675 874 an.
2701 821 2825 885 349,
2852 820 3220 876 Sardicensis
3242 822 3481 877 concilii
3514 823 3777 889 decreta,

2122 912 2181 962 et
2193 916 2631 979 consequenter
2644 910 2861 966 Nicani
2879 911 3057 967 fidem
3072 914 3776 971 verisimiterassentien-

2121 996 2195 1052 do
2216 1005 2580 1069 susceperat;
2615 1000 2772 1055 idem
2798 1001 2967 1056 initio
2990 1002 3366 1074 episcopatus
3388 1004 3459 1058 ad
3484 1006 3776 1060 Constan-

2126 1085 2269 1140 tium
2287 1087 2723 1142 scribens'l‘rini
2735 1095 2912 1145 tatem
2927 1091 3235 1146 confessus
3249 1093 3785 1149 erateonsubstan-

2121 1174 2344 1229 tialem.
2373 1176 2505 1231 Hac
2527 1176 2841 1248 plusquam
2876 1178 3235 1235 sufficientia
3256 1182 3469 1237 Acacio
3492 1182 3565 1236 ad
3595 1199 3777 1238 accu-

2123 1262 2411 1318 satienem
2435 1265 2703 1321 crimina.
2733 1266 2847 1322 Sed
2875 1268 3019 1338 ipse-
3039 1268 3299 1328 Aeacius.
3333 1287 3591 1341 quonam
3642 1278 3776 1327 tan-

2122 1351 2257 1407 dem
2277 1352 2453 1408 modo
2467 1354 2920 1411 similitudinem
2943 1355 3288 1413 substantia
3302 1360 3518 1431 Cyrillo
3532 1361 3773 1417 crimini

2125 1439 2313 1500 daret.
2351 1459 2528 1513 quam
2563 1444 2834 1516 ipsejam
2867 1445 3090 1501 dudum
3123 1446 3367 1518 pluries,
3419 1455 3476 1504 et
3506 1451 3568 1505 in
3600 1450 3770 1506 libris

2123 1528 2235 1585 hoc
2256 1536 2524 1602 tempore
2546 1533 2720 1589 editis
2744 1535 3074 1591 tutabatur?
3090 1537 3153 1591 In
3176 1537 3542 1609 professione
3561 1540 3772 1595 Antio-

2124 1618 2298 1674 cheni
2327 1636 2422 1674 an.
2458 1622 2553 1675 341
2592 1623 2829 1678 concilii
2862 1624 3077 1679 Filium
3109 1625 3170 1680 in
3202 1626 3369 1681 nullo
3412 1627 3769 1684 dissimilem

2121 1713 2370 1779 paterna
2399 1709 2744 1770 divinitatis.
2772 1713 3140 1779 substantia,
3166 1716 3400 1771 consilii
3422 1722 3482 1772 et
3510 1724 3769 1789 potesta-

2121 1796 2197 1852 tis
2228 1797 2549 1869 imaginem
2586 1810 2924 1857 asseruerat
2963 1819 3033 1858 ex
3084 1804 3423 1860 Athanasio.
3472 1807 3543 1861 De
3571 1808 3767 1877 synod.

362 1911 498 1950 rum
521 1899 579 1949 et
599 1894 967 1949 Theoctistus
990 1894 1293 1959 Casarea,
1317 1891 1715 1947 Alexandrum
1743 1889 2015 1945 Theocti—
2049 1914 2089 1978 Β
2217 1889 2303 1986 2-36.
2337 1889 2475 1986 Qua
2501 1890 2741 1986 quidem
2772 1893 3009 1948 aoncilii
3041 1894 3394 1951 Antiocheni
3417 1896 3672 1953 formula
3694 1898 3768 1953 ab

366 1988 459 2038 sto
480 1983 1221 2054 praponit.Constantinus
1245 1982 1385 2036 dum
1408 1981 1638 2035 litteras
1668 1978 1741 2034 ad
1773 1979 2013 2034 univer—

367 2087 465 2126 sos
497 2071 825 2127 Palastina
868 2071 1177 2143 episcopos
1222 2070 1426 2125 scribit
1456 2069 1528 2124 de
1558 2067 1908 2123 aedificanda
1938 2067 2012 2123 ad

369 2176 654 2231 quercum
689 2161 944 2217 Mambre
976 2161 1247 2225 ecclesia,
1281 2176 1412 2230 qua
1445 2174 1539 2213 res
1571 2158 1643 2213 ad
1673 2157 2009 2230 Hierosolyo

367 2250 653 2305 mitanam
677 2249 980 2306 diceeesim
1004 2249 1193 2304 nihilo
1216 2248 1402 2321 magis
1424 2264 1600 2319 quam
1614 2247 1687 2301 ad
1714 2246 1862 2301 alias
1888 2263 2014 2318 spe-

367 2339 582 2403 ctabat,
619 2357 719 2395 eas
752 2339 1042 2405 inscribit,
1090 2339 1334 2394 Macario
1359 2344 1413 2392 et
1469 2338 1678 2392 cateris
1707 2336 2012 2392 Palestina;

364 2429 651 2499 episcopis,
687 2429 843 2500 apud
888 2427 1093 2483 Euseb.
1133 2427 1236 2482 lib.
1272 2443 1328 2481 ιιι
1366 2428 1514 2483 Vitae
1543 2426 1845 2490 Constant.,
1879 2442 2007 2498 cap.

365 2520 452 2572 52.
478 2520 669 2588 Atque
693 2519 774 2573 ita
799 2517 1261 2588 habebatipsum
1278 2515 1582 2587 exemplar
1595 2514 1667 2570 ad
1689 2514 2009 2571 Eusebium

364 2605 891 2676 metropolitanum
914 2604 1353 2671 transmissum,
1373 2619 1507 2657 cum
1522 2619 1591 2658 ex
1615 2618 1681 2657 eo
1695 2601 2009 2672 epistolam

368 2710 429 2750 se
461 2695 854 2750 transcribere
878 2699 1147 2763 testetur,
1173 2710 1221 2748 e.
1244 2697 1305 2747 51
1354 2695 1435 2748 Ex
1457 2693 1672 2764 quibus
1702 2693 2010 2748 concludi-

365 2800 521 2851 mus,
554 2785 602 2838 si
635 2783 871 2854 quando
902 2782 1283 2838 Caesariensis
1314 2782 1608 2855 episcopis
1638 2788 1775 2837 ante
1806 2782 2006 2838 Hiero-

368 2872 791 2944 solymitanum
841 2872 1188 2926 nominatur
1216 2876 1318 2926 aut
1364 2870 1591 2926 sedisse
1638 2870 1913 2938 refertur,
1947 2870 2009 2926 id

364 2962 543 3031 hujus
600 2979 711 3018 nec
768 2961 1059 3035 superiori
1115 2961 1443 3030 consessui,
1505 2977 1614 3016 nec
1643 2960 2008 3016 immunitati

365 3052 682 3107 adversari.

434 3142 522 3197 36.
546 3140 748 3212 Cyrilli
772 3146 830 3196 et
851 3140 1047 3196 Acacii
1072 3138 1143 3195 de
1183 3139 1440 3211 primatu
1480 3155 1549 3194 ac
1569 3138 2003 3210 metropolitico

2121 1977 2269 2047 ipsis
2300 1977 2720 2035 semi-Arianis
2742 1981 2804 2036 in
2825 1982 3077 2038 concilio
3105 1983 3487 2050 Seleucieusi,
3530 1988 3769 2058 quando

2120 2066 2182 2121 in
2204 2066 2455 2123 Arianos
2479 2084 2514 2123 a
2535 2084 2596 2123 se
2627 2069 2845 2125 divisos
2885 2088 3101 2145 magno
3121 2072 3371 2143 fervore,
3402 2075 3768 2137 ferebantur.

2119 2172 2226 2228 pro
2250 2158 2551 2213 communi
2578 2159 2716 2214 fidei
2736 2166 2959 2217 tessero
2983 2171 3269 2234 usurpata
3290 2170 3398 2220 est.
3446 2167 3595 2222 Ante
3627 2184 3771 2222 con-

2119 2245 2323 2301 cilium
2356 2246 2732 2305 Seleuciense
2765 2250 3076 2320 epistolam
3108 2252 3182 2307 ad
3206 2252 3611 2309 Macedonium
3631 2257 3771 2310 scri-

2118 2340 2339 2406 pserat.
2374 2342 2433 2390 et
2459 2336 2674 2391 librum
2701 2337 2990 2406 ediderat,
3015 2356 3131 2411 quo
3149 2341 3602 2399 similitudinem
3629 2345 3772 2400 sub-

2120 2424 2353 2479 stantia
2372 2424 2747 2482 defendebat.
2775 2430 2984 2484 Narrat
3005 2430 3163 2484 enim
3189 2431 3545 2487 Sozomenus
3579 2433 3660 2488 lib
3714 2451 3769 2489 ιγ

2121 2516 2288 2580 Hist,
2314 2530 2441 2585 cap.
2466 2517 2554 2574 22.
2583 2521 2713 2571 orta
2731 2516 2791 2571 in
2814 2518 3069 2574 concilio
3092 2519 3452 2576 Seleuciensi
3485 2523 3768 2579 Acacium

2117 2602 2276 2657 inter
2304 2609 2363 2658 et
2393 2604 2826 2661 semi-Arianos
2857 2609 3238 2664 contentione
3271 2610 3341 2665 de
3374 2612 3767 2668 similitudine

2116 2694 2269 2755 Filii.
2304 2695 2584 2751 Acacium
2615 2713 2749 2752 cum
2765 2697 3064 2755 voluntate
3079 2700 3339 2756 similem
3363 2707 3601 2758 tantum
3629 2721 3765 2775 pro-

2117 2783 2403 2848 fiteretur,
2430 2801 2464 2840 a
2485 2786 2894 2842 semi‘Arianis
2916 2788 3250 2845 substantia
3263 2790 3521 2846 similem
3536 2792 3768 2848 fortiter

2118 2873 2575 2930 defendentihus
2597 2876 2932 2932 convictum
2947 2894 3015 2933 ex
3049 2879 3222 2947 libro,
3238 2897 3416 2952 quem
3443 2882 3767 2953 scripserat

2115 2968 2174 3019 et
2193 2962 2478 3029 ediderat,
2502 2963 2706 3029 fuisse,
2728 2966 2886 3037 quod
2905 2967 3127 3023 similia
3146 2986 3280 3024 cum
3297 2970 3441 3040 ipsis
3465 2977 3601 3026 ante
3627 2988 3763 3026 seu.

2113 3052 2329 3108 sisset:
2386 3050 2488 3108 Καὶ
2545 3054 2663 3107 κατ’
2720 3053 2911 3108 οὐσίαν
2971 3056 3165 3127 ὅμοιον
3225 3055 3384 3111 αὐτὸν
3442 3058 3753 3133 ἷσχρίζοντο

2110 3137 2201 3217 καὶ
2228 3137 2318 3192 τὸν
2350 3138 2594 3194 Ἀκπκιον
2627 3137 2871 3215 ἤλεγχον
2924 3138 3015 3196 διὰ
3061 3143 3153 3198 τὸν
3201 3141 3370 3218 λόγον
3401 3145 3459 3200 ὃν
3494 3148 3758 3222 συνεργά-

355 3231 492 3303 jure
516 3229 762 3285 dissidia
785 3229 1113 3284 subsecuta
1131 3233 1270 3283 sunt
1295 3228 1513 3283 mutua
1536 3228 1694 3283 circa
1714 3228 2001 3284 fldemac-

511 3320 547 3337 ..
650 3336 657 3337 ,
764 3320 869 3337 γ
938 3319 1027 3337 .1,
1117 3319 1141 3337 ι
1170 3335 1234 3337 κη
1462 3318 1656 3337 αῌψ,
1681 3334 1841 3337 ,μμ
1881 3335 1909 3337 ,μ
1935 3334 1991 3337 __

2121 3231 2252 3302 ψειτο
2265 3229 2352 3283 καὶ
2372 3226 2778 3298 ἐκδέδωκενςὼς
2801 3230 3011 3304 ὁμοίως
3031 3234 3219 3295 αὐτοῖς
3243 3232 3457 3309 ἐδόξαζε
3473 3236 3759 3311 πρότερον.

363 3320 720 3383 cusationes,
750 3320 823 3373 de
852 3319 1067 3390 quibus
1116 3319 1243 3373 hac
1282 3318 1438 3389 apud
1462 3318 1849 3373 Sozomenum
1880 3334 2002 3373 non

362 3408 733 3479 sinejudicio
777 3406 1164 3462 admittenda.
1215 3406 1307 3461 Sic
1348 3406 1450 3461 ille
1470 3406 1573 3462 lib.
1605 3423 1678 3476 ιν,
1708 3423 1757 3461 c.
1790 3409 1880 3474 25,
1914 3409 2005 3463 Ea:

359 3515 468 3569 quo
497 3500 708 3566 factum
736 3499 943 3566 fuerat,
964 3503 1025 3551 ut
1054 3497 1374 3551 inimicitias
1393 3498 1539 3551 inter
1566 3512 1622 3552 se
1648 3499 2004 3566 susciperent,

357 3603 574 3656 seseque
604 3593 793 3640 mutuo
825 3591 1148 3641 accusarent
1176 3586 1326 3655 quod
1342 3591 1485 3641 recte
1516 3586 1581 3640 de
1614 3586 1717 3639 Deo
1745 3601 1856 3640 non
1885 3602 2007 3641 sen-

361 3679 547 3732 tirent.
597 3676 733 3730 Nam
764 3682 815 3730 et
847 3682 1014 3729 antea
1044 3680 1275 3744 uterque
1324 3690 1507 3729 eorum
1555 3677 1616 3729 in
1645 3676 2008 3744 suspicionem

360 3771 584 3822 venerat
611 3782 634 3829 ;
664 3763 903 3820 Aeacius
933 3764 1153 3834 quidem
1200 3763 1350 3834 quod
1397 3780 1519 3819 cum
1550 3766 1687 3819 Aria
1716 3766 1859 3819 idem
1886 3781 2005 3821 sen-

364 3858 491 3911 tiret
519 3872 540 3919 ;
572 3854 811 3924 Cyrillus
867 3870 994 3909 vero
1025 3854 1175 3925 quod
1218 3869 1304 3909 eos
1333 3860 1634 3909 sectaretur
1677 3853 1776 3925 qui
1805 3853 2011 3910 Filium

361 3947 521 4001 Patri
577 3944 815 3999 similem
890 3945 1191 3999 secundum
1249 3943 1618 3999 substantiam
1675 3944 2007 3999 asserebant.

363 4033 585 4100 Quibus
608 4051 679 4089 ex
700 4034 894 4089 verbis
917 4037 1266 4104 sequeretur
1283 4033 1582 4095 Acacium,
1604 4033 1881 4103 cumipse
1905 4048 2012 4103 pu-

360 4139 461 4178 rus
484 4122 739 4177 Arianus
761 4128 917 4177 esset
941 4122 1118 4193 idque
1133 4120 1367 4194 publice
1391 4120 2013 4191 profiteretur,Cyrillo

360 4212 596 4267 crimini
615 4211 848 4266 dedisse
862 4210 1400 4281 quodFiliumPatri
1416 4208 1672 4265 similem
1687 4209 2015 4264 secundum

363 4301 757 4356 substantiam
781 4305 1090 4355 assereret.
1128 4299 1319 4371 Longe
1352 4299 1527 4353 aliter
1555 4314 1618 4352 se
1650 4315 1772 4353 rem
1801 4299 2017 4354 habere

364 4391 540 4447 modo
566 4389 970 4461 probabimus.
992 4387 1357 4458 Nicephorus
1375 4387 1652 4442 Callistus
1669 4388 1827 4444 hunc
1859 4389 2019 4445 Sozo-

365 4480 527 4535 meni
552 4480 749 4533 locum
774 4478 837 4533 in
859 4493 1028 4532 suam
1056 4478 1348 4531 Historiam
1374 4476 1474 4531 lib.
1510 4493 1585 4543 IV,
1618 4493 1667 4532 c.
1701 4478 1789 4542 46,
1824 4484 2016 4535 trans~

364 4568 600 4625 crihens
638 4567 708 4622 de
767 4566 1064 4622 industria
1109 4570 1438 4620 commutat
1486 4566 1579 4620 his
1629 4566 1822 4622 verbis
1857 4584 1869 4621 :
1904 4569 2020 4633 Qua

2118 3319 2347 3374 Similia
2376 3325 2581 3376 narrat
2612 3321 2878 3378 Socrates
2904 3323 3009 3381 lib.
3039 3341 3094 3392 ιι,
3129 3342 3257 3396 cap.
3289 3329 3358 3383 40
3387 3346 3410 3393 ;
3439 3331 3517 3393 2ο,
3550 3334 3618 3384 ut
3658 3346 3760 3384 se-

2115 3409 2197 3464 mi
2226 3409 2579 3464 Arianorum
2615 3414 2673 3465 et
2702 3411 3059 3468 Arianorum
3108 3414 3317 3471 divisio
3367 3423 3502 3473 ante
3534 3434 3757 3473 annum

2115 3499 2214 3552 357
2236 3498 2325 3553 vel
2375 3499 2477 3553 358
2512 3497 2667 3554 facta
2702 3508 3089 3572 supponatur.
3119 3506 3267 3559 semi
3307 3507 3540 3562 Arianis
3560 3515 3758 3563 tamen

2116 3586 2353 3642 omissis
2384 3586 2458 3641 ad
2507 3588 2755 3643 Arianos
2805 3605 2867 3644 se
2924 3593 3296 3648 transtulisse
3353 3612 3471 3649 non
3528 3596 3760 3652 videtur

2117 3676 2365 3731 Aeacius
2420 3681 2558 3730 ante
2614 3676 2817 3747 Cyrilli
2874 3677 3332 3749 depositionem.
3399 3684 3763 3754 Epiphanius

2119 3764 2331 3820 haresi
2353 3767 2509 3832 73,11.
2533 3767 2627 3823 23.
2650 3767 2734 3821 ait
2754 3768 3033 3823 Acacium
3057 3770 3118 3823 in
3142 3772 3395 3827 concilio
3413 3773 3774 3828 Seleuciensi

2122 3870 2228 3924 pro
2254 3868 2471 3924 eo.quo
2505 3853 2566 3907 in
2610 3854 2895 3925 Cyrillum
2947 3856 3235 3930 ﬂagrabat
3281 3860 3438 3918 odio.
3471 3878 3533 3917 se
3562 3863 3775 3918 Basilio

2122 3944 2460 4013 Ancyrano,
2493 3940 2743 4012 Sylvano
2804 3944 3077 4000 Tarsensi
3138 3952 3196 4001 et
3251 3947 3386 4003 aliis
3421 3967 3570 4020 quos
3601 3952 3775 4007 semi-

2122 4031 2373 4086 Arianos
2401 4047 2700 4090 vocamus.
2733 4048 2867 4088 cum
2920 4034 3055 4090 aliis
3086 4052 3235 4106 quos
3289 4038 3399 4093 sibi
3433 4039 3773 4097 devinxerat

2126 4120 2672 4192 opposuisse.quasi
2688 4126 2811 4177 tum
2830 4124 3314 4194 primum'contra
3330 4128 3465 4183 illos
3485 4147 3545 4184 se
3560 4147 3777 4186 armas-

2128 4214 2236 4276 set,
2269 4209 2555 4264 nimirum
2588 4210 2821 4281 Sylvani
2855 4228 2993 4283 erga
3033 4215 3319 4285 Cyrillum
3371 4218 3772 4290 hospitalitate

2126 4298 2410 4354 offensus.
2435 4299 2668 4355 Certum
2695 4306 2897 4357 tamen
2921 4306 3010 4357 est
3035 4302 3205 4358 initio
3223 4321 3320 4359 an.
3345 4308 3469 4372 328,
3497 4312 3775 4366 Acacium

2119 4387 2248 4458 jam
2266 4392 2391 4442 tum
2414 4387 2674 4444 Eudoxio
2694 4390 3066 4447 Antiocheno
3080 4392 3429 4463 adjunctum
3445 4398 3777 4471 fuisse,qui-

2128 4492 2263 4532 cum
2297 4477 2358 4532 in
2390 4478 2641 4534 concilio
2671 4479 3041 4535 Antiocheno
3091 4488 3150 4537 et
3187 4485 3694 4544 eonsubstantiale
3720 4495 3778 4545 et

2131 4566 2585 4623 similitudinem
2601 4567 2946 4623 substantia
2965 4569 3283 4643 abrogavit.
3312 4574 3533 4631 Sozom.
3561 4577 3663 4634 lib.
3698 4596 3772 4645 ιν,

363 4659 427 4713 de
458 4670 622 4711 causa
651 4659 709 4709 in
744 4661 995 4709 mutuum
1042 4655 1230 4708 odium
1281 4653 1528 4721 adducti,
1584 4655 1728 4709 alter
1778 4655 2011 4712 alterum
2046 4642 2093 4707 D
2122 4672 2246 4727 cap.
2280 4658 2361 4711 l2.
2391 4656 2501 4711 Sed
2542 4657 2668 4712 hac
2695 4658 2889 4728 prima
2921 4642 3137 4732 legitur
3159 4663 3352 4717 Acacii
3383 4665 3664 4723 adversus
3696 4642 3776 4723 si?

362 4747 509 4819 quod
536 4761 645 4799 non
674 4750 822 4799 recte
850 4742 914 4798 de
944 4745 1056 4798 Deo
1088 4745 1338 4811 sentiret,
1373 4749 1451 4798 est
1480 4745 1825 4800 criminatus.
1861 4746 2013 4801 Aca-

359 4839 474 4893 cius
505 4836 650 4889 enim
675 4835 837 4902 prius
862 4834 1082 4887 Ariana
1112 4834 1370 4902 dogmata
1400 4834 1747 4903 praedicabat
1778 4850 1792 4888 :
1827 4834 2016 4905 Cyril-

362 4926 441 4982 lus
461 4940 587 4980 vero
623 4938 732 4986 eos,
766 4924 863 4992 qui
904 4922 1356 4977 consubstantiali
1393 4923 1763 4991 adharebant,
1796 4940 1833 4978 a
1854 4926 2021 4994 prin-

366 5016 512 5086 cv‘pio
538 5012 888 5080 sequebatur.
913 5011 1189 5076 Quamvis
1221 5017 1279 5065 et
1304 5017 1567 5082 tempore
1580 5017 1640 5066 et
1668 5012 2018 5068 auctoritate

366 5104 694 5159 Sozomeno
731 5100 906 5173 longe
953 5100 1199 5155 inferior
1239 5101 1303 5156 in
1333 5101 1584 5157 historia
1631 5102 2014 5174 Nicephorus.

365 5193 585 5248 certius
617 5196 820 5246 tamen
857 5189 1168 5245 amborum
1217 5190 1540 5263 prasulum
1596 5193 2017 5248 controversias

364 5286 583 5337 statum
618 5279 851 5334 videtur
875 5278 1179 5351 attigisse:
1225 5282 1281 5333 1ο
1328 5280 1484 5335 enim
1517 5286 1583 5334 ut
1612 5281 1882 5336 omittam
1913 5280 2017 5336 illo

360 5372 715 5427 Arianorum
742 5375 799 5423 et
820 5369 969 5425 semi
1006 5369 1363 5425 Arianorum
1396 5374 1638 5442 propter
1668 5370 2017 5427 similitudi-

360 5476 498 5517 nem
524 5457 872 5514 substantia
895 5458 1169 5523 divortio,
1193 5458 1560 5530 antiquiores
1576 5459 1763 5514 videri
1783 5466 2018 5515 mutuas

365 5548 618 5604 duorum
652 5545 978 5619 prasulum
1005 5547 1435 5608 accusationes.
1467 5554 1637 5603 natas
1668 5564 1739 5603 ex
1777 5555 2016 5605 conten-

364 5637 527 5693 tione
554 5637 623 5693 de
656 5636 914 5709 primatu
946 5653 1081 5693 cum
1112 5636 1240 5709 ipso
1271 5653 1421 5709 pene
1450 5636 1652 5709 Cyrilli
1673 5637 2017 5709 episcOpatu

368 5733 680 5800 suspecta;
715 5727 765 5785 is
815 5731 944 5784 erat
990 5726 1103 5786 hoc
1141 5732 1408 5803 tempore
1455 5727 1675 5801 [XXXI]
1725 5727 1929 5800 Cyrilli
1958 5732 2018 5783 et

2129 4744 2532 4800 militudinem
2564 4745 2911 4802 substantia
2960 4749 3228 4817 molitio;
3262 4752 3319 4804 3°
3369 4743 3598 4810 etiamsi
3633 4773 3777 4812 con-

2127 4834 2485 4890 cesserimus
2515 4834 2815 4901 Acacium,
2841 4854 2958 4907 quo
2990 4842 3255 4909 tempore
3285 4841 3567 4913 Cyrillum
3584 4846 3779 4900 crimi-

2128 4922 2401 4990 nubatur,
2417 4925 2545 4995 jam
2570 4930 2693 4979 tum
2717 4924 2777 4979 in
2796 4926 3148 4982 Arianorum
3169 4936 3365 4999 partes
3387 4935 3772 5001 concessisse,

2129 5011 2286 5067 haud
2320 5019 2521 5068 tamen
2550 5013 2655 5068 illo
2688 5020 2952 5086 tempore
3001 5016 3308 5073 devenisse
3352 5035 3420 5073 eo
3456 5028 3680 5091 putem,
3712 5030 3775 5079 ut

2129 5100 2583 5158 similitudinem
2615 5102 2959 5159 substantia
2990 5105 3260 5161 criminis
3282 5108 3410 5163 loco
3434 5111 3567 5167 aliis
3590 5113 3774 5185 impu-

2128 5195 2300 5246 taret.
2331 5193 2475 5246 Nam
2501 5191 2678 5247 etiam
2701 5199 2909 5265 postea
2930 5193 2990 5248 in
3008 5196 3261 5250 concilio
3283 5199 3774 5274 Constantinopo-

2127 5279 2313 5336 litano
2345 5297 2501 5336 anno
2530 5282 2656 5346 360,
2691 5299 2827 5337 cum
2877 5283 3125 5339 Aeacius
3162 5285 3435 5343 factionis
3476 5292 3770 5363 princeps,

2128 5374 2187 5426 et
2207 5370 2511 5442 conjuncti
2542 5370 2806 5443 episcopi
2838 5372 3273 5431 semi-Arianos
3297 5377 3416 5433 fere
3450 5395 3656 5436 omnes
3684 5383 3774 5439 di-

2125 5458 2308 5514 versis
2335 5459 2531 5515 causis
2575 5459 2919 5531 episcOpatu
2968 5460 3316 5532 dejicerent,
3363 5467 3497 5522 fidei
3531 5485 3772 5527 causam

2126 5565 2247 5604 non
2274 5549 2619 5621 allegavere,
2670 5556 2911 5605 auctore
2959 5550 3199 5608 Socrate
3225 5554 3327 5609 lib.
3386 5574 3417 5611 ιι
3471 5560 3605 5619 Hist.
3641 5578 3770 5634 cap.

2123 5640 2211 5692 42.
2248 5638 2502 5693 Rediens
2535 5654 2565 5694 e
2594 5639 2848 5695 concilio
2899 5640 2960 5695 in
3007 5640 3201 5697 locum
3255 5652 3770 5706 exauctoratorum

2123 5727 2345 5787 multos
2366 5726 2799 5802 substituit,qui
2813 5729 3264 5789 similitudinem
3279 5734 3627 5796 substantia
3641 5758 3767 5799 om-
