4094 6282
302 302 401 361 85-
1708 303 2236 372 DISSLRTATIO
2278 307 2330 367 Ι.
3652 321 3732 382 66

305 434 456 490 nino
489 433 570 490 ad
603 450 851 491 sensum
880 436 1411 497 consubstantialis
1447 440 1872 513 pradicabant,
1905 445 1973 497 ut
2001 453 2051 520 Α
2154 440 2242 497 38.
2266 435 2393 495 Sive
2430 439 2503 495 ob
2552 438 2708 495 hanc
2728 438 3070 512 Cyrillianm
3104 441 3245 499 ﬁdei
3275 444 3631 507 intentatam
3660 454 3734 509 ab

306 524 643 589 Meletium,
682 526 980 599 Pelagium
1010 529 1435 600 Laodicenum,
1465 532 1736 604 aliosque
1780 532 1881 604 qui
1913 533 1975 587 in

308 615 760 670 Catholicorum
794 623 852 671 et
882 624 1225 675 sanctorum
1253 620 1431 676 etiam
1458 621 1697 694 [ΧλΧιι]
1725 638 1973 677 numero

313 711 660 760 censentur.
696 709 866 760 Anno
898 710 1169 779 sequenti
1202 710 1265 765 in
1296 712 1549 766 concilio
1580 712 1971 777 Antiocheno,

317 810 457 849 cum
472 811 669 849 coram
685 796 942 851 Constan
954 798 1031 851 tio
1046 799 1501 856 concionaretur
1516 802 1974 874 postGeorgium

317 883 741 950 Laodiceuum,
771 884 1103 941 doctrinam
1136 887 1410 959 exposuit
1438 906 1569 960 quin
1619 905 1824 945 revera
1850 890 1975 945 sin-

318 987 518 1026 cerum
555 989 624 1027 ac
656 990 874 1044 purum
891 975 1230 1046 apostolica:
1264 977 1401 1032 ﬁdei
1425 979 1829 1034 characterem
1854 995 1975 1033 non

312 1066 606 1128 tueretur,
639 1062 715 1116 ab
746 1064 925 1134 hujus
960 1071 1154 1120 tamen
1201 1065 1577 1138 blasphemia
1624 1067 1973 1141 longissimo

311 1150 633 1206 intervallo
672 1152 1026 1222 sejunctam.
1066 1154 1192 1209 Vid.
1220 1156 1567 1212 Theodoret.
1594 1156 1698 1214 lib.
1733 1174 1769 1212 ιι
1803 1159 1971 1225 Hist,

312 1255 443 1311 cap.
499 1241 589 1294 3t.
623 1241 803 1311 Atqui
864 1242 1143 1315 Georgius
1191 1244 1357 1315 prius
1406 1251 1689 1317 tanquam
1747 1262 1903 1301 unus
1943 1261 1973 1300 e

315 1329 733 1384 semi-Arianae
746 1331 930 1401 partis
948 1332 1318 1404 principibus
1331 1334 1678 1403 habebatur,
1688 1335 1972 1407 epriph.

311 1418 526 1473 haeres.
559 1421 649 1481 73,
683 1436 745 1473 n.
780 1422 830 1474 1.
864 1420 1157 1477 Credibile
1188 1422 1369 1495 igitur
1406 1439 1527 1479 non
1559 1429 1651 1480 est
1691 1424 1973 1480 Acacium

318 1508 539 1579 Cyrillo
562 1509 1023 1566 similitudinem
1050 1512 1399 1569 substantia;
1421 1514 1589 1586 quasi
1616 1515 1845 1571 crimen
1866 1514 1969 1570 ob-

312 1595 557 1667 jeeisse,
589 1598 701 1652 nisi
738 1597 956 1655 dixeris
979 1617 1116 1655 eum
1143 1602 1599 1658 similitudinem
1626 1603 1973 1663 substantia:

320 1686 481 1741 velut
510 1687 667 1741 idem
713 1705 846 1743 cum
898 1691 1394 1747 consubstantiali
1446 1692 1743 1749 habuisse.
1785 1695 1973 1758 Quam

2086 529 2302 585 Acacio
2332 529 2802 592 accusationem,
2836 529 2954 585 sive
2985 530 3059 585 ob
3107 531 3255 587 alias
3310 552 3459 606 quas
3492 538 3736 599 historia

2088 635 2209 673 non
2245 619 2389 675 satis
2443 618 2754 690 expressit,
2789 636 3039 690 seseque
3071 621 3343 693 ignorare
3388 626 3607 683 fatetur
3638 630 3743 687 So-

2087 714 2299 775 crates,
2327 707 2558 763 duobus
2578 708 2755 763 annis
2772 709 3074 764 continuis
3106 710 3390 781 Cyrillum
3422 716 3482 770 in
3507 720 3609 787 jus
3637 736 3735 774 vo-

2085 798 2233 852 cavit
2257 797 2526 853 Aeacius.
2558 796 2668 852 Sed
2691 798 2908 853 frustra
2928 798 3039 852 fuit
3084 815 3378 870 nusquam
3408 809 3742 875 comparuit

2084 886 2358 957 Cyrillus.
2414 885 2681 941 Socrates
2726 903 2795 941 ex
2846 903 2962 957 quo
3004 886 3129 941 haec
3161 887 3499 954 didicimus,
3533 894 3635 948 lib.
3674 913 3734 965 ιι,

2085 990 2211 1046 cap.
2247 977 2335 1041 40,
2370 975 2521 1030 hanc
2542 991 2778 1031 causam
2812 978 3003 1040 affert,
3037 993 3195 1047 quon
3236 979 3521 1053 [XXXIII]
3552 984 3736 1053 Cyril-

2084 1065 2176 1119 lus
2209 1065 2620 1119 accusationes
2646 1065 3012 1120 formidaret:
3047 1066 3204 1136 quod
3236 1068 3496 1137 quidem,
3532 1072 3738 1130 Socra-

2084 1152 2159 1207 tis
2182 1152 2337 1208 bona
2357 1153 2526 1208 venia
2549 1152 2769 1208 dictum
2796 1153 2890 1221 sit,
2917 1170 2991 1208 ne
3020 1155 3340 1211 verisimile
3364 1160 3604 1228 quidem
3626 1169 3735 1218 est.

2086 1242 2350 1297 Primum
2369 1244 2529 1298 enim
2553 1243 2710 1299 leves
2732 1261 2976 1316 prorsus
2990 1244 3106 1299 illae
3122 1248 3529 1304 accusationes
3544 1260 3735 1320 erant,

2084 1331 2450 1388 Theodoreto
2482 1338 2631 1387 teste
2659 1332 2765 1388 lib.
2797 1349 2854 1397 ιι,
2884 1348 3011 1404 cap.
3039 1334 3126 1402 26,
3155 1335 3257 1405 qui
3280 1336 3607 1394 levissimas
3631 1357 3730 1397 eas

2082 1419 2283 1491 Cyrilli
2314 1420 2651 1493 deponendi
2684 1437 2894 1477 causas
2923 1421 2996 1476 ab
3042 1424 3255 1478 Acacio
3307 1433 3573 1499 arreptas
3604 1430 3687 1485 ait
3716 1447 3729 1485 :

2079 1506 2144 1563 Ὃ
2175 1506 2271 1579 μὲν
2302 1507 2406 1582 γὰρ
2436 1507 2691 1569 Ἀκᾶκιος
2727 1510 2923 1582 μικράς
2954 1530 3100 1570 τινας
3132 1509 3301 1585 εὑρὼν
3331 1513 3605 1591 ἀφορμὰς,
3639 1537 3731 1571 κα.

2085 1592 2234 1650 θεῖλε
2262 1596 2353 1651 τὸν
2389 1595 2686 1667 Κυριλλον,
2719 1597 2807 1651 καὶ
2838 1601 2945 1651 τῶν
2996 1597 3392 1671 Ἱεροσολύμων
3448 1602 3727 1676 ἐξήλασεν,

2083 1685 2228 1757 ipsas
2259 1686 2333 1742 ob
2364 1687 2667 1743 levitatem
2726 1693 2785 1742 et
2822 1688 3162 1743 futilitatem
3209 1689 3431 1745 Socrati
3461 1693 3728 1768 incogni-

317 1776 556 1847 quidem
572 1778 865 1832 rationem
881 1778 1221 1836 Sirmiensis
1242 1782 1758 1846 an.357,formulae
1776 1789 1972 1838 aucto-
2005 1822 2049 1885 Β
2081 1781 2175 1829 ιω·
2196 1776 2344 1885 “51183
2377 1792 2569 1876 (ia-usa?
2601 1776 3148 1885 adeq‘fmllﬁdebat',‘
3170 1786 3235 1833 ut
3264 1780 3335 1885 tib
3366 1784 3578 1881 ᾼοᾶοὶο

314 1881 410 1920 res
432 1866 648 1921 afferre
677 1867 972 1935 solebant,
1007 1875 1155 1924 teste
1195 1870 1417 1926 Hilario
1448 1872 1521 1926 De
1547 1872 1738 1941 synod.
1763 1889 1822 1927 n.
1852 1875 1920 1927 79
1954 1889 1967 1927 :

320 1956 616 2011 Excusant.
647 1972 704 2011 se
733 1957 1033 2026 (Ursacius
1067 1964 1125 2013 et
1156 1959 1392 2027 Valens)
1413 1961 1620 2016 idcirco
1650 1962 1969 2016 homousion

314 2049 369 2096 et
401 2043 733 2098 homzusion
766 2047 938 2099 taceri
964 2046 1216 2109 voluisse,
1249 2050 1385 2118 quia
1430 2064 1602 2103 unum
1630 2056 1797 2119 atque
1827 2048 1969 2103 idem

310 2134 614 2201 signiﬁcari
634 2134 797 2189 verba
810 2142 1040 2205 utroque
1061 2138 1471 2193 existimarunt.
1495 2137 1715 2193 Eadem
1739 2139 1968 2194 ratione

310 2220 527 2275 adduci
559 2223 755 2293 potuit
782 2224 1053 2291 Aeacius,
1077 2240 1213 2279 eum
1236 2224 1297 2279 in
1320 2226 1575 2282 concilio
1602 2228 1968 2283 Antiocheno

311 2309 637 2365 formulam
669 2312 1059 2368 Sirmiensem
1109 2313 1370 2370 laudavit
1400 2321 1458 2371 et
1501 2323 1735 2373 secutus
1769 2324 1879 2383 est,
1913 2324 1970 2373 et

310 2400 659 2454 auctoribus
679 2401 899 2470 gratias
925 2402 1182 2474 agendas
1205 2403 1644 2477 decrevit,apud
1663 2406 1965 2463 Sozomen.

309 2487 414 2542 lib.
453 2505 530 2553 ιν,
562 2506 692 2561 cap.
726 2494 793 2544 12
848 2493 988 2546 Eam
1018 2492 1203 2548 fuisse
1228 2494 1583 2550 Arianorum
1607 2497 1966 2552 sententiam

312 2577 573 2632 dubitari
596 2595 717 2633 non
740 2585 955 2650 potest.
985 2597 1055 2635 ex
1091 2582 1475 2653 Philostorgio
1507 2584 1608 2655 qui
1639 2582 1964 2655 ὁμοιούσιον

314 2672 374 2721 et
406 2665 701 2736 operi-5mm:
736 2684 840 2738 pro
872 2685 990 2723 uno
1026 2668 1268 2737 habuit;
1302 2676 1359 2726 et
1390 2671 1673 2727 Basilium
1708 2676 1963 2744 Ancyra-

312 2772 480 2818 num,
518 2757 892 2811 Eustathium
925 2757 1313 2814 Sebastenum
1346 2760 1614 2831 aliosque
1645 2760 1965 2831 ὁμοιουσίου

308 2844 658 2900 defensores
684 2845 907 2917 ubique
936 2863 1043 2918 pro
1075 2846 1358 2920 ὁμοουσίῳ
1389 2849 1762 2907 decertantes
1791 2852 1967 2909 indu—

308 2934 412 2988 cit.
442 2933 569 2988 Vid.
597 2934 701 2988 lib.
755 2952 845 2993 ιιι.
879 2953 935 2990 n.
975 2938 1063 3001 t6;
1096 2936 1197 2991 lib.
1234 2954 1308 3005 1v,
1341 2954 1401 2993 η’
1435 2941 1489 3007 9,
1531 2942 1610 3007 lO,
1650 2942 1730 2997 12.
1765 2943 1965 3013 Neque

307 3040 486 3093 porro
509 3025 756 3079 omnino
779 3023 1162 3081 fallebantur:
1196 3043 1331 3082 nam
1367 3029 1709 3093 Athanasio.
1744 3031 1965 3086 Hilario

305 3119 366 3166 et
396 3112 963 3183 Basiliojudicibus,
997 3122 1153 3170 recte
1186 3116 1492 3173 intellecta
1523 3119 1869 3175 substantias
1891 3121 1965 3175 si-

2080 1865 2310 1935 positus
2340 1867 2532 1937 majus
2584 1865 2904 1921 concilium
2955 1868 3322 1938 appellaret;
3367 1871 3429 1925 in
3475 1875 3727 1931 concilio

2082 1953 2443 2010 Seleuciensi
2476 1971 2722 2010 securus
2753 1954 3015 2010 etfidens
3046 1958 3399 2027 provocabat
3428 1962 3730 2033 Acacium,

2079 2044 2179 2115 qui
2204 2043 2501 2115 judicium
2533 2060 2706 2098 suum
2763 2044 2956 2099 noluit
2998 2044 3070 2100 ad
3131 2047 3368 2101 concilii
3410 2067 3724 2109 censuram

2077 2133 2333 2188 revocari
2363 2150 2376 2199 ;
2401 2134 2566 2204 justa
2607 2133 2860 2188 concilio
2891 2134 3014 2189 visa
3062 2140 3152 2189 est
3182 2136 3384 2206 Cyrilli
3415 2155 3613 2209 causa,
3647 2145 3727 2198 ei-

2078 2240 2191 2295 que
2225 2223 2552 2279 honoriﬁce
2584 2223 2943 2296 adjudicata.
2973 2224 3233 2279 Tandem
3258 2227 3590 2297 Cyrillianas
3622 2232 3726 2287 de-

2074 2312 2389 2383 positionis
2417 2329 2655 2368 causam
2686 2314 2858 2368 affert
2887 2313 3242 2369 Sozomenus
3264 2314 3366 2371 lib.
3401 2333 3476 2385 iV,
3507 2335 3614 2391 cap
3632 2324 3724 2391 25,

2077 2399 2295 2471 Cyrillo
2330 2400 2517 2472 magis
2549 2401 2939 2456 honoriﬁcam
2971 2418 3150 2472 quam
3198 2404 3721 2475 reformidandam,

2078 2504 2293 2560 nempe
2322 2489 2600 2544 Ecclesim
2633 2490 2880 2561 pallium
2908 2491 2968 2545 in
3001 2498 3259 2564 egestate
3290 2493 3528 2564 publica
3566 2513 3725 2552 mer-

2077 2578 2261 2632 catori
2295 2579 2596 2634 venditum
2630 2596 2664 2634 a
2703 2579 2941 2650 Cyrillo,
2992 2586 3050 2634 et
3098 2580 3333 2636 mulieri
3388 2584 3639 2640 seenicm
3687 2604 3723 2642 a

2076 2674 2445 2733 mercatore;
2478 2667 2551 2721 de
2582 2683 2699 2739 quo
2731 2671 3004 2740 sequenti
3037 2669 3228 2741 capite
3258 2670 3545 2728 dicemus.
3591 2676 3717 2731 Non

2078 2754 2257 2828 igitur
2274 2757 2650 2812 accusatione
2675 2764 2834 2812 metu
2849 2758 3146 2829 judicium
3168 2758 3428 2830 fugiebat
3443 2762 3718 2835 Cyrillus,

2078 2846 2180 2900 sed
2211 2852 2314 2901 aut
2342 2847 2457 2901 vim
2491 2853 2549 2901 et
2573 2846 2810 2901 fraudes
2836 2848 3274 2917 nequissimiac
3304 2851 3721 2908 vaferrimiho-

2075 2935 2254 2990 minis
2278 2935 2714 3001 verebatur,aut
2739 2934 2799 2989 id
2822 2936 2978 3007 quod
3001 2953 3106 3009 ego
3126 2938 3502 2994 verisimilius
3518 2942 3717 3013 credo,

2075 3024 2414 3080 absolutum
2447 3041 2508 3080 se
2552 3041 2621 3080 ac
2661 3024 2913 3079 liberum
2961 3024 3032 3080 ab
3077 3027 3273 3081 Acacii
3298 3028 3718 3098 jurisdietione

2075 3112 2458 3185 pertendens,
2500 3112 2809 3183 apostolici
2864 3112 3061 3167 throni
3120 3114 3360 3183 praesul,
3421 3116 3719 3174 inferioris

306 3202 613 3269 militudo,
663 3203 902 3274 qualem
952 3206 1206 3276 Cyrillus
1253 3207 1381 3263 sine
1413 3208 1593 3264 dubio
1625 3227 1958 3283 propugna.
1995 3188 2038 3255 C
2071 3202 2298 3273 judicio
2331 3218 2392 3258 se
2423 3201 2634 3256 sistere
2673 3200 3006 3268 recusabat,
3060 3207 3170 3274 aut
3196 3203 3438 3259 tandem
3470 3205 3696 3262 inimici

304 3290 432 3359 bat,
462 3291 625 3346 idem
658 3297 749 3347 est
779 3293 1025 3348 omnino
1057 3312 1191 3349 cum
1224 3297 1741 3354 consubstantiali.

382 3383 470 3434 37.
504 3382 587 3435 Ex
609 3381 702 3436 his
726 3381 963 3437 abunde
985 3389 1051 3437 ut
1068 3389 1209 3455 puto
1233 3385 1551 3459 colligitur,
1577 3389 1854 3444 Acacium
1879 3389 1970 3444 ni-

311 3468 401 3523 hil
433 3469 679 3540 Cyrillo,
723 3471 839 3525 nisi
870 3471 1167 3527 Nieaenam
1218 3473 1399 3529 fidem
1432 3475 1740 3547 objecisse.
1776 3478 1889 3533 Sed
1920 3479 1967 3533 si

314 3558 592 3624 Aeacius,
627 3574 835 3613 earum
857 3560 1067 3615 saltem
1082 3563 1854 3637 accussationemtempore,
1888 3568 1970 3622 si-

317 3647 727 3702 militudinem
746 3648 937 3718 quoad
953 3650 1428 3722 umniaetquoad
1447 3653 1841 3710 substantiam
1873 3673 1967 3712 se.

312 3737 1218 3809 quebatur,quidaliudCyrillus
1236 3739 1298 3794 in
1317 3743 1528 3796 Acacio
1542 3743 1971 3801 criminabatur

307 3824 424 3878 nisi
451 3841 521 3878 ex
548 3824 644 3878 his
666 3824 897 3881 duobus
929 3826 1180 3882 alterum
1212 3827 1240 3882 ‘I
1268 3834 1372 3884 aut
1399 3829 1862 3889 insufﬁcientem
1894 3833 1967 3889 ad

307 3913 554 3984 plenam
588 3920 649 3967 et
677 3914 967 3983 integram
1001 3917 1307 3974 catholicas
1340 3918 1625 3975 doctrinas
1658 3923 1969 3994 professio-

306 4018 472 4061 nem,
510 4002 975 4058 similitudinem
1011 4004 1357 4061 sibstantize
1390 4009 1784 4078 pertendebat
1813 4028 1964 4080 esse;

303 4098 425 4153 aut,
462 4092 751 4161 quoniam
785 4109 918 4147 cum
936 4094 1116 4163 hujus
1141 4097 1450 4152 sententia)
1482 4098 1894 4157 defensoribus
1909 4108 1968 4158 et

302 4181 574 4235 amicitia
595 4187 655 4235 et
683 4184 1108 4239 communione
1130 4185 1482 4255 conjunctus
1505 4194 1653 4256 erat,
1685 4191 1965 4247 Acacium

302 4269 629 4325 accusabat
677 4270 835 4341 quod
868 4287 996 4327 eam
1030 4273 1470 4330 confessionem
1502 4276 1638 4333 dolo
1672 4284 1729 4333 et
1758 4279 1964 4337 fraude

301 4361 1065 4432 eorrumperet.pravisque
1090 4362 1636 4434 interpretamentis
1654 4367 1963 4440 alegitimo

302 4463 486 4503 sensu
523 4446 890 4503 deflecteret.
928 4450 1226 4506 Utrumvis
1275 4468 1546 4523 sequare,
1579 4457 1961 4528 perspicuum

2079 3297 2139 3346 et
2165 3308 2200 3346 a
2231 3306 2293 3346 se
2324 3290 2584 3347 accusati
2616 3290 2878 3345 hominis
2921 3290 3217 3362 judicium
3269 3292 3467 3349 subire
3499 3311 3718 3352 secun-

2076 3380 2218 3436 dum
2250 3380 2409 3454 leges
2434 3378 2822 3434 detrectabat.

2146 3471 2233 3525 39.
2259 3472 2371 3525 Per
2391 3469 2542 3524 illud
2570 3467 2878 3523 biennium
2911 3467 3131 3524 factum
3160 3475 3321 3541 puto,
3355 3473 3510 3543 quod
3535 3475 3692 3546 Cyril

2071 3559 2168 3614 lus
2199 3558 2554 3614 Melitinensi
2585 3557 2819 3613 cuidam
2851 3557 2915 3612 in
2944 3559 3227 3615 Armenia
3253 3562 3504 3617 concilio
3536 3563 3722 3619 inter-

2071 3647 2257 3703 fuisse
2280 3654 2578 3710 narratur,
2630 3645 2789 3717 apud
2818 3647 3020 3702 Sozom
3077 3647 3180 3704 lib.
3215 3664 3290 3717 IV,
3325 3666 3450 3722 cap.
3486 3653 3573 3706 25.
3608 3653 3721 3708 Ob-

2074 3752 2248 3792 scura
2276 3753 2519 3808 prorsus
2550 3736 2728 3806 hujus
2754 3736 2993 3791 concilii
3027 3737 3316 3792 memoria
3341 3755 3354 3806 ;
3380 3746 3518 3794 ante
3542 3740 3691 3813 depo

2074 3826 2351 3882 sitionem
2382 3824 2583 3896 Cyrilli
2616 3841 2690 3880 an
2745 3827 2871 3891 357,
2920 3825 3137 3880 factam
3169 3826 3535 3883 celebratum
3568 3846 3722 3895 esse,

2074 3914 2839 3982 significantAnommorum
2862 3912 2921 3967 in
2944 3913 3196 3967 concilio
3225 3914 3720 3988 Constantinopo-

2071 4002 2258 4058 litano
2291 4019 2389 4058 an.
2424 4003 2546 4061 360.
2582 4000 2876 4071 querelae;
2921 4001 2982 4055 in
3028 4001 3243 4072 quibus
3275 4004 3510 4057 concilii
3546 4005 3724 4077 hujus

2072 4101 2392 4164 antequam
2426 4089 2818 4146 abdicationis
2850 4089 3056 4161 ipsius.
3084 4091 3451 4147 mentionem
3476 4093 3723 4150 faciunt.

2071 4184 2213 4238 Cum
2241 4179 2711 4250 inimicitimjam
2738 4179 2893 4233 inter
2917 4179 3163 4234 Arianos
3186 4185 3245 4234 et
3267 4182 3414 4235 semi
3454 4183 3728 4251 Arianos,

2071 4278 2175 4329 aut
2203 4272 2413 4327 saltem
2446 4269 2678 4325 divortii
2710 4268 2942 4324 semina
2971 4269 3150 4340 hujus
3183 4276 3448 4341 tempore
3481 4273 3726 4328 concilii

2073 4360 2368 4418 exstitisse
2400 4359 2730 4421 videantur.
2765 4356 2916 4412 illud
2953 4364 3089 4413 ante
3123 4374 3351 4413 annum
3383 4362 3510 4422 357.
3543 4361 3728 4417 collo-

2070 4449 2328 4507 candum
2357 4464 2478 4503 non
2515 4462 2849 4502 censemus.
2887 4446 3135 4500 Arianos
3168 4447 3230 4501 in
3263 4462 3330 4501 eo
3362 4446 3723 4531 dominatos,

304 4543 395 4592 est
428 4536 741 4591 catholicae
767 4537 971 4608 Cyrilli
1004 4539 1290 4595 doctrinm
1317 4549 1757 4613 argumentum.
1795 4547 1960 4611 Quod
1994 4546 2040 4611 D
2069 4542 2321 4613 ejusque
2353 4539 2591 4593 decreta
2621 4552 2654 4590 a
2683 4535 2849 4590 semi
2869 4534 3107 4590 Arianis
3140 4542 3339 4606 spreta
3365 4543 3423 4591 et
3463 4538 3733 4610 neglecta

302 4627 373 4689 si,
404 4633 472 4681 ut
503 4626 628 4681 vult
656 4630 1037 4696 Sozomenus,
1074 4629 1353 4702 quodque
1384 4648 1493 4687 nos
1532 4649 1668 4688 cum
1716 4635 1960 4693 illorum

300 4720 642 4786 temporum
671 4715 921 4771 historia
942 4733 1094 4790 aegre
1126 4718 1433 4774 conciliari
1457 4721 1959 4793 probavimus,si-

298 4802 714 4859 militudinem
747 4803 1097 4860 substantiae
1114 4822 1373 4877 sequens
1394 4808 1648 4880 Cyrillus
1671 4829 1885 4883 purum
1901 4814 1963 4869 in

300 4893 515 4946 Acacio
552 4893 1037 4964 reprehendebat
1072 4895 1480 4952 Arianismum
1514 4916 1527 4960 ;
1561 4899 1821 4970 primum
1854 4902 1965 4959 hoc

304 4981 530 5051 Cyrillo
554 4983 922 5054 praecipuum
937 4982 1118 5039 decus
1147 4984 1305 5055 quod
1328 4985 1554 5056 primus
1573 4988 1632 5042 in
1649 4992 1962 5047 Anomaeos

304 5069 571 5141 gladium
629 5073 939 5126 strinxerit
971 5089 985 5139 ;
1043 5072 1257 5128 deinde
1304 5090 1439 5129 cum
1471 5083 1696 5132 certum
1733 5096 1801 5134 ex
1833 5080 1962 5151 ejus

306 5161 550 5230 scriptis
572 5161 651 5215 sit
672 5178 809 5216 eum
823 5162 1113 5217 catholice
1144 5179 1384 5234 prorsus
1403 5171 1461 5219 et
1481 5166 1961 5234 orthodoxe,tum

298 5248 370 5304 de
396 5251 551 5317 Filii,
582 5269 719 5307 cum
745 5253 816 5308 de
840 5252 1092 5323 Spiritus
1125 5255 1315 5308 sancti
1337 5255 1643 5312 divinitate
1678 5259 1959 5329 sensisse;

294 5340 617 5396 Anomaaos
651 5342 723 5396 ab
756 5343 907 5413 ipso.
935 5358 1054 5396 non
1075 5341 1405 5413 dimidiata,
1444 5350 1511 5399 ut
1540 5345 1782 5416 quidam
1810 5348 1961 5404 forte

294 5429 441 5483 semi
468 5430 677 5484 Ariani
709 5437 770 5485 et
801 5429 1210 5486 Macedoniani
1244 5430 1535 5500 fecerunt,
1571 5434 1677 5489 sed
1708 5436 1886 5507 plena
1907 5444 1965 5494 et

294 5517 528 5592 integra
574 5519 888 5576 catholicae
950 5518 1088 5575 ﬁdei
1144 5519 1519 5591 defensione,
1582 5522 1962 5599 impugnatos

293 5607 596 5668 dicemus.

2071 4634 2322 4694 constat,
2357 4643 2423 4681 ex
2462 4628 2875 4680 Anomasorum
2907 4624 2969 4678 in
3000 4623 3253 4679 concilio
3303 4626 3725 4683 Constantino-

2072 4720 2341 4794 politano
2374 4716 2536 4772 illius
2586 4715 2826 4770 concilii
2885 4714 3151 4770 vindices
3182 4721 3358 4787 atque
3405 4717 3629 4774 ultores
3662 4734 3724 4774 se

2073 4806 2480 4883 profitentium
2504 4805 2575 4860 de
2608 4803 3026 4859 semi-Arianis
3057 4810 3300 4874 propter
3324 4822 3450 4861 eam
3477 4824 3603 4861 rem
3631 4822 3728 4862 ex-

2075 4894 2577 4970 postulationibus
2598 4893 2755 4964 apud
2799 4891 3023 4947 Sozom.
3070 4890 3171 4945 lib.
3198 4908 3275 4960 IV,
3304 4910 3431 4965 cap.
3456 4897 3524 4948 24
3548 4900 3605 4949 et
3631 4895 3721 4950 25.

2072 4990 2138 5044 In
2162 5004 2229 5043 eo
2243 4986 2547 5058 depositus
2559 4982 2672 5037 fuit
2685 4981 3023 5037 Eustathius
3036 4980 3414 5045 Sebastenus,
3436 5000 3505 5038 ex
3520 4984 3724 5039 Basilii

2074 5082 2244 5154 epist.
2260 5080 2348 5137 74,
2375 5077 2552 5148 quise
2576 5075 2970 5129 nihilominus
2994 5079 3059 5127 ut
3080 5073 3730 5145 episeopumhabuit.et

2074 5170 2223 5227 semi
2264 5168 2612 5223 Arianorum
2649 5164 2921 5219 conciliis
2951 5169 3159 5234 postea
3199 5162 3490 5232 interfuit,
3523 5182 3726 5221 eorum

2076 5255 2471 5331 legationibus
2501 5252 2575 5308 ad
2615 5254 3036 5324 imperatorem
3086 5250 3435 5307 honestatus
3469 5270 3483 5308 :
3519 5254 3728 5309 Meliti-

2073 5347 2397 5416 nensisque
2455 5342 2692 5398 concilii
2751 5342 2991 5398 decreta
3047 5338 3335 5412 abrogare
3372 5347 3432 5396 et
3461 5348 3728 5397 evertere

2075 5437 2329 5496 studeat:
2353 5450 2446 5505 ap.
2500 5432 2723 5487 Sozom.
2776 5431 2880 5486 lib.
2931 5447 3001 5492 IV,
3027 5444 3155 5498 cap.
3210 5430 3593 5501 24.Elpidius
3628 5430 3729 5485 Sac

2073 5529 2330 5585 talorum
2356 5522 2689 5595 episcopus.
2708 5523 2808 5593 qui
2830 5516 3084 5577 concilio
3106 5517 3448 5573 interfuisse
3472 5518 3724 5594 videtur,

2072 5615 2395 5680 Eusebium
2425 5610 2746 5684 quemdam
2784 5603 3124 5684 presbiterii
3185 5605 3371 5677 gradu
3403 5606 3725 5678 dejectum,
