4090 6268
352 299 430 358 6'1

1631 287 1735 348 DE
1774 284 1964 348 VITA
2005 288 2072 350 Ι.
2117 287 2454 354 CYHlLLI.

359 438 567 489 contra
592 433 641 504 ej
653 449 720 487 us
750 430 987 488 concilii
1013 433 1252 495 statuta,
1276 426 1555 483 restituit.
1590 421 1877 496 Cyrillum
1906 439 1999 479 γε·
2034 427 2088 492 Α
2116 429 2350 487 bratum
2383 447 2513 488 esse
2541 431 2795 504 probare
2822 431 3055 488 videtur
3074 429 3233 502 quod
3253 429 3337 487 ait
3354 427 3762 487 Theodoretus

356 522 605 578 risimile
630 521 903 594 esthujus
943 518 1181 576 concilii
1213 517 1467 573 decretis
1500 514 1911 571 intercessisse
1943 516 2001 568 et

358 613 704 684 opposuisse
729 629 789 667 se
817 629 830 677 ;
865 610 1075 666 saltem
1106 625 1174 665 ea
1201 609 1262 662 in
1289 606 1542 663 concilio
1574 604 1996 660 Constantino-

354 702 615 773 politano
644 702 773 773 ejus
801 699 1113 755 abdicandi
1173 715 1352 752 causa
1404 695 1476 752 ab
1534 695 1832 750 Anomaais
1852 693 1995 748 alle-

349 797 483 864 gata
513 796 618 852 est.
651 790 809 862 quod
850 807 983 845 cum
1018 788 1322 844 Eustathio
1381 793 1440 842 et
1468 784 1698 857 Elpidio
1729 799 1994 839 commu-

344 881 623 946 nicasset,
678 880 778 952 qui
813 878 1200 935 Melitinensis
1234 876 1464 949 synodi,
1516 874 1611 929 cui
1662 874 1788 945 ipse
1821 873 1996 928 inter-

341 968 553 1038 fuerat,
615 969 850 1025 decreta
903 969 1185 1040 abrogare
1266 965 1636 1021 studuerant.
1697 965 1823 1019 Non
1881 962 1993 1034 ipsi

341 1059 602 1130 propria,
637 1059 741 1114 sed
772 1075 908 1113 cum
940 1057 1074 1113 aliis
1108 1057 1313 1111 multis
1345 1053 1682 1110 communis
1742 1068 1811 1107 ea
1859 1068 1994 1107 cum

343 1148 652 1203 Eustathio
712 1154 770 1203 et
825 1148 1057 1220 Elpidio
1117 1145 1478 1202 communio.
1537 1144 1781 1215 Oportet
1816 1141 1996 1214 igitur

340 1237 536 1307 ipsum
572 1237 861 1293 Eustathii
881 1243 938 1292 et
959 1236 1174 1309 Elpidii
1190 1234 1449 1306 querelis
1468 1250 1606 1289 suas
1623 1230 1991 1303 adjunxisse,

345 1342 671 1398 eorumque
701 1327 985 1382 adversus
1043 1325 1362 1381 concilium
1403 1312 1552 1377 illud
1581 1320 1992 1377 molitionibus

336 1413 761 1487 favisse.quue
777 1414 852 1471 ad
876 1413 1396 1484 [XXXIV-XXXIX]
1413 1412 1648 1467 laudem
1669 1409 1871 1482 Cyrilli
1895 1425 1989 1466 ce-

350 1504 623 1575 dit,quod
654 1504 1026 1576 displicuerit
1053 1504 1164 1576 ipsi
1198 1502 1540 1567 concilium,
1575 1502 1991 1556 Anomazorum

347 1593 625 1649 laudibus
655 1599 714 1649 et
743 1594 1071 1666 patrocinio
1103 1590 1693 1648 intame.Eustatbius
1723 1605 1899 1660 porro
1934 1592 1992 1643 et

334 1682 602 1753 Elpidius
646 1682 738 1737 his
795 1682 1160 1755 temporibus
1219 1679 1601 1736 similitudini
1636 1677 1986 1733 substantia;

337 1770 578 1841 addicti,
640 1772 921 1827 adversus
952 1773 1263 1826 Anomaeos
1293 1768 1517 1824 fervide
1548 1766 1937 1823 decertabant
1972 1781 1985 1819 :
2019 1798 2066 1862 B

338 1864 396 1913 et
426 1864 676 1931 uterque
706 1867 912 1932 postea
941 1861 1241 1915 Nicaenam
1292 1858 1474 1913 ﬁdem
1506 1857 1817 1928 amplexus
1876 1858 1986 1910 est.

333 1948 600 2020 Elpidius
632 1949 833 2004 Basilii
862 1949 1148 2004 encomiis
1179 1948 1515 2004 celebratur
1551 1946 1723 2017 epist.
1755 1947 1986 2017 72pag.

336 2037 458 2093 “8.
494 2036 616 2093 Vid.
651 2053 742 2109 ep.
776 2040 878 2091 215
920 2044 978 2092 et
1007 2039 1128 2092 322.

951 2145 1184 2199 CAPUT
1240 2144 1358 2196 VII.

352 2253 588 2322 Cyrillus
637 2254 705 2308 ab
760 2255 965 2308 Acacio
1008 2254 1328 2321 deponitur,
1387 2250 1634 2321 appellat
1690 2250 1769 2323 ad,
1808 2252 1989 2323 majus

442 2322 759 2393 concilium,
789 2341 843 2380 se
872 2324 948 2379 ad
988 2324 1291 2394 Sylvanum
1322 2324 1633 2379 Sarsensem
1662 2322 1880 2392 recipit.

404 2442 492 2494 40.
550 2440 820 2506 Aeacius,
878 2439 1099 2494 frustra
1155 2440 1332 2494 citato
1408 2438 1482 2495 ad
1528 2438 1824 2510 judicium
1882 2454 1989 2509 per

335 2528 642 2584 biennium
671 2529 1020 2585 continuum
1039 2529 1276 2600 Cyrillo,
1304 2529 1474 2584 illum
1503 2527 1986 2600 praeveniendum

338 2617 679 2683 arbitratus,
712 2635 827 2672 una
870 2634 995 2672 cum
1053 2617 1322 2687 episcopis
1371 2620 1674 2687 provincia
1712 2619 1811 2686 qui
1845 2616 1988 2672 idem

355 2721 476 2760 cum
505 2707 626 2775 ipso
646 2707 971 2774 sentiebant,
1034 2707 1306 2775 deposuit.
1370 2706 1457 2760 Ita
1506 2706 1864 2761 Sozomenus
1903 2704 1986 2759 lib

341 2811 416 2860 1v,
449 2811 575 2866 cap.
612 2797 703 2849 25.
756 2795 923 2850 Adde
982 2811 1051 2849 ex
1082 2794 1451 2850 Theodoreto
1477 2794 1581 2849 lib.
1621 2812 1681 2857 n,
1710 2810 1837 2865 cap.
1871 2796 1940 2848 26
1973 2811 1987 2860 ;

328 2888 387 2938 et
417 2883 840 2955 Hierosolymis
884 2884 1130 2956 expulit.
1164 2884 1246 2938 Ea
1273 2883 1575 2938 Sozomeni
1606 2882 1804 2949 verba,
1835 2899 1984 2953 prm-

324 2975 544 3027 veniens
574 2974 849 3043 deposuit,
884 2972 1067 3048 φθάνει
1115 2969 1379 3031 καθελών.
1411 2972 1748 3044 significare
1780 2972 1988 3027 viden-

326 3061 756 3130 tur,Acacium,
789 3079 924 3117 cum
978 3062 1211 3117 timeret
1236 3077 1311 3116 ne
1341 3060 1594 3134 Cyrillus
1626 3078 1689 3117 se
1720 3061 1976 3133 adjudi-

2111 519 2214 575 lib.
2250 537 2313 589 ιι,
2347 537 2474 594 cap.
2507 524 2599 587 26,
2637 538 2758 578 non
2808 521 3145 593 depositum
3192 519 3266 577 ab
3315 519 3530 576 Acacio
3561 519 3758 575 solum

2111 610 2398 683 Cyrillum
2458 612 2662 681 fuisse,
2698 612 2802 668 sed
2850 619 2908 667 et
2939 610 3362 682 Hierosolymis
3419 609 3753 682 expulsum.

2112 702 2236 756 Non
2261 702 2417 756 enim
2452 702 2581 757 sine
2604 702 2659 756 vi
2683 701 2939 773 quadam
2964 707 3021 757 et
3040 702 3264 773 impetu
3296 700 3610 772 praesentis
3640 702 3759 755 Aca

2111 791 2183 845 cii
2210 790 2312 845 illa
2338 791 2536 864 peragi
2560 791 2823 863 potuisse
2850 790 3084 845 videtur
3105 789 3390 862 expulsio.
3426 788 3755 844 Concilium

2111 879 2219 935 sub
2244 880 2424 935 finem
2445 897 2538 935 an.
2565 881 2691 946 357,
2712 880 2804 935 vel
2853 880 3088 935 initium
3112 881 3236 942 358,
3287 883 3554 935 coactum
3580 883 3722 949 puta
3740 907 3754 918 -

2108 985 2264 1032 mus,
2296 968 2621 1025 circaidem
2640 976 2874 1041 tempus
2904 986 3020 1040 quo
3046 969 3323 1023 Leontius
3345 968 3754 1023 Antiochenus

2107 1057 2382 1113 decessit.
2417 1061 2625 1114 Narrat
2655 1059 2810 1113 enim
2844 1058 3247 1113 Theodoretus
3278 1057 3381 1111 lib.
3418 1073 3473 1115 ιι.
3497 1073 3623 1127 cap.
3662 1059 3752 1123 26,

2106 1147 2391 1219 Cyrillum
2424 1148 2624 1203 statim
2680 1147 2753 1202 ab
2786 1163 2893 1202 sua
2949 1146 3326 1216 abdicatione
3375 1144 3750 1200 Antiochiam

2105 1236 2504 1303 contendisse,
2540 1252 2790 1308 eamque
2819 1242 3055 1307 pastore
3103 1235 3369 1290 orbatam
3403 1233 3748 1301 offendisse,

2104 1325 2369 1398 ποιμένος
2399 1325 2565 1394 αὐτὴν
2596 1321 2961 1401 ἐστερημένην
2994 1324 3402 1400 εὐρών..Αιᾳι]ἰ
3427 1324 3752 1380 Leontinus

2103 1417 2344 1471 nonnisi
2369 1416 2477 1471 sub
2520 1417 2698 1471 finem
2758 1432 2855 1472 an.
2903 1418 3031 1482 357,
3087 1415 3177 1469 vel
3236 1415 3415 1469 etiam
3471 1414 3613 1470 anni
3644 1413 3752 1468 358

2104 1504 2273 1561 initia
2303 1511 2572 1561 mortuus
2604 1511 2694 1560 est
2726 1522 2740 1559 :
2773 1505 2875 1578 qui
2905 1505 2978 1561 ab
3012 1504 3332 1560 Athanasio
3386 1503 3553 1575 quasi
3586 1503 3751 1558 vivus

2105 1600 2449 1649 recensetur
2500 1594 2562 1648 in
2592 1593 2801 1649 Histor.
2856 1596 3056 1648 Arian.
3099 1593 3241 1664 [XL]
3274 1592 3348 1647 ad
3375 1592 3653 1657 monach.,
3684 1609 3745 1647 n.

2100 1686 2135 1738 4
2163 1701 2176 1749 ;
2211 1700 2327 1754 quo
2360 1684 2421 1737 in
2450 1699 2627 1754 opere
2650 1683 2864 1738 Liberii
2892 1688 2950 1737 et
2985 1682 3138 1737 Vosii
3170 1681 3403 1754 lapsum
3446 1682 3746 1754 hujusque

2100 1779 2351 1828 mortem
2412 1778 2472 1828 et
2529 1773 2591 1826 in
2643 1776 2834 1826 morte
2891 1772 3378 1827 retractationem
3433 1776 3747 1840 memorat,

2096 1876 2263 1916 num.
2320 1864 2381 1915 41
2422 1866 2479 1917 et
2507 1862 2596 1927 45,
2659 1878 2790 1932 quae
2851 1860 3091 1932 quidem
3149 1860 3223 1916 ad
3281 1876 3584 1916 summum
3638 1859 3748 1916 sub

2098 1956 2361 2006 extrema
2390 1965 2487 2005 an.
2524 1951 2626 2003 357
2658 1950 2978 2023 contigere.

2166 2079 2254 2131 41.
2289 2076 2508 2132 Cousas
2558 2075 2948 2148 depositionis
2979 2075 3181 2147 Cyrilli
3231 2075 3303 2130 ab
3333 2075 3546 2131 .\cacio
3579 2092 3742 2133 sum-

2096 2170 2227 2235 ptas
2258 2164 2661 2220 Theodoretus
2691 2163 2795 2220 lib.
2830 2181 2888 2232 ιι,
2921 2181 3050 2236 cap.
3081 2166 3170 2231 26,
3206 2164 3500 2221 levissimas
3539 2165 3746 2237 appel-

2095 2254 2196 2309 lat.
2233 2254 2500 2310 Socrates
2531 2254 2635 2317 lib,
2667 2271 2729 2320 ιι,
2765 2271 2890 2326 cap.
2926 2256 3015 2320 40,
3051 2254 3386 2325 depositum
3418 2255 3740 2325 dicit,pro-

2086 2351 2283 2414 pterea
2315 2344 2464 2414 quod
2509 2346 2705 2414 saepius
2762 2346 2821 2398 in
2869 2343 3149 2413 judicium
3204 2351 3426 2399 vocatus
3475 2361 3578 2414 per
3606 2345 3743 2400 duos

2093 2435 2383 2488 continuos
2412 2449 2585 2488 annos
2615 2448 2929 2503 comparere
2956 2433 3325 2500 detrectasset,
3371 2437 3742 2489 accusationes

2088 2522 2477 2593 reformidans.
2554 2522 2775 2587 Quibus
2833 2521 3031 2577 verbis
3094 2521 3322 2576 videtur
3406 2522 3742 2595 significare

2091 2612 2371 2667 Acacium
2431 2612 2542 2666 hoc
2598 2610 2815 2683 Cyrillo
2905 2610 3131 2665 crimen
3196 2610 3523 2666 intendisse
3580 2610 3739 2682 quod

2089 2717 2264 2756 suum
2297 2700 2558 2755 tribunal
2589 2716 2710 2755 non
2753 2706 3129 2773 agnosceret;
3163 2699 3253 2754 vel
3285 2700 3500 2771 potius,
3532 2700 3733 2771 Cyrilli

2087 2790 2420 2845 absentiam
2442 2789 2708 2861 etfugam
2723 2789 2959 2859 judicii,
2986 2789 3155 2860 quasi
3180 2790 3418 2844 tacitam
3433 2789 3747 2861 impositos

2086 2895 2219 2933 rum
2251 2878 2571 2933 criminum
2600 2877 3039 2933 confessionem
3072 2882 3132 2934 et
3175 2877 3539 2950 agnitionem
3572 2894 3732 2933 sum-

2085 2968 2298 3038 psisse,
2354 2966 2878 3038 atqueaconcilio
2936 2982 3040 3021 suo
3095 2967 3410 3038 approbari
3470 2983 3730 3035 curasse,

2084 3057 2388 3128 nullisque
2411 3062 2697 3129 praeterea
2718 3055 3070 3126 conquisitis
3100 3056 3464 3128 argumentis
3493 3056 3732 3111 inaudi-

329 3150 1105 3222 ciumappellaret,atquein
1127 3150 1382 3205 concilio
1413 3156 1727 3222 pr0pterea
1750 3150 1822 3204 de
1841 3150 1974 3221 qui-
2004 3161 2046 3227 ρ
2085 3153 2210 3202 tum
2240 3147 2557 3203 damnasse
2611 3146 2942 3202 inimicum.
2997 3146 3209 3217 Iniqua
3257 3163 3397 3201 sane
3430 3147 3728 3202 sententia

329 3237 439 3293 bus
470 3239 787 3294 accusabat
807 3239 1383 3306 Acacium,damnari
1417 3239 1973 3311 procuraret,Cyril-

320 3326 443 3381 lum
462 3328 657 3399 ipsum
673 3327 799 3382 sine
811 3344 981 3382 mora
1006 3327 1353 3399 episcopatu
1367 3326 1983 3398 dejiciendum,seque

316 3417 379 3471 in
403 3421 527 3471 tuto
560 3416 1383 3487 collocandumjudicavisse.
1419 3416 1747 3472 Concilium
1780 3416 1981 3487 itaque

314 3521 383 3559 ex
407 3505 702 3577 episcopis
728 3523 850 3561 sum
872 3506 1182 3561 sententia:
1208 3505 1461 3577 sibique
1492 3505 1744 3561 addictis
1764 3507 1957 3579 coegit

322 3610 710 3649 numerosum
730 3593 880 3649 illud
902 3611 1020 3649 non
1042 3594 1223 3649 fuisse
1277 3593 1417 3648 inde
1468 3593 1785 3665 colligitur,
1821 3592 1980 3664 quod

316 3683 1023 3755 numerosiusappellarit
1042 3683 1296 3755 Cyrillus
1328 3684 1391 3737 in
1422 3700 1493 3737 eo
1520 3683 1658 3738 sede
1683 3682 1970 3753 dejectus,

313 3771 554 3843 alioqui,
581 3789 715 3828 cum
748 3780 878 3828 octo
902 3778 1037 3829 ante
1068 3790 1260 3829 annos
1292 3772 1636 3843 quindecim
1658 3772 1721 3826 in
1744 3771 1961 3827 Palaes-

313 3861 440 3915 tina
471 3862 731 3933 episcopi
763 3869 964 3918 essent
1013 3862 1430 3917 Athanasianaa
1468 3878 1663 3916 causa)
1714 3860 1965 3934 addicti,

310 3954 445 4003 utut
475 3951 715 4021 quidam
748 3951 865 4007 fato
900 3951 1248 4019 sublati,alii
1272 3950 1344 4005 ab
1365 3951 1576 4006 Acacio
1599 3951 1661 4005 in
1685 3966 1822 4005 suas
1842 3967 1969 4021 par.

305 4044 393 4093 tes
424 4038 605 4094 illecti
634 4040 1405 4112 supponantur,nonnullos
1428 4046 1627 4094 tamen
1660 4039 1878 4111 Cyrillo
1903 4045 1964 4094 et

308 4127 445 4183 fidei
476 4128 829 4185 favorabiles
888 4131 1248 4201 superfuisse
1282 4128 1566 4183 credibile
1612 4133 1705 4182 est
1736 4144 1748 4181 :
1781 4144 1963 4198 quare

314 4217 519 4273 cmteri
558 4219 619 4274 in
652 4224 968 4291 angustum
1027 4233 1346 4272 numerum
1382 4216 1671 4272 contracti
1697 4222 1962 4273 manent.

314 4306 381 4361 ln
412 4307 506 4362 his
539 4326 857 4364 numerare
879 4324 1198 4380 possumus
1220 4306 1626 4377 PatrOphilum
1641 4306 1959 4379 Scythopo-

310 4395 585 4464 litanum,
618 4415 687 4453 ex
720 4399 1075 4453 Arianorum
1099 4395 1374 4468 pessimis
1391 4396 1956 4467 unum;Eutychium

2084 3237 2281 3291 Acacii
2304 3242 2430 3291 erat
2478 3236 2525 3291 si
2546 3236 2840 3307 pendente
2862 3235 3144 3308 Cyrillum
3164 3236 3322 3290 inter
3350 3236 3618 3307 etipsum
3650 3235 3725 3291 de

2081 3323 2779 3396 metropoliticisjuribus
2794 3324 2936 3379 etde
2962 3323 3075 3379 fide
3097 3325 3575 3380 accusationibus
3595 3325 3725 3392 lite,

2081 3415 2207 3486 ipse
2223 3414 2467 3486 judiciis
2490 3415 2551 3468 in
2573 3414 2814 3485 propria
2835 3430 3013 3469 causa
3033 3414 3189 3470 vices
3211 3414 3721 3487 fungeretur,cum

2080 3510 2243 3559 actor
2269 3509 2328 3558 et
2356 3509 2665 3559 accusator
2694 3508 2874 3557 esset.
2936 3502 3101 3568 Quod
3133 3503 3180 3557 si
3214 3503 3495 3573 Cyrillum
3530 3502 3729 3572 legiti-

2079 3592 2194 3647 mis
2225 3592 2419 3648 causis
2445 3592 2671 3663 judicio
2726 3609 2788 3647 se
2822 3592 3031 3647 sistere
3071 3591 3521 3656 detrectantem,
3556 3592 3726 3662 quasi

2079 3683 2333 3738 crimina
2358 3699 2463 3753 per
2486 3682 2700 3753 jndicii
2727 3680 2929 3752 fugam
2961 3681 3349 3736 conﬁtentem
3380 3680 3727 3746 damnabat;

2078 3771 2343 3842 iniquius
2367 3778 2494 3826 erat
2514 3786 2722 3826 causas
2744 3770 3052 3824 detrectati
3071 3769 3308 3841 judicii,
3344 3768 3724 3824 dissimulan-

2079 3860 2152 3915 do
2186 3860 2507 3915 adversarii
2567 3859 2994 3923 innocentiam,
3033 3859 3391 3931 opprimere.
3426 3860 3727 3914 Diversam

2075 3965 2320 4020 prorsus
2363 3949 2535 4003 affert
2563 3948 2919 4003 Sozomenus
2944 3947 3045 4003 lib.
3093 3965 3164 4017 IV,
3199 3965 3248 4003 ο.
3284 3951 3373 4015 25,
3407 3947 3724 4003 abdicandi

2074 4038 2275 4109 Cyrilli
2327 4053 2568 4093 causam
2617 4037 2689 4093 ab
2750 4038 2962 4093 Acacio
3018 4044 3336 4110 arreptam.
3373 4038 3504 4093 Cum
3542 4038 3728 4108 Cyril-

2072 4126 2155 4183 lus
2184 4130 2243 4182 in
2305 4134 2537 4197 egestate
2558 4127 2787 4198 publica
2847 4128 3127 4183 thesauros
3184 4129 3444 4185 Ecclesia?
3488 4133 3540 4182 et
3566 4142 3727 4183 sacra

2070 4219 2192 4274 vela
2247 4218 2595 4279 divendisset,
2652 4221 2813 4273 aiunt
2866 4217 3152 4288 quemdam
3215 4217 3514 4273 donarium
3568 4231 3726 4271 suum

2072 4309 2356 4377 agnovisse
2406 4308 2467 4361 in
2496 4307 2723 4362 muliere
2781 4309 2993 4363 scenica
3045 4322 3166 4378 quae
3200 4307 3295 4362 illo
3352 4308 3558 4362 amicta
3580 4310 3721 4373 erat,

2063 4398 2548 4466 inquirentemque
2604 4397 2849 4450 curiosus
2879 4395 3026 4449 unde
3058 4394 3200 4449 illud
3228 4394 3478 4462 haberet,
3537 4393 3728 4463 depre-

302 4485 989 4557 Eleutheropolitanum,
1025 4486 1071 4541 si
1094 4485 1219 4555 jam
1252 4490 1380 4539 tum
1414 4500 1546 4539 cum
1578 4484 1796 4555 Cyrillo
1829 4502 1955 4540 sus-
1988 4518 2037 4584 Β
2069 4484 2315 4540 hendisse
2371 4485 2520 4555 quod
2576 4491 2844 4539 mercator
2900 4483 3044 4539 illud
3099 4482 3321 4538 mulieri
3374 4483 3725 4551 vendidisset,

306 4575 564 4645 cepisset
615 4575 1012 4642 inimicitias;
1073 4575 1313 4629 Petrum
1370 4573 1712 4645 episcopum
1763 4574 1957 4646 Hippi,

302 4662 623 4718 Eusebium
652 4663 930 4732 Sebastae,
957 4662 1290 4719 Charisium
1322 4662 1500 4721 Azoti.
1534 4662 1635 4732 qui
1661 4663 1863 4718 Acacio
1894 4663 1956 4718 in

299 4751 557 4806 concilio
613 4751 976 4807 Seleueiensi
1034 4750 1304 4823 adjuncti
1363 4751 1745 4821 reperiuntur
1800 4751 1957 4824 apud

298 4840 507 4911 Epiph.
544 4840 757 4895 haaresi
788 4842 874 4901 73,
908 4858 968 4896 n.
1001 4842 1208 4897 26.Eos
1233 4838 1391 4894 solos
1421 4839 1674 4895 concilio
1696 4857 1959 4911 praesen-

300 4935 389 4983 tes
420 4928 622 4995 fuisse,
657 4930 838 4985 verba
867 4930 1173 4985 Sozomeni
1203 4929 1377 4984 initio
1411 4929 1622 4999 capitis
1649 4931 1829 4986 citata
1875 4931 1956 4987 si-

299 5018 580 5089 gnificare
614 5025 887 5090 possunt.
920 5019 1213 5091 Cyrillum
1264 5018 1589 5073 verisimile
1618 5024 1707 5074 est
1728 5019 1957 5092 judicio

300 5123 362 5161 se
386 5106 592 5162 sistere
623 5108 908 5171 noluisse,
934 5126 1070 5164 cum
1101 5125 1207 5180 per
1237 5107 1393 5163 duos
1421 5123 1614 5164 annos
1645 5110 1957 5166 continuos

295 5194 496 5249 venire
526 5196 588 5250 in
613 5197 713 5267 jus
749 5197 1289 5252 recusarit.Absens
1320 5197 1521 5267 itaque
1563 5203 1622 5252 et
1654 5197 1957 5254 inauditus

297 5282 612 5339 damnatus
642 5284 769 5339 fuit,
799 5287 922 5350 Quo
947 5286 1078 5340 loco
1113 5285 1481 5340 celebratum
1505 5285 1584 5339 sit
1609 5287 1954 5349 concilium.

299 5372 566 5427 historici
601 5373 795 5429 silent.
830 5374 1253 5446 Hierosolymis
1285 5374 1575 5429 celebrari
1613 5376 1959 5446 postulabat

298 5461 575 5518 Ecclesiae
629 5465 1020 5526 consuetudo.
1082 5470 1148 5519 ut
1207 5464 1267 5518 in
1327 5463 1402 5519 iis
1459 5462 1606 5519 locis
1657 5464 1957 5536 judicium

305 5551 673 5620 instituatur,
727 5554 789 5609 in
851 5554 1068 5626 quibus
1126 5553 1456 5610 admissum
1527 5553 1755 5609 crimen
1805 5555 1952 5613 dici-

301 5646 420 5712 tur,
454 5647 830 5716 possuntque
860 5649 1042 5701 testes
1097 5641 1315 5702 audiri.
1369 5639 1455 5698 lbi
1507 5656 1744 5716 quoque
1800 5644 1957 5703 celo-

2066 4577 2361 4630 mercatori
2388 4589 2516 4630 vero
2546 4576 2846 4644 episcopus.
2907 4573 3069 4628 Hanc
3129 4589 3265 4646 ergo
3297 4588 3535 4629 causam
3567 4589 3720 4644 prm-

2072 4673 2277 4721 texens
2299 4665 2548 4720 Acacius
2570 4663 2854 4737 Cyrillum
2881 4662 3176 4735 deposuit.
3206 4664 3424 4719 Eadem
3454 4662 3721 4734 profecto

2065 4755 2314 4810 historia
2342 4760 2450 4821 est,
2483 4769 2660 4826 quam
2694 4753 2943 4809 Aeacius
2992 4758 3127 4824 post
3156 4753 3477 4808 concilium
3510 4751 3715 4807 Seleu-

2067 4843 2542 4900 ciense.diversis
2564 4859 2807 4915 prorsus
2831 4843 2904 4898 ad
2926 4841 3498 4898 inﬂammandumin
3529 4840 3719 4914 Cyril-

2065 4933 2189 4988 lum
2224 4932 2603 5004 imperatoris
2620 4931 2889 4987 animum
2920 4931 3405 5000 circumstantiis,
3441 4936 3715 4986 ornatam

2066 5022 2333 5095 regessit.
2359 5024 2501 5077 Rem
2526 5021 2609 5076 ita
2632 5026 2837 5076 narrat
2856 5020 3257 5076 Theodoretus
3289 5020 3391 5075 lib.
3418 5037 3475 5087 ιι,
3508 5036 3559 5076 c.
3597 5021 3667 5074 27
3703 5035 3716 5073 :

2065 5112 2172 5167 Sed
2191 5112 2477 5181 praecipue
2532 5111 2884 5180 imperatoris
2944 5112 3187 5164 animum
3221 5114 3624 5165 commoverunt
3655 5123 3721 5162 ea

2067 5216 2189 5270 qum
2218 5202 2454 5254 Aeacius
2484 5198 2742 5255 adversus
2800 5198 3065 5267 Cyrillum
3097 5205 3430 5255 commentus
3467 5204 3542 5254 est
3577 5215 3590 5251 :
3620 5212 3715 5253 sa-

2066 5307 2217 5344 cram
2244 5292 2389 5343 enim
2445 5295 2642 5344 vestem
2699 5303 2865 5358 quam
2899 5288 3293 5345 Constantinus
3348 5292 3496 5344 omni
3553 5286 3722 5342 laude

2066 5378 2418 5434 celebrandus
2450 5378 2523 5433 ad
2577 5377 2955 5433 exornandam
3011 5377 3515 5448 Hierosolymorum
3542 5376 3720 5433 eccle-

2064 5468 2203 5525 siam
2235 5469 2475 5523 Macario
2505 5468 2621 5537 ejus
2653 5466 2760 5523 loci
2790 5467 3041 5537 episcopo
3071 5467 3393 5535 donaverat,
3438 5475 3500 5522 ut
3528 5484 3593 5523 ca
3624 5469 3714 5521 in-

2065 5558 2230 5613 dutus
2281 5556 2459 5611 divini
2538 5557 2798 5630 baptismi
2859 5557 3221 5610 ministerium
3276 5564 3571 5628 perageret
3627 5559 3721 5620 (ea

2061 5647 2223 5705 vestis
2251 5647 2436 5702 aureis
2457 5644 2569 5716 ﬁlis
2608 5650 2869 5703 contexta
2922 5645 3082 5718 erat),
3115 5645 3385 5716 Cyrillum
3414 5645 3720 5705 vendidisse
