4094 6282
252 327 333 388 69
1654 319 2180 385 DISSERTATIO
2227 325 2275 386 Ι.
3599 332 3678 395 70

253 459 428 523 dixit,
465 474 696 528 eamque
751 465 1056 514 mercatum
1112 457 1403 527 quemdam
1457 473 1526 511 ea:
1577 459 1646 512 iis
1705 458 1802 528 qui
1856 457 1915 510 in
1948 458 1997 520 Α
2031 464 2212 514 stram
2245 461 2523 531 pertinet.
2552 479 2688 518 nam
2725 462 2771 518 si
2796 463 3097 534 appellare
3127 464 3526 536 appellatione
3548 482 3679 537 pro-

254 551 474 604 theat-ro
504 550 712 604 saltare
740 548 936 616 solent,
966 547 1209 602 induisse
1241 545 1482 616 quidem,
1513 547 1607 601 sed
1635 548 1780 600 inter
1807 545 1915 601 sal-

260 640 501 695 tandum
560 639 881 707 collapsum,
920 637 1290 706 obtritumque
1343 638 1633 690 interiisse.
1697 636 1829 690 Haec
1885 651 1919 689 a

261 732 460 802 prima
491 729 832 784 narratione
861 728 1113 791 diversa,
1142 731 1195 781 1ο
1223 743 1317 782 res
1336 725 1586 781 scenicis
1613 727 1916 792 distracta,

266 836 440 876 sacra
469 819 647 874 vestis
677 819 898 873 dicitur
928 835 961 872 a
991 817 1377 872 Constantino
1409 816 1481 870 ad
1511 832 1683 870 usum
1718 815 1916 886 bapti-

267 910 377 964 smi
413 909 566 970 data,
601 925 736 962 cum
763 908 1032 961 Socrates
1055 923 1240 960 unum
1269 923 1338 960 ex
1363 907 1546 960 sacris
1577 905 1720 960 velis
1748 903 1921 959 corti-

258 1000 422 1052 nisve
455 997 794 1068 signiﬁcare
825 995 1128 1061 videatur;
1163 999 1222 1048 2°
1253 996 1434 1049 vestis
1466 995 1571 1049 illa
1619 1011 1656 1048 a
1701 992 1917 1065 Cyrillo

258 1087 494 1143 scenico
528 1087 642 1156 ipsi
673 1085 912 1140 vendita
936 1085 1142 1151 fertur,
1179 1100 1358 1156 quam
1390 1085 1658 1139 Socrates
1690 1098 1917 1138 merca-

256 1176 370 1230 tori
404 1175 479 1230 ab
514 1175 813 1245 episcopo,
861 1175 1044 1228 mimo
1077 1190 1111 1228 a
1141 1179 1470 1228 mercatore
1521 1172 1916 1228 venundatam

257 1265 482 1326 refert;
516 1264 574 1315 3°
600 1263 820 1316 dicitur
852 1261 1124 1316 scenicus
1152 1277 1221 1316 ea
1241 1261 1488 1315 indutus
1508 1261 1918 1323 saltasse,cum

259 1370 329 1408 ea
359 1352 678 1407 mulierem
713 1351 774 1406 in
807 1351 1038 1405 theatro
1073 1337 1341 1406 indutam
1377 1349 1646 1404 Socrates
1677 1353 1916 1414 narret;

261 1445 321 1496 4ο
353 1441 596 1496 additur
617 1440 921 1494 scenicum
953 1439 1092 1493 dum
1119 1439 1364 1494 saltaret
1384 1439 1711 1508 collapsum
1743 1438 1921 1492 inter-

264 1531 410 1585 iisse
438 1548 453 1595 ;
484 1529 632 1582 nihil
669 1545 738 1583 ea
770 1528 840 1582 de
874 1545 936 1582 re
965 1527 1253 1582 Socrates.
1282 1529 1415 1583 Hmc
1448 1527 1808 1582 narrationis
1840 1525 1924 1579 di-

269 1618 520 1674 versitas
554 1635 680 1687 quae
709 1617 1001 1671 malitiam
1038 1617 1236 1688 prodit
1267 1617 1483 1680 Acacii,
1516 1622 1708 1688 potest
1740 1616 1800 1670 in
1832 1621 1919 1669 to-

275 1714 398 1763 tam
431 1723 553 1762 rem
585 1707 747 1761 illam
780 1706 996 1760 fabulae
1029 1707 1428 1777 suspicionem
1461 1704 1920 1778 aspergere.Sed

2027 547 2154 618 prie
2186 547 2342 604 dicta
2372 551 2592 622 Cyrillo
2653 552 2889 607 licuerit
2948 552 3066 608 sive
3114 569 3183 607 ex
3221 554 3356 624 jure
3391 552 3672 620 naturali,

2029 637 2146 691 sive
2205 655 2274 693 ex
2331 641 2608 695 Ecclesiae
2667 641 3114 713 approbatione,
3177 659 3386 713 parum
3428 644 3678 699 interest

2027 733 2226 782 utrum
2258 729 2514 785 aliorum
2547 731 2819 801 exempla
2852 736 3110 798 secutus,
3145 748 3218 785 an
3251 732 3478 802 primus
3509 731 3568 785 id
3598 732 3678 786 fe-

2028 818 2171 870 cerit
2204 836 2216 884 ;
2252 835 2384 874 cum
2421 821 2621 874 nullus
2653 828 2788 874 ante
2839 821 3048 875 eodem
3071 822 3207 890 jure
3239 820 3543 887 voluisset,
3577 824 3680 875 aut

2028 922 2225 961 rerum
2259 925 2500 963 suarum
2534 909 2887 964 necessitate
2915 916 3152 963 coactus
3185 909 3394 964 fuisset
3424 909 3542 974 uti;
3577 925 3677 964 ea-

2029 994 2284 1065 demque
2316 996 2373 1050 in
2408 1014 2565 1063 eum,
2600 997 2698 1068 qui
2733 998 2959 1068 primus
2994 1004 3129 1052 ante
3159 998 3442 1068 Cyrillum
3477 997 3676 1069 appel-

2028 1082 2229 1153 lasset,
2263 1086 2640 1154 querimonia
2671 1086 3115 1140 intenderetur:
3168 1086 3271 1140 sed
3322 1087 3432 1140 hoc
3463 1088 3675 1154 agitur,

2032 1175 2086 1225 1ο
2117 1179 2314 1228 utrum
2340 1175 2556 1245 Cyrillo
2580 1175 2938 1247 permissum
2963 1175 3139 1229 fuerit
3169 1176 3551 1245 pronuntiato
3575 1174 3678 1230 ad-

2030 1278 2260 1316 versum
2295 1280 2355 1317 se
2381 1263 2608 1334 judicio
2641 1280 2757 1317 non
2792 1268 2967 1330 stare,
3001 1267 3059 1315 2°
3091 1263 3226 1316 dato
3265 1263 3517 1332 primam
3550 1279 3678 1317 om-

2030 1350 2196 1404 nium
2215 1351 2414 1422 Cyrilli
2439 1353 2898 1423 appellationem
2921 1369 3070 1420 esse,
3092 1357 3292 1406 utrum
3315 1353 3561 1406 crimem
3589 1351 3673 1406 illi

2030 1438 2210 1493 fuerit
2230 1439 2528 1495 forensem
2553 1441 2892 1513 appellandi
2918 1457 3143 1495 morem
3168 1440 3227 1494 in
3245 1441 3567 1495 Ecclesiam
3593 1440 3682 1494 in-

2031 1528 2365 1595 troducere,
2399 1547 2533 1584 cum
2565 1537 2702 1584 ante
2734 1547 2851 1584 non
2910 1529 3413 1601 appellationibus
3443 1529 3680 1601 proprie

2031 1615 2337 1682 dictis,sed
2362 1619 2758 1674 revisionibus
2781 1618 3539 1689 solummodojudiciorum
3565 1618 3684 1688 epi-

2032 1706 2360 1777 scopalium
2392 1714 2590 1762 actum
2623 1714 2798 1762 esset.
2834 1711 2911 1761 Ac
2957 1709 3209 1778 primam
3245 1707 3486 1778 quidem
3520 1723 3680 1776 quaa-

269 1798 317 1852 si
355 1795 496 1866 quid
547 1796 640 1849 hic
699 1795 841 1856 veri,
903 1796 1092 1866 magis
1145 1796 1207 1849 in
1261 1796 1454 1866 prima
1485 1803 1541 1851 et
1570 1793 1919 1866 simpliciori
1959 1825 2002 1889 Β
2035 1796 2288 1849 stionem
2322 1796 2572 1852 deﬁnire
2624 1814 2744 1851 non
2794 1796 3037 1850 difﬁcile
3073 1802 3195 1851 est:
3231 1795 3488 1866 optabile
3539 1811 3680 1850 sane

267 1886 550 1948 Socratis,
579 1885 743 1955 [XLI]
767 1900 944 1953 quam
972 1884 1030 1938 in
1055 1884 1240 1939 altera
1267 1885 1459 1940 Acacii
1491 1885 1626 1939 dolo
1654 1888 1928 1954 corrupta

272 1975 619 2030 narratione
641 1973 1164 2043 acquiescendum.
1190 1974 1474 2045 Cyrillum
1497 1991 1630 2029 vero
1654 1973 1929 2044 deposuit

271 2064 525 2119 Aeacius
559 2063 646 2116 vel
673 2062 747 2116 ob
778 2079 978 2117 rerum
1002 2080 1303 2119 sacrarum
1324 2064 1384 2117 in
1411 2070 1667 2135 egestate
1690 2063 1927 2134 publica

274 2153 747 2218 distractionem,
782 2153 873 2207 vel
904 2153 976 2207 ob
1012 2153 1357 2208 earumdem
1392 2155 1450 2207 in
1484 2154 1710 2209 theatro
1740 2153 1929 2224 profa-

271 2243 573 2298 nationem
604 2248 663 2296 et
692 2242 1282 2297 contaminationem.
1307 2243 1416 2297 Sed
1441 2259 1558 2297 non
1593 2242 1796 2297 debuit
1820 2243 1923 2296 im-

270 2333 465 2403 putari
499 2332 719 2404 Cyrillo
774 2332 970 2386 scelus
1024 2333 1288 2396 alterius,
1322 2332 1409 2386 vel
1442 2333 1662 2387 scenici
1695 2348 1923 2387 sacram

275 2430 497 2478 vestem
535 2421 930 2494 profanantis,
974 2422 1064 2476 vel
1111 2423 1458 2477 mercatoris
1507 2439 1628 2477 rem
1664 2429 1923 2493 emptam

276 2513 458 2567 mimo
492 2511 961 2566 vendentis.Erit
981 2511 1052 2565 ad
1079 2528 1375 2566 summum
1401 2511 1801 2582 imprudentia
1817 2511 1923 2580 Cy-

271 2600 508 2659 rilli.rei
543 2616 725 2654 sacrae
759 2616 879 2654 non
910 2600 1053 2654 satis
1085 2601 1376 2654 caventis:
1408 2600 1542 2669 quis
1571 2606 1766 2653 autem
1799 2614 1923 2653 cre-

274 2690 377 2744 dat
397 2705 530 2743 eum
561 2689 934 2743 necessarias
955 2689 1260 2743 cautiones
1287 2688 1618 2759 neglexisse
1642 2688 1668 2742 ‘l
1689 2687 1854 2752 Quod
1876 2687 1923 2742 si

271 2781 384 2833 hoc
413 2778 635 2850 Cyrillo
663 2778 892 2832 crimen
916 2777 1241 2833 intenderit
1262 2777 1507 2831 Acacius
1539 2776 1695 2846 quod
1727 2775 1925 2830 Eccle-

274 2869 373 2922 siae
392 2869 710 2921 thesauros
728 2867 800 2922 ad
820 2872 1134 2930 egestatem
1157 2881 1486 2937 pauperum
1505 2865 1924 2920 sublevandam

272 2957 657 3011 distraxerit:
719 2973 834 3021 me,
892 2950 1050 3026 quod
1100 2956 1187 3010 illi
1241 2955 1434 3010 scelus
1464 2955 1925 3021 arbitrabantur,

273 3064 383 3101 nos
417 3047 739 3100 maximam
772 3045 975 3116 Cyrilli
1008 3044 1245 3099 laudem
1278 3044 1549 3099 ducimus
1577 3044 1742 3108 Quod
1769 3043 1928 3098 enim

273 3136 552 3205 Cyrillus,
587 3135 746 3190 idem
780 3141 984 3204 postea
1015 3133 1069 3188 S.
1100 3134 1443 3188 Ambrosius
1477 3133 1930 3188 Mediolanensis

278 3225 352 3280 ad
383 3225 859 3294 redemptionem
920 3223 1309 3293 captiwrum,
1345 3222 1498 3293 quod
1561 3238 1694 3277 cum
1727 3221 1929 3276 Ariani

271 3315 486 3368 Acacio
505 3313 733 3367 similes
755 3313 1236 3370 criminarentur.
1258 3311 1390 3366 facti
1412 3312 1501 3366 sui
1525 3311 1934 3366 defensionem

276 3403 543 3473 suscepit
575 3402 655 3455 lib
715 3418 773 3467 ιι,
827 3401 1010 3470 Of'ﬁc.,
1064 3417 1192 3472 cap.
1247 3403 1335 3467 2R,
1387 3417 1444 3454 n.
1503 3402 1601 3454 136
1653 3406 1708 3454 et
1764 3416 1930 3470 seqq.

276 3492 591 3560 sanctique
627 3489 924 3544 Laurentii
967 3505 1028 3542 se
1078 3489 1347 3559 exemplo
1379 3494 1602 3544 tutatus
1634 3493 1723 3543 est
1777 3487 1933 3542 Fecit

275 3580 436 3634 idem
471 3580 526 3634 S.
563 3578 891 3649 Exuperius
924 3577 1272 3643 Tolosanus,
1309 3594 1377 3632 ea
1404 3577 1475 3632 de
1506 3593 1570 3631 re
1603 3576 1875 3632 laudatus
1901 3591 1934 3630 a

278 3671 332 3724 S.
369 3671 730 3738 Hieronymo
780 3667 1087 3722 Rusticum
1134 3667 1408 3721 hortante
1440 3672 1505 3719 ut
1535 3666 1713 3736 hujus
1746 3666 1933 3720 sancti

275 3759 522 3830 vestigia
555 3756 1132 3827 consecteturepist.
1168 3758 1257 3821 95,
1289 3755 1438 3810 alias
1469 3757 1521 3821 4,
1560 3755 1700 3809 fecit
1724 3755 1778 3808 S.
1811 3755 1935 3809 Caio

281 3849 471 3902 sarius
499 3846 883 3903 Arelatensis.
914 3852 1061 3900 teste
1084 3845 1374 3915 Cypriano
1414 3845 1557 3898 Vitae
1589 3844 1718 3914 ejus
1750 3844 1938 3915 scrip-

279 3943 430 4004 tore,
462 3952 628 3990 num.
668 3939 753 3992 17.
787 3934 929 3989 fecit
959 3936 1258 3989 Meroveus
1307 3934 1674 3987 Pictavorum
1707 3933 1932 4004 episco-

279 4042 412 4096 pus,
446 4043 480 4078 a
511 4023 791 4094 Gregorio
828 4023 1154 4078 Turonensi
1205 4027 1704 4077 commemoratus
1727 4021 1830 4076 lib.
1861 4038 1935 4076 vn

281 4116 489 4168 Hister.
525 4115 752 4177 Franc,
788 4129 836 4166 c.
873 4114 959 4165 24.

355 4223 443 4275 42.
481 4221 721 4290 Cgrillus
770 4235 891 4274 cum
934 4219 1213 4288 depositus
1240 4220 1453 4286 fuisset,
1504 4217 1700 4288 inquit
1729 4218 1930 4272 Socra-

283 4317 370 4365 tes
404 4310 506 4365 lib.
543 4326 603 4378 Il,
638 4325 767 4380 cap.
800 4311 888 4376 40,
934 4308 1297 4363 nihilominus
1334 4307 1725 4378 appellationis
1757 4306 1936 4361 libello

281 4401 356 4454 ad
412 4416 500 4454 eos
559 4401 660 4469 qui
709 4415 764 4453 se
815 4399 1179 4468 deposuerant
1229 4400 1408 4464 misso,
1471 4397 1544 4451 ad
1573 4397 1752 4465 majus
1773 4397 1932 4465 judi-

281 4492 425 4545 cium
479 4489 829 4558 provocavit,
894 4490 1075 4555 μεῖζον
1137 4483 1496 4538 ἐπεκαλέσατο
1557 4480 1933 4557 δικαστήριον.

2034 1892 2098 1939 ut
2120 1887 2346 1956 judicia
2378 1888 2777 1942 ecclesiastica
2808 1887 3151 1959 hujusmodi
3197 1903 3430 1957 semper
3462 1891 3680 1952 essent,

2033 1981 2099 2029 ut
2130 1975 2188 2029 in
2222 1977 2307 2031 eis
2335 1993 2640 2048 nunquam
2669 1976 3015 2030 innocentia
3037 1976 3489 2046 opprimeretur.
3524 1976 3680 2039 Quo-

2036 2063 2198 2119 niam
2234 2070 2430 2119 tamen
2462 2066 2521 2120 id
2552 2065 2748 2120 divina
2785 2063 3158 2119 Providentia
3188 2063 3258 2117 ab
3291 2063 3553 2117 Ecclesia
3583 2079 3679 2116 ar-

2035 2153 2286 2207 cendum
2312 2171 2433 2208 non
2458 2155 2835 2223 censuit,non
2862 2154 3053 2208 solum
3078 2169 3427 2206 concessum
3447 2168 3684 2221 semper

2038 2241 2138 2295 sed
2172 2259 2201 2297 e
2230 2259 2292 2296 re
2328 2249 2384 2296 et
2413 2243 2667 2298 utilitate
2721 2243 2994 2298 Ecclesia:
3038 2241 3227 2312 [XLII]
3262 2240 3390 2302 fuit,
3425 2246 3490 2293 ut
3519 2239 3685 2310 deje—

2036 2338 2163 2386 ctus
2190 2349 2297 2403 per
2317 2332 2596 2402 injuriam
2623 2349 2934 2403 episcopus
2956 2330 3297 2402 prmsidium
3326 2328 3683 2382 innocentiae

2037 2427 2361 2492 quaereret;
2390 2437 2464 2474 ne
2496 2422 2853 2492 injustorum
2907 2419 3219 2474 hominum
3257 2417 3538 2472 violentia
3570 2417 3680 2471 im-

2037 2511 2266 2581 punita,
2299 2509 2373 2564 ad
2405 2509 2680 2564 Ecclesiae
2712 2509 2969 2563 dedecus
2997 2514 3056 2562 et
3083 2507 3436 2579 perniciem,
3456 2506 3686 2561 veritati

2037 2606 2095 2654 et
2124 2598 2386 2669 aequitati
2421 2599 2784 2670 praevaleret.
2815 2597 3040 2653 Idcirco
3064 2596 3325 2668 probatae
3349 2595 3680 2663 Athanasii,

2036 2687 2292 2743 Marcelli
2317 2687 2902 2758 Ancyrani,Asclepae
2935 2686 3208 2741 Gazensis
3227 2685 3681 2756 appellationes,

2038 2778 2155 2831 sive
2186 2777 2259 2832 ad
2290 2779 2619 2832 Romanum
2650 2776 2994 2848 pontiﬁcem
3023 2774 3316 2846 confugia,
3341 2779 3398 2827 et
3419 2773 3684 2843 postula-

2038 2873 2232 2926 tiones
2265 2889 2548 2926 novorum
2582 2870 2966 2926 conciliorum
2996 2887 3009 2935 ;
3041 2875 3107 2923 ut
3151 2885 3239 2933 ea,
3275 2886 3406 2939 quas
3436 2869 3499 2921 in
3529 2868 3686 2938 prio-

2041 2961 2205 3015 ribus
2237 2961 2507 3016 conciliis
2542 2961 2850 3015 adversum
2885 2975 2967 3019 se,
2990 2974 3094 3012 seu
3120 2958 3170 3010 vi
3200 2974 3303 3011 seu
3334 2957 3687 3027 ignorantia,

2043 3057 2262 3105 statuta
2309 3050 2564 3114 fuerant,
2617 3048 3097 3103 emendarentur.
3149 3048 3365 3100 Eorum
3398 3045 3688 3115 prmcibus

2042 3155 2323 3194 concessa
2354 3137 2608 3193 concilia
2655 3138 2987 3191 Romanum
3022 3140 3080 3190 et
3126 3134 3492 3189 Sardicense.
3526 3134 3690 3189 Idem

2044 3226 2482 3281 Donatistarum
2527 3223 2959 3297 importunitati
3013 3223 3197 3278 semel
3245 3228 3305 3277 et
3350 3223 3590 3289 iterum,
3622 3238 3688 3277 ac

2041 3317 2244 3387 paucis
2274 3321 2411 3370 ante
2458 3316 2632 3370 annis
2688 3313 3095 3369 haeresiarchaa
3154 3312 3427 3376 Photino,
3461 3312 3686 3366 datum.

2043 3405 2306 3460 tloncilia
2331 3405 2511 3459 etiam
2544 3421 2612 3460 ea
2641 3403 2714 3458 de
2737 3420 2800 3457 re
2824 3407 2985 3474 leges
3008 3400 3420 3466 condiderant,
3448 3401 3531 3454 uti
3564 3401 3690 3454 Sar-

2044 3494 2283 3548 dicense
2316 3492 2642 3547 canonibus
2673 3495 2725 3554 3,
2756 3494 2789 3546 4
2821 3497 2878 3546 et
2926 3495 2978 3558 7,
3012 3497 3069 3545 et
3117 3490 3556 3544 Antiochenum
3587 3506 3690 3544 sex

2045 3589 2180 3637 ante
2220 3599 2411 3637 annos
2465 3581 2792 3636 canonibus
2852 3583 2938 3646 12,
2975 3582 3038 3633 14
3070 3586 3128 3632 et
3159 3581 3242 3632 15.
3277 3578 3452 3649 Atqui
3489 3579 3689 3632 multa;

2046 3676 2104 3726 et
2132 3670 2490 3741 gravissimae
2535 3686 2725 3723 causa)
2777 3668 2994 3739 Cyrillo
3045 3666 3417 3732 exstiterunt,
3451 3683 3526 3721 ne
3559 3667 3691 3721 latas

2045 3759 2356 3814 adversum
2389 3776 2451 3813 se
2481 3759 2674 3812 Acacii
2701 3764 2758 3811 et
2779 3758 3201 3813 Acacianarum
3222 3773 3536 3828 operarum
3564 3771 3670 3812 sen

2046 3845 2245 3901 tentiaa
2279 3851 2478 3898 staret.
2513 3848 2567 3906 1ο
2589 3844 2863 3898 Acacium
2897 3843 3047 3896 forte
3071 3843 3334 3912 judicem
3369 3857 3489 3894 non
3516 3856 3696 3912 agno-

2047 3935 2267 3996 scebat,
2302 3933 2386 3988 uti
2421 3933 2492 3988 ab
2537 3935 2668 4003 ejus
2705 3931 3125 4003 jurisdictione
3174 3931 3403 3984 solutus
3437 3937 3494 3983 et
3521 3929 3694 3996 liber,

2047 4025 2164 4079 imo
2197 4024 2326 4095 ipso
2359 4023 2644 4093 superior.
2679 4022 3029 4090 Quanquam
3076 4021 3387 4090 epiSCOpus
3427 4019 3697 4090 superior

2047 4119 2104 4166 et
2126 4111 2582 4181 metropolitana
2604 4125 2638 4164 a
2663 4109 2944 4180 subjectis
2969 4108 3080 4162 sibi
3104 4108 3397 4179 episcopis
3418 4107 3696 4162 Ecclesiae

2047 4200 2443 4272 legejudicari
2468 4199 2676 4271 possit,
2702 4198 3204 4270 quemadmodum
3230 4197 3562 4268 Stephanus
3580 4199 3701 4250 An-

2048 4290 2362 4345 tiochenus
2395 4297 2532 4343 ante
2564 4305 2753 4343 annos
2782 4287 2984 4343 decem
3029 4287 3099 4342 ab
3148 4285 3544 4342 Orientalibus
3577 4286 3703 4356 epi-

2049 4379 2248 4451 SCOpis
2281 4379 2598 4433 damnatus
2628 4379 2822 4432 fuerat
2847 4395 2858 4443 ;
2895 4382 2952 4431 et
2981 4376 3344 4446 Theophilus
3374 4375 3435 4428 in
3467 4381 3698 4429 contro-

2046 4472 2258 4540 versia,
2295 4470 2575 4526 adversus
2631 4471 2918 4524 Joannem
2972 4470 3480 4539 Chrysostomum,
3532 4482 3614 4531 se,
3649 4467 3698 4521 si

282 4579 384 4634 Cui
414 4556 641 4649 quidem
672 4576 1038 4646 appellationi
1089 4577 1438 4631 Constantius
1474 4577 1772 4645 imperator
1793 4556 1943 4628 asti-
1975 4561 2022 4624 D
2043 4559 2406 4633 iudicandus
2430 4565 2586 4614 esset
2606 4559 2677 4613 ab
2699 4558 2978 4630 ίΕὲὟΡίίίε
3001 4556 3703 4649 θρίδοοέίδνᾷ-ιξάίοδηάυφ

275 4669 506 4738 palatus
537 4673 636 4722 est.
690 4667 851 4721 Solus
880 4667 1055 4735 igitur
1106 4681 1169 4720 ac
1221 4668 1437 4735 primus
1487 4666 1732 4718 omnium
1762 4662 1944 4732 Cyrilo

288 4757 386 4818 lus,
423 4763 624 4811 contra
669 4754 1021 4809 ecclesiastici
1070 4756 1295 4808 canonis
1344 4753 1809 4819 consuetudinem,
1841 4768 1945 4822 ap-

277 4845 668 4916 pellationem,
702 4845 845 4898 sicut
899 4845 957 4896 in
1005 4843 1245 4912 publicis
1265 4841 1500 4911 judiciis
1528 4843 1648 4911 ﬁeri
1677 4842 1831 4905 solet,
1854 4842 1940 4895 in-

289 4936 577 5005 terposuit.
607 4931 1158 4986 Ecclesiasticarum
1188 4931 1656 5002 appellationum
1687 4930 1942 5001 primam

285 5024 470 5077 fuisse
505 5022 672 5076 illam
708 5038 742 5074 a
771 5019 988 5091 Cyrillo
1020 5020 1416 5089 interjectam.
1451 5036 1568 5074 non
1601 5035 1809 5073 omnes
1838 5019 1944 5073 So-

286 5114 430 5167 crati
461 5111 840 5176 assentiunt;
874 5109 1094 5163 multas
1147 5110 1306 5162 enim
1365 5109 1482 5162 sive
1537 5107 1606 5162 ad
1640 5123 1938 5162 summum

283 5200 657 5272 pontiﬁcem,
693 5197 811 5250 sive
844 5196 917 5251 ad
963 5197 1154 5265 majus
1201 5196 1543 5258 concilium,
1579 5196 1695 5249 sive
1727 5195 1798 5250 ad
1833 5195 1942 5249 im-

281 5296 622 5360 peratorem
658 5287 854 5358 ipsum
887 5285 949 5338 in
994 5285 1105 5339 hoc
1159 5291 1218 5340 et
1271 5285 1676 5356 superioribus
1707 5283 1941 5338 saeculis

279 5378 664 5449 prrecessisse
694 5375 865 5429 multi
897 5374 1286 5430 contendunt.
1325 5375 1436 5428 llas
1467 5374 1569 5428 alii
1592 5390 1712 5427 non
1742 5372 1941 5443 appel-

277 5467 533 5523 lationes
568 5465 810 5537 proprie
860 5463 1072 5529 dictas,
1106 5463 1210 5518 sed
1257 5463 1348 5518 vel
1395 5462 1691 5534 confugia,
1723 5462 1814 5516 vel
1845 5477 1941 5515 re—

277 5557 502 5612 visendi
528 5553 753 5628 judicii
787 5551 1220 5622 postulationes
1247 5551 1364 5607 dici
1395 5557 1669 5622 oportere
1701 5555 1941 5605 conten-

284 5647 609 5706 dunt.Eam
644 5643 818 5699 litem
868 5657 1224 5714 componere
1273 5641 1428 5699 nihil
1457 5640 1531 5698 ad
1560 5657 1801 5699 causam
1830 5655 1937 5697 no-

2057 4669 2186 4707 esse
2215 4651 2511 4706 fatebatur
2539 4649 2762 4720 (Pallad
2791 4651 2828 4720 ).
2876 4651 2934 4702 2°
2966 4651 3166 4718 Itaque
3199 4646 3469 4718 Cyrillus.
3507 4647 3702 4701 Acacii

2053 4747 2337 4811 tanquam
2369 4739 2618 4810 professi
2648 4737 2877 4792 inimici
2904 4736 3220 4807 judicium,
3259 4735 3344 4790 uti
3378 4734 3608 4789 nullum
3645 4741 3704 4788 et

2053 4847 2307 4896 cassum,
2344 4829 2472 4900 ipso
2497 4829 2634 4900 jure
2665 4827 2978 4898 repudiare
3018 4831 3265 4897 poterat.
3303 4826 3392 4880 Sic
3441 4824 3702 4880 Caecilia-

2053 4937 2165 4975 nus
2197 4917 2678 4990 Carthaginensis
2738 4917 3118 4970 inimicorum
3178 4914 3430 4970 concilio
3487 4914 3703 4968 citatus

2053 5025 2395 5080 comparere
2423 5005 2788 5072 detrectavit,
2821 5010 2880 5059 et
2899 5005 2970 5059 ab
2998 5005 3068 5058 iis
3100 5005 3532 5058 condemnatus
3563 5002 3703 5057 sede

2051 5116 2171 5154 non
2206 5098 2401 5160 cessit,
2428 5095 2530 5149 sed
2563 5094 2875 5149 ecclesiam
2905 5110 3070 5148 suam
3095 5099 3438 5147 constanter
3460 5091 3705 5146 retinuit

2051 5191 2216 5260 (Aug.
2252 5186 2423 5256 epist.
2481 5185 2570 5245 43,
2632 5201 2690 5237 n.
2751 5186 2826 5252 ‘7').
2889 5184 2981 5238 Sic
3041 5182 3288 5254 ABgyptii
3331 5181 3615 5252 praesules
3641 5181 3701 5235 in

2050 5276 2304 5333 concilio
2355 5272 2622 5344 Tyriensi
2665 5272 3115 5343 postulaverunt
3161 5277 3226 5325 ut
3257 5271 3560 5324 Athanasii
3592 5269 3701 5323 ho-

2049 5374 2168 5424 stes
2202 5379 2486 5420 consessu
2511 5361 3058 5423 submovenentur;
3097 5360 3252 5432 apud
3301 5361 3515 5415 Athan.
3550 5364 3704 5428 Apo-

2052 5457 2161 5526 log.
2195 5459 2338 5509 cont.
2376 5452 2600 5516 Arian.,
2650 5469 2710 5504 n.
2763 5455 2848 5504 '77.
2915 5451 3165 5504 Aeacius
3201 5455 3400 5504 autem
3433 5465 3567 5502 cum
3600 5447 3711 5517 Cy-

2046 5545 2183 5601 rillo
2227 5541 2499 5615 publicas
2533 5540 2865 5596 simultates
2911 5545 3262 5594 exercuerat
3299 5537 3372 5592 ab
3427 5537 3556 5607 ipso
3586 5535 3711 5589 fere

2045 5633 2354 5711 Cyrilliani
2383 5631 2759 5705 episcopatus
2790 5627 3054 5698 exordio,
3081 5633 3330 5700 prOpter
3357 5620 3709 5695 metropoli-
