4094 6282
359 345 434 404 ’11
1639 334 1743 395 DE
1786 330 1976 394 VlTA

2134 333 2467 399 CYRILLI.
3689 349 3770 407 72

357 476 474 530 tica
494 473 777 545 jura,Nec
806 468 1101 526 Acaciano
1124 465 1357 540 judicio
1407 464 1603 538 majus
1632 462 1815 520 robur
1841 478 2006 519 acce-
2038 464 2092 532 Α
2121 472 2333 537 sceret,
2366 471 2654 542 quaeritur
2673 488 2818 530 num
2831 475 3044 548 judicii
3069 476 3426 535 revisionem
3447 493 3518 534 ex
3546 479 3768 535 usitato

358 566 534 620 debat
555 580 623 618 ex
647 562 963 636 praesentia
987 560 1241 616 aliorum
1269 558 1706 631 episcoporum,
1725 571 1873 626 quos
1896 552 2011 610 sibi

354 656 666 713 sententiis
698 656 1053 727 conjunctos
1087 652 1420 722 eodemque
1445 666 1583 719 jure
1614 647 1856 720 Cyrillo,
1892 663 2008 717 quo

356 747 604 802 Acacius
634 746 783 817 ipse,
816 749 1127 815 suspectos
1158 741 1375 812 raptim
1406 746 1465 795 et
1493 738 1848 793 festinanter
1877 736 2007 792 col-

356 836 581 908 legerat
610 835 710 889 ille
743 838 890 888 teste
932 834 1276 889 Sozomeno.
1336 829 1440 885 lib.
1490 846 1570 893 1v,
1621 844 1748 899 cap.
1778 828 1868 887 25,
1902 822 2006 877 Σὺν

354 928 474 985 τοῖς
529 922 593 976 τὰ
650 921 814 975 αὐτοῦ
882 923 1172 997 φρονοῦσιν
1259 916 1576 971 ἐπισκόποις
1635 913 1821 991 φθάνει
1875 913 2008 966 :10-

358 1010 518 1080 ελών,
553 1012 808 1068 exclusis
840 1012 967 1065 sine
999 1009 1179 1064 dubio
1213 1008 1421 1063 amicis
1453 1011 1511 1061 et
1540 1002 1871 1061 fautoribus
1902 1003 2009 1074 Cy-

354 1103 498 1158 rilli.
534 1104 591 1157 3°
626 1100 838 1156 Mutuis
873 1117 934 1155 se
966 1096 1443 1155 accusationibus
1469 1095 1628 1150 circa
1650 1093 1827 1148 fidem
1861 1091 2006 1162 peti-

358 1195 526 1246 erant
556 1188 807 1245 Acacius
840 1192 898 1242 et
949 1186 1241 1260 Cyrillus:
1300 1184 1459 1239 unde
1508 1182 1729 1237 factum
1760 1186 1829 1235 ut
1859 1181 2010 1234 Aca-

357 1280 503 1346 cius,
537 1285 821 1349 tanquam
850 1281 1182 1342 accusatus,
1215 1274 1496 1329 inimicus
1527 1268 1890 1327 accusatoris
1918 1267 2009 1323 sui

359 1374 725 1435 censeretur,
754 1373 812 1423 et
824 1367 1009 1439 judex
1035 1381 1163 1421 esse
1185 1380 1306 1419 non
1333 1368 1570 1434 posset;
1594 1366 1659 1415 ut
1679 1362 2008 1424 accusator,

360 1459 547 1514 multo
578 1458 796 1513 minus.
852 1458 995 1511 Nam
1053 1459 1120 1509 ut
1175 1458 1336 1509 recte
1394 1452 1640 1522 Optatus
1688 1447 1792 1503 lib.
1824 1463 1919 1514 vn,
1947 1444 2009 1500 in

358 1548 612 1619 append.
638 1564 766 1620 pag.
801 1549 941 1601 370:
974 1547 1091 1600 Non
1117 1548 1298 1615 potest
1330 1544 1454 1612 quis
1484 1543 1543 1595 in
1574 1556 1687 1594 una
1717 1553 1884 1593 causa
1915 1552 2006 1591 eo-

356 1639 475 1692 dem
517 1644 786 1691 momento
817 1637 953 1690 duas
1001 1634 1269 1689 sustinere
1321 1646 1608 1702 personas,
1642 1635 1702 1683 ut
1732 1626 1794 1682 in
1825 1625 2011 1681 eodem

348 1728 562 1798 judicio
594 1732 880 1781 accusator
910 1740 1017 1780 esse
1064 1725 1235 1794 possit
1284 1728 1337 1776 et
1375 1721 1577 1792 judex.
1623 1717 1872 1772 Aeacius
1901 1715 2010 1787 Cy-

356 1816 561 1871 rillum
592 1831 797 1870 revera
816 1831 936 1869 non
957 1812 1245 1885 judicavit
1267 1828 1337 1865 ex
1360 1815 1495 1865 ante
1522 1805 1833 1863 intentatis
1853 1803 2011 1858 circa

363 1905 541 1960 ﬁdem
573 1921 608 1959 a
638 1922 699 1959 se
754 1905 881 1975 ipso
936 1900 1453 1958 accusationibus:
1513 1904 1576 1953 at
1616 1893 1918 1951 damnavit
1944 1897 2012 1946 ut

365 2000 774 2048 contumacem
801 1998 857 2047 et
881 2009 1000 2047 sua:
1023 1990 1290 2046 citationi
1322 2006 1427 2061 per
1448 1986 1755 2042 biennium
1784 1981 2014 2038 obtem-

358 2098 567 2153 perare
599 2083 1025 2137 detrectantem
1057 2098 1071 2145 ;
1105 2078 1265 2150 quod
1296 2081 1424 2131 erat
1454 2090 1621 2130 suam
1653 2072 1841 2144 ipsius
1872 2085 2013 2125 cau-

361 2187 486 2225 sam
503 2171 794 2242 judicare.
821 2171 880 2223 4⁰
905 2170 1128 2223 Levitas
1151 2166 1590 2222 accusationem
1616 2160 1830 2233 quibus
1852 2158 2015 2214 dam-

361 2266 536 2314 natus
567 2266 693 2315 erat
720 2258 994 2330 Cyrillus,
1029 2274 1163 2312 cum
1203 2255 1276 2309 ob
1327 2270 1459 2308 eam
1506 2267 1633 2305 rem
1679 2246 2014 2305 laudandus

362 2348 559 2417 potius
584 2348 756 2413 foret,
792 2346 989 2419 palam
1021 2344 1218 2399 Acacii
1248 2342 1624 2412 iniquitatem
1649 2335 2013 2410 publicabat,

369 2443 426 2491 et
453 2437 784 2510 legitimum
816 2434 1033 2506 Cyrillo
1064 2432 1203 2487 huic
1254 2429 1565 2486 sententiae
1613 2443 1734 2482 non
1777 2424 2017 2496 acquie-

365 2527 604 2591 scendi;
641 2527 761 2579 imo
795 2531 854 2578 et
884 2524 1162 2578 Acacium
1193 2521 1277 2577 uti
1302 2523 1593 2591 potestate
1627 2532 1734 2571 sua
1762 2515 2014 2570 abuten-

363 2622 481 2670 tem
512 2617 571 2669 in
597 2615 893 2687 judicium
915 2611 1160 2668 vocandi
1187 2613 1278 2682 ius
1299 2610 1495 2664 dabat.
1521 2607 1741 2662 Eadem
1770 2619 2015 2661 accusa-

360 2706 591 2760 tionum
641 2704 897 2761 levitate.
931 2702 1190 2773 seposita
1220 2700 1399 2754 etiam
1432 2696 1709 2753 falsitate.
1743 2693 2009 2749 Cmcilia-

360 2811 473 2849 nus
488 2795 699 2864 [XLIII]
717 2793 859 2847 olim
879 2791 1251 2863 septuaginta
1268 2789 1683 2860 episcoporum
1701 2781 2016 2840 sententiae

363 2889 572 2938 contra
616 2899 677 2936 se
722 2882 856 2936 lata:
887 2897 1096 2951 parere
1128 2880 1596 2943 detractaverat;
1631 2873 1789 2946 apud
1822 2873 2016 2943 Optat.

370 2971 477 3026 lib.
512 2988 551 3036 ι,
588 2988 641 3025 n.
684 2973 768 3026 l9.
891 2969 1241 3024 Violentiam
1264 2966 1569 3038 injudicio
1601 2964 1816 3020 factam
1848 2976 2022 3016 accu-

371 3078 501 3117 sare
535 3067 765 3133 poterat
794 3060 1068 3131 Cyrillus,
1091 3074 1225 3113 cum
1249 3073 1386 3112 eum
1410 3055 1654 3111 Aeacius
1684 3070 1805 3109 non
1839 3050 2022 3121 depo-

378 3152 598 3206 suisset
623 3151 839 3209 solum.
872 3147 1031 3219 quod
1061 3163 1246 3201 unum
1299 3145 1714 3201 ecclesiasticze
1747 3143 2022 3214 potestati

373 3255 755 3305 concessum;
781 3237 884 3292 sed
909 3234 1333 3307 Hierosolymis
1351 3234 1529 3288 etiam
1554 3231 2024 3302 expulisset,non
2055 3207 2097 3272 C

373 3329 501 3383 sine
524 3329 576 3381 vi
611 3332 668 3383 et
698 3328 942 3397 impetu.
977 3328 1035 3380 6°
1067 3324 1160 3379 Uti
1209 3323 1550 3395 apostolica:
1590 3320 1747 3377 sedis
1779 3316 2017 3392 praesul,

372 3427 431 3477 et
460 3437 616 3476 unus
648 3436 678 3473 e
712 3418 1041 3490 majoribus
1067 3416 1344 3471 Ecclesiae
1378 3413 1743 3487 proceribus,
1775 3418 2020 3467 conten.

370 3512 509 3566 dere
542 3514 775 3580 poterat
805 3524 865 3562 se
899 3524 1019 3561 non
1059 3507 1121 3560 in
1153 3505 1361 3578 exiguo
1413 3502 1668 3575 quodam
1701 3517 2022 3574 paucorum

373 3599 789 3671 episcoporum
822 3595 1099 3654 concilio.
1143 3593 1317 3665 quale
1372 3591 1520 3647 illud
1578 3592 1771 3646 fuerat
1803 3590 2018 3657 Acacii,

373 3689 477 3745 sed
501 3689 559 3742 in
592 3687 778 3742 multo
796 3684 1206 3741 numerosiore
1229 3690 1287 3739 et
1307 3701 1377 3737 ex
1399 3681 1670 3755 pluribus
1696 3681 2019 3753 provinciis

372 3776 855 3848 coactojudicari
889 3774 1247 3845 oportuisse.
1298 3775 1440 3828 Nam
1488 3770 1704 3826 Paulus
1746 3771 2019 3827 Samosa-

370 3873 545 3923 tenus
566 3855 903 3920 Antiochiae
936 3864 1247 3935 episCOpus
1278 3862 1582 3932 superiore
1616 3861 1831 3916 saeculo
1856 3860 2018 3931 judi-

368 3964 534 4012 catus
567 3956 757 4010 fuerat
788 3955 848 4009 in
881 3954 1132 4009 concilio
1159 3951 1365 4019 majori
1394 3950 1652 4021 plurium
1688 3950 2020 4020 provincia-

369 4062 524 4111 rum,
560 4044 632 4099 ad
666 4043 822 4114 quod
868 4042 1045 4097 etiam
1102 4040 1417 4111 Dionysius
1450 4038 1882 4093 Alexandrinus
1913 4054 2018 4108 ap-

370 4134 625 4207 pellatus
659 4134 784 4188 fuit.
819 4133 871 4187 S.
910 4130 1252 4187 Eustathius
1283 4128 1683 4183 Antiochenus
1716 4126 2022 4197 depositus

372 4233 507 4280 ante
539 4240 731 4278 annos
760 4221 964 4293 viginti
988 4227 1213 4290 septem
1246 4218 1456 4274 fuerat.
1487 4217 1549 4269 in
1581 4213 2021 4286 concilio,quod

370 4311 800 4384 Philostorgius
831 4309 934 4363 lib.
969 4324 1030 4372 ιι,
1071 4324 1130 4361 n.
1183 4311 1236 4371 ‘7,
1270 4310 1561 4359 memorat
1588 4320 1686 4358 CCL
1716 4302 2018 4375 episcopo-

370 4418 503 4457 rum
535 4401 738 4455 fuisse.
772 4396 1138 4452 Athanasius
1186 4391 1623 4449 Alexandrinus
1666 4392 1727 4446 in
1766 4392 2017 4447 concilio

372 4491 637 4561 Tyriensi
670 4486 1184 4551 numerosissimo,
1238 4489 1297 4538 et
1354 4499 1421 4539 ex
1471 4488 1592 4536 toto
1623 4481 1745 4537 fere
1779 4482 2014 4539 Oriente

2118 557 2284 626 prius
2307 574 2471 617 more
2496 560 2568 617 ab
2595 562 2952 635 imperatore
2978 568 3279 639 postulare
3310 570 3604 638 debuerit,
3638 587 3767 628 non

2119 661 2187 701 ex
2215 646 2440 704 forensi
2465 655 2895 711 consuetudine
2919 658 3188 714 omnium
3221 659 3448 731 primus
3474 660 3548 715 ad
3575 662 3770 731 majus

2117 737 2440 795 concilium
2470 742 2792 814 appellare.
2829 746 3061 817 Loquor
3113 765 3183 803 ex
3234 764 3438 804 eorum
3471 751 3773 807 sententia

2119 826 2219 896 qui
2266 828 2464 884 nullas
2508 839 2644 887 ante
2693 834 3077 905 Cyrillianam
3128 837 3188 892 in
3238 839 3503 894 Ecclesia
3538 840 3774 896 auditas

2116 916 2303 973 fuisse
2323 920 2754 991 appellationes
2778 925 3163 982 contendunt.
3188 928 3403 983 Verum
3426 928 3575 984 adeo
3597 936 3776 985 tenue

2119 1014 2209 1063 est
2228 1010 2312 1064 rei
2338 1010 2646 1082 utriusque
2668 1012 3009 1083 discrimen,
3033 1032 3100 1071 ut
3120 1034 3254 1073 cum
3276 1017 3527 1074 alterum
3550 1019 3773 1090 Cyrillo

2119 1114 2468 1155 concessum
2498 1100 2680 1157 fuisse
2721 1102 3040 1173 fateantur,
3094 1107 3255 1178 quod
3306 1108 3560 1163 alterum
3614 1125 3771 1179 prm-

2119 1187 2358 1257 optarit,
2391 1188 2451 1243 id
2480 1189 2749 1248 criminis
2779 1193 2909 1249 loco
2940 1194 3200 1267 objicere
3224 1196 3546 1252 ridiculum
3572 1197 3773 1254 videa-

2117 1281 2233 1332 tur.
2268 1278 2388 1334 Hoc
2417 1280 2573 1336 inter
2602 1284 2958 1341 revisionem
2980 1287 3193 1358 judicii
3218 1292 3276 1342 et
3299 1288 3776 1360 appellationem

2118 1368 2357 1439 proprie
2389 1369 2607 1426 dictam
2664 1374 2915 1430 interest
2967 1392 3039 1432 ex
3089 1378 3152 1432 D.
3211 1379 3383 1433 Petro
3443 1377 3515 1433 de
3555 1379 3774 1444 Marca,

2117 1455 2277 1527 quod
2307 1457 2367 1513 in
2390 1459 2679 1518 revisione
2693 1463 2906 1535 judicii
2933 1464 3115 1521 iidem
3138 1466 3604 1539 iterumjudices
3637 1481 3771 1522 esse

2118 1562 2239 1602 non
2268 1549 2717 1621 prohibeantur,
2741 1559 2949 1610 contra
2969 1555 3031 1609 in
3048 1556 3449 1627 appellatione
3466 1556 3770 1627 judicium

2119 1635 2214 1700 iis,
2246 1652 2281 1692 a
2311 1639 2529 1709 quibus
2576 1646 2667 1696 est
2710 1643 3054 1714 appellatio,
3100 1644 3405 1717 eripiatur.
3441 1647 3523 1700 Ex
3555 1645 3770 1700 eodem

2121 1732 2409 1797 praeterea
2440 1728 2540 1784 lib.
2574 1747 2673 1796 vn,
2707 1732 3041 1799 Concordiae,
3075 1750 3124 1789 c.
3156 1737 3210 1801 2,
3244 1750 3304 1789 n.
3338 1737 3393 1797 6.
3426 1734 3538 1790 hoc
3567 1735 3628 1789 in
3660 1736 3772 1790 Ec-

2042 1839 2088 1904 B
2122 1814 2304 1872 clesia
2333 1834 2369 1873 a
2400 1821 2765 1891 temporibus
2821 1823 3174 1879 Antiocheni
3205 1823 3442 1879 concilii
3475 1829 3769 1879 statutum

2122 1906 2370 1978 vigebat,
2402 1912 2467 1962 ut
2495 1909 2597 1979 qui
2628 1926 2663 1965 a
2684 1910 2931 1982 judiciis
2970 1912 3367 1984 appellarent,
3400 1917 3539 1969 ante
3574 1910 3784 1969 amnia

2120 1996 2514 2069 impetrarent
2540 2002 2895 2073 rescriptum
2927 2020 3032 2075 pro
3071 2003 3363 2059 revisione
3385 2003 3600 2073 jUdlCIi
3633 2003 3725 2058 sui
3760 2021 3777 2069 ;

2121 2087 2182 2141 in
2214 2103 2402 2159 eoque
2428 2094 2718 2146 versatam
2761 2092 2845 2147 ait
2897 2108 2957 2147 n.
3005 2093 3070 2147 10
3120 2094 3565 2148 innovationem
3598 2108 3633 2147 a
3662 2092 3775 2163 Cy-

2120 2175 2256 2230 rillo
2279 2176 2700 2248 introductam,
2734 2180 2892 2251 quod
2923 2181 3046 2238 suis
3079 2182 3385 2253 judicibus
3413 2181 3775 2253 appellatio-

2120 2281 2259 2320 nem
2286 2282 2356 2320 ex
2388 2283 2550 2323 more
2576 2268 2796 2324 forensi
2827 2271 3026 2325 statim
3058 2271 3551 2343 signiﬁcaritnec
3585 2270 3772 2342 impe-

2125 2354 2347 2411 ratoris
2366 2364 2722 2429 rescriptum
2741 2359 3057 2430 postularit
3074 2376 3142 2416 ac
3162 2360 3636 2433 impetrarit,nisi
3652 2365 3789 2431 post

2129 2444 2521 2517 significatam
2540 2448 3022 2519 appellationem.
3046 2450 3172 2515 Qua
3191 2449 3252 2505 in
3275 2466 3337 2504 re
3359 2466 3395 2504 a
3412 2449 3632 2521 Cyritlo
3655 2448 3787 2503 vio-

2122 2533 2242 2588 lata
2274 2534 2351 2588 sit
2382 2535 2656 2591 Ecclesize
2687 2537 2964 2610 dignitas,
3017 2539 3241 2612 ignoro.
3279 2537 3431 2593 Illud
3473 2553 3615 2593 sane
3648 2537 3776 2609 epi-

2130 2622 2324 2693 scopis
2354 2639 2475 2678 non
2508 2624 2811 2693 decorum,
2835 2626 2992 2697 quod
3016 2626 3480 2695 eorumjudiciis
3507 2642 3627 2680 non
3658 2629 3781 2681 ste-

2130 2717 2245 2778 tur,
2278 2728 2549 2785 novaque
2572 2715 2655 2769 uti
2679 2716 2942 2786 nequiora
2965 2715 3436 2786 praecedentibus
3468 2714 3784 2786 postulen-

2129 2804 2243 2854 tur.
2279 2799 2391 2855 Sed
2422 2801 2539 2856 sive
2571 2803 2890 2873 appellatio
2941 2804 3373 2875 interponatur,
3407 2804 3530 2860 sive
3572 2802 3785 2859 revisio

2123 2888 2338 2960 judicii
2370 2890 2725 2961 postuletur.
2757 2892 2937 2964 idque
2967 2900 3105 2949 ante
3136 2894 3226 2949 vel
3255 2899 3387 2965 post
3428 2893 3791 2965 rescriptum

2133 2978 2419 3050 principis
2442 2980 2563 3046 fiat,
2589 2980 2747 3036 idem
2771 2989 2860 3037 est
2879 2983 2951 3038 ad
2970 2983 3227 3040 dedecus
3247 2983 3792 3039 ecclesiasticorum

2126 3067 2513 3138 judiciorum.
2542 3072 2613 3124 At
2644 3071 2900 3143 Cyrillus
2928 3073 3224 3145 legitimas
3255 3089 3463 3129 causas
3495 3072 3705 3129 habuit
3729 3077 3799 3127 ut

2135 3173 2256 3212 non
2312 3158 2695 3215 revisendum
2757 3161 3048 3218 duntaxat
3096 3162 3393 3234 judicium
3452 3178 3648 3230 suum,
3691 3160 3798 3217 sed

2137 3244 2349 3317 [XLIV]
2381 3248 2560 3303 etiam
2591 3266 2828 3309 novum.
2864 3267 2898 3305 a
2926 3268 3043 3322 quo
3075 3251 3324 3307 Acacius
3356 3256 3415 3306 et
3445 3251 3534 3306 sui
3559 3249 3800 3322 judices

2132 3335 2608 3406 excluderentur,
2633 3338 2980 3410 postularet.
3009 3340 3207 3395 Primo
3238 3339 3400 3394 enim
3425 3340 3563 3410 jure
3595 3338 3796 3410 requi-
3894 3342 3901 3349 '

2132 3440 2263 3479 rere
2294 3431 2530 3498 poterat
2560 3443 2635 3483 ne
2659 3428 2928 3497 Acacius,
2955 3434 3019 3483 ut
3040 3428 3340 3496 inimicus,
3371 3434 3437 3484 ut
3465 3433 3797 3496 accusator,

2132 3518 2191 3567 et
2220 3530 2254 3570 a
2284 3530 2347 3569 se
2377 3523 2715 3584 accusatus,
2740 3516 2955 3572 iterum
2976 3516 3049 3573 de
3071 3533 3133 3572 se
3146 3517 3791 3588 judicaretpostquam

2130 3603 2193 3659 in
2222 3604 2403 3674 priori
2430 3604 2684 3675 judicio.
2718 3612 2926 3662 contra
2954 3619 3163 3663 omnes
3194 3606 3471 3662 Ecclesiae
3502 3606 3660 3678 leges
3692 3606 3787 3660 in-

2132 3692 2356 3753 stituto,
2390 3699 2510 3749 tam
2548 3694 2790 3766 publica
2819 3702 2878 3750 et
2907 3696 3222 3767 perspicua
3250 3694 3494 3751 dederat
3525 3694 3787 3750 inimici-

2131 3781 2347 3837 tiarum
2406 3781 2716 3838 adversum
2778 3801 2841 3839 se
2900 3792 3269 3857 argumenta.
3330 3782 3626 3843 Secundo.
3664 3798 3785 3839 non

2131 3869 2609 3925 emendationem
2635 3877 2867 3927 tantum
2886 3872 3466 3946 judiciirequirebat
3491 3872 3783 3944 Cyrillus;

2128 3958 2232 4013 sed
2261 3975 2323 4013 se
2354 3964 2614 4014 actorem
2647 3960 2925 4017 adversus
2966 3963 3245 4018 Acacium
3278 3969 3336 4018 et
3374 3967 3783 4017 accusatorem

2129 4047 2455 4118 professus,
2489 4064 2625 4103 eum
2671 4050 2948 4121 plurimis
3000 4049 3072 4106 de
3126 4050 3471 4106 sceleribus.
3507 4049 3580 4104 de
3612 4050 3685 4116 vi,
3719 4048 3791 4104 de

2131 4137 2668 4194 ecclesiasticarum
2691 4139 2889 4214 legum
2909 4147 3143 4197 contem
3156 4140 3359 4212 ptude
3380 4140 3609 4195 inflicta
3626 4140 3794 4194 levis-

2130 4225 2297 4280 simis
2329 4226 2401 4281 de
2430 4228 2625 4284 causis
2676 4230 3023 4303 gravissima
3079 4230 3472 4302 depositionis
3504 4234 3563 4284 et
3593 4227 3785 4284 exsilii

2127 4331 2397 4386 pmna,ac
2416 4316 2686 4373 fortassis
2711 4318 2783 4374 de
2825 4325 3113 4391 usurpata
3155 4319 3465 4374 adversum
3499 4332 3560 4372 se
3587 4321 3790 4372 aucto-

2127 4403 2301 4460 ritate
2333 4405 2668 4476 postulabat
2712 4407 2777 4462 Id
2800 4424 2868 4462 ex
2892 4408 3099 4480 Cyrilli
3133 4409 3318 4478 pestis
3339 4408 3401 4464 in
3422 4407 3674 4463 concilio
3696 4405 3795 4462 Se-

2124 4492 2411 4549 leuciensi
2434 4501 2698 4567 apparet.
2726 4496 3088 4552 Athanasius
3117 4498 3277 4552 enim
3310 4497 3383 4551 de
3407 4495 3795 4568 synodis,nu—

373 4578 641 4633 collecto.
675 4582 733 4631 7°
768 4577 1056 4647 Denique,
1081 4571 1402 4628 concilium
1434 4570 1866 4626 Antiochenum
1890 4586 2021 4626 can.
2053 4571 2100 4636 D
2135 4598 2298 4638 mero
2334 4586 2418 4643 42,
2453 4584 2764 4655 perspicue
2791 4584 2973 4640 tradit
2995 4586 3277 4641 Acacium
3300 4601 3433 4641 cum
3469 4584 3605 4640 aliis
3626 4599 3799 4639 accu_

374 4670 459 4734 15,
494 4672 695 4721 ratum
725 4671 784 4720 et
813 4662 1199 4719 irrevocabile
1230 4658 1608 4732 provincialis
1640 4657 1845 4730 synodi
1861 4658 2021 4730 judi-

369 4756 549 4817 cium.
580 4754 864 4810 adversus
895 4758 1239 4809 accusatum
1289 4748 1465 4804 certis
1515 4747 1866 4802 criminibus
1895 4748 2022 4819 epi-

370 4862 636 4917 scopum,
671 4862 737 4899 eo
787 4849 1021 4898 tantum
1074 4857 1215 4896 casu
1273 4836 1631 4901 decreverat,
1663 4839 1712 4893 si
1739 4843 2022 4893 accusatus

371 4936 760 4990 condemnetur
808 4933 875 4987 ab
935 4932 1185 4986 omnibus
1241 4929 1509 4998 episcopis
1539 4926 1779 4996 ejusdem
1799 4931 2022 4997 provin-

370 5027 492 5091 ciae,
553 5025 842 5092 cunctique
917 5024 1278 5076 consonanter
1335 5016 1575 5072 eamdem
1657 5021 1845 5070 contra
1900 5033 2021 5072 eum

367 5116 603 5181 formam
633 5112 840 5164 der-reti
877 5109 1215 5179 protulerint
1287 5105 1463 5175 Atqui
1514 5103 1767 5176 Cyrillus
1800 5121 1919 5160 non
1948 5104 2020 5161 ab

375 5201 654 5256 omnibus
681 5199 972 5271 episcopis
996 5197 1317 5269 provinciae
1348 5193 1802 5261 condemnatus,
1822 5194 1924 5249 sed
1948 5194 2020 5250 ab

372 5288 681 5345 nonnullis
715 5295 1137 5357 tantum,quos
1169 5286 1228 5339 in
1263 5300 1429 5338 suam
1462 5283 1779 5338 factionem
1813 5290 1871 5337 et
1893 5300 2022 5340 sen-

372 5381 621 5435 tentiam
656 5379 799 5433 olim
832 5383 1163 5449 pertractos
1194 5373 1410 5445 raptim
1440 5389 1508 5428 ac
1540 5372 1818 5428 festinato
1842 5372 2024 5429 colle-

376 5475 541 5543 gerat
569 5468 835 5523 Acacius.

446 5561 531 5613 43.
565 5560 859 5613 Cum‘tam
892 5553 1093 5609 multae
1124 5550 1343 5624 Cyrillo
1392 5554 1777 5624 suppeterent
1805 5568 2021 5622 causas,

374 5648 693 5721 quominus
711 5645 951 5703 informi
965 5643 1193 5717 judicio
1211 5640 1527 5698 adversum
1547 5655 1608 5697 se
1630 5639 1750 5698 lato
1780 5647 2025 5718 acquie-

2134 4677 2328 4728 satum
2357 4672 2541 4728 fuisse
2573 4689 2899 4746 eorumque
2929 4674 3283 4748 principem.
3317 4675 3417 4747 qui
3457 4690 3593 4730 eum
3627 4689 3798 4729 accu-

2134 4767 2396 4818 satorum
2427 4779 2671 4818 suorum
2703 4764 2983 4820 adversus
3006 4782 3067 4821 se
3100 4765 3550 4821 vociferantium
3583 4762 3791 4820 crimi-

2132 4852 2407 4907 nationes
2441 4852 2739 4913 timerent.
2764 4854 3063 4926 adjunctis
3086 4854 3194 4909 sibi
3230 4855 3463 4910 Arianis
3495 4852 3789 4909 secessio-

2133 4956 2269 4996 nem
2306 4940 2619 4996 fecerunt:
2649 4940 2849 5013 aitque
2875 4943 3142 4999 Socrates
3171 4943 3274 4998 lib.
3304 4961 3362 5012 ιι,
3392 4960 3519 5014 cap.
3548 4945 3795 5003 40.Aca—

2134 5030 2293 5085 cium
2326 5046 2361 5086 a
2387 5030 2662 5087 Patribus
2703 5032 2943 5088 concilii
2992 5034 3276 5103 (instante
3309 5039 3368 5088 et
3396 5034 3793 5103 persequente

2135 5118 2378 5189 Cyrillo)
2406 5119 2466 5174 in
2492 5121 2595 5191 jus
2622 5128 2913 5177 vocatum.
2938 5128 3001 5176 ut
3032 5138 3211 5177 causa
3241 5124 3373 5193 ejus
3395 5119 3789 5191 judicaretur.

2135 5207 2476 5279 Eademque
2533 5225 2687 5281 pene
2745 5209 3041 5266 habentur
3094 5211 3251 5283 apud
3313 5210 3534 5265 Sozom.
3580 5206 3682 5262 lib.
3715 5221 3791 5270 ιν,

2137 5312 2188 5351 c.
2223 5298 2313 5350 22.

2206 5387 2294 5439 44.
2356 5384 2613 5457 Cyrillus
2670 5387 2788 5442 sive
2836 5387 3258 5459 appellationis
3308 5385 3621 5448 beneficio,
3670 5384 3790 5439 sive

2134 5474 2666 5546 perspicuajudicii
2681 5492 2798 5546 quo
2818 5475 2909 5548 dej
2920 5483 3084 5532 ectus
3104 5477 3297 5532 fuerat
3312 5475 3791 5546 iniquitate,qum

2134 5561 2401 5635 legitima
2429 5563 2654 5632 multis,
2678 5564 2787 5620 hac
2815 5570 2875 5619 et
2902 5565 3293 5638 sequentibus
3323 5563 3620 5630 aetatibus,
3653 5577 3793 5618 san-

2136 5650 2247 5709 ctis
2276 5651 2571 5725 episcopis
2600 5652 2821 5726 gradus
2852 5655 2944 5714 sui
2992 5653 3289 5715 retinendi
3318 5668 3501 5715 causa
3525 5652 3652 5709 visa
3681 5653 3792 5719 est,
