4090 6268
232 356 313 414 '73

1671 356 1920 420 DlSSEE

2030 362 2189 423 l'l‘lO
2232 362 2279 423 l.
3596 370 3673 427 ’74

238 507 300 547 se
332 506 588 564 semper
615 495 687 546 ut
714 489 1062 563 episcopum
1094 489 1324 560 habuit,
1358 491 1479 547 sive
1517 490 1676 563 apud
1711 490 1915 563 Sylva—
1947 493 1992 560 Α
2030 497 2441 553 semi-Arianis
2474 501 2616 553 sunt
2635 499 2877 571 prOpria
2896 498 3185 555 duntaxat
3212 517 3591 557 recenseam:
3615 502 3678 557 in

242 598 393 636 num
426 583 755 654 hospitem,
791 580 911 636 sive
935 581 995 635 in
1027 581 1281 638 concilio
1304 581 1767 649 Seleuciensi,in
1790 598 1907 652 quo

250 687 389 726 cum
417 672 669 743 reliquis
709 672 1006 744 episcopis
1054 670 1346 737 consedit,
1380 688 1573 742 neque
1606 676 1671 725 ut
1701 687 1731 725 e
1765 687 1908 725 con-

250 777 427 817 sessu
449 761 785 817 discederet
805 760 930 816 ulla
949 761 1181 816 ratione
1203 761 1397 832 potuit
1414 761 1656 816 adduci:
1683 760 1915 815 eodem-

255 867 374 921 que
396 850 526 906 loco
557 851 800 907 habitus
833 856 942 919 est,
976 849 1385 923 nequidquam
1417 850 1708 905 fremente
1739 855 1798 904 et
1822 849 1912 903 in-

255 938 536 1012 dignante
566 939 806 1007 Acacio,
840 940 959 995 sive
988 956 1023 995 a
1053 940 1303 1012 Sylvano
1335 946 1396 995 et
1424 939 1764 1012 conjunctis
1796 938 1918 1009 epi-

258 1030 474 1101 scopis,
509 1030 629 1084 sive
661 1046 696 1084 a
722 1029 997 1085 Patribus
1028 1029 1269 1085 concilii
1313 1028 1735 1095 Seleuciencis,
1771 1028 1915 1082 Pul-

252 1135 346 1176 sus
375 1121 769 1189 Hierosolymis
806 1120 1089 1174 Acaciana
1133 1121 1210 1187 vi,
1256 1119 1610 1174 Antiochiam
1632 1120 1912 1189 perrexit,

255 1226 425 1280 quam
450 1226 574 1265 cum
597 1216 823 1279 pastore
842 1210 1091 1264 orbatam
1110 1210 1339 1275 videret,
1366 1208 1543 1263 verba
1563 1213 1699 1263 sunt
1729 1208 1915 1263 Theo-

256 1299 452 1355 doreti
484 1299 589 1354 lib.
622 1315 681 1367 ιι,
712 1300 885 1365 Hist.,
917 1316 967 1354 c.
1000 1301 1068 1352 26
1108 1300 1359 1365 (Leontio
1387 1298 1641 1353 videlicet
1669 1304 1912 1363 mortuo,

251 1388 485 1445 necdum
514 1387 809 1457 subrogato
857 1394 909 1443 et
954 1388 1251 1454 Eudoxio),
1275 1394 1705 1457 praetergressus
1734 1392 1833 1453 est,
1865 1391 1916 1440 et

258 1480 491 1533 Tarsum
538 1480 824 1547 profectus
880 1492 1002 1532 cum
1056 1477 1388 1531 admirando
1454 1476 1693 1545 Sylvano
1748 1476 1912 1530 vixit.

255 1566 418 1632 Quod
472 1582 593 1620 cum
650 1568 890 1621 Aeacius
943 1567 1264 1630 rescivisset,
1326 1564 1540 1621 litteras
1593 1566 1813 1634 scripsit
1844 1563 1920 1618 ad

256 1654 585 1723 Sylvanum,
634 1657 794 1725 eique
836 1656 1231 1725 depositionem
1264 1653 1462 1724 Cyrilli
1507 1655 1806 1709 nuntiavit.
1846 1656 1918 1708 At

258 1744 362 1797 ille
390 1750 443 1798 et
473 1743 739 1814 Cyrillum
777 1743 1065 1804 reveritus.
1123 1750 1174 1798 et
1222 1742 1497 1814 populum
1548 1741 1919 1811 reformidans

2028 586 2281 641 concilio
2306 588 2621 659 Ancyrauo
2647 603 2786 642 ann.
2816 590 2941 651 358,
2967 589 3121 644 circa
3150 589 3394 655 Pascha,
3429 591 3680 646 Gallica-

2026 692 2240 731 norum
2274 676 2689 747 episcoporum
2722 678 2822 748 qui
2849 677 3235 732 Sirmiensem
3267 693 3405 733 ann.
3445 680 3546 733 35‘7
3578 680 3681 734 im-

2026 765 2246 835 pietam
2290 765 2780 831 condemnarant,
2816 766 2953 821 fidei
2992 766 3666 838 imperturbataaincon-

2026 870 2335 925 cussaaque
2373 855 2532 909 fama
2561 856 2789 910 incitati
2822 862 2963 911 sunt
2990 862 3055 910 ut
3084 856 3356 912 eamdem
3389 856 3497 910 sub
3528 874 3675 912 ana-

2019 944 2284 999 themate
2316 945 2777 1015 proscriberent,
2808 952 2867 1000 et
2896 945 2968 1000 ab
2995 946 3142 1015 ipsis
3171 946 3513 1001 auctoribus
3547 962 3675 1001 eam

2019 1034 2079 1087 in
2110 1033 2365 1089 concilio
2396 1034 2705 1089 Sirmiensi
2740 1051 2878 1089 ann.
2934 1036 3038 1089 358
3091 1036 3311 1107 ejurari
3340 1041 3683 1105 satagerent

2017 1122 2221 1192 (Hilar.
2280 1124 2357 1177 De
2410 1125 2624 1193 synod.,
2678 1140 2737 1178 n.
2783 1126 2857 1192 3).
2916 1126 2980 1179 In
3040 1125 3309 1195 proxime
3346 1124 3528 1179 citato
3562 1125 3684 1179 Sir-

2019 1211 2235 1267 miensi
2263 1212 2517 1268 concilio
2567 1217 2822 1283 quatuor
2877 1212 3188 1268 Africanos
3224 1214 3537 1284 episcopos
3571 1214 3682 1268 sibi

2019 1300 2405 1373 conjunxere,
2454 1318 2524 1356 ex
2570 1302 2890 1357 Sozomeno
2942 1301 3049 1356 lib.
3113 1319 3185 1368 ιν,
3232 1319 3281 1356 c.
3320 1304 3406 1363 15,
3438 1308 3682 1372 tumque

2017 1389 2287 1444 fortassis
2317 1390 2391 1444 ad
2422 1390 2592 1445 Afros
2615 1396 2674 1445 et
2699 1389 3032 1446 Orientales
3052 1406 3260 1445 omnes
3292 1391 3681 1460 scripserunt,

2017 1481 2084 1531 ut
2113 1477 2401 1548 ejicereut
2435 1494 2469 1534 a
2502 1484 2711 1534 sancta
2742 1478 3007 1534 Ecclesia
3060 1477 3381 1547 ὁμοούσιον,
3415 1478 3681 1537 dicentes

2021 1582 2226 1621 secum
2261 1568 2482 1622 sentire
2511 1573 2569 1621 et
2597 1569 2765 1623 Afros
2798 1573 2857 1622 et
2881 1568 3213 1623 Orientales
3244 1584 3487 1634 omnes;
3526 1568 3684 1639 quod

2030 1660 2280 1710 testatur
2311 1658 2525 1711 Marius
2560 1657 2893 1712 Victorinus
2924 1657 3008 1711 lib
3060 1674 3097 1719 1,
3130 1674 3186 1728 p.
3217 1662 3342 1723 262,
3372 1674 3559 1727 eoque
3590 1674 3681 1712 re-

2022 1745 2168 1802 ferri
2201 1750 2395 1815 potest
2424 1745 2583 1816 quod
2623 1746 2696 1800 de
2729 1746 2945 1801 Basilio
2993 1748 3306 1817 Ancyrano
3348 1762 3681 1815 conquere—

256 1839 454 1903 utpote
482 1835 583 1903 qui
613 1832 811 1903 Cyrilli
839 1834 1194 1888 concionibus
1216 1832 1509 1887 admodum
1525 1831 1910 1896 delectaretur,
1947 1862 1993 1927 Β
2027 1832 2247 1889 bantur
2278 1835 2552 1890 Acaciani
2585 1835 2645 1889 in
2689 1834 2942 1889 concilio
2999 1835 3679 1906 Constantinopolitano,

253 1938 384 1977 eum
418 1922 489 1975 ab
520 1920 882 1977 ecclesiastico
911 1920 1218 1977 ministerio
1264 1921 1697 1992 haudquaquam
1717 1920 1914 1990 prohi-

261 2012 405 2067 buit.
441 2012 939 2068 Communionem
970 2027 1208 2083 quoque
1252 2027 1320 2066 ac
1349 2012 1502 2066 forte
1532 2007 1916 2066 consuetudi-

259 2116 401 2155 nem
436 2106 563 2155 tum
603 2100 745 2155 fovit
787 2117 925 2156 cum
974 2100 1191 2156 Basilio
1247 2102 1559 2172 Ancyrano
1591 2105 1651 2154 et
1675 2097 1918 2169 Georgio

258 2188 619 2253 Laodiceuo,
656 2206 788 2261 quae
820 2190 931 2261 ipsi
953 2189 1025 2244 ab
1048 2188 1284 2245 Arianis
1314 2188 1551 2243 crimini
1581 2188 1719 2244 data
1747 2191 1923 2253 est,et

256 2278 321 2333 in
353 2276 616 2333 concilio
648 2277 1304 2349 Constantinopolitano
1326 2277 1468 2333 anni
1490 2276 1615 2344 360,
1646 2275 1719 2332 ab
1751 2275 1836 2330 eis
1860 2274 1921 2329 in

210 2399 220 2409 -
257 2368 455 2423 causis
488 2368 625 2439 ejus
656 2366 1046 2437 depositionis
1094 2366 1380 2438 allegata;
1429 2365 1586 2437 apud
1616 2365 1919 2420 Sozomen.

259 2456 364 2513 lib.
396 2474 467 2524 IV,
503 2473 557 2513 c.
594 2458 685 2510 25.
719 2457 890 2511 Forte
922 2455 1174 2527 Cyrillus
1206 2456 1520 2527 Georgium
1548 2460 1607 2510 et
1639 2452 1922 2510 Basilium

259 2547 514 2601 consilio
539 2550 600 2601 et
624 2562 809 2617 opera
832 2545 1161 2616 adjuverat,
1184 2545 1245 2600 in
1270 2544 1344 2601 iis
1367 2561 1498 2615 quae
1521 2542 1698 2600 ambo
1718 2542 1921 2598 adver-

259 2652 362 2691 sus
376 2635 713 2691 Eudoxium
731 2634 834 2689 illo
854 2640 1116 2706 tempore
1130 2633 1322 2689 moliti
1337 2638 1638 2701 suut,cum
1654 2636 1923 2687 coactum

261 2726 495 2798 Georgii
521 2726 764 2780 hortatu
787 2727 1164 2797 Ancyranum
1189 2724 1509 2780 concilium
1536 2722 1924 2777 Sirmiensem

261 2814 589 2870 formulam
621 2831 762 2869 ann.
794 2816 920 2882 357,
953 2814 1025 2869 ab
1057 2814 1320 2869 Eudoxio
1370 2813 1432 2868 in
1481 2812 1695 2868 concil.
1719 2810 1927 2866 Antio-

264 2904 460 2960 cheno
491 2903 807 2976 probatam
836 2903 1155 2965 damnavit,
1178 2909 1237 2960 et
1263 2901 1336 2958 ab
1364 2900 1704 2957 auctoribus
1736 2904 1926 2954 retra—

263 2996 413 3048 ctari
445 2993 806 3065 procuravit.
862 2991 987 3046 Vid.
1041 2992 1263 3047 Sozom.
1318 2991 1422 3046 lib.
1456 3008 1529 3058 1v,
1561 3007 1610 3045 c.
1650 2992 1715 3043 12
1747 2994 1803 3043 et
1838 2989 1921 3042 t3.

261 3084 456 3138 Erunt
474 3088 687 3137 contra
708 3082 809 3153 qui
834 3081 1123 3152 Cyrillum
1143 3087 1444 3147 accusent,
1469 3078 1628 3149 quod
1648 3076 1723 3132 ad
1745 3076 1927 3132 semi-

259 3175 521 3228 Arianos
550 3172 905 3244 confugerit,
933 3186 1256 3242 eorumque
1280 3170 1562 3225 societate
1586 3173 1645 3224 et
1664 3180 1923 3223 commu-

256 3264 445 3317 nione
478 3262 558 3316 sit
586 3277 750 3317 usus.
786 3263 930 3316 Nam
963 3266 1081 3315 tres
1108 3260 1283 3315 modo
1316 3258 1629 3314 memorati
1662 3256 1924 3328 episcopi

257 3352 576 3423 Sylvanus,
600 3350 875 3418 Basilius,
900 3350 1204 3422 Georgius,
1228 3350 1408 3419 hujus
1438 3347 1718 3403 factionis
1748 3343 1924 3400 verbo

256 3439 799 3497 consubstantialis
831 3438 1088 3494 inimicae
1136 3439 1440 3510 principes
1482 3441 1670 3491 erant.
1706 3435 1806 3490 His
1838 3437 1929 3489 est

258 3530 527 3585 breviter
555 3528 1072 3600 respondendum.

331 3622 422 3673 45.
458 3618 652 3691 [XLV]
687 3617 887 3672 Primo
918 3633 1033 3687 quo
1066 3634 1128 3672 se
1158 3616 1475 3687 reciperet.
1510 3629 1687 3684 quem
1719 3610 1925 3683 appel-

265 3708 417 3764 laret
447 3707 706 3778 Cyrillus
726 3707 755 3761 ‘l
806 3706 1070 3761 Liberius
1102 3705 1297 3761 adhuc
1355 3702 1522 3759 exsul
1552 3701 1781 3775 agebat,
1815 3699 1929 3755 sibi

264 3798 380 3869 ipsi
413 3796 806 3851 succurrendi
853 3796 1083 3866 impos;
1134 3800 1312 3866 atque
1359 3793 1471 3847 hoc
1504 3792 1632 3863 ipso
1664 3796 1929 3859 tempore

266 3884 433 3939 urbis
466 3901 671 3939 amore
729 3883 1118 3938 Athanasium
1163 3888 1223 3936 et
1274 3882 1575 3935 Nicasnum
1610 3878 1929 3933 concilium

268 3974 429 4045 turpi
458 3973 633 4045 lapsu
657 3972 973 4028 deserebat
997 3970 1369 4026 Alexandria)
1397 3967 1931 4038 incubabatlupus,

274 4062 584 4134 Georgius.
614 4062 785 4133 pulso
814 4077 923 4133 per
956 4059 1066 4114 vim
1100 4057 1421 4114 Athanasio
1453 4057 1610 4112 sedis
1643 4057 1771 4127 ejus
1803 4071 1932 4110 sce-

273 4151 464 4207 lestus
497 4151 751 4206 invasor.
806 4149 1121 4206 Antiochia
1170 4148 1447 4219 episcopo
1479 4146 1760 4200 destituta
1787 4148 1929 4199 erat.

1952 3220 2000 3285 ο

2029 1938 2169 1977 anu.
2205 1925 2329 1988 360,
2364 1940 2496 1978 eum
2522 1940 2737 1995 nempe
2759 1923 3065 1979 Valentem
3089 1929 3149 1978 et
3178 1925 3485 1979 Ursacium
3518 1925 3677 1994 apud

2030 2013 2340 2084 episcopos
2370 2013 2577 2068 Africae
2612 2013 2765 2067 datis
2794 2012 2866 2067 ad
2917 2028 3017 2067 eos
3047 2012 3259 2067 litteris
3293 2013 3675 2071 insimulasse

2032 2103 2263 2173 (Sozom.
2299 2102 2400 2156 lib.
2436 2119 2511 2171 IV,
2546 2119 2596 2157 c.
2630 2104 2738 2171 24).
2794 2103 2857 2156 In
2915 2102 3145 2156 concilio
3175 2101 3521 2167 Seleuciensi,
3555 2118 3675 2156 cum

2029 2198 2244 2247 sanctus
2273 2191 2526 2247 Hilarius
2572 2208 2633 2246 eo
2690 2208 2811 2246 cum
2866 2193 3075 2246 ceteris
3104 2193 3456 2256 convenisset,
3487 2194 3681 2260 quasi-

2032 2288 2147 2334 tum
2175 2281 2243 2335 ab
2274 2296 2354 2346 eo,
2390 2280 2472 2335 ait
2502 2279 2798 2351 Sulpicius
2831 2279 2932 2337 lib.
2974 2296 3037 2347 ιι,
3086 2279 3231 2334 Hist.
3267 2296 3431 2343 sacr.,
3462 2297 3518 2349 p.
3553 2282 3677 2350 255,

2031 2386 2153 2440 qua:
2184 2376 2317 2424 esset
2367 2370 2651 2425 Gallorum
2697 2371 2866 2438 ﬁdes:
2912 2371 3045 2439 quia
3096 2375 3209 2423 tum
3250 2371 3477 2423 Arianis
3503 2385 3679 2438 prava

2031 2460 2097 2513 de
2127 2461 2194 2512 iis
2223 2459 2596 2527 vulgantibus,
2630 2461 2868 2528 suspecti
2896 2459 2963 2512 ab
2995 2459 3368 2513 Orientalibus
3401 2458 3679 2512 habeban-

2036 2553 2125 2601 tur
2155 2549 2484 2617 trionymam
2515 2548 2756 2602 solitarii
2817 2548 2915 2601 Dei
2967 2547 3228 2602 unionem
3256 2548 3551 2601 secundum
3581 2548 3680 2602 Sa-

2035 2636 2257 2691 bellium
2277 2636 2586 2692 credidisse.
2612 2637 2738 2701 Sed,
2764 2638 3015 2706 apposita
3033 2637 3139 2706 ﬁde
3168 2653 3267 2691 sua
3280 2638 3451 2706 jumta
3473 2654 3533 2690 ea
3555 2652 3677 2705 qum

2039 2725 2180 2778 Nisae
2238 2731 2396 2779 erant
2473 2742 2507 2778 a
2591 2726 2849 2780 Patribus
2908 2728 3240 2795 conscripta.
3308 2726 3681 2780 Orientalibus

2028 2813 2312 2882 perhibuit
2353 2813 2727 2868 testimonium
2779 2816 2863 2869 Ita
2889 2814 3154 2869 absolutis
3186 2817 3430 2870 omnium
3460 2816 3679 2881 animis,

2035 2904 2188 2957 intra
2213 2905 2600 2958 conscientiam
2629 2902 3047 2970 communionis,
3072 2920 3280 2958 necnon
3311 2906 3477 2958 etiam
3509 2906 3565 2957 in
3594 2919 3680 2957 so-

2037 2994 2292 3047 cietatem
2340 2999 2586 3063 receptus
2629 2994 2973 3061 concilioque
3016 2995 3217 3047 ascitus
3266 2998 3363 3046 est.
3414 2993 3554 3045 Post
3583 2990 3682 3044 Se-

2036 3081 2338 3136 leuciense
2371 3079 2714 3146 concilium,
2743 3080 2923 3149 hujus
2954 3080 3127 3152 legati
3177 3078 3687 3148 Constantinopoli

2038 3176 2298 3243 agentes,
2319 3169 2712 3223 Ariminensis
2731 3168 2939 3239 synodi
2962 3168 3170 3241 legatis
3191 3186 3340 3239 quos
3362 3184 3537 3239 prava
3561 3183 3689 3222 sen-

2040 3260 2147 3313 tire
2180 3258 2547 3324 nesciebant,
2576 3258 2820 3328 impiam
2853 3257 3003 3311 Aetii
3039 3257 3312 3312 haeresim
3340 3264 3397 3311 et
3424 3257 3686 3311 occultas

2030 3349 2383 3403 Arianorum
2399 3364 2472 3401 ne
2492 3347 2596 3401 illa
2615 3347 3352 3402 damnareturmolitiones
3372 3346 3690 3400 denuntia-

2032 3443 2385 3508 runt;eaque
2403 3436 2603 3491 omnia
2619 3436 3098 3491 Occidentalibus
3119 3436 3396 3491 Ecclesiis
3416 3435 3692 3489 nuntian-

2034 3525 2109 3581 da
2137 3541 2503 3598 suggessere,
2545 3524 2701 3595 apud
2752 3525 2933 3580 Hilar.
2982 3526 3208 3596 Fragm.
3249 3527 3333 3585 t0,
3368 3541 3427 3578 n.
3468 3527 3513 3578 1.
3550 3525 3687 3577 Post

2035 3614 2355 3670 concilium
2399 3613 3146 3683 Constantinopolitanum,
3178 3629 3333 3667 anno
3377 3616 3500 3679 360,
3534 3611 3688 3665 datis

2038 3702 2257 3757 Hilario
2310 3701 2382 3756 ad
2428 3700 2763 3756 Gallicanos
2809 3701 3046 3762 litteris,
3083 3702 3436 3755 Arianorum
3471 3701 3685 3754 trium-

2038 3792 2218 3862 phum
2253 3796 2311 3845 et
2337 3797 2611 3861 suscepta
2640 3797 2845 3845 contra
2894 3790 3069 3844 ﬁdem
3104 3790 3353 3844 consilia
3385 3790 3686 3857 signiﬁca-

2037 3887 2195 3937 runt.
2233 3880 2447 3951 quibus
2493 3879 2729 3933 concilii
2780 3879 2990 3949 {XLVI}
3043 3878 3392 3933 Parisiensis
3424 3877 3685 3947 episcopi

2037 3969 2318 4025 fraternis
2351 3975 2409 4023 et
2439 3966 3063 4023 honorificentissimis
3117 3966 3331 4019 litteris
3363 3965 3687 4035 responde-

2040 4065 2183 4114 runt
2213 4057 2606 4129 Hilarfragm.
2636 4060 2721 4122 11,
2740 4059 2831 4110 ιι.1
2862 4060 2919 4109 et
2938 4058 2986 4107 4.
3017 4057 3131 4108 Nec
3154 4053 3561 4109 Occidentales
3584 4068 3693 4123 pe-

2042 4150 2205 4203 nitus
2224 4147 2296 4202 ab
2316 4163 2523 4201 eorum
2542 4144 2960 4200 communione
2978 4142 3444 4199 abstinebant:id
3468 4158 3586 4196 non
3607 4158 3696 4195 so-

278 4242 412 4296 Veri
445 4245 508 4295 et
536 4240 753 4295 sinceri
788 4239 927 4293 ﬁdei
958 4237 1301 4292 defensores
1334 4235 1422 4289 vel
1454 4235 1513 4289 in
1542 4233 1768 4290 exsiliis
1800 4249 1938 4304 pro-
2044 4238 2168 4293 lum
2200 4228 2269 4292 ex'
2296 4237 2470 4291 modo
2502 4236 2849 4291 memoratis
2880 4234 3084 4289 Hilarii
3118 4235 3178 4289 in
3207 4234 3462 4289 concilio
3497 4232 3701 4288 Seleu-

274 4330 482 4401 scripti
504 4329 777 4401 agebant,
802 4327 894 4381 vel
920 4327 982 4380 in
1006 4325 1251 4380 latebris
1273 4322 1725 4378 ocellltabantur
1752 4321 1937 4376 Semi-
2045 4326 2252 4393 ciensi,
2286 4331 2345 4381 et
2373 4324 2725 4381 Parisiensis
2754 4324 2992 4379 concilii
3018 4323 3305 4394 exemplis
3319 4327 3571 4386 constat,
3598 4321 3701 4376 sed

276 4418 486 4475 Ariani
521 4434 673 4489 quos
704 4416 931 4474 dicunt.
964 4414 1197 4469 fervens
1229 4420 1353 4468 tum
1388 4411 1666 4468 adversus
1689 4411 1939 4465 Arianos
2047 4423 2105 4471 et
2134 4421 2271 4471 ante
2309 4415 2564 4469 Hilarius
2594 4414 2695 4468 lib.
2733 4416 2807 4468 De
2839 4413 3083 4485 synodis,
3115 4429 3176 4468 ῃ,
3213 4416 3302 4477 77,
3337 4428 3488 4484 quos
3520 4410 3704 4467 semi-

280 4509 552 4566 εῑιιάίιιῐῐὶ
584 4504 1085 4562 demonstrabant
1119 4507 1177 4556 2°
1217 4500 1613 4558 Serui-Ariani
1640 4507 1806 4576 βιῑνᾶ
1833 4501 1936 4553 Εοο
2045 4505 2297 4560 Arianos
2332 4503 2605 4565 dicimus.
2636 4508 2803 4558 vocat
2831 4510 3044 4558 sanctos
3073 4504 3219 4557 viros
3240 4503 3545 4559 Orientales
3575 4502 3704 4571 cpi-

279 4598 484 4655 clesiaa
506 4596 996 4652 communionem
1020 4610 1139 4648 non
1162 4598 1353 4648 erant.
1376 4591 1547 4646 Nullo
1578 4590 1817 4663 publico
1839 4591 1940 4644 Ec-
1971 4585 2015 4649 D
2046 4610 2275 4664 scapos;
2304 4610 2363 4647 ιι.
2400 4595 2488 4659 78,
2519 4591 2792 4647 studiosos
2824 4593 3137 4663 apostolica
3187 4598 3352 4661 atque
3382 4592 3708 4661 evangelicae

281 4686 484 4743 clesiaa
500 4683 756 4757 judicio,
773 4680 934 4755 quod
952 4679 1194 4752 quidem
1213 4694 1425 4734 exsecu
1435 4676 1579 4731 tioni
1596 4675 1920 4732 mandatun

2058 4684 2325 4738 doctrinae
2368 4684 2556 4746 viros;
2603 4698 2663 4736 n.
2716 4683 2803 4748 79,
2854 4683 3059 4748 fratres
3106 4680 3486 4748 charissimos;
3518 4696 3577 4734 ιι.
3619 4682 3710 4745 80,

279 4776 521 4842 fuisset,
544 4772 811 4829 damnati
832 4776 937 4826 aut
960 4769 1273 4842 proscripti
1304 4767 1562 4823 fuerant.
1590 4767 1656 4820 In
1687 4766 1949 4830 Oriente.
2058 4771 2147 4838 88,
2181 4775 2315 4838 etc.,
2347 4772 2718 4825 sanctissimos
2748 4771 2916 4837 viros,
2941 4774 3053 4823 etc.
3086 4769 3440 4824 Athanasius
3473 4783 3712 4839 quoque

280 4872 347 4920 ut
377 4863 660 4925 vidimus,
685 4860 1030 4933 promiscua
1051 4857 1395 4914 communio
1416 4861 1562 4911 erat.
1584 4857 1802 4911 Omnes
1826 4854 1950 4909 fere
2063 4863 2134 4917 Do
2162 4862 2383 4931 Synod”
2412 4877 2471 4916 υ,
2506 4862 2597 4922 41,
2643 4860 2949 4915 Αοδοίεωίε
2997 4858 3273 4914 refutatis
3305 4858 3389 4914 sic
3420 4859 3494 4914 ad
3528 4857 3709 4913 semi-

284 4954 470 5025 hujus
492 4952 681 5025 partis
706 4954 894 5013 erant.
913 4947 1169 5019 ἀθωριὶε
1194 4945 1426 5002 “lanis
1450 4960 1699 4999 ῐὶιιῐηθτο
1722 4944 1950 5015 Ρειιιοίδι
2063 4952 2310 5008 Arianos
2342 4951 2744 5006 convertitur:
2795 4952 2951 5005 Viros
3000 4952 3098 5020 qui
3126 4950 3252 5005 alia
3280 4951 3502 5020 quidem
3530 4951 3717 5004 omnia

284 5050 353 5098 ut
381 5047 634 5114 apparet
659 5057 730 5095 ex
760 5037 1017 5094 concilio
1044 5033 1435 5098 Seleuciensi.
1459 5033 1519 5087 in
1554 5049 1668 5104 quo
1700 5048 1952 5087 numero
2063 5041 2257 5097 Nicaea:
2285 5042 2494 5109 scripta
2523 5041 2823 5108 recipiunt,
2871 5038 2939 5092 de
2984 5038 3102 5093 solo
3144 5045 3329 5095 autem
3359 5038 3716 5093 consubstan-

290 5137 394 5189 105
451 5134 702 5188 fuerunt
760 5147 831 5185 ex
883 5128 1060 5183 Hilar.
1123 5126 1227 5180 lib.
1288 5142 1373 5191 III,
1434 5130 1581 5180 cont.
1643 5124 1949 5191 Constant,
2066 5129 2218 5183 tialis
2247 5128 2509 5184 vocabulo
2559 5128 2869 5198 ambigunt,
2924 5143 3035 5182 non
3090 5133 3154 5182 ut
3206 5129 3454 5182 inimicos
3482 5127 3721 5197 spectari

286 5239 454 5279 num.
492 5225 575 5276 I2.
608 5221 756 5275 Cum
788 5214 1267 5275 Occidentalibus
1316 5212 1431 5285 ipsi
1470 5212 1920 5268 communionem

2057 5234 2170 5288 par
2196 5222 2313 5280 est;
2343 5232 2519 5286 neque
2545 5218 2690 5270 enim
2736 5216 2884 5271 velut
2933 5218 3313 5271 Ariomanitas
3342 5223 3439 5270 aut
3486 5218 3723 5270 Patrum

289 5329 411 5368 non
444 5310 827 5367 recusabant.
853 5308 928 5363 Ut
955 5306 1116 5361 enim
1148 5304 1426 5359 omittant
1454 5307 1667 5357 cratera
1696 5317 1954 5356 commu-
2066 5307 2408 5362 adversarios
2457 5304 2701 5361 homines
2774 5305 3171 5376 aggrediatur;
3230 5305 3325 5361 sed
3380 5306 3724 5375 disputamus

290 5403 489 5458 nionis
516 5402 725 5469 hujus,
745 5414 877 5470 quas
902 5394 1434 5451 semi-Al‘ianorum
1456 5390 1527 5445 ab
1550 5390 1783 5446 Arianis
1805 5389 1961 5444 divi-5
2066 5396 2241 5450 veluti
2267 5396 2474 5463 fratres
2504 5410 2625 5449 cum
2649 5395 2942 5463 fratribus,
2975 5396 3075 5465 qui
3113 5394 3299 5449 eadem
3331 5411 3441 5464 qua
3469 5408 3564 5447 nos
3594 5398 3724 5447 sunt

294 5492 527 5547 sionem
556 5490 1007 5561 princesserunt
1035 5488 1504 5555 argumenta.”
1529 5480 1801 5535 conciliis
1829 5478 1960 5534 Phi-
2067 5484 2358 5547 sententia,
2418 5483 2534 5538 solo
2592 5485 2811 5538 nomine
2870 5486 2929 5538 in
2988 5486 3408 5539 controversiam
3462 5481 3720 5536 adducto.

295 5580 758 5654 Ιὶρροροιὶιδῐιο.
802 5572 1232 5630 Μθάίοιειῠεῑιεί
1276 5588 1418 5627 ann.
1465 5571 1589 5639 349,
1650 5569 1958 5626 Sirmiensi
2072 5572 2249 5628 Addit
2278 5571 2432 5628 infra
2462 5572 2641 5628 talem
2670 5589 2798 5628 esse
2836 5572 3118 5627 Basilium
3150 5575 3394 5643 Ancyrae
3418 5571 3477 5623 in
3506 5566 3629 5621 suis
3652 5568 3723 5621 de

298 5687 433 5728 ann.
467 5673 594 5735 351,
636 5663 1070 5723 Μεὰἰοιιιιιθιιεί
1113 5678 1255 5718 ann.
1294 5664 1421 5728 355,
1450 5664 1705 5731 sumpta,
1739 5665 1799 5716 et
1826 5676 1920 5731 qua

2072 5661 2188 5717 fide
2212 5662 2477 5733 scriptis;
2502 5661 2943 5734 quibus,quoad
2964 5666 3269 5716 externam
3293 5662 3503 5715 saltem
3528 5658 3584 5705 et
3605 5654 3734 5721 oris

618 5788 894 5848 Panos.
942 5784 1059 5845 Gn.
1103 5777 1380 5843 XXXIII.
3368 5775 3406 5832 3
