4090 6268
431 303 509 360 75
1713 300 1813 360 DE
1857 300 2041 361 VITA
2085 303 2150 362 S.
2198 301 2543 364 CYRILLI.
3766 308 3839 367 '76

427 432 879 505 professionem,
913 432 1278 505 adjungendi
1309 431 1616 503 conjuncti
1640 431 1753 503 ipsi
1784 431 2067 504 episcopi.
2102 436 2153 501 Α
2183 449 2448 505 praesens
2480 438 2737 506 tempus.
2771 434 3055 507 Sylvanus
3082 434 3351 504 demum,
3376 452 3556 508 quem
3585 437 3840 494 Theodo.

427 524 623 579 Tertio
655 524 876 595 itaque,
912 523 1147 578 tametsi
1193 522 1266 578 de
1317 521 1569 578 occultis
1601 521 1915 576 hominum
1947 537 2088 576 sen-
2188 530 2354 580 retus
2384 525 2774 581 admirandum
2805 527 2995 582 virum
3027 527 3229 582 dicere
3272 544 3391 582 non
3426 526 3678 594 dubitat,
3711 544 3833 584 san-

425 614 627 673 tentiis
650 612 1196 684 nullumjudicium
1220 611 1450 666 institui
1476 612 1682 683 possit,
1709 618 1769 666 et
1790 628 1859 665 ex
1883 626 2088 666 conse-
2191 614 2267 669 cti
2301 631 2537 686 quoque
2568 615 2769 670 Basilii
2798 615 3006 688 elogiis
3032 617 3365 671 honoratur
3396 617 3566 688 epist.
3604 619 3690 681 82,
3716 634 3837 692 pag.

427 701 744 773 quentibus
776 702 1068 756 Eustathii
1115 701 1447 768 Sebasteni,
1484 700 1714 772 Georgii
1747 698 2087 762 Laodiceni,
2193 706 2288 758 151
2320 720 2333 769 ;
2369 704 2541 774 epist.
2575 708 2663 769 79,
2697 722 2753 776 p.
2791 707 2885 760 141
2917 730 2931 771 ς
2988 706 3157 776 epist.
3209 708 3299 773 50,
3353 723 3412 777 p.
3468 708 3556 760 '78.
3586 707 3842 777 Elpidius

426 792 644 847 Eleusii
679 792 967 862 Cyziceni,
1010 796 1145 858 etc.,
1196 790 1398 863 gestis,
1453 790 1552 861 qui
1585 789 1646 844 in
1677 789 1952 844 haeresim
1986 792 2089 843 aut
2191 808 2346 847 unus
2381 810 2411 847 e
2440 793 2677 848 concilii
2711 794 3111 849 Seleuciensis
3140 794 3351 867 legatis
3380 795 3515 861 fuit,
3550 795 3651 866 qui
3683 797 3839 851 Occi.

428 881 688 936 schisma
718 881 867 952 lapsi
900 885 1057 948 sunt,
1091 881 1301 952 ingens
1346 880 1605 950 suspicio
1640 879 1701 933 in
1734 895 1941 933 eorum
1974 878 2086 932 hoc
2192 880 2525 936 dentalium
2555 883 2837 938 adversus
2863 885 3179 939 Anommos
3211 884 3390 939 ﬁdem
3414 884 3837 956 imploravere;

426 974 691 1041 tempore
723 968 904 1023 ﬁdem
934 974 1322 1041 aspergatur;
1350 973 1552 1023 tamen
1585 983 1655 1022 ex
1689 983 1893 1023 eorum
1927 972 2088 1021 exte-
2193 976 2251 1024 et
2280 970 2342 1024 in
2375 987 2581 1026 eorum
2614 973 2714 1043 qui
2746 972 2819 1027 ad
2853 972 3150 1027 Liberium
3202 972 3545 1043 delegavere
3578 990 3716 1028 ann.
3744 976 3838 1028 366

423 1059 567 1113 riori
600 1059 988 1130 professione,
1017 1075 1151 1129 qua:
1204 1057 1357 1112 nihil
1406 1074 1443 1112 a
1492 1056 1731 1112 Nicaana
1760 1057 1880 1111 nisi
1910 1055 2086 1111 verbo
2193 1075 2443 1114 numero
2475 1060 2606 1128 fuit,
2638 1066 2697 1116 et
2726 1078 2761 1116 a
2792 1062 3007 1116 Basilio
3057 1062 3229 1132 epist.
3265 1065 3354 1129 72,
3388 1079 3443 1133 p.
3481 1064 3605 1129 118,
3639 1063 3838 1119 lauda-

427 1153 601 1203 tenus
624 1147 969 1215 dissidebat,
993 1153 1272 1217 recteque
1296 1146 1605 1202 intellecta
1626 1146 1833 1201 eodem
1855 1144 2091 1200 redibat
2193 1153 2309 1202 tur-
2342 1149 2470 1203 Vid.
2506 1151 2676 1221 epist.
2706 1153 2808 1204 215
2842 1156 2900 1205 et
2928 1153 3051 1205 322.
3081 1151 3362 1221 Superest
3393 1152 3674 1224 Georgius
3700 1152 3838 1206 Lao-

415 1237 619 1310 judice
645 1237 972 1292 Athanasio
995 1237 1124 1291 loco
1148 1237 1349 1302 citato,
1374 1241 1432 1290 et
1457 1235 1711 1299 Hilario,
1738 1236 1812 1290 De
1840 1234 2086 1305 synodis,
2192 1235 2459 1305 dicenus,
2492 1239 2663 1309 cujus
2694 1238 2867 1293 initia
2915 1244 2974 1293 et
3024 1239 3205 1293 ﬁnem
3251 1255 3373 1294 non
3412 1240 3697 1295 damnare
3726 1256 3840 1295 non

426 1343 486 1382 n.
520 1329 608 1394 '72,
642 1328 731 1393 74,
766 1331 853 1393 77,
903 1328 992 1394 89,
1025 1331 1084 1380 et
1127 1341 1197 1379 ex
1242 1340 1451 1379 eorum
1492 1324 1773 1379 adversus
1806 1324 2087 1379 Arianam
2192 1341 2529 1396 possumus.
2564 1328 2638 1380 At
2669 1343 2764 1381 an.
2800 1329 2901 1382 358
2933 1328 3164 1383 fervens
3196 1328 3507 1384 adversum
3531 1333 3841 1385 Anommos

426 1416 798 1486 impietatem
821 1415 1038 1482 studio,
1061 1413 1316 1485 Cyrillus
1339 1431 1439 1469 eos
1460 1414 1545 1467 uti
1568 1413 1784 1468 fratres
1804 1418 1864 1467 et
1887 1430 2087 1469 secum
2194 1414 2455 1470 studium
2486 1415 2975 1475 demonstrabat,
3006 1416 3302 1473 Eudoxius
3355 1420 3537 1487 enim,
3572 1420 3673 1490 qui
3719 1420 3840 1474 sine

431 1504 640 1560 eadem
668 1504 995 1559 sentientes
1019 1508 1287 1574 spectare
1309 1508 1560 1574 poterat,
1587 1518 1796 1557 eorum
1828 1518 2091 1557 commu—
2194 1502 2323 1574 ejus
2355 1509 2414 1557 et
2442 1503 2695 1558 aliorum
2722 1505 2795 1559 ad
2822 1521 2970 1576 quos
2992 1505 3202 1561 electio
3233 1508 3571 1578 pertinebat
3595 1524 3841 1564 consen-

429 1594 673 1648 nionem
705 1592 1005 1663 amplecti,
1031 1598 1090 1646 et
1120 1592 1181 1646 in
1212 1591 1390 1647 rebus
1421 1591 1657 1646 afﬂictis
1688 1590 2087 1663 patrocinium
2195 1609 2284 1659 su,
2308 1594 2739 1650 Antiochenam
2762 1595 3087 1651 Ecclesiam
3112 1605 3664 1670 occupaverat,cum
3687 1599 3842 1654 Aria-

435 1699 720 1755 quaarere.
758 1683 873 1736 Nec
904 1682 1124 1736 idcirco
1156 1687 1258 1735 aut
1307 1682 1368 1736 in
1420 1681 1557 1744 ﬁde,
1591 1686 1695 1736 aut
1726 1681 1788 1735 in
1820 1696 2084 1735 commu-
2193 1697 2333 1736 nam
2370 1683 2647 1739 hmresim
2698 1684 2894 1755 palam
2944 1702 3011 1740 ac
3061 1684 3291 1741 detecta
3332 1687 3526 1742 fronte
3557 1689 3842 1759 praedica-

427 1773 606 1828 nione
633 1771 897 1837 variavit,
933 1771 1093 1842 quod
1125 1771 1238 1842 ipsi
1271 1787 1306 1825 a
1336 1770 1549 1825 Ruﬁno
1589 1771 1903 1842 objicitur:
1937 1786 2085 1840 quos
2114 1805 2165 1872 Β
2194 1775 2286 1825 ret
2311 1773 2411 1843 (3),
2442 1772 2664 1828 multos
2695 1774 2795 1844 qui
2830 1774 2944 1829 sibi
2992 1774 3458 1832 adversabantur
3492 1778 3741 1833 clericos
3773 1776 3841 1832 ab

429 1863 590 1919 enim
622 1862 983 1917 Athanasius
1030 1866 1089 1916 et
1133 1861 1390 1916 Hilarius
1417 1865 1483 1916 ut
1509 1861 1723 1916 fratres
1762 1859 2083 1927 habebant,
2114 1859 2162 1872 ⁶’
2192 1859 2455 1916 Ecclesia
2487 1862 2697 1933 ejecit:
2731 1863 2831 1934 qui
2854 1879 2987 1918 cum
3015 1864 3090 1918 ad
3111 1865 3425 1938 Georgium
3447 1866 3842 1921 Laodicenum

430 1972 506 2011 an
527 1955 652 2026 ipse
676 1971 779 2026 pro
803 1955 1064 2009 inimicis
1086 1954 1442 2010 habuisset?
1472 1955 1669 2025 Neque
1692 1953 1912 2009 idcirco
1945 1969 2081 2009 con-
2192 1966 2254 2005 se
2285 1951 2671 2022 recepissent.
2703 1951 2932 2007 litteras
2981 1953 3083 2008 ille
3135 1954 3221 2009 eis
3266 1954 3429 2009 dedit
3471 1956 3546 2011 ad
3576 1955 3843 2011 Macedo-

431 2045 840 2100 substantialis
862 2050 964 2100 aut
984 2045 1165 2101 ﬁdem
1196 2050 1299 2100 aut
1328 2060 1530 2099 vocem
1563 2044 1950 2116 rejecit,sicut
1977 2059 2085 2099 ne-
2190 2039 2377 2109 nium,
2436 2040 2720 2095 Basilium
2767 2047 2827 2095 et
2882 2042 3232 2115 Cecropium
3291 2044 3838 2110 Νἰοοωθᾶὶθοεθως

431 2152 547 2207 que
578 2136 834 2191 Hilarius
867 2151 1003 2189 cum
1037 2136 1121 2190 eis
1153 2135 1213 2188 in
1254 2133 1507 2190 concilio
1541 2133 1902 2189 Seleuciensi
1932 2134 2084 2189 resi-
2189 2127 2404 2198 quibus
2422 2129 3061 2201 signiﬁcatEudoxium
3084 2132 3236 2186 Aetii
3258 2132 3579 2205 discipulos
3600 2134 3676 2189 ab
3699 2134 3842 2206 ipsis

429 2225 646 2292 dendo,
679 2242 873 2296 neque
897 2226 1172 2279 Dianmus
1195 2224 1578 2278 Cmsariensis
1604 2223 1665 2278 in
1687 2224 2078 2295 Cappadocia,
2185 2216 2432 2273 infamia
2471 2218 2774 2286 multatos,
2807 2220 2868 2273 in
2917 2220 3144 2275 clerum
3184 2223 3573 2293 promovisse,
3604 2224 3840 2279 Aetium

428 2314 519 2368 vel
545 2314 857 2387 Gregorius
882 2315 1273 2369 Nazianzenus
1296 2313 1483 2368 sancti
1507 2318 1706 2384 patres
1729 2312 1791 2366 in
1817 2311 2079 2385 generali
2185 2324 2306 2378 pra}
2337 2309 2565 2363 caeteris
2595 2309 2657 2363 in
2688 2309 2918 2365 deliciis
2949 2309 3168 2365 habere
3193 2328 3207 2378 ;
3240 2311 3512 2367 hortatur
3540 2318 3607 2367 ut
3656 2328 3835 2385 quam

429 2403 686 2459 Orientis
736 2404 1160 2458 communione
1204 2403 1593 2467 remanendo,
1626 2402 1862 2457 tametsi
1902 2401 2077 2457 ambo
2186 2398 2448 2454 maximo
2481 2415 2732 2455 numero
2775 2401 3008 2471 possint
3039 2400 3100 2455 in
3133 2418 3320 2456 unum
3367 2404 3747 2460 conveniant.
3782 2406 3838 2456 et

425 2498 631 2563 postea
663 2492 1024 2546 Ariminensi
1046 2492 1320 2547 formulas
1345 2490 1846 2562 subscripserint;
1878 2506 2074 2561 neque
2182 2486 2437 2542 aliorum
2466 2489 2882 2560 episcoporum
2915 2490 3383 2560 subscriptiones
3415 2490 3838 2563 postulent,uti

420 2582 593 2636 multi
625 2581 726 2635 alii
759 2581 821 2635 in
844 2581 1105 2647 Oriente,
1130 2580 1233 2634 ubi
1254 2580 1559 2635 neminem
1580 2580 1674 2634 his
1706 2578 2074 2651 temporibus
2182 2576 2479 2633 Eudoxius
2510 2578 2746 2633 Aetium
2796 2578 3056 2633 Ecclesia
3109 2580 3386 2650 expellat,
3434 2588 3746 2652 promotos
3776 2582 3835 2635 in

417 2669 943 2724 consubstantialis
966 2675 1467 2741 propugnatorem
1488 2669 1784 2723 exstitisse
1813 2667 2074 2723 incredi-
2180 2665 2407 2721 clerum
2431 2668 2560 2739 ejus
2582 2667 2905 2739 discipulos
2923 2668 3251 2740 dejiciat,et
3267 2669 3501 2724 desinat
3520 2673 3838 2726 Anommos

415 2759 552 2814 bilis
581 2777 825 2831 prorsus
856 2775 950 2813 res
981 2764 1089 2814 est.
2178 2754 2729 2811 dissimilitudinem
2748 2757 3141 2828 praedicantes
3163 2759 3459 2813 contraria
3478 2758 3839 2813 docentibus

485 2852 574 2904 46.
606 2852 823 2915 Quarto
872 2849 1153 2920 denique,
1206 2849 1248 2904 ii
1293 2849 1649 2920 quibuscum
1700 2849 2071 2904 communio-
2175 2850 2539 2917 anteponere
2567 2846 2667 2900 His
2698 2845 2928 2918 Georgii
2960 2845 3175 2901 litteris
3215 2847 3458 2913 factum,
3483 2854 3548 2901 ut
3575 2848 3835 2903 Basilius

2175 2939 2233 2988 et
2261 2934 2362 2989 alii
2393 2934 2455 2989 in
2486 2934 2710 3006 synodo
2739 2936 3053 3006 Ancyrana
3085 2941 3144 2989 et
3169 2942 3377 3007 postea
3405 2937 3833 3004 Sirmiensi,si-

413 3029 702 3099 majorem
735 3026 1016 3082 omnibus
1059 3026 1198 3083 ﬁdei
1243 3027 1519 3083 ardorem
1550 3028 2062 3083 demonstrabant.
2171 3022 2576 3079 militudinem
2608 3023 2957 3078 substantia)
3005 3024 3454 3092 conﬁrmarent,
3489 3031 3547 3080 et
3576 3027 3830 3093 impiam

412 3118 680 3187 Quinque
713 3118 970 3171 maxime
1015 3116 1087 3170 ab
1115 3117 1411 3173 historicis
1441 3124 1868 3182 memorantur,
1901 3116 2059 3172 Basi-
2095 3176 2133 3187 _
2171 3112 2557 3168 Sirmiensem
2604 3129 2741 3167 ann.
2798 3115 2901 3167 359
2946 3114 3266 3169 formulam
3312 3132 3433 3170 non
3464 3115 3832 3172 damnarent

410 3176 526 3261 lius
550 3176 1125 3278 A-ncyraa,Sylvanus
1150 3208 1476 3275 Tarsensis,
1500 3208 1765 3279 Elpidius
1790 3176 2052 3263 Satalen-
2088 3176 2134 3245 α
2170 3200 2384 3268 SOlum,
2417 3201 2521 3256 sed
2552 3208 2611 3257 et
2640 3201 2710 3256 ab
2752 3202 2989 3257 Ursacio
3034 3208 3092 3257 et
3141 3204 3383 3259 Valente
3412 3204 3826 3261 damnandam

411 3295 513 3362 sis,
548 3295 832 3367 Georgius
866 3296 1247 3364 Laodicenns,
1303 3297 1645 3351 Eustathius
1676 3296 2054 3352 Sebastenus.
2163 3295 2569 3361 procurarent.
2605 3290 2704 3344 His
2736 3291 3124 3362 temporibus,
3158 3310 3289 3364 quas
3321 3293 3545 3364 optima
3577 3311 3728 3349 sane
3761 3293 3825 3348 in

405 3384 487 3438 De
524 3384 742 3439 Basilio
795 3400 975 3453 supra
1021 3384 1275 3440 vidimus
1321 3385 1578 3458 elogium
1624 3386 1952 3441 Athanasii.
2001 3388 2056 3442 Is
2161 3380 2279 3434 vita
2307 3379 2565 3434 hominis
2595 3380 2865 3450 alioquin
2895 3380 3166 3435 illaudati
3198 3381 3824 3455 eluxerunt,Cyrillus

405 3473 675 3528 omnium
699 3490 828 3543 quae
852 3476 1094 3546 Ancyrae
1118 3480 1175 3530 et
1192 3474 1389 3530 δὴ·ωῆ
1412 3476 1726 3530 adversum
1748 3477 2054 3531 Anomoeos
2160 3468 2659 3523 consuetudinem
2684 3485 2817 3523 cum
2846 3485 2912 3523 eo
2933 3469 3159 3537 habuit,
3184 3486 3360 3541 quam
3382 3471 3627 3543 abrupit
3647 3487 3823 3538 sane,

397 3568 563 3634 gesta
583 3568 722 3617 sunt
741 3569 905 3617 actor
927 3570 984 3618 et
1004 3564 1284 3620 incitator
1306 3581 1374 3620 ac
1396 3564 1768 3634 conscriptor
1787 3564 1935 3630 fuit;
1969 3564 2054 3619 si-
2158 3566 2476 3631 postquam
2509 3576 2571 3614 se
2604 3558 2703 3613 ille
2731 3558 2925 3613 Acacii
2957 3559 3226 3630 partibus
3248 3560 3531 3628 reddidit,
3557 3568 3703 3616 ante
3730 3560 3825 3615 vel

396 3650 699 3706 militudin
710 3668 800 3706 em
827 3651 960 3706 Filii
985 3668 1119 3707 cum
1138 3654 1310 3708 Patre
1330 3653 1406 3710 ad
1428 3652 1630 3708 omnia
1648 3669 1894 3723 prorsus
1916 3670 2051 3708 eum
2157 3650 2333 3721 paulo
2356 3654 2490 3721 post
2509 3649 2827 3704 concilium
2849 3649 3575 3722 Constantinopolitanum
3598 3652 3824 3707 an.360

396 3739 730 3794 extendisse
750 3739 929 3794 ﬁdem
952 3739 1092 3796 facit
1110 3742 1237 3813 ejus
1263 3740 1621 3812 subscriptio
1641 3739 1913 3796 formulae
1938 3741 2051 3796 Sir-
2155 3755 2227 3793 ex
2256 3739 2460 3811 Epiph.
2495 3738 2707 3793 haeres.
2740 3755 2930 3803 Lxxm,
2964 3756 3022 3795 n.
3055 3740 3144 3794 28.

392 3829 643 3885 miensis
678 3846 819 3885 ann.
845 3831 1138 3901 359,apud
1163 3832 1370 3903 Epiph.
1405 3832 1615 3887 hmres.
1650 3849 1847 3900 Lxxm,
1874 3849 1932 3886 n.
1957 3835 2046 3887 22.
2774 3827 3007 3882 CAPUT
3049 3827 3188 3883 VlII.

394 3918 680 3990 Sylvanus
702 3919 907 3990 Cyrilli
936 3920 1153 3992 hospes
1172 3922 1233 3974 in
1254 3921 1508 3976 concilio
1527 3921 1890 3975 Seleuciensi
1912 3937 2048 3975 con.
2151 3919 2228 3972 De
2256 3916 2645 3972 successoribus
2677 3914 2881 3984 Cyrillo
2911 3918 3137 3971 diversis
3169 3919 3500 3987 temporibus
3530 3920 3602 3974 ab
3636 3921 3819 3977 Aria-

2254 4022 2330 4060 na
2356 4007 2597 4075 factione
2635 4005 2805 4066 datis.
2838 4021 2903 4060 ac
2925 4007 3274 4075 potissimum
3306 4007 3373 4060 de
3401 4008 3701 4078 Eutychio.

2219 4096 2306 4147 47.
2340 4093 2619 4165 Cyrillum
2652 4093 2941 4164 tantisper
2969 4093 3131 4149 Tarsi
3182 4094 3587 4166 hospitantem
3619 4098 3820 4153 relin-

2147 4198 2421 4254 quamus,
2481 4188 2546 4237 ut
2594 4181 3020 4254 Jerosolymam
3063 4184 3281 4237 reversi
3334 4185 3397 4239 in
3448 4185 3817 4242 substitutos

390 4292 594 4331 coram
645 4276 1004 4347 imperatore
1052 4273 1274 4341 habita,
1308 4274 1587 4345 princeps
1620 4275 2041 4346 disputationis
2146 4271 2258 4343 ipsi
2282 4288 2653 4327 successores
2675 4272 3219 4342 inquiramus.Cum
3241 4272 3498 4344 Cyrillus
3519 4292 3682 4347 saepe
3709 4276 3817 4331 de-

383 4364 531 4433 fuit;
566 4366 626 4419 in
658 4381 775 4435 qua
816 4375 1127 4418 Anommos
1182 4363 1374 4435 coegit
1417 4369 1482 4418 ut
1528 4363 1747 4418 multas
1789 4365 2040 4420 Arianas
2144 4362 2372 4431 positus
2403 4367 2461 4416 et
2488 4360 2744 4416 Ecclesia
2774 4359 2981 4431 pulsus
3033 4360 3109 4414 sit
3156 4359 3422 4432 [XLVIII]
3461 4365 3644 4419 annis
3680 4366 3817 4431 358,

380 4453 785 4526 blasphemias
807 4453 1186 4507 anathemate
1203 4451 1536 4519 ferirent,et
1559 4452 2035 4508 consubstantia-
2142 4452 2266 4515 360,
2293 4452 2417 4519 367,
2452 4450 2610 4522 quod
2642 4449 2921 4504 ultimum
2953 4449 3229 4503 exsilium
3254 4466 3551 4506 annorum
3585 4453 3820 4511 duode-

376 4542 496 4599 lem
527 4544 685 4598 Patri
718 4541 939 4596 Filium
972 4539 1339 4595 credendum
1366 4556 1494 4595 esse
1525 4540 1816 4611 probavit,
1852 4541 2034 4613 siqui-
2069 4542 2115 4603 Ι)
2146 4540 2263 4596 cim
2292 4540 2440 4608 fuit;
2474 4539 2688 4594 diversi
2724 4554 2959 4609 quoque
2990 4537 3103 4609 ipsi
3150 4538 3399 4595 diversis
3426 4543 3818 4613 temporibus

413 2955 553 2994 nem
572 2944 674 2994 aut
689 2938 1034 2993 societatem
1052 2938 1163 2993 hoc
1184 2943 1449 3009 tempore
1472 2938 1769 2994 retinebat
1790 2937 2065 3010 Cyrillus,

395 4007 704 4063 ﬁrmandae
726 4008 997 4063 formula:
1020 4009 1409 4064 Antiochense
1440 4015 1648 4064 auctor
1670 4009 1950 4063 fuit.Inde
1972 4009 2047 4064 ad

395 4097 819 4169 imperatorem
844 4096 1147 4169 delegatus
1178 4114 1313 4152 cum
1336 4097 1572 4165 Basilio,
1606 4097 1838 4169 [XLVII]
1874 4097 2047 4152 Eleu-

393 4186 503 4253 sio,
533 4187 858 4250 Eustathio,
882 4186 943 4239 in
964 4185 1282 4240 collatione
1305 4202 1440 4240 cum
1464 4186 1723 4240 Eudoxio
1748 4191 1805 4241 et
1832 4187 2042 4242 Acacio

377 4631 513 4687 dem
548 4630 914 4686 Theodoreto
948 4629 1096 4684 ﬁdes
1146 4628 1519 4697 adhibeatur,
1560 4629 1661 4684 lib.
1699 4647 1761 4694 ιι,
1793 4633 2026 4699 Histor.,

375 4738 501 4793 cap.
528 4725 614 4774 27.
641 4722 753 4774 Nec
782 4719 979 4773 minus
1002 4718 1062 4773 in
1088 4734 1157 4773 eo
1183 4718 1465 4773 conflictu
1491 4719 1710 4774 Eleusii
1743 4726 1802 4775 et
1829 4721 2029 4777 Eusta-

372 4810 483 4863 thii
520 4809 706 4864 eluxit
736 4807 1089 4862 constantia.
1124 4807 1285 4862 Idem
1337 4807 1621 4878 Sylvanus
1652 4824 1788 4864 cum
1820 4811 2028 4867 Eusta—

372 4898 497 4952 thio
524 4905 581 4951 et
602 4896 928 4966 Theophilo
950 4897 1374 4960 Castabalensi.
1401 4897 1725 4953 multorum
1747 4899 2025 4968 aliorum,

372 4985 436 5039 in
467 4985 683 5055 quibus
715 4991 805 5039 est
832 4984 1118 5055 Elpidius,
1169 4986 1411 5041 nomine
1450 5003 1591 5041 ann.
1638 4989 1740 5041 366
1772 4988 2025 5061 delegati

368 5074 442 5129 ad
474 5074 772 5128 Liberium
815 5074 1181 5145 pontiﬁcem,
1231 5074 1696 5131 declarationem
1732 5094 1853 5133 suae
1886 5078 2027 5165 ﬁdei

364 5161 681 5227 dederunt,
711 5162 773 5217 in
803 5179 920 5233 qua
950 5163 1253 5219 Nicamum
1284 5163 1624 5234 symbolum
1657 5161 2027 5240 amplectun:

362 5256 481 5314 tur.
511 5268 759 5323 seseque
789 5257 966 5308 antea
1011 5254 1275 5309 tenuisse
1321 5255 1708 5325 proﬁtentur,
1740 5276 2022 5330 κεκρατη-

352 5338 501 5392 κέναι
530 5339 619 5392 καὶ
667 5344 900 5412 κρατεῖν,
951 5342 1107 5413 apud
1160 5343 1381 5399 Socrat.
1435 5344 1540 5400 lib.
1589 5363 1662 5413 Iv,
1691 5363 1741 5401 ο.
1787 5350 1871 5400 12.
1908 5346 2022 5401 Eu-

350 5428 603 5484 stathius
648 5435 856 5501 postea
885 5430 948 5487 in
1004 5431 1281 5488 haeresim
1340 5432 1587 5506 lapsus:
1623 5434 1727 5490 sed
1759 5434 1914 5490 nihil
1946 5434 2021 5490 ad

429 5606 508 5678 (3)
541 5607 689 5677 Soz.,
724 5607 829 5665 lib.
866 5626 938 5677 IV,
971 5626 1022 5665 c.
1058 5611 1125 5664 12
1155 5617 1214 5666 et
1246 5614 1330 5666 13.
1423 5665 1426 5667 Α

2139 4648 2512 4688 successores
2544 4629 2820 4701 oppositi.
2851 4630 2916 4683 In
2949 4629 3041 4683 his
3073 4631 3458 4687 recensendis
3491 4649 3617 4688 non
3657 4636 3817 4691 satis

2137 4738 2383 4777 concors
2413 4727 2725 4776 auctorum
2776 4719 3091 4774 sententia.
3128 4720 3232 4775 Hic
3276 4735 3377 4776 eos
3427 4739 3645 4779 omnes
3682 4743 3815 4781 uno

2136 4816 2459 4883 conspectu
2509 4814 2938 4880 repraesentare
2963 4808 3149 4879 juvat,
3181 4814 3247 4863 ut
3297 4809 3549 4867 liberius
3582 4820 3815 4884 postea

2137 4901 2413 4955 decurrat
2432 4898 2641 4952 oratio.
2666 4899 2884 4951 Eorum
2906 4896 3153 4951 nomina
3182 4900 3244 4950 et
3271 4896 3546 4954 ordinem
3574 4917 3815 4957 secun-

2135 4989 2277 5044 dum
2307 4988 2567 5043 diversos
2593 4991 2865 5041 auctores
2897 4984 2980 5039 sic
3011 4984 3192 5039 habes
3219 5001 3233 5038 :

2275 5080 2361 5132 Ea:
2388 5079 2721 5145 Hieronymo
2752 5076 2809 5127 in
2858 5073 3172 5142 Chronico,
3204 5072 3280 5127 ad
3308 5090 3443 5131 ann.
3481 5077 3610 5131 349.

2204 5169 2345 5222 Post
2364 5165 2701 5231 Maximum,
2723 5160 2995 5233 Cyrillus.

2203 5253 2545 5326 Eutychius.

2203 5346 2459 5400 Rursum
2489 5338 2766 5412 Cyrillus.

2203 5432 2482 5490 Irenmus.
