4094 6282
288 307 364 366 77
1617 312 1721 372 DE
1768 310 2284 378 DlSSEHTATIO
2330 320 2379 379 Ῑ.

354 440 562 497 Tertio
595 440 874 514 Cyrillus.

356 529 647 586 Hilarius.

363 619 588 683 Quarto
619 619 900 691 Cyrillus.

547 713 637 766 Ea:
662 709 978 781 Epiphanio
1024 709 1212 766 haeres.
1244 725 1393 779 um,
1433 726 1583 766 num.
1615 714 1703 766 20.

374 801 650 873 Cyrillus.

371 892 730 947 Herennius.

366 980 623 1053 Cyrillus
649 981 821 1038 alter.

369 1071 736 1127 Hilarionus.

287 1163 380 1217 Ea:
407 1168 639 1232 sacrate,
675 1160 773 1216 lib.
808 1175 866 1227 11,
900 1157 1071 1226 Hist.,
1110 1173 1232 1229 cap.
1277 1159 1368 1226 45,
1396 1164 1447 1213 et
1477 1158 1689 1214 Sozam.
1742 1157 1837 1227 1gb.
1874 1173 1948 1226 1v,

1000 1263 1123 1318 cap.
1161 1248 1252 1303 30.

365 1339 644 1411 Cyrillus.

365 1430 700 1486 Herennius
731 1428 947 1485 Sozam.
982 1427 1133 1481 Socr.
1172 1424 1518 1481 Arrhenius.

375 1519 702 1575 Heraclius.

375 1607 649 1664 Hilarius.

373 1694 624 1768 Cyrillus
651 1693 1020 1765 Jerosolyma
1046 1708 1337 1770 reversus.

3632 335 3711 393 78

1988 444 2041 510 Α
2069 441 2175 502 lib.
2202 464 2259 514 ιι,
2292 466 2342 505 c.
2375 451 2465 521 45,
2493 460 2812 530 postquam
2840 465 3011 533 geeta
3031 478 3153 519 non
3186 463 3377 519 solum
3410 465 3552 521 anni
3582 466 3710 523 360.

2067 536 2171 624 sed
2201 539 2379 595 etiam
2409 544 2548 598 anni
2582 545 2677 599 361
2714 548 2935 603 retulit.
2960 550 3104 605 Cum
3134 568 3270 607 vero
3306 552 3706 624 Hieronymus

2062 623 2354 683 Irenaeum
2385 630 2604 702 Cyrillo
2639 637 2963 694 sucessisse
3008 638 3185 705 dicat,
3243 623 3561 712 postquam
3597 642 3708 698 iste

2062 712 2263 770 sedem
2296 736 2534 775 rursum
2557 725 3039 794 conscendisset;
3074 745 3194 783 non
3223 734 3359 785 ante
3390 732 3709 787 concilium

2060 800 2458 877 Seleucience,
2480 827 2596 881 quo
2627 813 2937 871 restitutus
2960 817 3191 872 estsine
3225 817 3403 873 dubio
3434 818 3708 890 Cyrillus,

2059 896 2118 945 et
2142 894 2408 963 proxime
2443 906 2711 955 secutum
2742 904 3068 959 concilium
3100 906 3708 980 Constantinopolita—

2058 998 2225 1051 num,
2257 1002 2414 1043 anno
2445 989 2570 1060 360,
2611 1009 2727 1063 quo
2761 999 2851 1049 est
2880 994 3142 1051 secunda
3169 997 3291 1053 vice
3324 998 3627 1070 depositus
3655 1004 3712 1055 et

2057 1073 2387 1144 exsultavit,
2422 1094 2664 1136 vacuam
2718 1082 2922 1139 sedem
2954 1084 3229 1141 invadere
3261 1087 3457 1158 potuit
3485 1089 3712 1144 Heren-

2054 1163 2208 1218 nius.
2246 1164 2362 1220 Sub
2392 1167 2626 1225 Juliano
2646 1172 2901 1243 Cyrillus
2935 1174 3407 1247 Hierosolymam
3439 1179 3698 1247 revertit,

2055 1252 2446 1311 etEcclesiam
2463 1264 2693 1314 mortuo
2709 1260 2795 1316 vel
2812 1261 2983 1333 pulso
3002 1263 3301 1320 Herennio
3316 1266 3695 1322 administra-

2052 1341 2152 1405 vit,
2185 1341 2257 1398 ad
2288 1360 2513 1402 annum
2569 1365 2757 1421 usque
2806 1352 2929 1420 367,
2961 1370 3077 1425 quo
3109 1355 3318 1425 pulsus
3349 1356 3615 1412 Ecclesia
3645 1362 3703 1413 et

2051 1429 2197 1486 urbe
2226 1431 2357 1487 fuit.
2390 1436 2654 1507 Tumque
2686 1439 2887 1511 plures
2918 1441 3306 1498 nominantur
3326 1444 3397 1499 ab
3427 1445 3691 1500 auctori-

2052 1521 2163 1577 bus
2193 1524 2454 1596 praefatis
2484 1527 2760 1585 Ecclesiae
2791 1532 3116 1588 invasores.
3146 1534 3469 1603 Heraclius,
3503 1536 3699 1593 Hella-

2050 1609 2205 1695 dius,
2237 1614 2424 1695 Arvis,
2456 1616 2710 1695 Cyrillus
2740 1620 2910 1686 alter,
2933 1622 3307 1692 Hilarionus;
3334 1641 3586 1695 quorum
3604 1625 3702 1680 Hi-

2050 1687 2338 1760 larionus,
2363 1687 2691 1766 Epiphanio
2716 1702 2864 1753 teste
2882 1700 3095 1756 haeresi
3117 1718 3267 1770 LxVI,
3292 1687 3369 1757 '11..
3391 1706 3476 1769 20,
3497 1703 3698 1759 Eccle-

292 1786 385 1839 Ea:
412 1791 636 1841 auctore
663 1786 898 1856 antiquo
928 1781 1497 1853 catalogz‘patriarch.
1530 1781 1590 1835 in
1620 1780 1736 1837 cod.
1772 1781 1935 1836 Coz'sl.
1966 1808 2016 1876 Β
2050 1777 2151 1833 size
2190 1787 2444 1851 praeerat
2491 1789 2549 1838 et
2593 1786 2945 1843 Arianorum
2991 1791 3411 1845 communione
3456 1791 3698 1849 infamis

879 1877 1002 1942 120,
1025 1888 1163 1945 pag.
1200 1872 1320 1928 124.

364 1963 622 2037 Cyrillus
649 1980 841 2020 annos
872 1963 959 2017 15.

362 2052 670 2109 Heraclius
700 2068 891 2108 annos
922 2052 975 2106 6.

359 2142 669 2198 Helladius
698 2158 888 2197 annos
922 2142 1008 2196 12.

355 2230 622 2304 Cyrillus
652 2247 841 2287 annos
876 2232 963 2284 35.

500 2320 839 2391 Nicephorus
869 2320 929 2375 tn
958 2317 1461 2390 Chronographia,
1496 2334 1559 2388 p.
1592 2319 1718 2373 410.

356 2408 638 2481 Cyrillus.

356 2498 675 2554 Arsenius.

360 2587 691 2643 Heraclius.

362 2676 645 2732 Hilarius.

359 2765 617 2839 Cyrillus
646 2765 720 2820 ab
752 2763 960 2820 exsilio
990 2763 1198 2820 redux.

357 2858 449 2911 Είε
473 2854 749 2925 Eutychio
776 2854 943 2909 Alex.
968 2853 1183 2909 Annal.
1205 2859 1336 2908 tom.
1372 2853 1412 2923 l,
1431 2870 1493 2924 p.
1522 2854 1626 2908 483
1658 2858 1715 2909 et
1743 2855 1867 2909 488.

358 2944 641 3016 Cyrillus.

355 3034 628 3090 Eraclius
651 3033 907 3089 Arianus
940 3048 1131 3088 annos
1151 3033 1203 3088 3.

356 3123 527 3179 Arvis
559 3123 921 3177 Manichzeus
951 3138 1141 3177 annos
1171 3125 1224 3178 5.

356 3212 574 3268 Harius
604 3212 861 3267 Arianus
890 3227 1081 3267 annos
1105 3213 1156 3265 4.

360 3301 619 3372 Cyrillus
649 3301 854 3365 redux,
882 3317 1073 3356 annos
1107 3302 1191 3354 16.
1229 3300 1292 3355 In
1327 3304 1512 3355 totum
1543 3302 1630 3355 32.

282 3389 718 3454 Theodoretus,
754 3389 857 3445 lib.
892 3406 925 3443 v
952 3391 1122 3456 Hist,
1154 3405 1282 3460 cap.
1315 3391 1406 3455 40,
1438 3388 1671 3444 nullum
1725 3389 1947 3444 substi-

289 3484 557 3534 tutorum
588 3478 806 3551 Cyrillo
841 3479 1114 3534 nominat
1143 3477 1204 3533 in
1236 3477 1430 3532 indice
1462 3478 1944 3550 Hierosolymita-

289 3585 508 3624 norum
542 3567 957 3639 episcoporum
995 3608 1006 3623 .
1057 3567 1445 3638 Theophanes
1501 3566 1695 3622 solum
1726 3584 1797 3623 ex
1827 3568 1948 3624 illis

296 3658 671 3714 Hilarionem
702 3657 903 3712 refert.

363 3747 449 3801 48.
485 3747 623 3801 Haec
680 3744 1040 3801 conferendo
1088 3744 1376 3811 invenias,
1424 3748 1481 3799 1ο
1532 3745 1885 3817 Eutychium
1916 3761 1951 3802 a

296 3834 421 3890 solo
452 3835 819 3906 Hieronymo
849 3834 1007 3889 inter
1028 3833 1577 3905 Hierosolymitanm
1609 3834 1766 3891 sedis
1789 3836 1951 3890 inva-

294 3939 460 3979 sores
490 3924 800 3978 numerari
835 3940 848 3989 ;
882 3925 941 3975 2°
991 3922 1326 3978 Helladium
1375 3923 1598 3995 pariter
1627 3940 1661 3979 a
1690 3924 1816 3979 solo
1847 3941 1953 3980 au-

294 4018 456 4068 ctore
477 4013 732 4085 catalogi
752 4011 1120 4073 Coisliniani,
1137 4012 1238 4082 qui
1254 4012 1469 4068 saaculo
1486 4013 1738 4084 septimo
1758 4013 1951 4069 medio

293 4102 445 4157 vixit
468 4118 645 4169 ;nam
676 4101 1348 4173 Hierosolymitanorum
1366 4102 1710 4173 pontiﬁcum
1732 4109 1956 4174 postre-

295 4208 470 4247 mum
501 4196 781 4247 recenset
836 4190 1167 4258 Molestum,
1215 4195 1274 4245 et
1326 4192 1727 4247 Romanorum
1758 4194 1955 4248 Hono-

301 4282 493 4348 rium;
528 4283 589 4336 3°
648 4280 985 4335 Heraclium
1017 4280 1089 4335 ab
1130 4279 1486 4350 Hieronymo
1543 4287 1601 4335 et
1627 4282 1955 4354 Epiphanio

298 4370 636 4435 tequalibus
667 4370 1010 4425 auctoribus
1036 4369 1409 4441 praetermitti
1432 4385 1446 4436 ;
1469 4371 1530 4423 4ο
1558 4370 1957 4441 Epiphanium

299 4460 499 4516 solum
535 4476 668 4515 esse
695 4458 796 4530 qui
845 4458 1130 4530 Cyrillum
1165 4457 1419 4514 alterum
1449 4475 1483 4514 a
1512 4465 1716 4514 nostro
1746 4476 1959 4517 nume—

2049 1873 2191 1935 erat,
2217 1885 2358 1933 ann,
2383 1872 2506 1939 376,
2532 1890 2647 1943 quo
2675 1873 2989 1931 adversum
3011 1877 3367 1933 Manichaeos
3398 1879 3698 1935 scribebat

2043 1957 2427 2028 Epiphanius.
2454 1962 2621 2017 Hunc
2643 1964 2820 2019 etiam
2851 1967 3173 2038 Eutychius
3196 1969 3500 2036 Arianum,
3524 1986 3684 2024 anno

2045 2046 2307 2103 Valentis
2329 2051 2580 2121 septimo
2614 2052 2975 2123 institutum,
3000 2061 3058 2110 et
3086 2062 3219 2127 post
3258 2064 3513 2128 quatuor
3533 2060 3691 2130 epis-

2042 2141 2288 2207 cOpatus
2318 2153 2506 2194 annos
2536 2147 2833 2197 mortuum
2856 2144 2953 2198 ait.
2982 2144 3315 2200 Heraclium
3340 2162 3450 2200 nec
3482 2147 3687 2201 Hiero-

2042 2240 2256 2295 nymus
2279 2242 2389 2281 nec
2419 2229 2782 2300 Epiphanius
2803 2239 3158 2303 memorant,
3186 2235 3466 2305 quoniam
3498 2252 3687 2289 annos

2040 2312 2193 2369 forte
2224 2316 2313 2370 vel
2349 2332 2585 2373 menses
2617 2335 2836 2391 paucos
2869 2322 3040 2376 sedit.
3076 2324 3157 2377 Ex
3188 2323 3396 2377 ordine
3428 2340 3605 2393 quem
3636 2324 3689 2378 ei

2044 2403 2349 2475 assignant
2374 2411 2811 2473 auctores,eum
2837 2409 3061 2466 sedisse
3084 2411 3418 2484 colligimus
3434 2430 3572 2467 ann.
3591 2415 3693 2466 367

2045 2498 2177 2562 post
2194 2493 2396 2565 Cyrilli
2422 2496 2691 2552 exsiliam
2715 2505 2822 2553 sub
2856 2499 3118 2555 Valente.
3141 2501 3303 2556 Idem
3326 2508 3416 2556 est
3441 2502 3568 2556 sine
3592 2501 3695 2556 du-

2045 2579 2141 2635 bio
2173 2598 2350 2652 quem
2373 2583 2763 2657 Hieronymus
2790 2604 2824 2643 a
2846 2588 3096 2644 Maximo
3115 2595 3252 2644 ante
3268 2596 3530 2644 montem
3558 2608 3689 2647 suc-

2047 2686 2342 2726 cessorem
2375 2673 2484 2727 sibi
2533 2674 2865 2730 substutum
2905 2719 2920 2743 ,
2953 2682 3011 2732 et
3041 2694 3074 2732 a
3106 2678 3323 2750 Cyrillo
3358 2679 3418 2732 in
3452 2679 3693 2750 presbyo

2046 2764 2308 2815 terorum
2342 2762 2611 2818 ordinem
2669 2764 2977 2821 redactum
3017 2771 3286 2823 testatur.
3320 2769 3463 2821 Eum
3515 2769 3695 2839 Euty-

2047 2848 2216 2903 chius
2256 2850 2540 2906 Arianum
2572 2852 2754 2908 fuisse
2785 2855 2886 2922 ait,
2929 2860 2987 2910 et
3026 2872 3181 2911 anno
3208 2856 3445 2927 imperii
3475 2856 3695 2912 Juliani

2046 2936 2237 3008 primo
2256 2937 2327 2992 ab
2348 2939 2582 2995 Arianis
2595 2943 3006 3007 constitutum,
3022 2948 3141 2998 tres
3168 2950 3302 3015 post
3321 2961 3509 2999 annos
3532 2961 3694 2998 mor-

2048 3031 2214 3081 tuum
2258 3043 2407 3083 esse.
2462 3028 2788 3086 Helladiam
2821 3031 3069 3104 catalogi
3117 3032 3464 3087 Coisliniani
3499 3033 3694 3087 medio

2050 3115 2267 3170 smculo
2301 3117 2550 3188 septimo
2582 3120 2809 3191 scripti,
2843 3122 3120 3175 eumdem
3160 3138 3291 3176 cum
3318 3122 3540 3177 Hilario
3564 3138 3695 3177 cen-

1998 3212 2012 3239 ⁸
2051 3221 2270 3270 semus,
2301 3207 2471 3279 cujus
2504 3208 2563 3262 in
2594 3208 2805 3264 ordine
2833 3215 2892 3264 et
2920 3210 3049 3265 loco
3081 3212 3322 3282 ponitur
3351 3230 3364 3277 ;
3399 3228 3510 3266 nec
3541 3212 3694 3266 mul-

2047 3298 2173 3348 tum
2205 3295 2546 3366 discrepant
2593 3298 2857 3365 nomina,
2890 3304 2957 3353 ut
2986 3301 3339 3355 commutari
3373 3317 3494 3355 non
3546 3317 3697 3372 (egre

2048 3384 2366 3454 potuerint.
2402 3385 2512 3450 Qui
2543 3387 2694 3442 arvis
2725 3386 2796 3442 ab
2820 3388 3104 3459 Eutychio
3125 3389 3525 3445 Alexandrino
3553 3390 3697 3444 dici-

2048 3472 2343 3539 tur,facile
2371 3490 2407 3528 a
2434 3473 2608 3529 nobis
2628 3475 2702 3529 ob
2737 3475 2925 3531 levem
2956 3494 3074 3531 non
3109 3479 3251 3533 satis
3283 3480 3492 3533 vetusti
3519 3479 3700 3549 scrip-

2050 3562 2195 3616 toris
2215 3563 2627 3618 auctoritatem
2649 3570 2843 3635 potest
2865 3568 3106 3621 omnino
3129 3568 3698 3638 praetermitti.Hunc

2050 3651 2373 3722 Eutychius
2396 3652 2588 3722 primo
2615 3653 2876 3709 Valentis
2898 3672 3057 3711 anno
3081 3658 3267 3711 consti
3279 3663 3491 3723 tutum,
3518 3663 3575 3711 et
3594 3659 3703 3712 Ma-

2052 3740 2347 3796 nichaaum
2369 3740 2539 3797 fuiise
2561 3743 2766 3810 refert;
2786 3750 2846 3799 et
2867 3750 2999 3815 post
3029 3746 3294 3816 quinque
3326 3747 3701 3817 episcopatus

2053 3845 2240 3885 annos
2272 3836 2569 3886 mortuum
2628 3834 2774 3887 Eum
2806 3834 3219 3888 Tillemontius
3252 3834 3527 3888 eumdem
3561 3850 3696 3888 cum

2055 3919 2348 3975 Herennio
2373 3921 2668 3991 putat,qui
2709 3921 2780 3976 ab
2802 3922 3085 3992 Eutychio
3110 3922 3425 3976 omittitur.
3462 3922 3572 3976 Sed
3604 3938 3698 3977 re-

2054 4008 2452 4080 pugnatlocus
2475 4008 2585 4079 ipsi
2608 4010 3114 4079 postHieraclium
3138 4010 3499 4082 assignatus:
3518 4027 3702 4080 quan-

2056 4114 2233 4168 quam
2264 4104 2605 4153 accuratum
2634 4097 2903 4155 ordinem
2927 4100 2987 4154 in
3002 4099 3347 4171 hujusmodi
3380 4098 3558 4154 rebus
3579 4116 3699 4154 non

2058 4186 2417 4257 requirimus
2436 4186 2495 4241 in
2510 4187 2793 4259 Eutychio
2810 4205 2823 4256 ;
2840 4188 3378 4261 superestCyrillus
3394 4187 3589 4243 altera
3605 4205 3708 4244 no-

2058 4280 2149 4330 tro
2167 4275 2620 4348 diversusquem
2643 4278 2863 4333 omisso
2886 4278 3156 4334 Heraclio
3190 4284 3321 4349 post
3342 4278 3708 4332 Herennium

2059 4370 2196 4421 ante
2232 4365 2595 4422 Hilarionem
2638 4368 3196 4440 ponitEpiphanius.
3223 4368 3372 4423 Sunt
3393 4366 3493 4438 qui
3514 4367 3714 4422 existi-

2062 4461 2226 4510 ment
2243 4454 2525 4526 Cyrillum
2546 4455 2715 4510 illum
2732 4456 2803 4512 ab
2817 4456 3148 4528 Epiphanio
3172 4456 3327 4511 male
3348 4457 3526 4511 statui
3544 4456 3714 4527 quasi

296 4554 419 4614 ret;
449 4551 510 4602 5°
535 4546 814 4603 eumdem
844 4562 995 4604 esse.
1018 4545 1118 4618 qui
1152 4545 1507 4617 Hieronymo
1537 4547 1796 4603 Irenaeus
1817 4549 1955 4621 Epi-
1986 4540 2028 4605 D
2062 4561 2095 4601 a
2122 4549 2326 4599 nostro
2356 4543 2653 4599 diversum
2681 4564 2696 4613 ;
2730 4545 2831 4616 qui
2862 4561 2997 4601 cum
3039 4551 3175 4618 post
3194 4546 3565 4600 Herennium
3603 4543 3711 4600 sub

302 4637 530 4709 phanio
549 4642 610 4692 et
629 4637 951 4691 Sozomeno
982 4634 1337 4704 Herennius,
1364 4635 1587 4691 Socrati
1611 4637 1958 4706 Arrhenius,

301 4728 634 4800 Nicephoro
650 4727 862 4799 [YLIX]
880 4726 1164 4783 Arsenius
1185 4725 1434 4795 dicitur;
1455 4728 1625 4799 cujus
1654 4730 1961 4801 proprium

306 4833 531 4874 nomen
565 4817 843 4873 Latinum
874 4816 1059 4871 fuisse
1089 4815 1323 4872 videtur
1358 4817 1710 4884 Herennius,
1744 4836 1815 4875 ex
1843 4836 1961 4891 quo

305 4906 491 4961 Graeci
523 4905 685 4961 varia
716 4905 966 4961 nomina
997 4904 1336 4972 ﬁnxerunt;
1382 4907 1440 4959 6ο
1466 4922 1643 4975 quem
1676 4907 1961 4980 Hierony-

305 5012 461 5064 mus,
495 4996 790 5056 Socrates,
821 5003 1206 5056 Sozomenus,
1257 4993 1622 5065 Nicephorus
1674 4996 1964 5053 Hilarium

305 5083 634 5156 appellant,
659 5100 795 5139 eum
825 5099 957 5139 esse
987 5083 1088 5154 qui
1110 5082 1450 5154 Epiphanio
1483 5082 1699 5140 dicitur
1714 5085 1966 5142 Hilario-

306 5190 441 5239 nus,
469 5190 609 5229 eum
641 5172 792 5228 forte
814 5188 995 5243 quem
1014 5171 1255 5228 Coislin.
1282 5177 1489 5227 auctor
1518 5173 1852 5230 Helladium
1874 5192 1969 5232 vo-

306 5272 415 5321 cat.
448 5264 578 5319 Jam
613 5262 685 5318 de
717 5262 969 5335 singulis
1020 5277 1211 5333 pauca
1262 5260 1550 5318 dicamus.
1586 5264 1848 5322 Irenaaus
1877 5266 1968 5322 vel

306 5353 601 5409 Herenius
643 5357 777 5424 post
834 5350 1157 5406 concilium
1217 5351 1969 5425 Constantinopolitanum,

308 5460 445 5500 ann.
469 5443 601 5506 350,
634 5442 697 5497 in
731 5458 850 5513 quo
882 5440 1188 5512 depositus
1219 5446 1281 5495 et
1306 5441 1735 5515 Hierosolymis
1763 5446 1973 5517 pulsus

310 5538 398 5589 est
425 5531 712 5606 Cyrillus,
746 5530 880 5603 ejus
912 5529 1037 5585 sedi
1070 5528 1302 5585 videtur
1331 5530 1679 5602 impositus;
1704 5533 1975 5594 Socrates

310 5620 483 5679 enim
536 5617 914 5677 Herennium
942 5615 1160 5690 Cyrillo
1212 5615 1601 5677 substitutum
1659 5629 1975 5694 memorat,

2067 4633 2301 4689 Iuliano
2335 4633 2537 4689 sedem
2578 4634 2964 4707 recuperarit,
2994 4641 3061 4690 ut
3108 4635 3504 4706 Hieronymus
3537 4634 3717 4689 ﬁdem

2067 4723 2229 4791 facit,
2261 4723 2333 4778 ab
2363 4723 2695 4795 Epiphanio
2727 4723 2911 4779 alium
2941 4723 3227 4796 Cyrillum
3253 4724 3315 4779 in
3345 4724 3544 4779 locum
3564 4724 3716 4794 ejus,

2072 4828 2249 4884 quem
2280 4812 2541 4868 exsulem
2592 4813 2840 4885 putabat
2871 4857 2884 4883 ,
2914 4813 3308 4886 excogitatum
3339 4813 3544 4868 fuisse.
3580 4810 3720 4867 Mihi

2072 4907 2270 4958 autem
2301 4902 2536 4975 aagrein
2560 4903 2825 4957 animum
2861 4902 3064 4957 induci
3096 4907 3294 4975 potest
3321 4902 3721 4974 Epiphanium

2072 4993 2133 5047 in
2159 4992 2375 5047 vicinio
2423 4998 2758 5047 versantem
2780 4992 2841 5047 in
2866 5008 2929 5047 re
2952 4999 3073 5048 tam
3106 4997 3312 5064 aperta
3342 4998 3402 5047 et
3431 4991 3724 5063 inquisitu

2074 5082 2156 5156 [L]
2203 5082 2363 5137 facili
2388 5082 2514 5137 falli
2547 5085 2973 5154 potuisse.Non
2997 5085 3159 5141 enim
3194 5090 3330 5156 post
3362 5084 3725 5140 Herennium

2076 5173 2307 5229 modico
2339 5173 2622 5244 temporis
2669 5175 2884 5244 spatio.
2927 5175 3030 5230 sed
3063 5191 3253 5230 annos
3276 5175 3544 5245 quinque
3577 5179 3729 5229 totos

2075 5261 2400 5319 Ecclesiam
2427 5262 2734 5334 occupavit
2762 5264 3038 5335 Cyrillus.
3078 5265 3193 5319 Nec
3226 5265 3429 5336 ignota
3450 5263 3566 5318 fuit
3594 5262 3734 5334 Epi-

2079 5352 2299 5426 phanio
2313 5350 2417 5407 illa
2431 5352 2642 5407 iterata
2653 5352 2857 5424 Cyrilli
2876 5353 3254 5425 episcopatus
3269 5352 3732 5419 administratio,

2082 5442 2252 5514 cujus
2282 5441 2575 5497 nonnulla
2592 5440 2767 5497 nobis
2789 5456 2857 5497 eo
2891 5449 3154 5514 tempore
3175 5447 3343 5514 gesta
3375 5441 3583 5496 retulit
3611 5440 3736 5495 lue-

2084 5548 2202 5588 res.
2233 5546 2504 5599 Lxxm,n.
2525 5533 2613 5587 37.
2648 5530 3177 5587 Alteriusanostro
3201 5530 3427 5602 Cyrilli,
3473 5529 3575 5601 qui
3608 5527 3737 5583 eiin

2087 5621 2228 5678 sede
2248 5620 2623 5692 successerit,
2655 5620 2935 5677 meminit
2962 5620 3141 5679 etiam
3170 5619 3428 5676 Joannes
3460 5618 3737 5674 Nicaanus
