4094 6282
392 390 472 449 79
1688 368 1790 427 DE
1833 361 2015 424 VITA
2059 360 2126 421 S.
2174 356 2508 419 CYRILLI.
3727 344 3813 403 80

393 522 455 575 in
487 521 659 591 epist.
700 517 774 573 ad
804 514 1168 581 Zachariam,
1226 515 1360 577 etc,
1417 506 1587 578 cujus
1643 502 2039 574 fragmentum
2073 497 2120 563 Α
2159 491 2555 563 depositione,
2589 494 2648 545 et
2676 489 2877 544 futura
2913 484 3181 557 Eutychii
3214 482 3289 539 ad
3318 481 3576 554 primam
3608 476 3818 533 sedem

1903 588 1959 591 μ,
2358 581 2368 591 .
2544 579 2558 591 ι
2752 578 2765 591 1
3023 576 3056 591 ο.
3270 568 3697 591 n-_.xL-l:4-_-
3753 564 3812 591 ΕΞ

392 588 582 666 exstat
611 626 644 664 a
670 607 842 663 nobis
890 605 1136 668 editum,
1186 618 1244 672 p.
1281 601 1402 654 370.
1438 599 1550 651 Aut
1578 592 1756 664 igitur
1786 588 2040 661 Cyrillus

391 700 492 755 ille
520 698 812 753 dicendus
845 700 935 749 est
965 693 1121 747 idem
1157 706 1291 745 cum
1322 685 1609 742 Heraclio.
1633 682 1733 753 qui
1778 679 1892 734 duo
1923 694 2039 732 no-

394 790 560 844 mina
589 785 903 847 habuerit;
960 788 1063 837 aut
1108 778 1395 835 mendum
1426 776 1486 829 in
1518 769 1830 844 Epiphanii
1880 772 2042 821 textu

394 875 859 949 agnoscendum,
884 871 984 941 qui
1018 871 1146 924 loco
1179 864 1348 925 ἂὶλλος
1383 855 1867 933 δοτίρδθινὶιπάλιν
1895 874 1909 921 ς
1942 860 2045 910 aut

395 944 635 1021 tandem
659 962 913 1034 Cyrillus
927 960 1077 1014 alter
1097 974 1131 1014 a
1146 961 1349 1011 nostro
1367 954 1634 1007 diversus
1657 954 1716 1003 et
1737 948 1863 1018 ejus
1882 944 2040 999 sedis

392 1056 631 1109 invasor
685 1050 1081 1107 conﬁtendus.
1116 1048 1171 1101 Is
1208 1046 1358 1099 forte
1393 1040 1648 1113 Cyrillus
1695 1042 1785 1092 est
1815 1034 2036 1099 senior,

389 1160 567 1215 quem
596 1142 807 1212 Epiph.
841 1138 1051 1194 haeresi
1100 1151 1289 1201 Lxxm,
1319 1149 1381 1190 n.
1419 1132 1507 1197 37,
1540 1129 1623 1184 ait
1652 1127 1724 1182 ab
1753 1122 2041 1215 Eutychio

390 1232 481 1286 vel
514 1231 727 1286 amicis
748 1225 1131 1283 Cmsariensis
1152 1221 1428 1278 Ecclesia:
1451 1219 1795 1290 episcopum
1820 1214 2042 1267 factum

394 1321 565 1393 pulso
599 1319 980 1381 Philumeno,
1013 1314 1113 1386 qui
1138 1313 1192 1367 ei
1214 1311 1340 1367 sedi
1362 1326 1396 1364 a
1426 1306 1642 1380 Cyrillo
1675 1309 1879 1359 nostro
1929 1300 2045 1354 im-

395 1390 624 1481 positus
654 1408 882 1473 fuerat;
939 1404 1040 1474 qui
1072 1419 1208 1457 cum
1239 1417 1273 1455 a
1301 1398 1532 1453 Gelasio
1563 1394 1767 1466 Cyrilli
1814 1390 2041 1447 sororio

397 1480 456 1553 et
481 1499 692 1553 Euzoio
718 1498 984 1551 Caesarea
1013 1493 1220 1565 pulsus
1253 1495 1426 1554 esset,
1452 1484 1920 1554 Hierosolymam
1943 1480 2046 1551 Cy-

398 1588 534 1643 rillo
568 1586 768 1642 exsule
798 1600 1040 1640 vacuam
1070 1580 1358 1637 dicendus
1389 1577 1502 1632 erit
1530 1587 1872 1644 occupasse.
1901 1572 2043 1624 Pro-

399 1675 593 1745 posita
624 1679 713 1727 est
741 1670 890 1726 mihi
921 1670 993 1725 ab
1025 1666 1382 1723 crudissimo
1413 1667 1614 1717 nostro
1656 1661 1722 1713 D.
1766 1658 1938 1712 Bern.
1973 1653 2045 1708 de

400 1742 777 1817 Montfaucon
803 1776 873 1814 ea
903 1758 974 1813 de
997 1774 1058 1812 re
1081 1756 1423 1825 conjectura
1447 1769 1459 1805 :
1483 1752 1700 1804 Vocem
1727 1742 2044 1817 Ἱλαρίωνος

400 1851 463 1905 in
496 1857 656 1905 textu
684 1847 1000 1920 Epiphanii
1032 1862 1152 1901 non
1202 1845 1263 1897 in
1295 1837 1648 1897 nominandi
1679 1851 1840 1898 casu,
1875 1830 2045 1903 quasi

403 1940 749 1996 distinctum
795 1956 830 1993 a
878 1935 1107 1992 caeteris
1150 1932 1655 2003 Jerosolymorum
1706 1924 2051 1995 episcopum

403 2031 746 2091 constituat,
792 2026 1045 2098 positam
1100 2041 1269 2089 esse;
1322 2020 1425 2077 sed
1457 2020 1518 2072 in
1549 2013 1828 2089 gignendi
1885 2026 2048 2076 casu,

404 2135 539 2173 cum
572 2116 765 2171 verbis
796 2097 1074 2185 Κῦριλλος
1125 2109 1297 2170 ἀλλος
1351 2102 1853 2177 conjungendam,
1882 2104 1949 2154 ut
1977 2097 2055 2152 sit

404 2223 616 2262 sensus
644 2223 657 2260 :
692 2204 929 2275 Cyrillus
959 2204 1101 2257 alter
1126 2199 1431 2255 Hilarionis
1464 2195 1623 2250 ﬁlius
1654 2191 1939 2246 nimirum
1959 2184 2055 2241 vel

403 2297 648 2352 amicus.
679 2297 823 2349 Nam
854 2289 1191 2364 Ἱλαρίωνος,
1224 2308 1311 2347 ου,
1344 2284 1587 2341 difficile
1633 2283 1893 2337 Graecam
1936 2282 2050 2331 ter-

404 2387 797 2442 minationem
828 2381 1035 2447 videri,
1069 2395 1204 2435 cum
1240 2376 1398 2448 apud
1430 2375 1661 2430 Graecos
1689 2383 1910 2424 nomen
1942 2365 2053 2420 hoc

402 2491 508 2547 per
536 2472 777 2541 Ἱλάριος
809 2472 898 2525 vel
926 2465 1177 2541 Ἱλπρίων
1211 2464 1409 2522 eﬂ'erri
1443 2462 1646 2518 soleat.
1684 2461 1808 2514 Non
1840 2456 2057 2526 impro-

400 2564 619 2618 babilis
644 2560 902 2631 suspicio
929 2578 940 2613 :
971 2574 1149 2629 quam
1174 2557 1221 2611 si
1245 2553 1578 2625 sequimur,
1611 2546 1887 2604 eumdem
1918 2559 2053 2599 cum

405 2651 705 2705 Hilariano
749 2629 1049 2718 Cyrillum
1110 2645 1278 2699 illum
1330 2642 1583 2697 alterum
1632 2637 1920 2698 dicemus,
1981 2629 2055 2686 ab

404 2742 704 2796 Hilarione
737 2745 901 2809 patre
926 2737 1015 2791 vel
1037 2736 1229 2791 amico
1258 2733 1621 2788 Hilarionem
1648 2727 1738 2782 vel
1768 2725 2055 2780 Hilarium

405 2832 650 2896 dictum,
668 2844 858 2898 eoque
880 2827 1121 2881 nomine
1145 2823 1331 2895 magis
1346 2820 1503 2892 apud
1525 2823 1795 2875 auctores
1816 2820 2053 2878 notum;

406 2935 659 2988 quorum
685 2923 900 2988 praeter
929 2913 1324 2986 Epiphanium
1354 2909 1557 2964 nullus
1589 2904 1873 2979 Cyrillum
1907 2900 2057 2955 alte-

406 3024 537 3062 rum
572 3014 628 3061 et
659 3005 968 3071 Hilarium,
994 3003 1078 3058 uti
1120 3002 1269 3057 duos
1293 2998 1568 3055 Ecclesia:
1613 2990 2059 3063 Jerosolymita—

406 3113 496 3149 nas
515 3096 838 3157 invasores,
854 3092 1181 3164 distinguit.
1204 3091 1337 3145 Haec
1358 3088 1420 3142 in
1444 3090 1818 3143 antecessum
1839 3079 2057 3134 dixisse

393 3188 583 3256 juvat,
611 3201 728 3255 quo
760 3181 1092 3253 expeditior
1120 3178 1336 3235 deinde
1372 3177 1519 3232 ﬂuat
1547 3173 1757 3229 oratio.
1793 3171 1961 3225 Nunc
1982 3166 2055 3221 ad

402 3274 758 3344 Eutychium
790 3272 1125 3326 redeamus.

472 3400 561 3451 49.
602 3396 927 3466 Eutychius
952 3394 1078 3460 ille,
1104 3408 1284 3463 quem
1305 3390 1702 3460 Hieronymus
1728 3385 1820 3457 pri
1838 3381 2070 3438 moloco

404 3488 563 3541 inter
617 3500 995 3539 successores
1035 3481 1240 3553 Cyrilli
1291 3480 1565 3544 nimerat,
1617 3476 1777 3531 idem
1815 3471 2067 3535 Valesio,

404 3574 814 3638 Tillemontio,
849 3578 985 3631 etc..
1016 3570 1248 3625 videtur
1268 3585 1396 3625 esse
1429 3584 1562 3623 cum
1595 3561 2069 3633 Eleutheropoli-

409 3672 552 3720 tano
589 3665 718 3734 ejus
751 3661 1012 3716 nominis
1044 3660 1340 3732 episcopo.
1375 3657 1439 3711 ld
1471 3654 1725 3711 suadent
1770 3653 2066 3708 diuturnae

408 3753 541 3823 ejus
573 3768 704 3806 cum
738 3750 952 3820 Cyrillo
1005 3747 1354 3813 inimicitiae,
1414 3761 1662 3817 quarum
1716 3742 1895 3798 ﬁdem
1925 3741 2069 3796 facit

405 3841 774 3912 Epiphanius
808 3840 919 3911 ipsi
955 3839 1221 3908 alioquin
1266 3835 1551 3907 Eutychio
1590 3834 1824 3889 charus.
1858 3831 2064 3901 Neque

295 3972 306 3982 .
407 3948 585 4001 porro
604 3928 1044 3999 Eleutheropoli
1062 3925 1532 3997 Hierosolymam
1548 3922 1870 3978 translatus
1883 3925 2062 3990 atque

412 4020 589 4090 hujus
611 4019 887 4073 Ecclesia)
912 4017 1225 4088 episcopus
1249 4014 1484 4087 proprie
1513 4013 1875 4068 constitutus
1898 4009 2059 4064 vide-

410 4115 536 4176 tur;
566 4125 703 4164 nam
724 4105 1374 4177 Eleutheropolitanum
1395 4118 1631 4174 semper
1652 4101 2059 4172 epiSCOpatum

409 4197 675 4263 retinuit,
710 4202 768 4249 et
798 4198 905 4249 hoc
935 4196 1062 4264 ipso
1112 4210 1206 4248 an.
1244 4194 1347 4247 358
1387 4187 1832 4260 Eleutheropoli
1877 4201 2059 4259 ange-

412 4286 528 4350 bat,
559 4302 692 4341 cum
727 4283 1059 4338 Luciferum
1102 4281 1503 4336 Calaritanum
1534 4279 1596 4332 in
1630 4278 1739 4333 hac
1778 4275 1923 4332 urbe
1956 4293 2059 4331 ex-

410 4374 601 4429 sulem
625 4373 827 4427 multis
845 4368 1255 4426 atrocitatibus
1277 4368 1662 4422 vehementer
1681 4365 1912 4432 afﬂixit,
1938 4372 2057 4421 tes-

409 4462 564 4516 tibus
594 4463 807 4516 Fausto
840 4464 900 4514 et
951 4456 1291 4512 Marcellino
1338 4455 1402 4509 in
1450 4455 1652 4510 libello
1695 4454 1946 4526 supplici
1979 4454 2055 4509 ad

405 4549 801 4604 Theodosium
850 4563 982 4619 pag.
1015 4547 1103 4613 89,
1136 4544 1280 4600 adeo
1314 4549 1379 4598 ut
1406 4542 1673 4599 Lucifero
1719 4543 1936 4599 clausis
1955 4544 2052 4615 ja-

2152 581 2513 645 reversione,
2544 579 2699 634 hanc
2734 576 3066 633 deseruerit
3108 590 3214 645 pro
3267 568 3724 627 Castabalitana.
3753 564 3819 620 Si

2152 686 2249 724 res
2268 686 2387 724 non
2404 669 2484 724 ita
2501 668 2595 733 sit,
2616 665 3165 737 Hierosolymitanaa
3188 660 3510 733 Eutychius
3532 654 3815 712 Ecclesiae

2153 759 2343 814 solam
2374 765 2657 829 tanquam
2706 755 2957 811 vicinior
2988 753 3301 824 episcopus
3341 744 3815 803 administratio-

2153 864 2291 902 nem
2319 846 2593 901 habuisse
2613 844 2843 899 videtur
2867 861 2879 910 ;
2906 843 3026 897 sive
3044 840 3231 897 alium
3257 837 3496 892 interim
3521 836 3823 906 quaereret

2154 937 2457 1002 Accacius,
2484 952 2662 1006 quem
2686 931 3290 1002 Hierosolymitanum
3321 932 3552 982 crearet
3572 923 3816 994 episco-

2156 1043 2298 1097 pum
2315 1042 2328 1091 ;
2345 1025 2462 1079 sive
2477 1022 2874 1095 appellatione
2890 1019 3091 1089 Cyrilli
3107 1016 3423 1088 prohibere
3433 1019 3525 1067 tur
3538 1029 3611 1067 ne
3626 1011 3816 1066 alium

2157 1116 2219 1169 in
2255 1115 2383 1185 ejus
2405 1114 2600 1168 locum
2635 1112 3041 1175 substitueret,
3064 1108 3255 1162 donec
3293 1120 3471 1159 causa
3500 1103 3562 1157 in
3593 1100 3813 1171 majori

2153 1202 2406 1259 concilio
2430 1201 2590 1273 quod
2610 1199 3014 1273 appellaverat
3034 1197 3332 1252 finiretur.
3357 1192 3675 1263 Nam,jure
3701 1192 3815 1246 Ro-

2154 1308 2331 1348 mano
2364 1290 2766 1362 appellatione
2799 1286 3099 1343 sententia
3151 1280 3626 1354 suspendebatur
3653 1277 3814 1349 (Cod.

2158 1381 2348 1436 Tceod.
2374 1380 2477 1434 lib.
2505 1397 2565 1445 ιι,
2598 1379 2687 1433 tit.
2714 1378 2801 1446 30,
2835 1376 3067 1449 legibus
3090 1376 3179 1440 41,
3222 1374 3312 1435 61,
3335 1371 3450 1442 66).
3486 1367 3819 1439 Eutychius

2154 1469 2485 1541 Epiphanio
2512 1474 2661 1523 teste
2685 1469 2895 1523 haeres.
2918 1479 3290 1530 Lxxm,num.
3320 1462 3405 1523 23,
3430 1477 3466 1515 a
3485 1460 3539 1515 S.
3565 1458 3821 1513 Maximo

2156 1558 2692 1629 Hierosolymitano
2720 1558 3000 1628 episcopo
3023 1554 3306 1608 disertam
3332 1554 3509 1605 rectae
3532 1545 3821 1603 doctrinm

2156 1647 2587 1719 professionem
2610 1646 2874 1711 edoctus,
2899 1649 3144 1716 propter
3167 1657 3303 1695 suas
3325 1637 3606 1694 adversus
3626 1634 3817 1707 Cyril-

2157 1736 2281 1790 lum
2313 1736 2669 1802 simultates,
2702 1734 2901 1789 Acacii
2935 1731 3202 1804 partibus
3239 1730 3301 1782 in
3333 1726 3589 1782 concilio
3614 1723 3820 1778 Seleu-

2158 1824 2345 1879 ciensi
2380 1841 2441 1879 se
2492 1820 3221 1895 adjunxit;‘catholicam
3277 1816 3459 1871 fidem
3510 1813 3822 1884 aliquanto

2160 1917 2424 1983 tempore
2444 1911 2575 1986 ἄχρι
2591 1913 2783 1984 καιροῦ
2806 1910 3092 1975 retinens,
3118 1906 3221 1962 sed
3240 1905 3492 1977 pr0priaa
3508 1900 3818 1974 dignitatis

2161 2001 2489 2056 retinendas
2519 2001 2707 2073 gratia
2758 1997 3164 2053 dissimulans.
3200 1994 3595 2062 Hieronymus
3636 1989 3810 2061 epist.

2162 2089 2239 2145 al.
2270 2092 2359 2153 6t,
2417 2106 2576 2144 nunc
2627 2090 2715 2156 38,
2750 2104 2886 2142 eum
2918 2091 3172 2141 testatur
3204 2083 3258 2138 S.
3298 2080 3609 2153 Epiphanii
3647 2094 3814 2134 reve-

2162 2179 2356 2234 rentia
2387 2184 2629 2246 tactum,
2663 2182 2867 2233 sancto
2890 2176 2980 2230 illi
3010 2176 3154 2240 viro,
3188 2173 3289 2244 qui
3321 2176 3551 2226 tantum
3584 2183 3820 2223 monas-

2164 2270 2298 2325 terii
2330 2270 2639 2342 presbyter
2670 2275 2816 2337 erat,
2841 2268 3096 2323 libenter
3119 2281 3294 2320 aures
3325 2260 3672 2334 praebuisse.
3703 2257 3819 2314 Sed

2164 2360 2453 2430 susceptis
2478 2358 2663 2413 semel
2685 2375 2820 2414 cum
2843 2357 3061 2429 Cyrillo
3089 2352 3443 2418 inimicitiis,
3478 2350 3815 2405 Luciferum

2165 2448 2434 2504 tractavit
2464 2450 2762 2515 atrociter,
2797 2462 2930 2502 cum
2973 2444 3274 2500 Anomuais
3306 2459 3367 2496 se
3402 2438 3698 2510 adjunxit,
3731 2441 3820 2492 at-

2173 2554 2291 2608 que
2327 2538 2387 2591 in
2420 2537 2673 2591 concilio
2705 2534 3068 2591 Seleuciensi
3102 2537 3434 2596 accusatus,
3469 2527 3676 2583 tandiu
3707 2542 3830 2581 suae

2164 2625 2440 2681 Ecclesia)
2489 2625 2910 2680 communione
2942 2626 3261 2678 contentus
3315 2635 3444 2673 esse
3467 2618 3679 2688 jussus
3712 2620 3823 2680 est,

2167 2715 2355 2770 donec
2389 2715 2651 2786 legitima
2673 2712 3077 2769 satisfactione
3110 2708 3176 2765 δέ
3200 2708 3272 2764 ab
3306 2707 3600 2777 impositis
3631 2703 3827 2758 crimi-

2167 2802 2508 2857 nationibus
2530 2808 2807 2875 purgaret
2830 2820 2843 2869 ;
2872 2800 3279 2873 Cyrillumque
3302 2796 3377 2851 ad
3400 2801 3663 2848 extrema
3687 2809 3821 2865 per-

2169 2908 2447 2962 sequens,
2498 2892 2919 2947 Philumenum
2963 2887 3240 2961 aCyrillo
3289 2882 3638 2940 Caesariensi
3696 2881 3826 2936 sedi

2168 2981 2512 3052 impositum
2528 2980 2778 3052 pepulit,
2796 2981 3043 3051 ejusque
3059 2978 3187 3032 loco
3204 2973 3489 3046 Cyrillum
3507 2971 3828 3043 quemdam

2169 3070 2465 3125 seniorem
2500 3070 2553 3123 ei
2601 3068 2881 3124 Ecclesiae
2922 3066 3207 3139 praefecit,
3242 3065 3369 3135 ipse
3424 3060 3512 3115 vel
3555 3058 3829 3132 ejusdem

2166 3159 2444 3215 factionis
2475 3161 2618 3216 socii
2648 3179 2662 3228 ;
2690 3159 2741 3212 oi
2772 3158 2897 3231 napi
2929 3158 3020 3211 τὸν
3045 3154 3333 3228 Εὐτύχιον.
3367 3152 3576 3224 Epiph.
3613 3150 3830 3205 haeres.

2090 3261 2132 3323 ρ
2170 3266 2375 3315 Lxxlu,
2408 3266 2552 3305 uum
2587 3252 2674 3305 37.
2703 3249 2814 3304 Sed
2843 3247 2917 3303 ad
2948 3244 3233 3317 Cyrillum
3265 3248 3649 3297 revertamur.

2823 3335 3053 3391 CAPUT
3086 3334 3158 3388 1X
3175 3374 3187 3387 .

2184 3428 2424 3498 Cyr-illus
2454 3431 2511 3482 in
2542 3428 2773 3483 concilio
2804 3422 3131 3481 Seleuciensi
3151 3424 3340 3498 sedet;
3365 3421 3626 3498 Acacium
3654 3422 3716 3498 in
3736 3420 3835 3498 ius

2250 3507 2427 3566 vocat,
2463 3501 2560 3569 qui
2590 3515 2903 3569 comparere
2947 3498 3251 3552 detrectans
3297 3494 3612 3569 deponitur,
3649 3497 3699 3545 et
3731 3491 3832 3559 Cy-

2249 3571 2410 3626 rillus
2440 3566 2953 3640 Hierosolgjmitanae
2983 3569 3243 3624 Ecclesia:
3273 3566 3604 3620 restituitur.

2249 3662 2336 3715 50.
2372 3661 2496 3714 Non
2524 3660 2623 3714 diu
2650 3660 2841 3731 majus
2866 3657 3015 3713 illud
3039 3655 3357 3712 concilium
3388 3651 3547 3723 quod
3569 3650 3834 3722 appella.

2176 3754 2337 3803 verat
2366 3748 2725 3820 exspectavit
2771 3747 3061 3819 Cyrillus;
3109 3762 3215 3800 seu
3264 3743 3577 3798 occasione
3608 3739 3829 3810 impie-

2174 3838 2313 3893 tatis
2341 3839 2518 3904 Aetii,
2552 3855 2656 3893 seu
2687 3837 2760 3892 ob
2793 3837 2940 3892 alias
2961 3852 3169 3891 causas
3201 3838 3360 3901 (cum
3393 3839 3591 3886 tamen
3622 3843 3829 3884 neces-

2175 3928 2345 3982 sariae
2367 3927 2547 3982 nullm
2571 3927 2907 3986 subessent.
2932 3932 2995 3980 ut
3019 3924 3261 3980 disserit
3282 3922 3581 3976 Athan.De
3602 3917 3823 3988 synod.,

2173 4032 2338 4071 num.
2372 4020 2402 4070 5
2435 4022 2493 4072 et
2521 4018 2595 4083 6),
2630 4016 2945 4071 crncilium
2987 4013 3261 4087 generale
3295 4028 3364 4066 ex
3407 4015 3525 4064 toto
3561 4010 3823 4063 Romano

2171 4105 2423 4177 iinperio
2451 4106 2704 4161 Nicaaam
2738 4106 2929 4177 primo
2980 4119 3186 4176 cogere
3241 4100 3509 4155 voluerat
3564 4097 3828 4167 impera-

2172 4199 2281 4263 tor,
2315 4195 2473 4267 quod
2503 4195 2721 4251 deinde
2777 4193 3180 4250 Nicomediam
3228 4190 3459 4245 indixit.
3511 4188 3649 4252 Quae
3679 4184 3823 4240 urbs

2166 4299 2302 4337 cum
2362 4284 2557 4339 subito
2616 4290 2789 4338 terrm
2847 4287 3013 4337 motu
3045 4280 3310 4351 collapsa
3367 4279 3544 4341 esset,
3604 4275 3822 4328 iterum

2166 4374 2470 4444 proposita
2495 4378 2584 4427 est
2603 4373 2796 4427 Nicena
2819 4390 2833 4439 ;
2869 4370 2971 4426 sed
2998 4372 3415 4425 Anomoeorum
3443 4364 3595 4419 dolis
3619 4368 3679 4417 et
3697 4365 3823 4417 arte

2164 4460 2385 4517 factum
2411 4467 2519 4531 est,
2542 4467 2608 4515 ut
2626 4462 2803 4516 unius
2836 4458 3073 4515 concilii
3097 4459 3224 4513 loco
3243 4455 3360 4511 duo
3383 4454 3817 4519 indicerentur,

2163 4551 2415 4605 Arimini
2452 4567 2639 4606 unum
2697 4550 2759 4603 in
2790 4566 2907 4619 quo
2941 4546 3351 4604 Occidentales
3409 4540 3818 4605 convenirent,

406 4638 542 4693 mils
574 4636 855 4706 πηγειθνίει
882 4633 1244 4699 celebrante,
1276 4633 1339 4688 ίῐι
1372 4632 1566 4703 ipsum
1617 4633 1914 4687 irruentes
1944 4631 2051 4685 Viri
2080 4629 2130 4693 D
2162 4639 2416 4695 alterum
2448 4639 2730 4694 Seleuciae
2762 4639 2823 4692 in
2851 4638 3098 4703 Isauria,
3135 4654 3251 4708 quo
3285 4631 3616 4690 Orientales
3648 4645 3824 4701 coge-

406 4726 606 4781 divina
644 4729 1018 4779 sacramenta
1069 4720 1338 4786 veterint,
1388 4720 1601 4775 fratres
1656 4720 1799 4775 illuc
1843 4736 2058 4775 conve-

405 4817 638 4872 nientes
660 4815 843 4885 impia
855 4813 1013 4868 caede
1031 4811 1538 4868 multarintsacra
1555 4827 1691 4865 vasa
1714 4825 1847 4865 cum
1871 4810 2054 4866 sacris

403 4906 709 4962 codicibus
724 4903 989 4958 Lucifero
1016 4918 1122 4972 per
1142 4901 1259 4955 vim
1281 4899 1627 4972 eripuerint.
1653 4901 1823 4955 Forte
1854 4905 2054 4955 tamen

402 5000 527 5050 tum
562 4993 812 5064 contigit
836 4990 994 5063 quod
1017 4990 1088 5045 ab
1111 4989 1366 5046 concilio
1397 4988 2054 5060 Constantinopolitano

401 5099 496 5138 an.
530 5085 633 5136 360
664 5086 959 5146 narratur,
991 5078 1383 5149 Theophilum
1407 5077 1480 5132 ab
1512 5077 1805 5148 episcopis
1836 5076 2051 5133 Paleas-

402 5172 541 5226 tinaa
597 5167 1123 5239 Eleutheropoleos
1181 5165 1525 5221 ordinatum
1586 5166 1952 5237 episcopum,
1994 5171 2054 5221 et

401 5259 787 5334 jurejurando
818 5258 1150 5323 astrictum,
1186 5273 1260 5311 ne
1300 5255 1553 5311 alterum
1600 5263 1815 5327 praeter
1844 5273 2051 5312 eorum

401 5350 757 5406 sententiam
789 5346 1044 5404 ambiret
1077 5345 1505 5415 episcopatum,
1528 5344 1601 5401 ab
1629 5345 1881 5416 Sylvano
1911 5347 2054 5401 Tar-

403 5441 560 5495 sensi
592 5437 1035 5493 Castabalorum
1077 5434 1421 5505 episcopum
1471 5433 1811 5489 ordinatum
1845 5435 2047 5490 fuisse.

398 5528 546 5585 Fieri
582 5527 741 5583 enim
777 5526 886 5597 [LI]
923 5525 1113 5596 potuit
1144 5529 1231 5584 ut,
1276 5523 1559 5594 Eutychio
1589 5524 2050 5593 Jerrosolymam

401 5619 707 5683 translato,
741 5616 1099 5687 Theophilus
1123 5614 1195 5669 ab
1222 5616 1427 5669 Acacio
1452 5613 2050 5686 Eleutheropolitanaa

397 5707 525 5763 sedi
556 5706 875 5779 impositus
921 5704 998 5760 sit
1030 5720 1045 5771 ;
1101 5702 1202 5774 qui
1236 5709 1547 5774 perspecta
1575 5703 1780 5774 Cyrilli
1826 5706 2053 5778 injuste

2162 4727 2731 4783 rentur.Seleuciam
2753 4731 3162 4782 convenerunt
3187 4742 3255 4781 ex
3286 4721 3534 4779 diversis
3557 4717 3817 4775 Orientis

2168 4817 2435 4888 partibus
2457 4816 2719 4888 episcopi
2752 4833 2932 4888 supra
2962 4832 3091 4883 cxx,
3120 4821 3242 4869 tres
3274 4813 3334 4867 in
3366 4816 3564 4884 partes
3613 4807 3703 4863 vel
3732 4806 3823 4863 fa-

2169 4906 2395 4961 ctiones
2429 4905 2620 4960 divisi.
2655 4905 2854 4960 Prima
2883 4911 2939 4959 et
2976 4902 3355 4960 numerosior
3384 4897 3820 4956 semi—Ariano-

2167 5011 2300 5048 rum
2333 4999 2459 5049 erat
2488 4999 2729 5050 centum
2780 5010 2961 5065 supra
3010 4993 3275 5064 quinque
3307 5007 3376 5045 ex
3403 4988 3582 5043 Hilar.
3620 4986 3719 5039 lib.
3754 5000 3818 5039 ιη

2167 5090 2315 5140 cont.
2351 5085 2560 5149 Const.,
2593 5100 2738 5138 num
2772 5086 2858 5151 l2,
2911 5083 3090 5154 hujus
3134 5077 3507 5151 antesignani
3540 5092 3607 5131 ac
3638 5076 3819 5129 duces

2167 5173 2422 5229 Basilius
2464 5176 2829 5245 Ancyranus.
2866 5172 3141 5227 Eleusius
3173 5170 3510 5242 Cyzicenus.
3542 5164 3822 5236 Georgius

2166 5261 2561 5325 Laodicenus,
2618 5260 2963 5315 Eustathius
3014 5258 3392 5321 Sebastenus,
3453 5251 3823 5324 Sophronius

2162 5350 2780 5422 Pompeiopolitanus,
2814 5347 3191 5403 Macedonius
3221 5339 3826 5412 Constantinopolita-

2163 5457 2297 5507 nus,
2330 5440 2618 5512 Sylvanus
2677 5438 3003 5497 Tarsensis.
3040 5454 3107 5493 ac
3155 5435 3413 5508 Gyrillus
3466 5437 3689 5487 noster.
3723 5428 3825 5483 Se-

2163 5530 2513 5600 cunda[LII]
2544 5534 2670 5584 erat
2698 5528 3020 5600 prsesulum
3046 5544 3203 5586 mu.
3236 5523 3392 5597 apud
3423 5520 3822 5595 Epiphanium

2162 5621 2374 5675 haeres.
2407 5635 2605 5685 Lxxiu,
2629 5633 2796 5672 num.
2825 5620 2915 5685 26,
2940 5632 3194 5687 quorum
3212 5622 3409 5670 tamen
3433 5608 3826 5683 quadraginta

2163 5710 2454 5766 duntaxat
2464 5707 2713 5763 nomina
2724 5704 3256 5763 recensentur.Sed
3273 5701 3661 5776 praetermissi
3676 5712 3823 5754 non-
