4094 6282
270 454 338 511 81
1685 448 2202 514 DlSSER'l‘A'l‘lO
2244 452 2294 511 l.
3626 466 3703 523 89

272 587 451 655 nulli,
475 604 630 658 quos
683 588 772 643 vel
830 605 903 644 ex
955 590 1083 661 ipso
1141 588 1498 661 Epiphanio,
1554 588 1645 644 vel
1686 604 1756 642 ex
1804 585 1937 641 aliis
1970 584 2017 650 Α
2050 601 2185 642 cum
2216 587 2519 643 Eustathio
2549 587 2870 645 Sebasteno
2901 590 3064 663 [LIII]
3091 592 3155 647 in
3186 609 3395 650 eorum
3413 597 3513 668 qui
3531 614 3704 655 accu-

267 678 621 734 auctoribus
653 694 774 733 una
802 677 1069 733 adfuisse
1126 683 1381 733 constat.
1440 678 1629 750 Hujus
1669 675 1946 733 factionis

270 769 604 841 principes,
664 768 946 837 Georgius
1010 767 1427 823 Alexandrina;
1486 767 1644 822 sedis
1686 767 1945 835 invasor,

274 858 586 913 Eudoxius
612 857 1052 923 Antiochenus,
1089 859 1346 913 Uranius
1366 858 1684 929 Tyriensis.
1708 863 1768 913 et
1799 859 1944 911 Aca-

278 948 406 1004 cius
438 947 538 1018 qui
572 947 755 1001 etiam
790 947 967 1001 totius
1010 946 1288 1002 factionis
1338 947 1617 1003 incitator
1661 953 1720 1001 et
1757 951 1942 1011 actor,

274 1037 690 1093 etmoderator
703 1035 1250 1107 videturfuisse,adj
1262 1038 1456 1090 unctis
1471 1036 1581 1091 sibi
1596 1034 1943 1107 Patrophilo

274 1125 766 1197 Scythopolitano
790 1130 849 1179 et
870 1126 1156 1196 Eutychio
1182 1125 1939 1197 Eleutheropolitano,cum

272 1215 464 1270 tribus
493 1214 583 1269 vel
615 1220 875 1284 quatuor
904 1214 1037 1268 aliis
1061 1231 1090 1269 e
1148 1215 1485 1270 Palaestina.
1539 1215 1820 1269 Acacium
1879 1214 1941 1268 in

270 1303 477 1358 odium
528 1302 733 1374 Cyrilli
787 1308 1154 1373 segregatam
1210 1303 1528 1358 factionem
1586 1302 1941 1358 conflavisse

273 1392 471 1448 dicere
498 1391 734 1446 videtur
762 1391 1173 1463 Ephipbanius
1196 1392 1861 1458 hmres.1.xxm,num.23
1884 1396 1943 1446 et

275 1483 344 1535 27
370 1501 385 1546 ;
412 1480 694 1551 additque
718 1480 1074 1551 Eutychium
1108 1480 1181 1535 iis
1209 1497 1270 1535 se
1302 1480 1570 1551 partibus
1593 1480 1942 1551 adjunxisse

275 1587 388 1642 pro
419 1586 480 1624 eo
508 1586 614 1640 quo
645 1572 701 1623 in
732 1568 1004 1637 Cyrillum
1024 1570 1305 1639 ﬂagrabat
1332 1569 1478 1624 odio.
1507 1569 1942 1641 Philostorgius

288 1675 529 1731 quoque
556 1657 913 1729 praecipuam
944 1673 1207 1724 causam,
1240 1674 1345 1712 cur
1388 1658 1638 1713 Aeacius
1668 1674 1801 1712 sese
1834 1658 1939 1711 Ba-

286 1749 423 1804 silio
452 1754 509 1803 et
535 1749 872 1819 conjunctis
894 1749 1191 1820 episcopis
1204 1749 1733 1821 opposuerit,hanc
1746 1749 1937 1811 affert,

280 1839 442 1911 quod
475 1838 561 1892 illi
592 1838 881 1911 Cyrillum
913 1837 1202 1893 haberent
1230 1838 1291 1892 in
1322 1839 1549 1894 honore
1580 1838 1685 1893 lib.
1711 1856 1780 1902 ιν,
1807 1855 1932 1909 cap.

280 1932 369 1983 12.
403 1927 597 1982 Tertia
624 1926 864 1982 tandem
896 1926 1311 1998 episcoporum
1366 1927 1575 1982 divisio
1636 1928 1938 2001 Egyptio-
1979 1951 2017 2013 Β

277 2034 414 2072 rum
447 2016 576 2080 fuit,
603 2016 703 2087 qui
736 2032 987 2070 numero
1010 2016 1350 2087 paucissimi
1383 2022 1573 2079 erant,
1594 2016 1939 2087 quindecim

275 2106 554 2171 circiter;
590 2106 691 2177 qui
725 2105 834 2160 soli
868 2110 1017 2160 teste
1050 2105 1273 2160 Hilario
1326 2112 1473 2160 cont.
1510 2106 1718 2171 Const.,
1752 2121 1813 2161 n.
1852 2105 1937 2168 l2,

273 2195 638 2251 homousion
668 2197 1104 2249 constantissime
1134 2195 1458 2249 obtinerent.
1488 2195 1567 2249 De
1587 2194 1782 2265 prima
1802 2210 1939 2248 vero

270 2285 536 2340 factione
569 2284 631 2338 in
663 2300 782 2354 qua
809 2283 1085 2355 Cyrillus.
1118 2283 1201 2338 sic
1228 2284 1310 2339 ait
1345 2300 1357 2338 :
1392 2285 1477 2338 Ea:
1539 2283 1623 2338 his
1683 2286 1780 2354 qui
1840 2285 1938 2338 ho-

273 2375 542 2429 mzusion
595 2372 998 2443 pradicabant,
1053 2370 1235 2441 aliqui
1291 2372 1566 2427 nonnulla
1614 2375 1710 2443 pie
1766 2373 1944 2426 verbis

270 2463 677 2534 praferebant,
710 2462 859 2531 quod
889 2468 941 2516 et
989 2478 1057 2515 ea:
1092 2463 1195 2515 Deo
1253 2468 1406 2527 esset,
1467 2462 1529 2515 id
1584 2469 1662 2517 est
1692 2463 1757 2515 de
1813 2462 1940 2517 sub-

276 2553 493 2606 stantia
525 2552 643 2615 Dei,
682 2551 872 2613 Filius,
898 2557 951 2604 et
1005 2566 1220 2621 semper
1275 2548 1492 2618 fuisset.
1537 2550 1941 2605 Favorabilius

281 2641 473 2696 multo
508 2640 580 2694 de
615 2639 896 2694 omnibus
953 2640 1161 2711 primm
1212 2639 1488 2694 factionis
1537 2639 1831 2709 episcopis
1864 2639 1946 2692 lo-

279 2731 488 2801 quitur
517 2729 733 2784 Athan.
768 2731 843 2782 De
875 2744 976 2798 syn
1033 2746 1092 2782 n.
1132 2731 1218 2795 12,
1252 2729 1422 2783 aiens
1450 2728 1653 2782 omnia
1699 2744 1943 2799 prorsus

276 2820 535 2875 Nicamee
567 2817 704 2873 fidei
739 2818 933 2889 capita
963 2817 1034 2872 ab
1066 2819 1151 2872 eis
1185 2818 1533 2890 approbata,
1568 2825 1798 2888 excepta
1826 2818 1944 2872 sola

275 2909 764 2964 consubstantialis
792 2924 918 2962 voce
941 2908 1099 2978 cujus
1120 2908 1513 2963 obscuritatem
1530 2908 1920 2978 prmtemebant

273 2998 483 3068 Neque
516 2996 577 3051 id
607 3002 805 3051 tamen
838 2996 911 3051 de
946 2996 1230 3051 omnibus
1261 2997 1484 3051 dictum
1504 2995 1939 3062 velim;nullum

273 3087 442 3143 enim
474 3087 538 3139 in
599 3086 839 3141 Oriente
898 3091 1022 3140 toto
1082 3086 1337 3141 Nicaeum
1393 3085 1531 3140 fidei
1563 3086 1941 3141 defensorem

278 3176 583 3232 exstitisse
605 3174 975 3229 incredibilis
1006 3191 1103 3229 res
1135 3180 1241 3229 est.
1264 3175 1553 3230 Hilarium
1578 3180 1736 3231 certe
1760 3175 1821 3229 in
1846 3191 1943 3229 so-

277 3266 558 3322 cietatem
573 3264 808 3319 concilii
827 3269 885 3318 et
898 3265 1383 3319 communionem
1397 3263 1939 3336 recepere,tametsi

281 3353 424 3410 ﬁdei
448 3354 704 3408 Nicaeum
733 3370 794 3407 se
827 3352 1204 3407 defensorem
1235 3353 1631 3424 proﬁteretur.
1650 3352 1945 3409 Credibile

283 3445 469 3516 igitur
501 3450 591 3499 est
616 3444 906 3515 Cyrillum
937 3448 997 3498 et
1046 3443 1196 3498 alios
1226 3443 1754 3499 consubstantialis
1805 3458 1950 3513 pro-

286 3535 657 3599 fessores,ne
679 3533 751 3587 ab
783 3533 919 3587 aliis
942 3539 1380 3604 separarentur,
1416 3539 1592 3603 atque
1626 3531 1949 3587 Acaciano-

289 3639 421 3678 rum
455 3622 700 3677 insidiis
729 3622 1186 3693 opportuniores
1214 3622 1581 3689 forent,cum
1600 3636 1727 3675 rem
1759 3621 1954 3691 ipsam

285 3697 351 3766 in
384 3718 512 3766 tuto
544 3711 833 3779 viderent,
860 3727 984 3766 non
1032 3727 1392 3783 magnOpere
1423 3710 1495 3765 de
1536 3709 1745 3764 vocula
1774 3707 1947 3763 labo-

286 3817 473 3857 rasse.
536 3801 604 3855 In
663 3801 838 3855 tertia
894 3800 1150 3855 factione
1181 3800 1327 3855 nihil
1360 3802 1470 3855 nisi
1492 3798 1950 3870 profanissimum

286 3890 882 3955 audiebatur,eodem
899 3890 1122 3945 Hilario
1144 3896 1313 3954 teste,
1344 3892 1621 3959 negabant
1643 3890 1947 3959 quidquam

283 3982 613 4037 substantia
646 3980 931 4034 Deisimile
952 3995 1061 4035 esse
1080 3995 1252 4048 posse,
1287 3996 1464 4050 neque
1484 3980 1551 4033 de
1566 3981 1677 4034 Deo
1689 3980 1947 4035 exsistere

276 4086 440 4142 posse
496 4070 928 4138 generationem.
980 4069 1075 4123 sed
1126 4084 1234 4123 esse
1279 4070 1550 4123 Christum
1584 4074 1893 4123 creaturam
1922 4101 1947 4150 ,-

283 4163 366 4215 ita
395 4160 548 4229 quod
586 4165 802 4213 creatus
831 4164 926 4217 est.
992 4159 1051 4212 id
1108 4160 1159 4211 ei
1212 4156 1477 4213 nativitas
1532 4158 1894 4228 deputaretur
1921 4176 1946 4225 ,-

281 4266 354 4305 σω
381 4247 570 4303 nihilo
592 4253 776 4301 autem
797 4262 925 4311 esse,
978 4252 1028 4301 et
1077 4246 1283 4301 idcirco
1334 4262 1447 4300 non
1478 4262 1585 4301 esse
1616 4246 1815 4300 Filium
1845 4262 1943 4301 nec

284 4340 393 4395 Deo
420 4338 676 4393 similem.
725 4337 841 4390 Nec
888 4335 1158 4390 omnium
1199 4335 1379 4407 hujus
1426 4334 1703 4390 factionis
1758 4334 1941 4389 fuisse

282 4426 659 4484 censendum
692 4424 1147 4496 estblasphema
1176 4423 1280 4479 illa
1309 4424 1678 4491 decreta,sed
1692 4424 1939 4479 Eudoxii

284 4523 518 4574 tantum
555 4519 613 4570 et
642 4514 930 4592 similium
962 4532 975 4581 ;
1005 4530 1143 4569 nam
1205 4513 1402 4584 impiae
1448 4514 1584 4567 huic
1627 4513 1938 4568 sententiae
1990 4562 1995 4567 .

283 4612 621 4681 repugnant
648 4605 850 4661 omnia
878 4603 1073 4660 Acacii
1126 4610 1265 4660 ante
1324 4609 1383 4659 et
1428 4608 1563 4675 post
1614 4603 1935 4659 concilium

2059 674 2347 732 sabantur
2375 693 2625 733 numero
2659 683 2947 748 erat,eum
2969 683 3449 752 uterquetuisset
3470 686 3706 759 deposi-

2057 770 2152 820 tus
2182 766 2418 837 (Sozam.
2454 766 2556 823 lib.
2594 785 2661 831 Iv,
2696 784 2823 839 cap.
2860 772 2972 839 22).

2127 858 2215 909 51.
2249 855 2579 912 Concilium
2612 858 2875 930 quinque
2898 860 3235 916 actionibus
3261 862 3420 918 intra
3442 864 3706 936 quinque

2054 943 2183 999 dies
2214 944 2555 999 absolutum
2614 953 2724 1002 est.
2782 948 2953 1019 cujus
3013 950 3261 1005 historia
3304 968 3337 1005 a
3368 953 3604 1008 Socrate
3638 973 3707 1011 ex

2054 1033 2201 1087 actis
2232 1050 2338 1104 per
2366 1034 2647 1089 Sabinum
2679 1035 2943 1091 collectis
2998 1041 3349 1110 compendio
3409 1042 3708 1115 destripta

2055 1128 2145 1176 est
2177 1139 2296 1177 non
2321 1123 2705 1195 indiligenter
2735 1125 2834 1180 lib.
2870 1144 2905 1180 ιι
2935 1129 3234 1200 Hist.,cap.
3271 1131 3338 1183 39
3371 1134 3542 1185 etliO:
3569 1150 3699 1203 quae

2053 1218 2252 1267 autem
2283 1213 2356 1267 ad
2370 1214 2572 1285 Cyrilli
2591 1230 2683 1268 res
2699 1216 2999 1286 pertinent
3014 1217 3107 1272 hic
3121 1221 3704 1289 repraasentabimus.

2053 1302 2253 1356 Prima
2283 1302 2573 1367 sessione,
2608 1320 2739 1375 qum
2794 1305 2889 1359 die
2919 1308 2985 1358 27
3018 1307 3379 1376 Septembris
3410 1310 3709 1366 celebrata

2053 1395 2163 1446 est.
2198 1398 2605 1446 convenerunt
2632 1394 2899 1448 omnium
2933 1394 3260 1450 factionum
3291 1398 3553 1469 episcopi
3586 1417 3600 1465 ;
3635 1400 3707 1455 de

2052 1478 2348 1534 industria
2401 1484 2601 1535 tamen
2634 1482 2873 1537 abfuere
2906 1484 3204 1552 nonnulli,
3264 1503 3410 1557 quos
3437 1488 3708 1544 Socrates

2053 1569 2135 1623 ait
2168 1569 2616 1625 accusationum
2648 1570 2760 1625 sibi
2785 1572 3257 1642 impendentium
3277 1574 3595 1632 formidine
3618 1595 3708 1634 va-

2051 1654 2169 1711 rias
2201 1673 2309 1711 cur
2352 1657 2632 1712 abessent
2656 1660 3042 1730 prwtexuisse
3101 1663 3381 1717 rationes.
3416 1667 3705 1722 Notantur

2050 1744 2208 1800 inter
2236 1761 2338 1800 eos
2363 1746 2758 1812 Macedonius,
2796 1749 3173 1819 Patrophilus
3200 1767 3211 1816 ;
3244 1751 3527 1821 Cyrillum
3559 1770 3697 1810 vero

2050 1840 2484 1906 repraasentant
2513 1835 2929 1893 historici.non
2961 1843 3027 1892 ut
3057 1838 3582 1912 subterfugientem
3601 1844 3701 1915 ju-

2051 1922 2295 1988 dicium,
2335 1923 2438 1978 sed
2469 1924 2627 1980 ultro
2651 1932 3066 1996 provocantem
3098 1933 3157 1982 et
3179 1929 3571 1986 lacessentem
3593 1933 3699 1987 ad-

2049 2015 2356 2070 versarios:
2376 2016 2507 2084 ejus
2521 2014 2719 2086 itaque
2736 2017 3304 2088 prmsentiaoptimaa
3319 2021 3699 2077 conscientias

2050 2103 2363 2169 index.Qui
2396 2104 2645 2159 aderant
2666 2105 2952 2177 episcopi,
2977 2113 3269 2179 negarunt
3289 2110 3615 2180 quidquam
3639 2113 3700 2167 in

2051 2193 2441 2264 quaestionem
2459 2195 2651 2249 vocari
2675 2194 3269 2267 debere,priusquam
3286 2198 3323 2251 ii
3340 2200 3439 2268 qui
3455 2200 3705 2255 aberant

2050 2282 2499 2348 convenissmt;
2525 2282 2682 2353 quod
2705 2300 2836 2339 cum
2857 2284 3104 2339 minime
3128 2289 3533 2342 necessarium
3565 2305 3694 2344 esse

2052 2371 2275 2427 Leonas
2308 2376 2568 2443 quaestor
2596 2372 2671 2427 ad
2701 2373 3136 2429 moderandum
3160 2376 3483 2431 concilium
3504 2378 3703 2433 abim-

2052 2467 2321 2532 peratore
2352 2461 2590 2528 missus,
2626 2461 2773 2515 etin
2804 2464 3119 2519 Anomusos
3162 2466 3518 2535 propensior
3562 2484 3704 2538 pro-

2050 2550 2412 2614 nuntiasset,
2445 2554 2584 2604 nata
2614 2556 2703 2605 est
2749 2551 2907 2605 inter
2937 2556 3134 2607 Patres
3178 2554 3483 2609 altercatio
3520 2573 3534 2621 ;
3569 2573 3703 2612 cum

2050 2639 2150 2694 alii
2181 2639 2344 2710 prius
2375 2638 2447 2693 de
2488 2638 2604 2693 vita
2652 2644 2710 2693 et
2740 2640 3007 2696 moribus
3056 2658 3281 2710 eorum,
3340 2645 3439 2714 qui
3471 2661 3706 2701 accusa-

2049 2726 2287 2795 bantur,
2314 2727 2741 2798 inquirendum
2798 2746 2927 2785 esse
2960 2729 3249 2798 dicerent,
3279 2748 3457 2802 quam
3481 2734 3551 2788 de
3584 2734 3700 2789 fide

2050 2816 2519 2888 disceptaretur;
2553 2817 2655 2873 alii
2688 2823 2826 2873 ante
2870 2820 3072 2875 omnia
3126 2821 3264 2875 ﬁdei
3307 2823 3699 2891 qumstionem

2049 2905 2339 2978 agendam
2364 2908 2813 2963 contenderent.
2842 2909 2951 2973 Qui
2983 2926 3015 2964 a
3047 2910 3228 2979 priori
3261 2913 3557 2967 sententia
3590 2918 3702 2967 sta-

2049 2995 2194 3050 bant
2214 3002 2383 3050 erant
2406 2996 2781 3068 potissimum
2819 2998 3118 3064 Acaciani,
3152 3016 3299 3069 quos
3340 3001 3423 3054 ait
3481 3002 3695 3057 Athan.

2050 3085 2122 3140 De
2149 3086 2340 3155 synod.
2376 3102 2520 3140 num
2580 3088 2665 3151 12,
2702 3092 2990 3157 praatextu
3047 3087 3393 3156 quaestionis
3450 3088 3521 3143 de
3584 3090 3698 3144 ﬁde

2051 3173 2344 3229 habendae
2375 3180 2566 3246 capto,
2599 3191 2778 3246 quam
2809 3174 2882 3230 ab
2923 3176 3371 3231 accusatoribus
3404 3179 3527 3233 suis
3557 3195 3697 3233 con-

2058 3264 2357 3335 cepissent
2410 3263 2793 3319 formidinem
2825 3281 2943 3319 non
2974 3264 3243 3321 obscuris
3274 3267 3509 3323 indiciis
3539 3285 3705 3340 aper-

2058 3354 2269 3410 ruisse.
2321 3354 2817 3426 Σχηματισάμενοι
2855 3349 3012 3421 δῆθεν
3042 3351 3166 3419 περί
3212 3353 3443 3416 πίστεως
3502 3361 3708 3426 ζητεῖν,

2058 3439 2157 3496 οὐκ
2187 3440 2475 3496 ἐλάνθανον
2503 3440 2630 3504 τοὺς
2659 3441 3012 3515 κατηγόμους
3045 3439 3304 3505 δεδῖοτες.
3342 3447 3438 3500 Ait
3468 3463 3704 3518 quoque

2059 3532 2416 3588 Sozomenus
2440 3532 2541 3587 lib.
2577 3550 2646 3601 iv,
2681 3549 2809 3604 cap.
2835 3534 2923 3595 22,
2958 3534 3237 3588 Acacium
3270 3534 3698 3606 disputationes

2058 3621 2128 3677 de
2163 3621 2276 3677 fide
2309 3621 2445 3677 data
2470 3638 2650 3693 opera
2672 3621 3049 3693 protraxisse,
3074 3628 3139 3677 ut
3164 3623 3535 3679 dissensione
3562 3642 3698 3697 par-

2054 3710 2222 3777 tium,
2247 3711 2688 3766 accusationum
2722 3727 2970 3766 examen
3002 3712 3350 3782 rejiceretur
3379 3714 3611 3784 longius
3632 3732 3701 3770 ac

2052 3800 2292 3871 penitus
2323 3800 2912 3872 tolleretur.Cyrillus
2934 3816 3076 3855 sane
3090 3801 3161 3855 ab
3175 3817 3378 3855 eorum
3402 3791 3700 3860 sententia

2053 3889 2375 3960 stabat,qui
2407 3905 2616 3945 causas
2637 3894 3045 3945 accusatorum
3072 3889 3484 3961 episcoporum
3503 3894 3693 3962 primo

2048 3979 2140 4052 agi
2172 3978 2486 4034 volebant:
2521 3995 2656 4033 cum
2678 3977 2752 4034 ad
2783 3978 3101 4034 concilium
3126 3994 3195 4032 ea
3234 3980 3362 4033 sola
3392 3997 3571 4036 causa
3599 3999 3698 4038 ve-

2049 4069 2256 4135 nisset,
2290 4074 2358 4123 ut
2387 4083 2556 4122 suam
2590 4084 2725 4122 cum
2774 4066 2985 4122 Acacio
3012 4083 3252 4121 causam
3304 4067 3688 4140 disceptaret.

2048 4159 2197 4213 Vicit
2225 4163 2423 4213 tamen
2454 4173 2523 4211 ea
2550 4155 2867 4220 sententia,
2903 4161 2967 4209 ut
3000 4154 3137 4211 fidei
3194 4172 3374 4212 causa
3403 4163 3541 4212 ante
3592 4175 3692 4230 pe-

2046 4248 2361 4303 culiarium
2393 4262 2706 4301 causarum
2738 4262 2984 4300 examen
3016 4246 3461 4314 agereturllinc
3485 4263 3689 4319 graves

2045 4336 2645 4406 altercationes.quas
2676 4334 2747 4388 de
2778 4335 3073 4388 industria
3101 4335 3695 4405 protrahebantAca-

2044 4427 2169 4482 cius
2203 4426 2449 4497 ejusque
2476 4424 2642 4491 socii,
2667 4422 3026 4477 dissolvendi
3045 4424 3279 4477 concilii
3301 4429 3359 4478 et
3373 4427 3694 4481 accusatio-

2041 4532 2183 4571 num
2201 4530 2447 4570 examen
2464 4512 2709 4568 tollendi
2725 4512 3099 4567 occasionem
3112 4517 3691 4583 captantes.Acacius

2043 4606 2203 4659 enim
2236 4602 2665 4658 novamiﬂdem
2698 4601 2898 4665 scribi,
2961 4607 3019 4655 et
3066 4601 3335 4673 abrogari
3386 4604 3687 4662 Nicaenum

280 4680 485 4769 gesta:
521 4712 641 4751 non
672 4712 739 4750 ea
761 4701 889 4749 erat
915 4694 1184 4765 Eutychii
1206 4693 1770 4764 Eleutheropolitani
1805 4709 1936 4748 sen-
1969 4680 2017 4746 D
2047 4694 2383 4767 symbolum
2414 4693 2690 4748 volebant
2712 4692 2871 4759 ;etin
2894 4692 3102 4763 primis
3133 4709 3347 4747 nomen
3369 4696 3690 4752 substantiae

283 4785 600 4856 tentia,qui
637 4791 835 4840 tamen
865 4783 1190 4837 retinenda)
1206 4782 1511 4854 dignitatis
1530 4783 1931 4849 gratiacatho-

276 4878 457 4933 licam
477 4875 678 4933 ﬁdem.
690 4874 747 4927 in
764 4889 881 4943 qua
893 4872 1188 4927 enutritus
1203 4872 1567 4927 erat.tacitus
1581 4871 1931 4943 suppressit:

281 4982 406 5023 non
429 4963 675 5020 tandem
699 4962 914 5017 Meletii
956 4967 1160 5032 postea
1191 4961 1544 5015 Antiocheni
1564 4962 1846 5032 episcopi,
1880 4962 1929 5017 si

281 5063 482 5111 tamen
514 5055 579 5107 in
627 5051 881 5107 concilio
917 5051 1277 5105 Seleuciensi
1324 5056 1468 5116 erat,
1506 5051 1930 5121 Acacianmque

278 5144 433 5218 parti
457 5138 962 5213 adjunctus,quod
982 5138 1344 5209 Epiphanius
1361 5139 1571 5192 haeresi
1586 5156 1928 5201 Lxxn,num.

276 5236 366 5302 23,
401 5235 602 5291 dicere
633 5231 884 5285 videtur.
916 5230 981 5282 In
1014 5228 1301 5283 ambabus
1331 5245 1464 5283 vero
1492 5229 1693 5300 primis
1723 5229 1932 5284 factio-

276 5325 453 5380 nibus
469 5326 643 5378 erant
672 5318 931 5375 accusati
956 5317 1202 5372 diversis
1233 5317 1582 5373 criminibus
1597 5319 1853 5390 episcopi
1873 5323 1934 5374 et

273 5410 749 5471 accusatoresln
782 5407 1074 5461 Acaciana
1106 5406 1359 5461 factione
1390 5407 1577 5461 multo
1608 5408 1809 5478 plures
1840 5424 1931 5463 ac-

272 5504 461 5560 cusati
497 5504 690 5565 erant,
727 5498 786 5551 in
820 5511 969 5566 quos
1001 5510 1198 5550 severe
1256 5495 1799 5550 animadverterunt
1820 5513 1926 5566 op-

274 5594 482 5667 positae
510 5588 701 5663 partis
732 5584 1280 5657 episcOpi.Acacius
1310 5585 1371 5639 in
1406 5585 1614 5655 primis
1644 5601 1678 5640 a
1707 5584 1925 5658 Cyrillo

276 5685 460 5755 injus
491 5678 841 5739 vocabatur,
873 5674 962 5728 sui
994 5673 1054 5727 in
1085 5690 1220 5728 eum
1243 5673 1452 5743 judicii
1482 5675 1769 5729 rationem
1792 5673 1926 5729 red-

276 5775 533 5837 diturus,
570 5786 643 5823 ex
675 5768 914 5822 Socrate
944 5763 1044 5819 lib.
1084 5779 1148 5831 ιι,
1181 5780 1307 5836 cap.
1341 5766 1429 5819 40.
1462 5765 1717 5836 Cyrillus
1746 5765 1926 5820 etiam

2043 4803 2073 4842 e
2103 4785 2299 4841 medio
2325 4785 2564 4851 tolli,uti
2587 4785 2647 4838 in
2683 4784 2989 4838 Sirmiensi
3012 4785 3279 4853 ejusdem
3299 4787 3439 4841 anni
3464 4788 3690 4844 confes—

2044 4875 2210 4931 sione
2241 4890 2441 4929 coram
2463 4871 2805 4927 Constantio
2837 4887 2872 4926 a
2918 4869 3294 4942 principibus
3340 4875 3685 4930 semi-Aria-

2041 4981 2254 5021 norum
2280 4961 2613 5033 subscripta
2638 4960 2855 5015 factum
2886 4961 3160 5015 erat.Alii
3192 4964 3685 5020 contrasimilitu-

2042 5052 2243 5108 dinem
2275 5050 2621 5106 substantiaa
2642 5049 2858 5103 acriter
2886 5048 3223 5117 tuebantur,
3244 5053 3440 5105 omnia
3463 5053 3683 5108 Nicmni

2040 5141 2277 5197 concilii
2307 5145 2522 5211 praeter
2541 5154 2720 5192 unam
2742 5137 3264 5193 consubstantialis
3288 5144 3684 5211 vocem.cujus

2041 5228 2464 5286 obscuritatem
2487 5225 2975 5287 criminabantur,
2993 5227 3408 5298 approbantes.
3444 5230 3555 5284 Pro
3584 5231 3686 5285 bo-

2040 5317 2271 5374 mousio
2285 5315 2395 5370 soli
2418 5314 2666 5386 Egyptii
2689 5330 2758 5368 ex
2770 5315 2989 5369 Hilario
3002 5319 3436 5371 constantissime
3457 5335 3681 5390 pugna-

2039 5408 2214 5473 bant;
2241 5405 2456 5476 quibus
2486 5405 2614 5475 ipse
2657 5403 2911 5459 Hilarius
2961 5404 3390 5476 adjungendus.
3419 5407 3684 5464 Silebant

2037 5496 2277 5552 interim
2310 5494 2408 5565 qui
2440 5510 2507 5548 ex
2539 5498 2703 5565 parte
2735 5493 3123 5548 Orientalium
3173 5496 3680 5552 consubstantiale

2036 5583 2593 5650 admittebant,cum
2615 5583 2955 5654 generalem
2989 5588 3107 5637 tam
3138 5585 3677 5640 semi-Arianorum

2036 5691 2212 5746 quam
2239 5673 2662 5729 Acacianorum
2694 5671 2756 5726 in
2780 5687 2909 5728 eam
2942 5688 3142 5727 vocem
3175 5674 3677 5743 conspirationem

2033 5766 2323 5833 viderent,
2358 5770 2416 5819 et
2444 5764 2667 5834 alioqui
2716 5762 2789 5817 de
2845 5760 3035 5817 verbis
3081 5762 3523 5834 digladiandum
3556 5775 3675 5814 non
