4094 6282
351 421 427 479 33
1634 410 1734 469 DE
1777 406 1965 468 VITA
2010 404 2075 467 S.
2122 406 2460 473 CYRlL-Ll.

3691 410 3783 468 84

364 555 666 625 putarent,
695 566 830 608 cum
861 549 935 606 de
964 567 1030 606 re
1061 550 1192 622 ipsa
1220 548 1284 604 in
1335 545 1549 620 majori
1582 543 1819 602 concilii
1851 545 2016 616 parte
2047 541 2096 608 A
2128 542 2258 601 loco
2292 548 2494 618 citato,
2529 553 2588 604 et
2606 547 2821 603 Athan.
2846 548 2920 603 De
2939 562 3062 617 syn.
3100 562 3159 600 n.
3191 548 3274 612 t2,
3308 561 3440 602 cum
3464 545 3785 602 Acacianis

354 646 900 703 conveniret.Hanc
930 643 1133 716 Cyrilli
1167 647 1224 697 et
1249 641 1500 697 aliorum
1515 639 1667 694 forte
1699 636 2021 693 nonnullo-

362 753 492 790 rum
524 735 588 789 in
625 733 876 789 concilio
913 732 1273 788 sententiam
1306 730 1491 785 fuisse
1516 733 1656 800 puto
1682 728 1927 799 (4).Cum
1948 725 2021 780 ad

356 840 666 896 vesperam
698 839 887 893 usque
918 822 1077 894 [LIV]
1107 837 1323 893 magna
1341 818 1724 875 contentione
1752 815 2020 871 altercati

359 918 584 980 essent,
613 912 890 967 clamavit
912 910 1198 982 Sylvanus
1222 909 1448 964 nullam
1486 923 1697 962 novam
1722 905 1858 961 ﬁdei
1890 904 2017 958 for-

358 1005 584 1059 mulam
616 1001 1127 1069 scribendam,sed
1160 1002 1221 1055 in
1237 999 1609 1055 Antiochena
1631 997 2018 1068 acquiescen-

361 1094 498 1149 dum
535 1110 686 1148 esse.
721 1094 910 1158 Quam
951 1090 1022 1146 ad
1055 1106 1255 1147 vocem
1288 1088 1566 1144 Acaciani
1601 1089 2016 1144 secesserunt;

358 1181 575 1251 reliqui
609 1196 741 1234 vero
772 1179 1179 1251 supradictam
1217 1176 1535 1232 formulam
1598 1174 1712 1228 sibi
1778 1164 2022 1246 prmlegi

355 1270 649 1337 fecerunt,
684 1285 751 1323 ac
783 1268 1045 1340 perlecta
1075 1267 1502 1322 discesserunt.
1520 1266 1663 1318 Eam
1693 1263 1845 1318 forte
1878 1278 2018 1333 pro-

358 1363 640 1431 posuerat
670 1358 977 1429 Sylvanus,
1011 1357 1096 1411 uti
1156 1355 1227 1410 ad
1289 1352 1697 1411 conciliandos
1749 1351 2019 1406 omnium

361 1449 595 1504 animos
629 1447 947 1513 idoneam;
976 1447 1129 1501 hanc
1184 1445 1346 1500 enim
1404 1444 1547 1499 olim
1589 1441 2020 1512 subscriptione

365 1554 474 1593 sua
505 1538 843 1591 ﬁrmaverat
876 1535 1143 1590 Aeacius.

437 1628 524 1682 5'2.
558 1624 871 1690 Postridie,
909 1622 1273 1695 Septembris
1331 1623 1397 1676 28
1457 1620 1575 1690 die,
1630 1617 2020 1674 scmi-Ariani

372 1715 502 1779 soli,
537 1713 932 1786 praesentibus
962 1719 1163 1767 tamen
1194 1710 1505 1766 nonnullis
1559 1708 1817 1764 adversa:
1839 1707 2025 1779 partis

372 1804 781 1876 episcoporum
798 1801 1121 1857 lectoribus
1141 1800 1475 1855 etdiaconis
1490 1816 1523 1853 a
1537 1799 1657 1853 suis
1671 1795 2024 1869 praesulibus

2130 636 2261 707 conj
2274 642 2482 692 unctos
2513 641 2865 692 memorant.

2201 726 2288 778 53.
2322 727 2516 781 Tertio
2548 726 2643 780 die
2700 726 2799 797 qui
2857 725 2924 780 29
2980 724 3339 797 Septembris
3371 729 3516 793 erat,
3550 725 3785 781 Leonas

2130 829 2371 885 operam
2403 815 2568 870 dedit
2596 821 2661 870 ut
2716 832 2924 871 omnes
2984 814 3410 869 convenirent:
3446 818 3505 869 et
3533 813 3787 871 adfuere

2130 906 2254 955 tum
2286 902 2546 973 primum
2592 903 2970 958 Macedonius
3004 902 3700 973 Constantinopolitanus
3722 907 3791 958 et

2130 991 2387 1047 Basilius
2418 994 2762 1064 Ancyranus
2796 992 2891 1063 (Ei).
2935 992 3041 1057 Qui
3088 1008 3223 1047 cum
3270 991 3444 1046 ambo
3502 992 3562 1045 in
3592 1008 3783 1047 unam

2131 1079 2520 1151 eamdemque
2551 1081 2956 1153 oppositorum
2980 1081 3190 1135 Acacio
3214 1080 3626 1152 episcoporum
3652 1097 3793 1152 par-

2129 1172 2249 1223 tem
2267 1186 2327 1224 se
2351 1169 3073 1241 adjunxissent,Acaciani
3103 1173 3399 1241 negarunt
3419 1186 3480 1225 se
3504 1185 3786 1225 accessu-

2130 1258 2371 1326 ros,nisi
2391 1276 2674 1314 consessu
2707 1259 3088 1331 ejicerentur,
3123 1260 3223 1330 qui
3254 1259 3345 1313 vel
3366 1264 3502 1314 ante
3522 1258 3791 1315 abdicati

2131 1347 2401 1415 fuissent,
2429 1349 2519 1403 vel
2577 1349 2639 1402 in
2697 1349 3014 1420 prmsentia
3042 1349 3303 1403 accusati
3337 1351 3432 1420 (6).
3493 1348 3791 1420 Cyrillum

2129 1437 2386 1492 maxime
2419 1438 2551 1509 [LV]
2585 1438 2679 1493 his
2709 1437 2903 1492 verbis
2942 1437 3201 1509 petebat,
3251 1453 3429 1508 quem
3459 1443 3668 1509 postea
3721 1438 3790 1493 in

2131 1526 2471 1598 exemplum
2502 1544 2700 1583 coram
2731 1520 3089 1598 imperatore
3112 1525 3438 1595 adducens,
3463 1527 3788 1582 concilium

2132 1616 2429 1688 integrum
2453 1616 3071 1687 criminabatur,quod
3104 1633 3172 1670 eo
3206 1617 3267 1670 in
3300 1617 3789 1672 communionem

2130 1711 2367 1778 recepto
2401 1705 2472 1760 de
2502 1706 2636 1761 aliis
2668 1706 3027 1761 sententiam
3050 1705 3246 1761 dicere
3268 1722 3607 1777 aggressum
3627 1712 3791 1761 esset

2132 1796 2231 1867 (7).
2292 1795 2681 1851 Contentione
2712 1796 2822 1850 hac
2853 1812 3034 1868 super
3080 1812 3143 1850 re
3175 1794 3398 1863 habita,
3431 1810 3789 1850 concessum

368 1892 658 1956 missis,in
676 1891 988 1946 ecclesiam
1006 1890 1441 1945 Seleuciensem
1459 1885 2024 1943 convenereforibus
2053 1909 2102 1974 B
2135 1891 2225 1940 est
2252 1886 2562 1942 Acacianis
2586 1886 2975 1958 postulatum,
3008 1886 3451 1958 suspicantibus
3497 1886 3790 1957 opposita

365 1980 619 2036 occlusis
649 1997 663 2045 ;
694 1985 936 2049 tumque
961 1977 1363 2050 supradictam
1397 1976 1754 2032 Antiocheni
1778 1973 2020 2051 concilii

363 2071 424 2126 in
452 2069 745 2124 Encaeniis
769 2068 1084 2124 formulam
1104 2068 1228 2124 suis
1251 2065 1794 2138 subscriptionibus
1818 2080 2026 2135 appro-

365 2160 574 2216 bavere
600 2176 613 2227 ;
644 2174 764 2213 una
793 2175 927 2213 cum
958 2157 1372 2212 iislectoribus
1411 2160 1472 2211 et
1519 2154 1783 2210 diaconis
1815 2153 2024 2208 absen-

366 2251 511 2303 tium
549 2249 987 2319 episcoporum,
1020 2246 1121 2317 qui
1152 2262 1260 2317 per
1290 2245 1426 2300 illos
1458 2260 1630 2299 suum
1665 2240 2023 2298 definiendis

366 2339 541 2393 rebus
556 2354 913 2392 consensum
933 2335 1489 2391 accommodaturos
1504 2333 1816 2389 contestati
1832 2336 2021 2388 erant.

370 2429 501 2483 Haec
534 2445 604 2482 ex
627 2426 1166 2482 Sami-Arianorum
1193 2430 1380 2496 parte.
1415 2426 1565 2480 Num
1599 2422 1898 2479 adfuerint
1928 2421 2022 2475 Hi-

368 2517 556 2573 larius
589 2521 646 2571 et
671 2515 943 2587 (Egyptii,
971 2520 1031 2570 et
1059 2531 1181 2570 una
1212 2531 1346 2569 cum
1379 2514 1609 2569 castoris
1642 2512 2025 2568 Antiochense

374 2602 650 2659 formulae
678 2602 1292 2674 subscripserint,non
1324 2603 1467 2657 satis
1492 2600 2031 2674 exprimunthisto-

380 2693 511 2747 rici.
548 2692 763 2767 Nullus,
786 2707 885 2745 eos
918 2691 1176 2746 abfuisse
1208 2690 1353 2746 dicit
1383 2709 1396 2758 ;
1432 2698 1490 2745 et
1521 2707 1590 2746 ex
1613 2690 1832 2745 Hilario
1860 2705 2027 2745 num.

388 2783 449 2835 14
472 2786 636 2852 patet
667 2796 801 2834 eum
833 2784 1059 2850 quartae
1087 2780 1333 2834 omnino
1367 2779 1621 2835 sessioni
1654 2778 2028 2844 interfuisse;

381 2887 490 2926 cur
518 2869 753 2924 abesset
781 2886 815 2925 a
845 2868 1106 2924 secunda
1131 2874 1189 2924 et
1219 2869 1588 2936 tertia,nulla
1620 2869 1768 2923 ratio
1800 2868 2035 2923 erat.At

380 2958 657 3014 Acaciani
681 2975 950 3013 seorsum
982 2959 1423 3024 convenientes,
1459 2957 1732 3013 libellum
1757 2973 1860 3012 seu
1892 2972 2035 3012 con-

378 3050 755 3105 testationem
782 3065 1190 3121 composuere,
1217 3066 1394 3121 quem
1422 3049 1632 3104 Leonm
1668 3047 1946 3121 quaestori
1980 3052 2038 3102 et

380 3139 645 3194 Lauricio
678 3139 995 3209 provinciaa
1030 3139 1307 3210 praefecto
1341 3138 1706 3194 obtulerunt.
1734 3139 1799 3192 In
1823 3153 1891 3191 eo
1914 3135 2034 3218 pri:

380 3245 539 3283 mum
573 3228 976 3298 querebantur
1007 3228 1164 3299 quod
1198 3229 1259 3283 in
1287 3228 1512 3299 synodo
1547 3245 1577 3282 e
1609 3228 1734 3283 suis
1757 3223 2035 3282 nonnull1

380 3318 758 3374 contumeliis
791 3318 1061 3389 appeliti,
1087 3318 1186 3373 alii
1218 3317 1382 3389 loqui
1413 3317 1837 3391 prohibiti,alii
1866 3316 2031 3372 inviti

382 3424 412 3463 e
445 3423 725 3462 consessu
784 3406 1007 3461 exclusi
1040 3406 1329 3473 fuissent;
1361 3412 1485 3461 tum
1518 3407 1677 3477 quod
1708 3410 1916 3461 contra
1941 3421 2039 3461 ca-

385 3512 605 3551 nonem
638 3494 1106 3550 ecclesiasticum
1136 3496 1357 3566 recepti
1392 3496 1454 3549 in
1479 3512 1828 3551 concessum
1851 3495 1923 3551 ab
1943 3495 2041 3551 ad-

381 3584 657 3641 versariis
672 3584 795 3638 suis
813 3583 1055 3642 quidam
1082 3600 1152 3638 ex
1175 3584 1421 3641 diversis
1436 3585 1752 3656 provinciis
1774 3584 2037 3660 episcopi

385 3673 485 3744 qui
518 3673 770 3727 abdicati
802 3672 1040 3728 fuerant
1094 3673 1179 3743 (in
1232 3674 1326 3729 his
1384 3674 1577 3745 primo
1636 3691 1703 3730 ac
1739 3676 2036 3747 praecipue

383 3763 669 3832 Cyrillum
701 3761 947 3817 notabat
977 3762 1272 3830 Aeacius),
1304 3767 1363 3818 et
1392 3763 1530 3819 inde
1596 3763 1818 3819 factum
1868 3765 1944 3820 sit
1972 3770 2039 3821 ut

376 3852 642 3907 tumultu
675 3850 937 3923 synodus
965 3852 1145 3924 plena
1176 3851 1440 3925 undique
1470 3853 1681 3908 fuisset
1706 3853 1905 3909 Fidem
1934 3854 2037 3910 de—

379 3941 518 3997 inde
553 3958 722 3997 suam
751 3941 1126 4014 profitentes,
1150 3948 1373 4015 negant
1396 3958 1458 3998 se
1490 3942 1670 3997 fidem
1702 3944 2036 3999 Antiochiae

382 4031 444 4085 in
475 4031 771 4086 Enczeniis
802 4032 1130 4103 expositam
1163 4037 1223 4087 et
1274 4031 1368 4087 his
1418 4032 1788 4104 temporibus
1820 4032 2037 4103 quibus

379 4118 540 4174 edita
568 4118 762 4174 fuerat
819 4124 1216 4190 opportunam
1249 4119 1525 4193 defugere
1562 4137 1574 4172 :
1619 4119 1722 4175 sed
1754 4119 2036 4190 quoniam

376 4205 859 4276 vocesopoo-iatov
883 4206 1272 4278 θῐὸμυιούσιον
1307 4224 1447 4264 cum
1477 4207 1796 4281 praeteritis
1821 4213 2040 4280 tempo-

370 4297 537 4353 ribus
568 4296 892 4353 Ecclesiam
925 4297 1434 4365 conturbaverint,
1468 4302 1593 4352 tum
1669 4298 1847 4353 etiam
1878 4315 2036 4355 nunc

373 4387 754 4452 conturbent,
787 4401 856 4441 ac
887 4384 1063 4440 modo
1096 4401 1129 4442 a
1160 4385 1517 4457 quibusdam
1547 4384 1615 4440 τὸ
1654 4383 1939 4458 ἀνόμοιον,
1974 4386 2034 4443 id

373 4472 911 4541 est,dissimilitudo
933 4472 1282 4529 substantiae
1305 4473 1573 4529 innovari
1595 4474 2033 4532 dicatur:idcir-

375 4579 441 4618 co
469 4579 532 4616 se
561 4563 734 4617 ambo
771 4562 972 4634 priora
1002 4562 1085 4616 uti
1121 4578 1154 4618 a
1184 4562 1504 4634 Scripturis
1532 4563 1729 4620 aliena
1760 4565 2029 4639 rejicere,

2134 1975 2316 2047 partis
2349 1974 2664 2048 episcopis,
2682 1976 2837 2032 hanc
2859 1977 3139 2031 Acacium
3162 1975 3522 2031 dissolvendi
3545 1974 3790 2031 concilii

2132 2081 2370 2120 causam
2390 2066 3060 2137 arripere,Aetianaaque
3075 2066 3319 2121 haeresis
3339 2065 3791 2121 damnationem

2134 2154 2313 2209 simul
2357 2159 2417 2210 et
2443 2155 2889 2211 accusationum
2921 2156 3232 2210 adversum
3266 2171 3327 2210 se
3359 2156 3792 2210 intentatamm

2126 2243 2423 2315 judicium
2443 2245 2698 2318 maligne
2717 2245 3382 2318 subterfugere.Egressi
3415 2249 3555 2299 sunt
3583 2244 3791 2315 itaque

2136 2350 2166 2389 e
2197 2333 2450 2389 concilio
2482 2334 2544 2402 ii,
2578 2334 2678 2405 qui
2711 2334 2802 2390 vel
2831 2334 3085 2406 depositi
3117 2334 3374 2399 fuerant,
3422 2333 3515 2387 vel
3538 2349 3794 2390 accusa.-

2135 2422 2370 2479 bantur.
2404 2425 2484 2478 Ex
2515 2424 2600 2479 eis
2629 2424 3011 2496 excipiendus
3044 2429 3133 2478 est
3162 2422 3416 2495 Cyrillus
3456 2428 3681 2491 noster,
3712 2421 3792 2478 de

2138 2529 2254 2582 quo
2282 2512 2407 2567 haec
2453 2512 2863 2569 Theodoretus
2917 2512 3021 2567 lib.
3075 2529 3132 2578 ιι,
3193 2529 3321 2585 cap.
3372 2514 3484 2566 26:
3519 2512 3652 2566 Cum
3685 2513 3796 2568 Se-

2140 2603 2369 2658 leuciam
2397 2606 2786 2675 convenissent,
2821 2603 3060 2675 Cyrillus
3088 2620 3211 2659 cum
3245 2602 3795 2672 Basilio,Eustathio,

2139 2692 2378 2762 Sylvano
2418 2709 2481 2748 ac
2536 2693 2768 2764 reliquis
2821 2694 3083 2749 consedit.
3145 2694 3370 2748 Aeacius
3397 2708 3523 2747 vero
3569 2698 3620 2746 et
3677 2695 3799 2763 ipse

2141 2782 2362 2853 quidem
2392 2784 2618 2837 accessit
2647 2782 2721 2838 ad
2750 2784 3028 2853 episcopos
3079 2781 3196 2836 illic
3253 2788 3633 2851 congregatos,
3695 2783 3803 2850 qui

2142 2876 2303 2926 erant
2332 2887 2561 2925 numero
2592 2878 2807 2926 centum
2839 2872 3267 2941 quinquaginta.
3298 2869 3406 2926 Sed
3450 2886 3503 2925 se
3531 2886 3652 2925 cum
3682 2870 3801 2926 illis

2144 2959 2432 3014 consilium
2462 2961 2734 3014 initurum
2760 2963 3008 3029 negavit,
3060 2959 3173 3014 nisi
3231 2959 3514 3028 Cyrilluse
3561 2960 3800 3015 concilio

2144 3049 2550 3104 submoveretur
2578 3067 2600 3114 ;
2625 3052 2837 3121 quippe
2859 3052 2957 3121 qui
2986 3052 3307 3120 episcopatu
3354 3056 3554 3103 exutus
3576 3051 3797 3118 fuisset.

2144 3139 2226 3193 Ac
2255 3138 2515 3193 nonnulli
2538 3139 2758 3209 quidem
2787 3156 2975 3195 eorum
3009 3141 3108 3210 qui
3129 3142 3286 3210 pacis
3337 3139 3572 3194 studiosi
3615 3146 3797 3206 erant,

2147 3228 2418 3298 Cyrillum
2448 3229 2719 3298 rogabant
2742 3235 2804 3283 ut
2835 3246 2862 3284 e
2887 3229 3122 3284 concilio
3150 3228 3472 3297 discederet,
3521 3234 3648 3299 post
3695 3229 3795 3283 do-

2146 3319 2337 3373 ctrina
2364 3317 2494 3387 fidei
2523 3318 2909 3374 discussionem
2940 3320 3057 3388 ejus
3105 3335 3329 3373 causam
3378 3317 3801 3375 examinaturos

2142 3423 2195 3461 se
2224 3422 2332 3462 esse
2350 3406 2692 3477 pollicentes.
2726 3407 2833 3462 Sed
2853 3424 2974 3461 cum
3015 3407 3255 3477 Cyrillus
3281 3423 3394 3461 non
3443 3407 3798 3478 obtempera-

2142 3502 2243 3562 ret,
2275 3497 2510 3551 Aeacius
2541 3497 2745 3551 relictis
2774 3497 2887 3553 illis
2919 3497 3188 3553 abscessit.
3226 3496 3391 3561 Quod
3419 3495 3466 3550 si
3498 3497 3798 3566 discessit,

2142 3585 2318 3658 paulo
2351 3590 2483 3657 post
2512 3584 2851 3642 rediit.nam
2889 3586 2950 3640 in
2980 3585 3092 3641 hac
3114 3590 3171 3641 et
3194 3584 3469 3657 sequenti
3492 3585 3585 3640 die
3609 3585 3801 3642 multa

2142 3675 2204 3730 in
2233 3674 2532 3746 frequenti
2555 3674 2806 3731 concilio
2825 3675 3110 3730 acerrime
3136 3674 3700 3746 disputavit.Vereor
3721 3692 3797 3731 ne

2142 3764 2542 3821 Theodoretus
2573 3765 2674 3836 qui
2698 3769 2829 3820 acta
2877 3764 3138 3835 plurium
3171 3764 3401 3818 dierum
3435 3764 3798 3836 compendio

2142 3854 2340 3917 refert,
2371 3859 2474 3910 aut
2523 3854 2719 3925 potius
2777 3854 2839 3909 in
2869 3870 3054 3908 unum
3094 3852 3407 3908 confundit
3441 3857 3499 3907 et
3557 3853 3794 3921 miscet,

2143 3943 2471 3999 discessum
2502 3945 2697 4000 Acacii
2732 3945 2833 4015 qui
2866 3943 2956 3999 vel
2978 3944 3170 4015 prima
3191 3943 3281 3998 vel
3315 3944 3521 4014 quinta
3540 3942 3634 3999 die
3650 3960 3796 3999 con-

2142 4032 2359 4105 tigit,in
2386 4033 2546 4088 hunc
2574 4033 2770 4089 locum
2794 4050 2900 4105 per
2922 4050 3183 4089 errorem
3211 4033 3793 4104 retulerit.Cyrillum

2142 4122 2464 4177 verisimile
2495 4128 2604 4189 est,
2649 4140 2723 4179 ne
2769 4140 2798 4178 e
2860 4139 3151 4178 concessu
3205 4122 3606 4195 egrederetur,
3642 4122 3797 4178 hanc

2142 4227 2380 4285 causam
2414 4212 2721 4285 allegasse,
2756 4211 2914 4284 quod
2937 4228 3104 4283 aequo
3128 4212 3269 4283 jure
3293 4212 3449 4267 inter
3471 4228 3533 4266 se
3568 4218 3626 4267 et
3646 4215 3793 4268 Aca-

2141 4299 2300 4355 cium
2332 4300 2422 4372 agi
2455 4305 2787 4372 oporteret;
2825 4316 2885 4355 se
2917 4299 2989 4355 ab
3022 4300 3232 4355 Acacio
3267 4298 3604 4372 depositum
3654 4301 3796 4372 qui-

2143 4387 2274 4443 dem
2299 4388 2484 4445 fuisse
2524 4408 2537 4456 ;
2572 4395 2631 4445 at
2660 4391 2778 4444 sive
2813 4406 2846 4445 a
2878 4406 2940 4444 se
2973 4390 3091 4444 sive
3123 4389 3193 4444 ab
3226 4389 3361 4444 aliis
3394 4390 3672 4445 Acacium
3698 4406 3796 4444 ac-

2141 4478 2333 4533 cusari
2361 4496 2374 4545 ;
2400 4478 2787 4551 quamobrem
2812 4478 2904 4532 vel
2927 4478 3178 4533 concilio
3203 4478 3569 4533 abstinerent
3620 4478 3795 4534 ambo

2140 4564 2230 4620 vel
2246 4565 3204 4636 interessentsimullniquitatcm
3224 4564 3795 4636 praatereaAcaciani

376 4656 434 4705 et
463 4657 830 4721 postremum
854 4652 1230 4707 anathemate
1255 4649 1536 4708 damnare
1568 4637 2030 4725 protltentur.Si-
2067 4637 2110 4700 D
2136 4654 2371 4726 judicii,
2429 4655 2587 4725 quod
2634 4654 2948 4709 manifeste
2998 4654 3231 4709 nullum
3261 4659 3319 4707 et
3348 4654 3581 4708 irritum
3615 4660 3798 4720 esset,

375 4740 582 4796 milem
601 4739 818 4794 deinde
834 4755 968 4794 cum
986 4742 1157 4795 Patre
1189 4740 1403 4795 Filium
1433 4741 1771 4813 probant,et
1794 4744 2031 4816 symbo—

373 4830 498 4886 lum
533 4845 708 4883 suum
735 4828 1120 4901 subjungunt,
1145 4828 1206 4884 in
1233 4845 1348 4902 quo
1372 4830 1519 4885 nihil
1541 4830 1613 4887 de
1636 4831 2030 4889 similitudine

376 4919 568 4974 Patris
606 4924 661 4973 et
694 4917 847 4973 Filii.
869 4916 1128 4974 Habetur
1156 4918 1269 4974 hoc
1300 4919 1765 4976 instrumentum
1789 4938 1856 4976 ex
1880 4923 2030 4977 inte-

378 5024 481 5081 gro
510 5008 879 5079 descriptum
937 5006 1095 5079 apud
1150 5007 1370 5064 Socrat.
1419 5009 1525 5064 lib.
1581 5028 1640 5080 Il,
1674 5028 1801 5083 cap.
1850 5013 1940 5079 40,
1975 5017 2032 5067 et

376 5098 585 5170 Epiph.
623 5097 767 5153 hear.
801 5114 998 5165 Lxxm,
1030 5113 1196 5154 num.
1227 5101 1317 5167 25,
1350 5100 1505 5172 apud
1556 5118 1732 5172 quem
1763 5116 1928 5158 num.
1963 5105 2030 5156 26

368 5187 810 5260 subjunguntur
840 5185 1247 5258 quadraginta
1281 5188 1697 5261 episcoporum
1746 5191 1989 5246 nomina
2016 5205 2029 5258 ;

375 5275 709 5347 desuntque
724 5276 797 5331 ad
813 5275 1213 5348 supplendum
1228 5293 1537 5333 numerum
1552 5278 2029 5350 prassulumem,

375 5366 437 5421 in
464 5366 579 5421 tlne
603 5371 893 5433 notatum,
936 5364 1183 5420 nomina
1202 5365 1338 5432 tria,
1365 5367 1715 5440 Patrophili,
1748 5368 2033 5424 Theoduli

374 5455 859 5527 Chaeretaporum
892 5452 1177 5527 episcopi,
1230 5458 1287 5508 et
1316 5456 1555 5525 Asterii,
1581 5474 1729 5529 quos
1763 5458 2032 5513 Socrates

446 5637 725 5705 (’t).qocrW
760 5635 951 5694 Hb.IL
986 5638 1234 5708 cap.39.

446 5712 516 5767 (5)
551 5709 675 5763 lbid
708 5751 720 5773 ,
754 5726 881 5779 cap.
919 5710 1010 5763 40.

2144 4743 2514 4815 prmtendere
2537 4748 2789 4815 poterat,
2826 4749 2884 4797 et
2913 4743 3374 4815 appellationem
3399 4760 3588 4810 suam,
3622 4744 3800 4815 cujus

2142 4832 2362 4888 auxilio
2396 4838 2453 4887 et
2481 4830 2775 4887 beneficio
2811 4832 3013 4887 tandiu
3049 4831 3292 4886 deberet
3320 4831 3650 4898 frui,donec
3670 4832 3800 4903 ejus

2141 4938 2321 4977 causa
2349 4921 2609 4993 legitime
2644 4920 3061 4976 discuteretur.
3090 4921 3190 4974 His
3236 4919 3566 4975 rationibus
3616 4918 3795 4975 dubio

2140 5010 2346 5084 procul
2374 5010 2670 5066 concessit
2687 5010 3190 5076 Acacius.Quibus
3213 5010 3557 5081 compositis
3574 5010 3796 5064 Leonas

2139 5099 2406 5155 libellum
2424 5099 2532 5154 sibi
2548 5098 2620 5153 ab
2640 5100 2945 5154 Acacianis
2963 5098 3222 5153 oblatum
3241 5098 3491 5153 concilio
3509 5098 3795 5170 pra-legit:

2142 5206 2259 5262 qua
2305 5188 2376 5244 de
2428 5206 2491 5243 re
2547 5190 2756 5259 ingens
2796 5190 3052 5245 excitata
3083 5188 3485 5243 controversia
3541 5193 3649 5253 est,
3693 5187 3793 5243 So-

2142 5277 2397 5350 phronio
2431 5278 2820 5345 exclamante,
2859 5279 3087 5334 sinova
3120 5277 3178 5331 in
3203 5277 3331 5331 dies
3365 5275 3630 5348 singulos
3661 5276 3796 5331 ﬁdei

2145 5367 2432 5440 expositio
2457 5367 2683 5434 edatur,
2720 5369 2847 5424 ﬁeri
2880 5385 2998 5422 non
3038 5384 3212 5439 posse
3265 5372 3331 5422 ut
3364 5366 3629 5421 veritatis
3654 5382 3796 5421 con-

2144 5462 2410 5512 servetur
2437 5457 2766 5530 integritas.
2802 5457 2910 5511 Ubi
2942 5462 3142 5511 autem
3175 5455 3365 5512 multa
3420 5461 3547 5510 tum
3581 5454 3652 5509 de
3684 5455 3795 5511 hac

2200 5636 2281 5693 (6i
2310 5636 2685 5700 Theodoret,
2721 5637 2821 5692 lib.
2861 5640 3031 5697 11,27.

2206 5711 2284 5780 (7)
2305 5710 2461 5762 Socr.
2490 5708 2590 5763 lib.
2625 5725 2683 5777 ιι,
2717 5724 2844 5780 cap.
2874 5711 2961 5763 40.
