4094 6282
298 348 380 408 85
1720 340 1968 402 DlSSEl

2081 340 2233 402 lTlO
2275 344 2323 405 Ι.
3657 348 3735 409 86

302 500 393 550 re,
426 485 557 536 tum
593 478 669 535 de
701 478 775 534 iis
806 476 907 549 qui
942 477 1005 532 in
1035 474 1263 533 crimen
1292 473 1657 530 vocabantur
1678 472 1973 546 episcopis
2004 473 2057 540 Α
2087 490 2348 545 causam,
2382 479 2507 535 tum
2536 493 2775 535 reorum
2805 477 3061 535 aliorum
3093 479 3192 551 qui
3215 480 3289 536 ad
3314 486 3512 553 partes
3533 484 3731 540 Acacii

306 572 478 629 ultro
506 570 780 640 citroque
812 567 1029 640 agitata
1056 570 1281 631 essent,
1313 564 1633 620 concilium
1656 563 1973 620 dimissum

318 667 432 718 est.

382 754 473 805 54.
500 750 720 815 Quarta
737 746 832 801 die
859 761 996 799 cum
1024 760 1233 800 omnes
1261 744 1479 799 iterum
1530 743 1971 809 convenissent,

311 840 385 896 de
420 840 536 895 ﬁde
572 845 691 894 tota
722 835 949 891 exstitit
994 834 1416 895 controversia.
1470 832 1658 888 nihilo
1709 832 1973 887 feliciore

308 946 490 1003 quam
517 928 713 1000 pridie
746 927 924 981 exitu.
953 924 1242 990 Primum,
1269 941 1405 979 cum
1438 922 1705 983 Aeacius.
1731 922 1791 976 in
1820 937 1970 994 pra-

302 1020 576 1077 cedentis
598 1017 717 1072 diei
743 1015 1217 1087 disputationem
1238 1030 1490 1084 pergens
1519 1012 1762 1076 diceret,
1786 1009 1972 1066 semel

303 1116 537 1167 mutata
556 1106 782 1163 Nicani
811 1105 1053 1161 concilii
1081 1103 1195 1158 fide
1214 1103 1367 1157 nihil
1390 1102 1627 1157 obstare
1651 1100 1972 1173 quominus

308 1218 460 1258 nova
488 1204 625 1272 post
656 1206 777 1253 tam
809 1196 1034 1251 multas
1067 1195 1202 1250 ﬁdei
1245 1194 1503 1249 formula
1533 1193 1966 1249 constituatur:

306 1290 621 1364 respondit
646 1286 926 1342 Eleusius
976 1301 1098 1340 non
1151 1284 1499 1339 convenisse
1549 1282 1868 1338 concilium
1903 1285 1971 1336 ut

308 1380 644 1437 addisceret
675 1392 808 1448 qua
841 1389 962 1429 non
1005 1371 1410 1439 addidicisset,
1444 1387 1639 1442 neque
1671 1376 1737 1425 ut
1787 1368 1967 1424 fidem

308 1469 607 1541 acciperet
633 1480 821 1537 quam
855 1479 977 1518 non
1007 1461 1335 1525 habuisset,
1370 1459 1472 1516 sed
1514 1460 1692 1515 fidem
1726 1461 1967 1514 Patrum

309 1558 465 1614 illud
482 1556 671 1628 sequi,
697 1571 725 1609 e
750 1570 870 1625 qua
887 1553 962 1607 ad
988 1556 1240 1607 mortem
1265 1567 1451 1622 usque
1476 1566 1596 1604 non
1610 1548 1962 1604 discederet.

312 1644 667 1704 Antiocheni
691 1644 752 1697 in
775 1642 1071 1698 Encaniis
1085 1639 1323 1695 concilii
1345 1637 1966 1710 formulamintellige-

309 1738 449 1794 bat:
486 1751 599 1806 quo
630 1749 777 1789 sane
826 1730 1024 1786 Acacii
1074 1734 1493 1802 argumentum
1540 1743 1749 1800 parum
1799 1725 1960 1799 [LVI]

306 1824 564 1881 feliciter
591 1819 1042 1878 retundebatur.
1076 1818 1277 1873 Altera
1305 1822 1510 1906 exorta
1539 1821 1628 1872 est
1656 1815 1961 1906 contentio
1990 1840 2038 1906 Β

307 1914 471 1969 circa
498 1911 935 1967 Acacianorum
984 1907 1302 1962 formulam
1351 1905 1542 1977 pridie
1594 1904 1957 1977 pralectam.

307 2003 456 2059 Cum
491 2004 865 2072 quaereretur
894 2013 1012 2069 quo
1045 2012 1222 2051 sensu
1252 1994 1465 2050 Filium
1499 1994 1655 2050 Patri
1699 1994 1959 2050 similem

307 2095 672 2157 assererent,
704 2087 1013 2160 respondit
1042 2085 1291 2141 Aeacius
1321 2101 1441 2139 non
1464 2082 1791 2140 secundum
1823 2082 1960 2138 sub-

304 2182 594 2237 stantiam
619 2178 725 2234 sed
750 2177 1075 2233 secundum
1092 2174 1962 2244 voluntatemduntaxatCujus

305 2271 723 2343 responsionis
757 2268 1183 2341 impiissimum
1213 2281 1477 2333 sensum,
1534 2280 1603 2319 ex
1651 2263 1959 2335 cujusdam

306 2364 440 2435 ejus
469 2361 751 2418 factionis
766 2358 1026 2432 episcopi
1047 2356 1342 2412 sententia
1356 2355 1464 2410 sibi
1490 2354 1965 2427 praecedentibus

306 2452 523 2508 diebus
553 2457 784 2523 aperta.
815 2449 997 2505 refert
1027 2446 1283 2502 Hilarius
1342 2451 1487 2500 cont.
1539 2446 1748 2507 Const.,
1797 2458 1963 2498 num.

315 2545 402 2597 14.
438 2542 723 2613 Opposita
754 2537 966 2594 Acacio
990 2537 1062 2592 ab
1085 2534 1441 2591 adversariis
1464 2533 1703 2605 propria
1723 2540 1965 2588 senten-

316 2632 400 2688 tia
430 2638 539 2695 est,
574 2630 675 2701 qui
704 2630 824 2683 sive
855 2628 915 2682 in
951 2626 1167 2682 litteris
1197 2624 1267 2680 ad
1292 2623 1721 2691 Macedonium,
1755 2622 1874 2677 sive
1904 2622 1966 2676 in

311 2722 468 2777 libro
501 2738 536 2777 a
567 2736 629 2775 se
660 2717 1018 2788 conscripto.
1052 2715 1265 2771 Filium
1289 2714 1481 2769 fassus
1504 2718 1649 2781 erat,
1677 2729 1812 2768 cum
1834 2710 1968 2767 aliis

312 2810 495 2867 rebus
535 2809 838 2875 omnibus,
890 2812 1015 2861 tum
1066 2805 1243 2861 etiam
1304 2802 1637 2859 substantia
1686 2801 1964 2857 similem.

314 2899 542 2967 Quibus
572 2897 825 2954 ridicule
856 2894 1167 2967 respondit
1208 2892 1480 2960 Aeacius,
1527 2892 1829 2947 neminem
1856 2907 1971 2946 un-

306 3006 492 3062 quam
531 3006 602 3046 ex
630 2989 724 3044 his
757 3004 888 3059 qua
917 2985 1257 3056 scripsisset
1281 2982 1616 3056 judicatum
1666 2982 1767 3052 (δ).
1823 2981 1967 3035 Cum

308 3097 451 3136 vero
466 3076 881 3135 semi-Arianis
898 3074 1281 3147 objecissent.
1309 3079 1374 3127 ut
1387 3075 1650 3144 apparet.
1670 3069 1942 3126 Acaciani
1954 3110 1968 3137 ,

306 3170 699 3226 Sirmiensem
734 3166 1003 3238 ejusdem
1060 3163 1205 3218 anni
1254 3161 1571 3217 formulam
1599 3176 1634 3216 a
1657 3158 1874 3215 Basilio
1910 3163 1971 3213 et
1998 3200 2043 3268 α

307 3263 503 3317 Marco
538 3258 853 3315 Arethusio
881 3255 1302 3326 conscriptam.
1338 3268 1456 3325 qua
1484 3250 1831 3307 substantia
1859 3265 1968 3304 no—

308 3367 449 3405 men
484 3349 560 3405 ab
590 3349 663 3403 iis
696 3346 874 3419 paulo
933 3350 1072 3400 ante
1116 3343 1417 3398 sublatum
1470 3346 1615 3405 erat,
1661 3338 1973 3411 respondit

311 3439 632 3495 Eleusius:
666 3434 959 3508 quidquid
999 3432 1252 3489 Casilius
1300 3431 1389 3487 vel
1440 3432 1668 3486 Marcus
1718 3429 1969 3485 seorsim

312 3529 601 3603 egissent.
633 3542 701 3582 ac
733 3523 1028 3596 quidquid
1058 3522 1330 3594 privatim
1363 3519 1476 3575 sibi
1507 3525 1714 3575 mutuo
1745 3517 1967 3589 objice-

307 3624 441 3674 rent
471 3616 726 3673 Aeacius
757 3620 815 3667 et
845 3612 1107 3667 adversa
1142 3610 1333 3682 partis
1365 3608 1662 3675 homines,
1696 3612 1755 3661 et
1778 3612 1972 3661 recte—

309 3725 384 3763 ne
416 3723 494 3762 an
526 3722 699 3761 secus
730 3702 1022 3759 haberent
1051 3700 1223 3757 edita
1257 3699 1331 3754 ab
1364 3698 1633 3769 utrisque
1674 3695 1966 3760 formula,

310 3796 464 3854 nihil
492 3795 553 3850 id
574 3792 818 3849 concilii
842 3791 1168 3856 interesse;
1203 3787 1307 3844 sed
1330 3788 1390 3842 in
1424 3786 1564 3842 ﬁdei
1595 3783 1968 3842 confessione

311 3885 686 3942 Antiochena
716 3882 962 3937 omnino
994 3877 1503 3951 acquiescendum
1527 3891 1676 3931 esse.
1711 3874 1814 3930 Cui
1834 3890 1967 3930 sen-

311 3976 514 4032 tentia
537 3990 674 4029 cum
703 3973 793 4028 sui
828 3987 1056 4030 omnes.
1088 3967 1141 4023 οὶ
1169 3965 1261 4021 σὺν
1298 3964 1442 4036 αὐτῷ
1473 3964 1685 4029 πάντες,
1719 3965 1967 4037 applau-

312 4065 558 4123 sissent.
592 4078 703 4117 nec
734 4060 878 4116 certi
911 4058 1237 4131 quidquam
1271 4057 1428 4112 inter
1448 4055 1853 4127 oppositarum
1877 4052 1966 4109 fa-

311 4154 581 4210 ctionum
604 4150 915 4222 episcopos
941 4147 1118 4203 statui
1140 4146 1447 4218 potuisset,
1472 4160 1720 4217 surgens
1740 4144 1968 4199 Leonas

311 4242 639 4299 concilium
670 4238 920 4294 dimisit.

385 4337 474 4390 55.
511 4331 829 4410 Postridie,
861 4329 1146 4385 nimirum
1178 4327 1372 4399 prima
1406 4326 1675 4383 Octobris
1705 4325 1820 4393 die,
1865 4342 1963 4381 ro-

312 4430 485 4499 gatus
518 4428 785 4495 quastor
810 4427 875 4477 ut
899 4420 973 4475 ad
1003 4418 1325 4476 concilium
1348 4434 1416 4473 ex
1438 4434 1604 4473 more
1633 4415 1963 4485 accederet,

318 4514 555 4588 negavit
586 4527 648 4567 se
679 4510 1022 4567 adfuturum
1055 4525 1066 4563 :
1101 4507 1353 4564 missum
1394 4507 1554 4562 enim
1605 4522 1667 4561 se
1716 4521 1844 4561 esse
1892 4505 1964 4562 ab

2082 565 2526 639 confugissent;
2560 568 2661 623 alii
2694 568 2870 625 modo
2901 569 3275 640 postularent
3302 577 3368 625 ut
3414 572 3559 627 certi
3606 576 3732 645 epi-

2081 656 2243 727 scopi
2275 657 2336 711 in
2370 656 2596 714 adibus
2624 660 2834 714 Leona
2857 658 3276 724 convenirent;
3311 660 3486 715 modo
3519 662 3631 717 sibi
3657 664 3730 720 ab

2081 743 2439 816 imperatore
2462 748 2522 801 in
2546 747 2844 803 mandatis
2870 747 3074 802 datum
3097 748 3385 811 dicerent.
3419 757 3485 804 ut
3503 751 3576 805 de
3597 754 3731 808 aliis

2074 833 2420 905 judicarent
2437 844 2453 897 (
2463 840 2573 904 10),
2595 837 2871 892 Acaciani
2894 853 3027 892 vero
3053 853 3246 908 neque
3263 838 3531 893 eamdem
3550 841 3727 896 fidem

2082 938 2216 977 cum
2246 924 2378 979 aliis
2410 925 2702 990 confiteri,
2734 942 2928 997 neque
2960 927 3211 998 objectis
3234 927 3343 981 sibi
3376 928 3728 985 criminibus

2079 1013 2462 1083 respondere,
2487 1031 2596 1069 nec
2618 1014 2690 1070 ad
2717 1016 3176 1071 examinandum
3200 1016 3402 1087 Cyrilli
3425 1018 3725 1089 negotium

2077 1101 2357 1157 accedere
2371 1103 2766 1170 sustinebant,
2790 1121 2968 1175 quem
2993 1104 3106 1177 ipsi
3134 1106 3723 1176 deposuissent.Cum

2076 1190 2277 1262 itaque
2309 1192 2527 1263 sapius
2559 1194 2829 1249 accersiti
2860 1210 2980 1249 non
3011 1201 3447 1265 comparerent.
3480 1195 3721 1252 tandem

2077 1278 2396 1334 concilium
2429 1282 2789 1337 sententiam
2815 1281 2983 1350 dixit,
3017 1298 3134 1353 qua
3162 1282 3420 1353 primum
3453 1284 3721 1341 omnium

2076 1369 2359 1424 Acacium
2377 1386 2512 1426 cum
2544 1371 2789 1443 Georgio
2820 1370 3244 1437 Alexandrino,
3287 1372 3551 1428 Eudoxio
3600 1377 3721 1430 An-

2075 1456 2374 1526 tiocheno,
2396 1459 2770 1531 Pastrophilo
2794 1460 3274 1533 Scythopolitano
3294 1462 3546 1533 aliisque
3567 1480 3721 1521 non-

2074 1547 2258 1602 nullis
2284 1548 2626 1619 deponunt;
2663 1549 2812 1605 alios
2837 1565 2992 1617 vero,
3025 1550 3088 1604 in
3118 1549 3335 1621 quibus
3375 1552 3717 1625 Eutychius,

2072 1637 2282 1692 tandiu
2312 1638 2567 1709 propria
2613 1638 2893 1694 Ecclesia
2940 1640 3358 1695 communione
3408 1648 3718 1698 contentos

2072 1742 2202 1781 esse
2225 1726 2463 1799 jubent,
2496 1727 2685 1783 donec
2714 1727 2978 1800 legitima
3008 1728 3411 1785 satisfactione
3437 1730 3509 1785 ab
3532 1731 3716 1788 illatis

2072 1831 2202 1872 sese
2233 1816 2586 1872 criminibus
2617 1816 3013 1889 purgaverint.
3047 1817 3332 1888 Cyrillum
3368 1819 3708 1875 restitutum

2069 1921 2199 1961 esse
2232 1922 2267 1960 a
2291 1906 2565 1974 concilio,
2599 1906 2867 1977 quamvis
2893 1906 3159 1962 historici
3183 1907 3420 1973 sileant,
3454 1908 3712 1966 dubitari

2069 2011 2188 2050 non
2215 2001 2428 2069 potest.
2456 1998 2603 2052 Eum
2624 1997 3019 2068 Hieronymus
3040 1996 3101 2049 in
3125 1997 3386 2054 Chronico
3415 1999 3711 2055 redditum

2072 2102 2192 2141 sua
2215 2085 2491 2141 Ecclesia
2514 2085 2715 2153 refert,
2729 2091 3047 2156 antequam
3063 2084 3393 2141 Herennius
3407 2105 3474 2143 eo
3497 2089 3713 2144 iterum

2071 2175 2243 2246 pulso
2272 2176 2400 2248 ejus
2424 2176 2549 2231 sedi
2581 2175 3008 2247 imponeretur.
3046 2176 3321 2230 Herennii
3355 2194 3489 2231 vero
3525 2178 3713 2233 intru-

2073 2263 2305 2318 sionem
2336 2280 2456 2319 non
2487 2279 2804 2334 possumus
2835 2262 2951 2317 nisi
2982 2262 3167 2334 [LVII]
3216 2269 3350 2334 post
3394 2266 3717 2322 concilium

2073 2352 2795 2423 Constantinopolitanum
2811 2351 2953 2408 anni
2970 2354 3273 2422 sequentis
3292 2354 3722 2428 eollocare.lgi-

2075 2448 2173 2497 tur
2202 2450 2339 2498 ante
2370 2442 2517 2496 illud
2549 2441 2868 2497 concilium
2902 2442 3373 2512 Hierosolymam
3405 2450 3727 2500 reverterat

2076 2534 2352 2606 Cyrillus,
2386 2534 2738 2589 auctoritate
2800 2532 3193 2588 Seleuciensis
3247 2535 3483 2590 concilii
3540 2536 3721 2592 dubio

2076 2622 2283 2695 procul
2312 2622 2520 2677 fretus.
2556 2622 2800 2677 Etiamsi
2837 2621 3069 2677 nullum
3104 2624 3234 2694 ejus
3265 2625 3502 2680 concilii
3544 2625 3605 2680 in
3634 2625 3723 2681 fa-

2074 2729 2273 2768 vorem
2305 2712 2509 2785 Cyrilli
2550 2711 2855 2767 decretum
2910 2712 3147 2783 preprie
3198 2714 3541 2782 exstitisset,
3594 2715 3725 2786 ipsa

2077 2809 2276 2858 tamen
2300 2802 2497 2857 Acacii
2524 2800 2975 2873 depositio,qua
2997 2801 3071 2857 ad
3095 2802 3294 2872 Cyrilli
3314 2804 3723 2860 accusationes

2077 2894 2375 2968 pracipue
2406 2908 2687 2948 concessa
2716 2891 2970 2959 videtur,
3003 2909 3107 2963 pro
3138 2893 3473 2964 Cyrilliana
3527 2911 3720 2951 causa

2078 2982 2453 3041 absolutione
2485 2987 2544 3037 et
2572 2980 2840 3052 ejusdem
2873 2980 3375 3053 redintegratione
3402 2982 3605 3038 haberi
3625 3001 3724 3054 po-

2080 3077 2250 3130 terat.
2277 3070 2389 3127 Sed
2410 3075 2637 3125 certum
2662 3075 2751 3125 est
2771 3068 3057 3141 Cyrillum
3080 3070 3513 3140 Acaciijudicio
3536 3072 3724 3128 inter-

2079 3163 2291 3227 ruisse,
2324 3168 2384 3216 et
2413 3176 2532 3215 una
2562 3175 2695 3214 cum
2729 3159 2959 3214 cateris
3016 3158 3075 3212 in
3125 3159 3323 3230 ipsum
3367 3161 3724 3217 sententiam

2081 3253 2290 3309 tulisse
2320 3268 2335 3318 ;
2366 3266 2503 3306 nam
2536 3248 2897 3321 querebatur
2916 3249 2991 3304 ad
3012 3249 3433 3320 imperatorem
3454 3252 3722 3319 Aeacius,

2080 3341 2239 3415 quod
2261 3359 2322 3397 eo
2360 3355 2622 3396 assessore
2651 3345 2702 3394 et
2733 3339 3050 3395 consiliario
3081 3340 3444 3396 Seleucienses
3464 3324 3728 3410 judicare

2080 3439 2133 3488 et
2162 3432 2229 3487 de
2256 3431 2383 3487 aliis
2409 3430 2731 3486 sententiam
2785 3432 2931 3497 ferre
2977 3431 3222 3499 aggressi
3260 3432 3514 3498 fuissent.
3569 3431 3726 3502 apud

2080 3520 2370 3577 Theodor.
2404 3518 2507 3574 lib.
2542 3535 2576 3573 ιι
2606 3520 2771 3580 Hist.,
2798 3533 2926 3589 cap.
2950 3521 3039 3572 27.
3074 3520 3154 3573 Ex
3186 3519 3401 3589 quibus
3430 3520 3728 3590 conjectu-

2081 3628 2209 3667 ram
2239 3608 2512 3664 ducimus
2544 3607 2863 3663 concilium
2917 3608 3121 3679 Cyrilli
3171 3624 3410 3664 causam
3464 3610 3723 3681 primum

2082 3700 2471 3757 examinasse.
2498 3713 2752 3768 eumque
2775 3697 3155 3753 innocentem
3178 3700 3626 3771 comprobatum
3650 3700 3724 3756 ad

2081 3804 2425 3846 consessum
2456 3787 2789 3854 admisisse,
2823 3791 2882 3841 et
2910 3787 3299 3842 consiliorum
3357 3789 3626 3844 omnium
3656 3807 3726 3845 ac

2073 3880 2457 3952 judiciorum.
2484 3895 2614 3950 qua
2639 3878 2702 3933 in
2727 3878 3006 3934 Acacium
3034 3878 3253 3933 aliosve
3280 3879 3399 3935 lata
3420 3886 3721 3952 sunt,par-

2081 3970 2180 4026 tiei
2186 3985 2322 4041 pem
2351 3968 2586 4023 fecisse.

2732 4073 2964 4129 CAPUT
3002 4073 3068 4130 X.

2079 4170 2307 4226 Aeacius
2336 4164 2688 4235 imperatoris
2736 4161 2982 4235 animum
3027 4163 3288 4219 adversus
3338 4162 3606 4233 Cyrillum
3635 4182 3727 4221 ac-

2153 4239 2355 4295 cendit.
2389 4234 2489 4307 qui
2512 4252 2548 4290 a
2576 4234 3455 4307 concilioConstantinopolitano
3497 4253 3590 4291 an.
3626 4238 3730 4292 360

2153 4313 2353 4366 iterum
2379 4305 2694 4379 deponitur,
2726 4313 2777 4361 et
2805 4305 2866 4361 in
2895 4307 3154 4364 exsilium
3179 4305 3441 4362 mittitur.

2152 4423 2238 4475 56.
2271 4415 2646 4473 Seleuciense
2677 4414 2999 4471 concilium
3034 4414 3236 4470 decem
3281 4414 3355 4469 ad
3407 4415 3733 4487 imperato-

2084 4526 2210 4566 rem
2243 4507 2554 4581 episcopos
2583 4504 2770 4576 ipsius
2794 4505 2968 4575 jussu
2989 4504 3299 4575 delegavit,
3324 4504 3423 4576 qui
3456 4506 3528 4560 de
3552 4506 3731 4561 rebus

314 4604 677 4675 imperatore
702 4606 763 4655 ut
788 4596 1043 4655 concilio
1070 4597 1347 4653 concordi
1374 4596 1709 4651 interesset.
1743 4595 1972 4660 Quando
2009 4572 2054 4637 Β
2085 4618 2121 4657 a
2152 4616 2212 4655 se
2244 4597 2424 4667 gestis
2447 4594 2757 4657 referrent,
2790 4594 3008 4664 quibus
3038 4572 3312 4649 nonnulli
3342 4572 3458 4650 ‘alii
3507 4613 3569 4651 se
3626 4595 3731 4652 ad-

317 4701 509 4749 autem
539 4691 804 4748 nonnulli
832 4691 1186 4757 dissentiant,
1221 4688 1438 4759 inquit,
1470 4689 1653 4743 adesse
1702 4703 1813 4741 non
1852 4703 1978 4755 pos-

315 4799 461 4840 sum.
496 4782 665 4838 Abite
694 4782 893 4850 igitur,
927 4785 979 4834 et
1010 4781 1068 4833 in
1127 4777 1355 4833 ecclesia
1403 4792 1580 4846 nugas
1626 4777 1788 4846 agite.
1845 4775 1978 4830 Hac

318 4880 424 4937 ille
454 4880 660 4935 favens
692 4876 1025 4937 Acacianis.
1059 4892 1209 4946 quos
1231 4875 1293 4929 in
1324 4875 1451 4946 ejus
1472 4874 1699 4929 adibus
1721 4872 1979 4928 offende-

321 4976 466 5027 runt
496 4969 598 5039 qui
631 4967 706 5024 ad
739 4982 874 5022 eum
899 4963 1266 5020 invitandum
1289 4964 1555 5036 deputati
1576 4963 1980 5033 fuerant.Ejus

317 5077 492 5116 voces
524 5058 695 5115 avide
741 5062 994 5127 arrepta
1056 5054 1127 5110 ab
1179 5054 1509 5117 Acacianis.
1555 5060 1622 5109 ut
1666 5052 1822 5125 quod
1867 5051 1980 5124 ipsi

319 5150 608 5222 optabant
628 5165 663 5203 a
677 5145 936 5202 concilio
950 5143 1322 5199 discederent
1338 5144 1515 5215 (9).At
1528 5143 1708 5214 partis
1722 5142 1980 5197 adversa

316 5238 608 5313 prasnles
642 5237 705 5292 in
740 5234 1053 5291 ecclesiam
1089 5234 1163 5289 de
1217 5249 1383 5289 more
1433 5237 1879 5297 convenerunt;
1913 5248 1982 5287 ac

316 5327 597 5385 nonnihil
627 5323 915 5396 temporis
938 5322 1266 5378 interfluxit
1285 5339 1416 5377 cum
1442 5322 1539 5377 alii
1567 5321 1892 5378 Acacianos
1906 5322 1981 5375 ci-

317 5423 521 5476 tarent
549 5416 627 5473 ad
647 5411 1044 5487 judicandam
1080 5417 1201 5468 tum
1231 5411 1436 5483 Cyrilli
1459 5409 1980 5481 Hierosolymitani

392 5598 465 5667 (8)
499 5596 651 5667 Soz._.
684 5592 791 5648 lib.
826 5607 900 5658 IV,
934 5606 1060 5661 cap.
1095 5594 1180 5645 ‘2.

403 5665 480 5741 (9)
510 5665 665 5723 Ibid.

2081 4688 2353 4762 junxisse
2382 4685 2656 4740 videntur
2684 4701 2697 4751 ;
2731 4684 2928 4740 cateri
2956 4683 3200 4739 domum
3248 4685 3499 4753 rediere,
3534 4693 3592 4741 et
3619 4688 3732 4760 Cy-

2087 4778 2259 4835 rillns
2290 4774 2701 4845 Hierosolyma
2732 4789 3002 4827 reversus
3035 4790 3156 4829 sua
3187 4774 3403 4829 iterum
3453 4777 3729 4832 Ecclesia

2088 4863 2488 4938 gubernacula
2506 4862 2821 4933 capessivit
2838 4862 2885 4932 (1
2900 4864 2921 4915 1
2936 4862 3286 4929 ).Acaciana
3308 4881 3444 4919 vero
3458 4864 3733 4921 factionis

2088 4958 2386 5032 principes
2412 4953 2695 5010 Seleucia
2727 4952 3001 5022 depositi,
3033 4953 3107 5008 ad
3138 4954 3335 5009 aulam
3360 4955 3471 5026 ipsi
3498 4973 3734 5028 quoque

2089 5046 2334 5120 prafecti
2361 5049 2500 5099 sunt
2524 5041 3097 5112 Constantinopolim
3126 5059 3231 5110 ;ac
3263 5044 3738 5101 Seleuciensibus

2090 5135 2300 5209 legatis
2330 5133 2505 5188 citius
2534 5131 2791 5203 appulsi,
2826 5132 3082 5203 primum
3116 5133 3357 5204 quidem
3393 5151 3492 5188 eos
3543 5137 3643 5205 qui
3675 5136 3737 5192 in

2089 5224 2310 5299 palatio
2327 5221 2649 5294 plurimum
2666 5227 2938 5293 poterant
2955 5223 3169 5293 partim
3195 5239 3395 5277 secum
3417 5224 3476 5278 in
3500 5224 3672 5296 dogm
3689 5242 3745 5280 a-

2090 5317 2251 5373 tibus
2282 5329 2389 5368 sua
2419 5317 2627 5384 sponte
2681 5312 3141 5368 consentientes.
3178 5313 3393 5385 partim
3444 5314 3737 5370 orationis

2090 5402 2389 5462 lenocinio
2411 5402 2472 5458 in
2488 5417 2654 5457 suam
2678 5403 3035 5459 sententiam
3060 5402 3588 5476 adductos.partim
3605 5421 3737 5460 mu-

2159 5582 2272 5653 (10)
2306 5582 2457 5645 Soc.,
2489 5580 2591 5654 lib.
2627 5599 2687 5645 ιι,
2711 5598 2835 5654 cap.
2874 5584 2962 5637 4-0.

2159 5656 2270 5728 (11)
2300 5655 2420 5711 Soz.
2450 5653 2554 5710 lib.
2584 5670 2661 5723 ιν,
2694 5653 2822 5726 cap.
2853 5655 2944 5709 23.
