4094 6282
286 315 360 373 8'7

1582 305 1688 365 DE
1731 304 1919 368 VlTA
1962 300 2025 364 S.
2070 303 2404 370 CYBILLI.
3626 315 3706 374 88

295 448 539 504 neribus
557 449 851 521 exOpibus
870 447 1150 503 Ecclesiae
1173 445 1518 516 redemptos
1537 440 1649 497 sibi
1672 438 1948 494 devinxe-
1982 440 2029 504 Α
2066 439 2175 495 ctis
2203 443 2480 500 omnibus
2511 445 2644 501 aliis
2675 446 2931 518 probant
2968 446 3137 519 (Sor,
3169 446 3274 502 lib.
3309 463 3382 513 ιν,
3415 461 3541 519 cap.
3594 446 3713 519 24),

301 544 456 607 re,ut
482 539 590 592 hoc
614 544 788 610 pacto
815 537 1191 609 imperatoris
1214 534 1457 589 auribus
1476 546 1605 587 sese
1626 528 1861 584 facilius
1877 526 1962 580 in-

302 630 621 684 sinuarent
650 629 781 697 (l2).
815 629 958 682 Tum
995 626 1249 681 Aeacius
1280 622 1688 679 Seleucienses
1726 617 1962 690 probris

305 719 590 774 omnibus
622 734 821 773 coram
855 719 1214 788 imperatore
1245 713 1532 779 oneravit,
1554 709 1962 781 improborum

312 810 625 863 hominum
661 814 874 863 emtum
909 807 1240 879 appellans,
1275 805 1345 859 ad
1377 801 1707 874 perniciem
1740 804 1800 853 et
1842 796 1961 852 exi-

313 897 461 950 tium
496 895 893 951 Ecclesiarum
925 895 1262 950 collectum.
1298 891 1406 946 Sed
1442 888 1607 944 nulla
1663 904 1726 941 re
1776 885 1963 956 magis

307 988 438 1055 ejus
469 985 736 1040 animum
768 983 1083 1039 adversum
1117 982 1252 1036 illos
1278 978 1805 1047 commovit,quam
1829 989 1962 1029 cum

305 1073 535 1128 diceret
564 1090 665 1128 eos
699 1073 1085 1128 consiliorum
1120 1087 1187 1126 ac
1212 1069 1577 1141 judiciorum
1613 1064 1963 1137 participem

305 1162 583 1218 habuisse
616 1163 903 1231 Cyrillum
940 1158 1570 1231 Hierosolymitanum,
1606 1154 1707 1225 qui
1740 1158 1963 1206 vestem

306 1252 503 1306 aureis
528 1252 644 1305 ﬁlis
668 1256 1068 1317 contextam,a
1088 1248 1475 1303 Constantino
1502 1249 1670 1317 patre
1694 1241 1768 1297 ad
1790 1256 1963 1296 usum

308 1341 591 1411 baptismi
622 1341 819 1395 datam
842 1340 1209 1395 vendidisset
1239 1337 1444 1400 mimo,
1478 1334 1578 1405 qui
1601 1349 1669 1387 ea
1691 1329 1969 1385 intersal-

312 1430 559 1485 tandum
582 1432 833 1486 amictus
855 1429 1199 1493 corruisset,
1224 1433 1282 1482 et
1305 1426 1581 1498 spiritum
1610 1421 1964 1485 exhalasset,

313 1519 626 1591 indignum
653 1539 752 1576 eos
777 1521 877 1575 teli
898 1520 1283 1575 consiliorum
1309 1515 1595 1588 participe
1621 1518 1679 1567 et
1695 1515 1967 1566 consorte

314 1612 641 1668 usos.Mitto
663 1626 793 1680 qua:
817 1608 1057 1663 interim
1084 1605 1406 1677 contigere,
1440 1603 1703 1675 priorum
1729 1596 1966 1653 concilii

317 1699 713 1757 Ariminensis
743 1698 1071 1767 legatorum
1090 1693 1637 1767 praevaricationem
1669 1689 1763 1743 die
1795 1688 1968 1743 Octo-

316 1792 441 1845 bris
461 1788 858 1851 rlecima,dum
877 1786 1032 1858 apud
1056 1786 1234 1839 Nicen
1248 1783 1458 1838 urbem
1482 1779 1743 1835 Thraciae
1765 1776 1967 1832 omnia

319 1881 574 1935 Arimini
600 1879 831 1933 fortiter
846 1876 1085 1949 gestain
1108 1876 1341 1930 irritum
1354 1872 1966 1937 deducunt,etnovam

316 1970 639 2024 formulam
672 1968 745 2023 ad
777 1964 1206 2022 eliminandam
1230 1960 1580 2017 substantia:
1602 1974 1805 2012 vocem
1830 1956 1970 2011 scri-

319 2061 487 2123 bunt,
525 2077 654 2129 quae
710 2057 1037 2112 Ariminum
1097 2055 1280 2109 missa
1351 2051 1423 2106 ab
1482 2048 1760 2104 omnibus
1818 2062 1971 2119 pene

324 2149 619 2220 episcopis
651 2144 1003 2218 deplorabili
1026 2160 1166 2199 casu
1196 2139 1532 2210 subscripta
1555 2143 1681 2192 est:
1711 2136 1973 2207 disputa-

326 2240 545 2293 tionem
579 2238 877 2307 geminam
907 2251 1108 2291 coram
1145 2234 1541 2303 imperatore;
1589 2229 1842 2300 primam
1875 2228 1972 2281 Se-

323 2328 716 2383 leuciensium
742 2326 1417 2398 legatorum,postquam
1438 2321 1498 2373 in
1522 2318 1728 2373 urbem
1753 2318 1974 2390 regiam

327 2419 618 2474 advenere
651 2432 786 2469 cum
820 2413 1031 2468 Acacio
1067 2417 1125 2465 et
1154 2409 1437 2476 Eudoxio,
1481 2408 1542 2462 in
1590 2423 1708 2477 qua
1759 2407 1974 2477 impias

329 2505 479 2562 Aetii
505 2520 677 2558 voces
705 2519 839 2556 eum
861 2501 1144 2555 damnare
1166 2501 1557 2570 coegeruntet
1586 2495 1974 2551 consubstan-

330 2594 490 2648 tialis
523 2593 701 2647 etiam
726 2588 1077 2644 vocabulum
1110 2587 1359 2654 fortiter,
1418 2585 1778 2640 Thesdoreto
1828 2588 1976 2638 teste

329 2682 434 2736 lib.
472 2699 528 2745 ll,
555 2697 682 2750 cap.
717 2683 805 2741 27,
864 2691 1347 2749 propugnavere:
1406 2674 1595 2745 [LVlll
1629 2672 1771 2741 LIX]
1829 2672 1979 2727 alte-

329 2788 457 2827 ram
491 2771 688 2826 Basilii
721 2768 1019 2840 Ancyrani
1043 2782 1176 2822 cum
1203 2766 1394 2832 Aetio,
1419 2769 1480 2819 in
1513 2781 1630 2834 qua
1655 2763 1845 2818 victus
1866 2763 1977 2818 iste

335 2879 405 2915 ex
437 2863 562 2915 Soz.
608 2860 706 2913 lib.
735 2876 811 2926 iv,
836 2874 961 2928 cap.
995 2857 1084 2924 23,
1112 2861 1170 2911 et
1198 2855 1260 2909 in
1293 2853 1567 2908 exsilium
1601 2852 1819 2907 missus
1851 2857 1974 2907 est:

333 2969 400 3005 ex
426 2948 775 3004 Theodoreti
801 2947 929 3001 loco
955 2946 1163 3010 citato;
1188 2943 1579 3015 posteriorum
1599 2941 1834 2997 concilii
1857 2940 1983 2995 Ari-

332 3040 623 3094 minensis
656 3038 981 3109 legatorum
1003 3033 1485 3105 conjunctionem
1515 3047 1647 3087 cum
1671 3029 1978 3086 Acacianis

330 3129 561 3187 initam,
587 3127 992 3196 nequidquam
1016 3140 1077 3179 se
1101 3120 1622 3194 interponentibus
1645 3120 1977 3175 Seleucien-

333 3220 495 3273 sibus
527 3218 733 3289 legatis
766 3217 864 3287 qui
898 3232 999 3270 eos
1020 3213 1093 3269 ad
1124 3212 1559 3267 defendendam
1586 3211 1763 3266 ﬁdem
1786 3212 1981 3265 horta-

334 3307 553 3360 bantur
579 3321 590 3357 :
620 3303 879 3373 denique
911 3301 1675 3371 Seleuciensiemipsorum,
1705 3297 1859 3353 dolis
1885 3297 1982 3352 ad-

334 3394 729 3449 versariorum
765 3397 822 3445 et
844 3391 1022 3445 minis
1044 3390 1419 3460 imperatoris
1442 3387 1979 3454 succumbentium,

336 3487 598 3538 coactam
634 3478 1027 3533 Ariminensis
1050 3477 1320 3532 formulae
1342 3474 1861 3546 subscriptionem,
1881 3492 1980 3530 ex-

341 3578 526 3626 tremo
559 3569 701 3624 anni
733 3572 834 3623 359
862 3567 956 3622 die
988 3583 1001 3620 :
1035 3567 1180 3633 haec,
1222 3566 1491 3637 inquam,
1545 3564 1749 3619 omnia
1794 3570 1859 3618 ut
1905 3563 1978 3619 ad

335 3660 535 3730 Cyrilli
570 3658 878 3713 historiam
911 3661 1190 3711 extranea
1246 3654 1633 3726 praetermitto
1684 3653 1978 3709 indicasse

333 3753 669 3812 contentus,
704 3746 989 3818 quoniam
1020 3744 1272 3801 concilio
1321 3742 1978 3814 Constantinopolitano

336 3839 404 3893 de
436 3854 550 3908 quo
574 3838 702 3909 jam
736 3835 1050 3907 agendum,
1084 3833 1458 3890 occasionem
1489 3831 1726 3887 dedere.

406 3931 494 3982 ὅτ.
528 3926 741 3981 Acacio
775 3926 934 3981 enim
966 3940 1176 3996 parum
1209 3928 1353 3989 erat,
1383 3921 1544 3993 quod
1574 3921 1886 3992 prostratis
1916 3920 1978 3975 in

331 4016 646 4071 Occidente
705 4013 1023 4069 Catholicis
1073 4012 1370 4076 omnibus,
1419 4028 1489 4066 ex
1532 4008 1979 4066 adversantibus

332 4106 443 4160 sibi
477 4104 733 4160 Orientis
766 4103 1059 4173 episcopis
1102 4101 1310 4157 decem
1356 4097 1729 4154 solummodo
1778 4097 1982 4151 Seleu-

332 4196 561 4249 cienses
592 4194 817 4265 legatos
850 4190 1183 4262 subegisset
1212 4207 1225 4253 ;
1279 4188 1396 4242 nisi
1447 4188 1654 4242 eadem
1685 4203 1720 4240 a
1750 4185 1979 4241 caeteris

333 4283 709 4354 exprimeret,
734 4285 793 4335 et
810 4295 946 4335 suas
971 4284 1177 4334 contra
1192 4279 1449 4331 adversa:
1472 4276 1657 4346 partis
1681 4275 1977 4346 principes

331 4372 585 4443 injurias
605 4369 1017 4425 ulcisceretur.
1040 4364 1369 4421 Concilium
1396 4364 1596 4434 itaque
1618 4379 1713 4418 an.
1743 4366 1844 4417 360
1862 4364 1980 4419 ini-

332 4461 410 4515 tio
430 4459 754 4524 celebrant,
785 4455 1086 4511 accersitis
1111 4472 1179 4509 ex
1201 4453 1473 4523 Bithynia
1503 4454 1817 4525 episcopis,
1846 4455 1976 4524 qui-

2067 534 2125 584 et
2158 536 2278 586 toto
2312 533 2454 588 orbe
2486 552 2621 590 cum
2654 536 3030 607 imperatoris
3059 534 3338 591 mandato
3370 536 3480 591 sub
3536 552 3715 609 paena

2068 620 2260 674 exsilii
2292 622 2781 681 subscribendam
2805 626 3051 680 mittunt
3072 626 3242 694 (Soz.,
3263 626 3363 680 lib.
3383 628 3711 697 iv.cap.26).

2067 709 2254 779 Hujus
2282 711 2780 785 subscriptionem
2833 721 3172 786 exegerunt,
3225 720 3351 769 tum
3398 715 3470 770 ab
3529 717 3714 770 semi—

2066 798 2324 865 Arianis,
2361 819 2509 871 quos
2539 803 2614 858 ad
2659 804 3018 858 sententiam
3052 820 3216 859 suam
3249 804 3533 859 induxere
3564 821 3713 876 pro-

2068 888 2249 943 missa
2263 906 2437 960 quam
2467 909 2584 945 non
2602 894 3008 963 praastiterunt
3025 893 3529 948 dissimilitudinis
3543 893 3717 949 dam-

2069 977 2309 1033 natione
2342 980 2466 1047 (Soz
2498 1023 2510 1047 ,
2546 981 2647 1035 lib.
2676 998 2750 1047 v1,
2793 998 2920 1052 cap.
2981 985 3058 1049 7),
3106 988 3229 1036 tum
3282 982 3463 1037 etiam
3514 982 3587 1038 ab
3637 981 3717 1037 iis

2069 1068 2169 1136 qui
2200 1067 2749 1126 dissimilitudinem
2807 1071 3153 1126 substantia)
3185 1072 3610 1143 pradicabant,
3645 1089 3718 1128 ex

2069 1155 2419 1229 Pliilostorg.
2454 1158 2556 1212 lib.
2590 1175 2662 1223 ιν,
2694 1175 2822 1230 cap.
2860 1163 2942 1215 12.
2968 1162 3108 1214 Tum
3135 1160 3313 1215 etiam
3340 1161 3572 1217 Aetium
3597 1161 3724 1216 dia-

2070 1251 2287 1299 conatu
2313 1247 2593 1302 abdicant
2625 1253 2682 1303 et
2710 1248 2975 1304 Ecclesia
3006 1248 3352 1315 excludunt,
3390 1256 3449 1305 et
3477 1250 3539 1305 in
3594 1250 3723 1321 epi-

2071 1349 2281 1404 sc0pos
2313 1336 2601 1406 quosdam
2636 1339 2736 1407 qui
2769 1339 2898 1409 ejus
2928 1338 3297 1395 damnationi
3347 1339 3723 1395 subscribere

2070 1423 2405 1489 noluerant,
2440 1428 2797 1482 sententiam
2843 1429 3488 1484 excommunicationis
3515 1428 3727 1485 decer-

2070 1519 2241 1576 nunt,
2274 1515 2389 1569 nisi
2420 1515 2579 1571 intra
2608 1534 2710 1572 sex
2742 1534 2977 1572 menses
3009 1517 3341 1573 deﬁnitioni
3364 1519 3600 1573 concilii
3626 1537 3721 1574 as-

2073 1602 2407 1658 sentiantur
2439 1604 2772 1675 (Theodor.,
2806 1606 2908 1662 lib.
2944 1623 3008 1669 ιι,
3040 1623 3169 1678 cap.
3203 1610 3310 1671 28).
3346 1608 3490 1662 Inde
3522 1608 3598 1662 ad
3627 1607 3725 1662 ul-

2073 1691 2413 1747 ciscendum
2431 1693 2805 1749 Seleuciense
2819 1695 3137 1751 concilium
3152 1696 3502 1752 accedentes
3516 1714 3728 1753 omnes

1998 1804 2042 1868 B
2081 1795 2231 1852 pene
2263 1782 2681 1838 semi-Arianaa
2711 1783 2987 1840 factionis
3020 1785 3342 1856 principes,
3376 1803 3512 1841 cum
3576 1803 3732 1858 prae-

2079 1876 2296 1935 sentes,
2333 1876 2457 1926 tum
2489 1871 2786 1940 absentes,
2815 1874 2989 1929 variis
3048 1890 3117 1928 ex
3168 1876 3364 1930 causis
3415 1875 3733 1947 deponunt

2078 1960 2384 2026 Basilium,
2410 1962 3223 2036 Eleusium,Sylvanum,etc.,
3242 1971 3300 2020 et
3320 1966 3605 2036 Cyrillum
3627 1983 3734 2021 no-

2081 2055 2291 2115 strum,
2317 2051 2410 2105 cui
2433 2052 2559 2107 haec
2581 2052 2697 2107 duo
2731 2058 2961 2108 tantum
2995 2054 3369 2125 imputarunt
3399 2072 3467 2110 ex
3500 2056 3728 2111 Sozom.

2080 2138 2185 2193 lib.
2218 2156 2288 2207 IV,
2324 2156 2451 2212 cap.
2485 2144 2573 2205 25,
2607 2143 2766 2212 quod
2797 2144 3297 2199 communicasset
3327 2161 3461 2199 cum
3494 2144 3728 2215 Elpidio

2085 2235 2141 2285 et
2171 2232 2500 2299 Eustathio,
2535 2232 2635 2302 qui
2666 2232 2904 2288 decreta
2936 2234 3174 2289 concilii
3198 2235 3610 2297 Melitinensis.
3637 2236 3733 2290 cui

2083 2320 2336 2391 Cyrillus
2368 2321 2495 2392 ipse
2523 2320 2893 2388 interfuerat,
2929 2323 3214 2395 abrogare
3251 2324 3607 2380 studuerant
3634 2343 3649 2391 ;
3678 2330 3742 2379 et

2085 2408 2241 2480 quod
2265 2414 2398 2480 post
2420 2426 2585 2464 suam
2609 2410 3043 2481 depositionem
3072 2413 3131 2466 in
3156 2411 3473 2468 Palaestina
3494 2414 3735 2481 factam,

2084 2498 2570 2554 communionem
2602 2499 2835 2554 iniisset
2860 2517 2996 2555 cum
3028 2501 3275 2573 Georgio
3308 2501 3639 2558 Laodiceno
3672 2508 3736 2558 et

2087 2586 2301 2642 Basilio
2335 2592 2666 2658 Ancyrano.
2700 2591 2884 2654 Quam
2916 2590 3160 2645 insulsa:
3183 2596 3241 2645 et
3271 2591 3507 2661 injustas
3534 2597 3739 2647 essent

2086 2675 2177 2730 baa
2209 2677 2617 2731 accusationes
2649 2694 2827 2749 supra
2856 2678 3114 2734 diximus
3143 2697 3155 2744 ;
3191 2679 3262 2733 de
3293 2680 3486 2749 prima
3515 2696 3643 2751 cap,
3677 2682 3735 2748 6,

2086 2781 2249 2819 num.
2285 2767 2389 2832 39;
2424 2767 2494 2820 de
2528 2766 2789 2821 secunda
2815 2784 2942 2838 cap.
2975 2770 3027 2835 8,
3063 2786 3121 2822 n.
3157 2771 3245 2823 44.
3279 2771 3360 2823 Ac
3417 2768 3737 2825 manifesta

2089 2860 2215 2909 erat
2245 2853 2426 2924 hujus
2449 2854 2684 2925 judicii,
2718 2872 2833 2927 quo
2865 2857 3081 2912 absens
3116 2862 3174 2912 et
3204 2858 3506 2913 inauditus
3565 2858 3736 2913 dam-

2086 2948 2263 2996 natus
2293 2942 2485 2998 fuerat
2514 2943 2788 3013 Cyl-illus,
2846 2945 3153 3016 iniquitas.
3212 2947 3324 3001 Nec
3380 2953 3733 3002 casterorum

2089 3031 2314 3102 aequior
2335 3032 3021 3101 condemnatio.Nam,ut
3036 3034 3114 3089 ait
3139 3036 3266 3089 Naz.
3299 3040 3445 3090 orat.
3479 3038 3568 3098 21,
3598 3052 3733 3108 pag.

2089 3122 2213 3187 387,
2247 3120 2308 3175 in
2337 3136 2541 3175 eorum
2573 3124 2750 3177 vitam
2778 3123 2943 3178 nulla
2974 3130 3199 3179 servata
3232 3124 3356 3197 lege
3378 3124 3733 3195 inquisitum

2094 3215 2202 3275 est,
2236 3210 2511 3264 mercede
2541 3211 2827 3282 redempti
2864 3212 2997 3284 [LX]
3038 3213 3519 3281 calumniatores,
3554 3220 3612 3268 et
3658 3214 3730 3268 ab

2094 3298 2179 3354 eis
2210 3299 2551 3353 testimonia
2580 3301 2768 3370 pretio
2802 3308 3108 3373 compacto
3128 3303 3385 3358 vendita.
3411 3305 3567 3368 Quos
3598 3319 3735 3358 vero

2093 3387 2515 3458 deposuerunt,
2547 3404 2646 3442 eos
2665 3389 2841 3444 etiam
2861 3389 3303 3461 abimperatore
3332 3392 3539 3447 exsilio
3572 3392 3734 3447 mul-

2092 3478 2204 3532 tari
2236 3483 2537 3545 curarunt,
2572 3494 2640 3533 ex
2669 3478 3019 3551 Philostorg.
3054 3480 3156 3535 lib.
3190 3498 3223 3534 v
3274 3498 3401 3552 cap.
3440 3485 3490 3548 1,
3514 3499 3736 3553 eosque

2093 3566 2426 3623 Parisiense
2456 3569 2776 3623 concilium
2808 3569 2867 3623 in
2901 3586 3007 3624 sua
3029 3570 3103 3625 ad
3132 3572 3461 3626 Orientales
3486 3571 3737 3643 epistola

2094 3652 2321 3724 (Hilar.,
2356 3655 2562 3727 fragm.
2598 3673 2674 3723 x1,
2705 3672 2901 3711 ‘num.
2955 3657 3010 3722 4)
3060 3658 3438 3727 indignissime
3485 3661 3737 3715 exsulare

2092 3744 2374 3812 queritur.
2413 3745 2681 3809 Quonam
2731 3750 2929 3799 autem
2988 3746 3241 3817 Cyrillus
3291 3748 3587 3820 relegatus
3637 3751 3733 3814 sit,

2089 3832 2240 3886 nulli
2270 3833 2535 3888 historici
2569 3834 2980 3905 prodiderunt.

2161 3922 2248 3976 58.
2282 3922 2542 3992 Depositi
2591 3924 2878 3994 praesules
2937 3926 3250 3980 sententia
3307 3927 3619 3982 adversum
3669 3946 3731 3983 se

2090 4009 2223 4064 lataa
2246 4026 2365 4065 non
2379 4012 3047 4084 concessere,synodum
3065 4031 3201 4069 eum
3215 4016 3585 4087 appellantes
3603 4035 3736 4090 syn—

2091 4098 2271 4154 odum
2322 4100 2857 4171 prwvaricatorum,
2910 4119 3056 4173 quos
3113 4120 3223 4158 nec
3275 4122 3382 4176 pro
3437 4104 3735 4178 episcopis

2091 4188 2295 4243 haberi
2324 4188 2620 4254 volebant,
2655 4196 2857 4260 utpote
2889 4208 3081 4261 prava:
3112 4192 3356 4249 haeresis
3383 4202 3733 4252 assertores.

2092 4277 2358 4345 Litteras,
2392 4296 2460 4332 ex
2492 4279 2666 4334 Basil.
2703 4296 2793 4349 ep.
2847 4282 2937 4346 73,
2985 4280 3265 4336 adversus
3312 4283 3643 4340 Eudoxium
3678 4292 3736 4340 et

2092 4371 2272 4420 totam
2306 4366 2492 4438 ipsius
2524 4368 2838 4421 factionem
2873 4367 3167 4424 dederunt
3195 4371 3267 4425 ad
3299 4387 3509 4429 omnes
3539 4374 3734 4429 Eccle-

2090 4455 2227 4521 sias,
2261 4461 2327 4511 ut
2356 4472 2559 4511 eorum
2592 4457 3078 4512 communionem
3131 4459 3402 4531 fugerent
3451 4468 3731 4533 tanquam

330 4551 442 4605 bus
474 4548 653 4602 etiam
688 4545 787 4601 alii
819 4550 1219 4600 accesserunt.
1244 4544 1667 4615 Episcoporum
1694 4558 1982 4598 numerus
2011 4532 2059 4598 D
2091 4544 2422 4600 animarum
2448 4551 2704 4616 pestem:
2736 4553 3136 4601 contestantes
3159 4567 3220 4603 se
3246 4550 3468 4605 idcirco
3483 4552 3734 4621 judicio,

334 4656 453 4695 non
491 4637 636 4692 satis
666 4638 919 4700 constat,
951 4651 1087 4690 cum
1117 4633 1219 4688 alii
1251 4632 1702 4703 quinquaginta,
1736 4632 1836 4687 alii
1886 4650 1980 4689 se-

330 4727 639 4801 ptuaginta
668 4724 837 4790 duos,
871 4722 975 4778 alii
1004 4722 1079 4778 ad
1110 4722 1465 4793 quingentos
1495 4726 1834 4776 numerent.
1863 4722 1978 4777 Ad—

334 4824 504 4874 erant
527 4830 736 4871 omnes
761 4814 1117 4868 Arianorum
1150 4811 1450 4884 principes
1473 4829 1488 4877 ;
1515 4811 1814 4882 totiusque
1837 4829 1948 4867 con
1964 4842 1979 4854 ο

333 4908 455 4963 cilii
489 4906 602 4960 dux
637 4910 697 4957 et
726 4903 1024 4972 interpres
1055 4901 1331 4968 Acabius,
1361 4901 1460 4972 qui
1487 4905 1634 4955 teste
1666 4901 1984 4957 Philostor—

331 4997 424 5067 gio
456 4995 559 5049 lib.
595 5010 672 5058 ιν,
707 5008 834 5062 cap.
872 4994 957 5045 12.
993 4995 1138 5046 Acta
1167 4990 1396 5061 synodi.
1432 5006 1564 5060 quas
1624 5006 1745 5045 non
1795 5008 1982 5061 pauca

333 5086 522 5142 fuere.
557 5097 712 5136 unus
744 5079 992 5151 digessit
1012 5096 1079 5135 ac
1107 5079 1434 5148 disposuit;
1462 5079 1650 5149 isque,
1675 5084 1740 5133 ut
1769 5080 1982 5135 citatus

332 5171 764 5241 Philostorgius
794 5170 1083 5229 observat.
1148 5169 1417 5238 quamvis
1465 5168 1538 5225 ab
1585 5169 1845 5223 Eudoxio
1890 5169 1980 5223 di—

340 5279 506 5320 versa
537 5260 809 5325 sentiret,
845 5259 1053 5314 eadem
1090 5258 1313 5314 sentire
1344 5258 1665 5314 simulabat
1698 5259 1759 5312 in
1779 5258 1983 5313 odium

335 5352 538 5423 Cyrilli
571 5366 603 5405 a
634 5349 849 5404 Basilio
881 5350 1196 5418 Ancyrano
1221 5352 1281 5402 et
1300 5346 1545 5402 adversa
1565 5352 1728 5418 garte
1752 5354 1986 5402 susten-

336 5444 457 5498 tati.
494 5443 557 5496 In
589 5442 701 5495 hoc
731 5438 984 5494 concilio
1016 5438 1460 5493 Ariminensem
1484 5437 1801 5493 formulam
1831 5439 1987 5510 reje-

406 5626 511 5690 (1.3;.
538 5619 913 5687 Theodoret.,
942 5616 1046 5673 lib.
1079 5633 1137 5685 ll,
1168 5632 1296 5687 cap.
1332 5618 1419 5672 27.

2090 4651 2205 4704 quo
2238 4634 2310 4689 ab
2343 4635 2427 4688 eis
2460 4635 2721 4689 damnati
2757 4635 2993 4691 fuerant
3023 4644 3179 4693 stare
3205 4655 3326 4693 non
3356 4657 3552 4710 posse,
3577 4642 3734 4711 quod

2090 4723 2161 4777 ab
2194 4723 2490 4777 haereticis
2521 4724 2824 4779 decretum
2857 4732 3032 4790 esset,
3066 4727 3138 4781 ab
3184 4728 3549 4792 hominibus.
3587 4747 3735 4800 quos

2090 4815 2155 4863 ut
2183 4809 2340 4864 idem
2371 4810 2552 4864 refert
2582 4811 2751 4881 epist.
2790 4815 2908 4877 182,
2943 4831 3074 4885 pag.
3108 4818 3230 4883 157,
3263 4817 3561 4888 negabant
3600 4819 3733 4889 Spi—

2089 4899 2239 4954 ritus
2271 4899 2455 4953 sancti
2491 4900 2808 4971 participes
2837 4919 2985 4965 esse,
3015 4920 3082 4958 ac
3115 4922 3220 4975 per
3238 4908 3485 4977 gratiam
3512 4908 3612 4961 llei
3638 4910 3735 4963 Ec-

2092 4987 2304 5043 clesias
2334 4988 2686 5059 gubernare,
2720 4990 2938 5061 quippe
2972 4994 3071 5061 qui
3126 4994 3402 5049 humanm
3452 4997 3737 5065 potentias

2091 5079 2286 5134 favore
2308 5082 2367 5130 et
2396 5077 2589 5132 inanis
2611 5078 2825 5150 gloriae“
2843 5080 3137 5136 desiderio
3161 5082 3622 5154 gubernationes
3639 5101 3704 5139 ra
3723 5116 3734 5125 -

2092 5172 2363 5238 puerant.
2396 5166 2641 5222 Talesne
2677 5168 2900 5223 litteras
2933 5187 3037 5224 suo
3065 5172 3308 5226 nomine
3342 5172 3575 5227 dederit
3626 5174 3737 5243 Cy-

2096 5258 2266 5312 rillus
2299 5257 2627 5313 incertum:
2664 5259 2767 5313 sed
2800 5259 2855 5312 id
2905 5260 3182 5315 omnibus
3231 5264 3630 5318 exauctoratis
3674 5264 3736 5317 in

2095 5363 2410 5402 commune
2435 5347 2640 5401 tribuit
2664 5348 3046 5413 Basilius.Qui
3070 5365 3203 5405 vero
3222 5352 3739 5423 Constantinopoli

2100 5438 2503 5502 versabantur,
2537 5456 2643 5509 per
2670 5439 2724 5493 S.
2762 5439 3049 5496 Hilarium
3084 5440 3313 5498 litteras
3343 5442 3418 5497 ad
3442 5447 3739 5498 nostrates
