4094 6282
282 419 363 478 89
1701 416 2224 479 DlSSERTATlO
2268 418 2316 477 ι.
3629 429 3708 485 90

289 554 613 626 episcopos
642 554 1119 620 transmiserunt,
1173 554 1392 626 quibus
1436 555 1521 610 eis
1570 554 1755 625 impia
1801 551 1952 607 Aetii
1986 552 2037 618 Α
2067 550 2360 606 Ecclesias
2389 554 2721 610 revertendi
2751 554 3093 610 facultatem
3125 558 3419 612 concessit
3475 575 3570 614 an.
3605 562 3704 616 361

293 642 581 715 dogmata
611 643 1052 708 denuntiantes,
1079 660 1366 715 suamque
1388 643 1950 699 condemnationem

294 733 730 804 signiﬁcantes,
764 734 1051 805 rogabant
1082 751 1154 788 ne
1192 751 1298 805 pro
1329 733 1620 805 episcopis
1669 745 1945 803 agnosce-

295 830 436 880 rent
467 841 588 889 eos,
624 824 723 894 qui
757 824 818 878 in
853 841 960 878 sua
990 824 1119 878 loca
1169 825 1405 879 fuerant
1454 823 1755 879 substituti
1791 821 1952 893 (Hil.,

295 912 510 986 fragm.
546 930 621 978 xx,
656 930 824 967 num.
859 914 931 982 4).
967 914 1064 968 Eis
1093 913 1653 968 benevolentissime
1707 926 1954 982 respon-

295 1001 514 1057 derunt
546 1002 838 1057 Gallicani
862 1003 1124 1074 episcopi
1150 1003 1209 1058 in
1238 1003 1554 1059 Parisiensi
1577 1001 1829 1057 concilio
1852 1017 1948 1055 an.

294 1095 400 1147 360
443 1091 808 1164 congregati,
843 1109 950 1162 per
997 1091 1331 1162 epistolam,
1380 1109 1511 1163 quae
1553 1092 1950 1163 fragmentum

295 1187 387 1237 est
416 1182 472 1236 S.
509 1182 715 1236 Hilarii
753 1198 816 1246 ιι,
848 1183 1332 1237 communionem
1361 1199 1494 1237 cum
1530 1181 1673 1253 ipsis
1695 1179 1952 1251 amplius

293 1273 677 1344 stringentes,
708 1277 1235 1342 contestantesque
1264 1288 1370 1343 pro
1392 1272 1676 1342 apostatis
1709 1287 1769 1326 se
1793 1270 1954 1325 habi-

292 1367 482 1425 turos,
519 1361 618 1430 qui
652 1360 714 1414 in
750 1360 882 1414 loca
912 1361 1162 1415 fratrum
1212 1361 1624 1431 indignissime
1674 1360 1949 1414 exsulan-

295 1451 444 1504 tium
481 1449 787 1504 substituti
823 1455 1043 1516 essent,
1094 1449 1236 1505 ibid.
1293 1467 1358 1505 n.
1419 1450 1469 1505 4.
1522 1451 1654 1505 Haec
1703 1449 1957 1520 epistola

295 1540 539 1612 proprie
572 1539 708 1594 data
735 1545 828 1594 est
855 1539 928 1594 ad
975 1556 1075 1594 eos
1125 1540 1226 1610 qui
1284 1539 1796 1610 Constantinopoli
1852 1555 1956 1609 per

302 1629 596 1683 Hilarium
628 1628 961 1684 Gallicanos
994 1635 1418 1684 convenerunt.
1453 1631 1668 1683 Verum
1692 1645 1824 1683 cum
1860 1629 1951 1682 in-

304 1718 528 1789 scripta
560 1718 654 1784 sit,
698 1718 1069 1774 dilectissimis
1119 1726 1169 1772 et
1229 1719 1556 1774 beatissimis
1598 1719 1954 1773 consacerdo-

301 1808 449 1862 tibus
502 1807 770 1878 episcopis
831 1808 1202 1863 Orientalibus
1261 1809 1508 1862 omnibus
1557 1825 1660 1878 per
1713 1808 1954 1862 diversas

2063 639 2332 708 (Sozom.,
2363 640 2465 696 lib.
2502 660 2553 706 v,
2586 660 2713 715 cap.
2749 643 2840 714 5):
2875 661 2990 714 quo
3048 647 3268 701 factum
3311 653 3374 700 ut
3420 648 3706 704 Catholici

2063 729 2233 784 sedes
2256 731 2505 787 amissas
2536 741 2976 805 recuperantes,
3003 736 3314 806 pristinam
3335 738 3392 790 in
3427 739 3509 792 eis
3537 756 3699 794 revo-

2062 820 2256 874 carint
2287 821 2483 879 fidem.
2515 825 2768 895 Cyrillus
2801 842 3037 896 quoque
3060 843 3177 881 una
3207 844 3342 881 cum
3365 831 3592 883 caeteris
3618 847 3705 885 re-

2063 907 2194 968 diit.
2227 916 2292 964 ut
2327 912 2574 966 tradunt
2607 915 2847 981 Menma,
2883 922 2939 968 et
2971 916 3469 972 firmathistoria:
3502 919 3701 990 ibique

2063 1001 2180 1052 toto
2202 999 2416 1054 Iuliani
2450 1007 2507 1054 et
2535 1002 2760 1056 .loviani
2797 1010 3079 1074 tempore.
3113 1022 3178 1058 ac
3206 1007 3463 1061 Valentis
3495 1009 3700 1073 initiis,

2060 1088 2303 1158 pacifice
2337 1089 2495 1161 degit
2525 1108 2711 1161 usque
2735 1093 2807 1147 ad
2837 1110 2930 1148 an.
2967 1097 3088 1148 367.
3123 1095 3272 1159 Quid
3304 1097 3374 1150 de
3407 1099 3702 1153 Herennio

2061 1182 2278 1246 actum,
2315 1185 2662 1234 mortuusne
2696 1181 2806 1236 hoc
2839 1187 3102 1253 tempore
3135 1201 3209 1238 an
3243 1185 3447 1256 pulsus
3503 1186 3700 1255 fuerit,

2061 1267 2385 1338 ignoratur.
2415 1269 2699 1340 Cyrillum
2733 1273 2927 1325 statim
2959 1289 2992 1326 a
3024 1273 3256 1328 reddita
3299 1275 3600 1331 exsulibus
3632 1277 3702 1330 li-

2060 1355 2287 1411 bertate
2311 1357 2778 1429 Hierosolymam
2799 1361 3082 1430 repetisse
3099 1363 3402 1432 probabile
3417 1371 3524 1419 est:
3544 1367 3702 1436 quod

2064 1445 2112 1498 si
2144 1445 2224 1500 ita
2256 1451 2362 1512 est,
2399 1447 2716 1503 dicendum
2749 1466 2883 1504 eum
2917 1467 3036 1506 non
3083 1452 3270 1507 multo
3313 1461 3444 1524 post
3494 1457 3696 1511 Antio-

2063 1533 2256 1588 chiam
2280 1534 2482 1601 ivisse;
2508 1537 2666 1592 unde
2686 1539 2792 1592 sub
2820 1546 3147 1594 extremum
3167 1543 3306 1596 anni
3339 1545 3442 1596 362
3475 1549 3706 1616 tempus

2063 1623 2528 1696 Hieresolymam
2557 1629 2894 1694 reverterit;
2922 1634 3044 1683 tum
3071 1631 3230 1684 enim
3258 1632 3393 1686 fidei
3429 1634 3558 1703 ejus
3580 1651 3709 1689 cre-

2061 1711 2214 1766 didit
2242 1729 2308 1767 ac
2340 1713 2749 1786 Hierosolyma
2777 1716 3191 1773 abducendum
3243 1720 3485 1774 tradidit
3532 1723 3709 1777 Mele-

2061 1801 2178 1855 tius
2203 1803 2482 1872 juvenem
2507 1805 2824 1874 quemdam
2853 1806 3188 1876 Daphnitici
3208 1809 3468 1863 flaminis
3496 1810 3708 1878 filium,

294 1901 614 1969 provincias
643 1902 704 1952 in
737 1900 952 1954 Christo
983 1900 1344 1960 manentibus.
1367 1899 1440 1954 ad
1464 1915 1949 1971 unumquemque
1983 1921 2028 1986 B
2064 1890 2152 1944 sui
2184 1892 2368 1961 patris
2400 1899 2577 1962 atque
2607 1893 2988 1965 imperatoris
3008 1896 3156 1951 iram
3188 1898 3530 1969 lugientem.
3562 1901 3614 1954 IS
3637 1901 3712 1955 ad

295 1988 773 2044 Seleuciensium
806 1990 1128 2059 praesulum
1163 1989 1222 2043 in
1250 1989 1503 2044 concilio
1535 1989 1950 2044 Constantino-

293 2077 565 2149 politano
591 2077 998 2148 depositorum
1031 2079 1330 2148 pertinere
1363 2078 1614 2133 dicenda
1641 2084 1748 2143 est;
1776 2083 1954 2148 atque

296 2168 570 2223 omnium
607 2184 775 2235 sane,
805 2169 905 2238 qui
941 2170 1000 2223 in
1035 2168 1242 2223 eadem
1285 2185 1464 2224 causa
1493 2175 1667 2224 erant
1715 2169 1956 2222 nomine

299 2257 440 2312 data
465 2262 592 2312 erat
609 2257 885 2327 epistola,
911 2257 1004 2312 cui
1026 2257 1313 2312 Gallicani
1336 2258 1720 2328 respondent.
1755 2257 1958 2311 Philo-

301 2346 560 2418 storgius
583 2351 754 2400 notat
776 2345 876 2399 lib.
903 2362 954 2410 v,
989 2362 1114 2417 cap.
1152 2348 1200 2412 1,
1235 2347 1474 2416 dejectos
1527 2347 1788 2416 praesules
1835 2363 1956 2401 cum

301 2438 360 2489 in
393 2435 652 2489 emsilium
692 2435 1044 2499 ducerentur,
1093 2436 1515 2505 subscriptiones
1561 2452 1706 2499 suas,
1758 2437 1957 2505 quibus

310 2525 678 2580 Ariminensis
700 2523 921 2578 concilii
941 2524 1098 2592 ﬁdem
1131 2528 1606 2594 conﬁrmaverant,
1638 2540 1956 2580 revocasse:

311 2621 480 2683 atque
511 2613 606 2668 hos
631 2614 854 2682 quidem
880 2614 1420 2680 consubstantialem,
1454 2613 1580 2668 illos
1608 2630 1733 2668 vero
1764 2614 1957 2669 similis

304 2703 627 2758 substantiae
656 2703 863 2756 Filium
913 2701 1111 2756 iterum
1153 2703 1503 2772 praedicasse.
1565 2702 1678 2756 Sed
1729 2702 1957 2757 nullam

299 2791 555 2863 Cyrillus
587 2784 1085 2862 subscriptionem
1117 2791 1554 2846 retractandam
1585 2791 1795 2847 habuit
1821 2809 1833 2845 :
1870 2792 1955 2846 id-

310 2897 425 2951 que
458 2897 527 2935 ex
558 2879 932 2951 depositione
967 2897 1073 2935 sua
1103 2880 1333 2935 lucrum
1366 2881 1575 2936 fecisse
1606 2880 1860 2945 videtur,
1891 2886 1958 2934 ut

307 2986 341 3024 a
371 2970 686 3051 communi.
709 2976 768 3024 et
795 2969 1060 3041 generali
1093 2970 1358 3024 omnium
1390 2986 1539 3041 pene
1572 2971 1819 3025 Romani
1853 2971 1959 3024 im-

303 3059 456 3130 perii
480 3059 896 3130 episcoporum
919 3059 981 3113 in
1007 3058 1436 3114 subscribenda
1461 3059 1823 3114 Ariminensi
1848 3059 1958 3112 for-

307 3147 474 3202 mula
504 3153 749 3218 peccato
782 3147 1071 3202 immunis
1101 3147 1298 3202 fuerit.
1332 3149 1474 3202 Nam
1508 3164 1640 3202 cum
1669 3147 1866 3202 cmteri
1896 3148 1956 3201 in

305 3236 514 3291 eadem
549 3252 726 3291 causa
783 3237 1112 3303 constituti,
1161 3236 1628 3308 subscriptiones
1677 3237 1809 3291 illas
1852 3237 1954 3290 da-

303 3331 609 3391 mnarent,
645 3325 717 3380 ad
752 3341 899 3395 quas
930 3325 1440 3396 Constantinopoli
1493 3331 1551 3380 et
1598 3325 1750 3380 dolis
1799 3331 1858 3379 et
1904 3325 1955 3378 vi

303 3414 602 3485 compulsi
635 3419 808 3469 erant
833 3431 847 3480 ;
882 3413 1180 3484 quomodo
1211 3414 1466 3484 Cyrillus
1488 3415 1643 3470 ultro
1666 3432 1732 3470 ac
1753 3421 1960 3486 sponte

307 3504 359 3558 ei
391 3503 634 3558 decreto
668 3502 1139 3574 subscripsisset,
1175 3503 1333 3573 quod
1365 3519 1394 3558 e
1425 3504 1697 3568 concilio,
1751 3508 1810 3558 in
1843 3521 1958 3574 quo

302 3591 501 3647 fuerat
523 3591 844 3647 damnatus
868 3591 1110 3663 injuste,
1134 3592 1620 3663 proﬁciscebatur
1635 3593 1663 3647 ‘I
1680 3593 1740 3647 in
1763 3593 1958 3647 locum

303 3681 713 3752 depositorum
739 3680 1386 3752 episc0porum.divina
1409 3681 1776 3752 providentia
1789 3682 1958 3735 multi

272 3770 545 3841 .dejectis
578 3770 757 3824 etiam
800 3769 1078 3824 meliores
1134 3770 1294 3841 [LXI]
1353 3770 1680 3825 substituti.
1737 3772 1958 3825 Horum

299 3859 624 3930 plurimam
661 3864 891 3929 partem
925 3859 1236 3914 constituit
1264 3860 1514 3914 Aeacius
1539 3877 1551 3925 ;
1576 3876 1609 3914 a
1631 3876 1747 3930 quo
1770 3859 1830 3913 in
1857 3861 1961 3930 Cy-

297 3948 420 4002 rilli
444 3949 643 4003 locum
668 3948 1050 4019 subrogatum
1087 3949 1452 4004 Herennium
1478 3947 1661 4004 fuisse
1684 3948 1958 4005 dubitare

299 4038 394 4092 vix
426 4038 587 4093 licet.

946 4145 1177 4200 CAPUT
1215 4145 1316 4199 X1.

298 4235 542 4304 Cyrillus
571 4235 669 4289 sub
699 4233 929 4288 Juliano
959 4233 1394 4304 Hierosolymam
1426 4236 1592 4290 redit.
1621 4238 1813 4291 Irritus
1834 4239 1956 4304 fore

369 4307 692 4431 éudvsteorum
729 4307 791 4359 in
853 4306 1055 4375 templo
1113 4307 1473 4361 instauranda
1533 4314 1763 4363 conatus
1804 4323 1953 4377 prae-

412 4395 484 4432 ιοι
519 4418 531 4430 .

371 4487 460 4539 59.
496 4483 763 4539 Ecclesia
795 4484 1029 4538 trahere
1061 4485 1296 4540 ruinam
1327 4485 1388 4539 in
1419 4485 1660 4540 Oriente
1718 4484 1956 4540 videba-

293 4580 413 4636 tur.
449 4572 961 4644 triumphantibus
992 4574 1254 4642 Arianis,
1289 4579 1346 4628 et
1372 4590 1523 4629 nova
1544 4574 1605 4628 in
1633 4575 1758 4630 dies
1783 4575 1857 4630 ad
1882 4575 1948 4629 ll-

2063 1979 2241 2034 fidem
2256 1981 2649 2037 Christianam
2663 1983 3015 2039 diaconissae
3040 1985 3348 2054 cujusdam
3372 2004 3551 2057 opera
3577 2005 3714 2042 con-

2059 2086 2282 2138 versus,
2315 2088 2448 2126 cum
2481 2090 2607 2128 sese
2639 2074 2712 2129 ad
2743 2091 2872 2129 eam
2907 2076 3228 2146 recepisset
3255 2082 3431 2147 atque
3477 2094 3510 2132 a
3539 2079 3711 2132 Mele-

2062 2160 2142 2213 tio
2175 2161 2501 2216 occultatus
2533 2163 2592 2217 in
2620 2164 2908 2234 superiori
2935 2164 3207 2220 cubiculo
3231 2165 3460 2232 fuisset,
3486 2183 3520 2220 a
3540 2173 3707 2238 patre

2063 2252 2333 2307 detectus
2364 2259 2454 2307 est
2483 2259 2543 2307 et
2566 2254 2856 2310 abductus
2908 2255 3147 2310 domum
3185 2273 3197 2308 :
3254 2273 3321 2311 ac
3370 2257 3710 2312 verberibus

2067 2358 2274 2404 cassus,
2310 2341 2820 2413 candentibusque
2851 2345 3144 2399 veruculis
3175 2345 3378 2416 pedes,
3408 2363 3622 2401 manus
3645 2364 3712 2402 ac

2068 2431 2311 2486 dorsum
2344 2433 2598 2497 inustus,
2632 2433 2692 2486 in
2721 2433 3013 2494 cubiculo,
3040 2434 3314 2488 claustris
3336 2437 3594 2491 exterius
3617 2437 3716 2492 ad-

2067 2521 2228 2585 ditis,
2263 2521 2528 2575 inclusus
2559 2521 2866 2592 gemebat;
2901 2523 3110 2587 donec,
3146 2523 3389 2578 absente
3418 2527 3715 2596 patre,qui

2065 2610 2351 2681 Daphnen
2383 2610 2662 2677 redierat,
2691 2611 2892 2666 omnia
2923 2613 3107 2683 patris
3138 2613 3298 2668 idola
3320 2615 3631 2681 contrivit;
3657 2621 3716 2670 et

2063 2700 2213 2755 iram
2240 2701 2423 2771 patris
2456 2706 2729 2756 metuens
2760 2702 3058 2757 Christum
3087 2704 3404 2758 Dominum
3427 2706 3596 2760 enixe
3616 2723 3714 2759 ro-

2062 2791 2236 2862 gavit,
2271 2796 2336 2844 ut
2365 2789 2476 2844 sibi
2506 2790 2800 2845 laboranti
2849 2809 3022 2862 opem
3069 2795 3268 2860 ferret,
3321 2795 3710 2865 contritisque

2067 2879 2343 2934 claustris
2373 2879 2486 2950 ipsi
2515 2880 2675 2934 fores
2705 2880 2982 2950 aperiret.
3016 2883 3307 2936 Continuo
3331 2884 3596 2938 cecidere
3620 2901 3709 2938 re-

2067 2968 2300 3040 pagula,
2330 2969 2889 3038 apertisquejanuis
2911 2971 2981 3024 ad
3009 2971 3405 3026 diaconissam
3429 2973 3711 3037 cucurrit;

2067 3074 2198 3127 quas
2226 3057 2398 3110 illum
2423 3056 2697 3110 muliebri
2723 3057 2925 3112 habitu
2948 3059 3009 3112 in
3038 3059 3336 3114 blasterna
3359 3060 3713 3115 collocatum

2068 3145 2142 3200 ad
2174 3145 2468 3198 Meletium
2493 3162 2700 3199 rursus
2725 3145 2984 3201 deduxit.
3009 3149 3192 3212 Quem
3216 3148 3713 3220 MeletiusCyrillo

2071 3233 2332 3300 tradidit,
2365 3234 2608 3303 quicum
2644 3234 2704 3288 in
2735 3235 3114 3290 Palaestinam
3147 3238 3274 3307 ipsa
3300 3244 3471 3292 nocte
3521 3240 3715 3308 profe—

2071 3329 2200 3378 ctus
2233 3328 2337 3378 est.
2377 3324 2518 3377 Post
2546 3330 2799 3377 mortem
2832 3325 3071 3391 Juliani,
3105 3332 3331 3396 patrem
3366 3327 3713 3382 adolescens

2071 3412 2142 3467 ad
2175 3428 2370 3467 veram
2401 3412 2749 3480 religionem
2805 3414 3080 3468 traduxit.
3139 3415 3270 3470 Haec
3313 3417 3714 3472 Theodoretus

2070 3501 2250 3556 refert
2280 3501 2378 3555 ΙΙΙ).
2413 3517 2499 3564 ιιι,
2532 3517 2659 3571 cap.
2698 3504 2781 3567 14,
2816 3502 2925 3557 sibi
2953 3505 3160 3573 juveni
3192 3505 3264 3559 ab
3293 3506 3420 3576 ipso
3452 3505 3713 3561 ﬂaminis

2071 3590 2192 3645 tilio
2217 3591 2342 3660 jam
2377 3606 2516 3644 sene
2543 3597 2800 3645 narrata.
2837 3593 3091 3661 Cyrillus
3115 3594 3415 3663 juvenem.
3440 3597 3538 3665 qui
3566 3613 3716 3651 non-

2069 3678 2210 3733 dum
2244 3677 2567 3749 baptizatus
2599 3686 2745 3745 erat,
2781 3682 3076 3735 eruditum
3138 3683 3266 3737 sine
3315 3684 3494 3738 dubio
3549 3703 3715 3741 sacro

2066 3769 2230 3822 fonte
2253 3767 2680 3822 lustravit.Hzec
2703 3770 3048 3842 contingere
3072 3771 3210 3826 dum
3234 3773 3499 3827 Julianus
3517 3776 3720 3829 Antio-

2068 3857 2217 3913 chiae
2246 3862 2596 3912 moraretur.
2631 3859 2774 3911 Nam
2804 3875 2919 3927 quo
2949 3859 3040 3912 die
3061 3860 3302 3929 juvenis
3359 3861 3617 3930 primum
3652 3880 3712 3917 se

2069 3946 2142 4003 ad
2174 3945 2362 4016 [LXII]
2395 3945 2792 4001 diaconissam
2836 3948 3074 4018 recepit.
3139 3950 3489 4018 Daphnitico
3539 3952 3712 4021 epulo

2066 4041 2359 4109 praesente
2389 4035 2744 4105 imperatore
2775 4051 2909 4090 cum
2949 4043 3114 4107 patre
3148 4042 3206 4090 et
3232 4038 3411 4093 fratre
3435 4039 3715 4094 interfue-

2067 4131 2198 4192 rat;
2233 4139 2488 4194 cumque
2519 4123 2774 4179 mdituus
2807 4131 2963 4179 esset
2995 4127 3225 4196 templi,
3254 4126 3416 4181 cibos
3449 4145 3517 4181 ex
3546 4145 3711 4184 more

2065 4213 2412 4270 lustralibus
2444 4213 2614 4282 aquis
2647 4221 3000 4284 asperserat.
3059 4216 3332 4271 Julianus
3375 4234 3549 4288 porro
3591 4220 3712 4272 An-

2069 4304 2347 4359 tiochiam
2375 4302 2536 4356 venit
2565 4319 2770 4358 mense
2799 4304 2948 4358 Julio
2983 4322 2995 4359 :
3029 4310 3088 4359 et
3117 4323 3250 4360 cum
3293 4307 3710 4376 Daphniticum

2063 4393 2354 4465 templum
2396 4391 2468 4446 de
2501 4392 2644 4447 caelo
2679 4397 2898 4448 tactum
2930 4411 3025 4449 an.
3060 4397 3182 4460 362,
3218 4395 3486 4450 Octobris
3516 4399 3584 4448 22
3613 4394 3709 4450 die

2064 4483 2378 4537 incensum
2411 4482 2506 4543 sit,
2539 4487 2675 4536 ante
2709 4482 2767 4536 id
2801 4488 3030 4554 tempus
3059 4501 3188 4538 eam
3223 4485 3533 4539 historiam
3567 4501 3710 4540 con—

2068 4572 2266 4644 tigisse
2297 4587 2541 4626 necesse
2573 4577 2678 4625 est.
2734 4573 2814 4626 Ex
2864 4588 2932 4626 ea
2984 4573 3269 4628 discimus
3321 4573 3606 4643 Cyrillum
3651 4580 3709 4628 et

297 4663 394 4717 dei
426 4661 736 4716 catholicas
770 4659 1216 4716 subversionem
1241 4661 1648 4728 molientibus,
1672 4662 1860 4733 pulsis
1883 4679 1949 4718 ac
1981 4651 2027 4716 D
2060 4660 2477 4716 communione
2509 4665 2566 4712 et
2597 4658 2860 4712 amicitia
2918 4676 3052 4714 cum
3085 4659 3139 4715 S.
3174 4660 3406 4714 Meletio
3459 4662 3708 4731 conjun-

291 4753 366 4807 de
401 4753 540 4808 sede
571 4751 822 4822 dejectis
855 4756 1148 4822 quotquot
1176 4769 1382 4808 eorum
1415 4753 1676 4808 audaciai
1708 4754 1949 4809 resiste-

290 4843 439 4899 bant
469 4841 1127 4912 episcopis,innumeris
1158 4842 1375 4913 partim
1402 4843 1698 4914 vi,partim
1722 4843 1948 4908 fraude,

290 4933 547 4988 Nicaenaa
582 4931 717 4985 ﬁdei
751 4930 1243 4986 condemnationi
1276 4931 1950 4996 subscribentibus,cum

289 5021 502 5093 longos
538 5023 668 5089 ejus
698 5018 932 5073 labores
964 5019 1282 5075 miseratus
1328 5021 1482 5075 Deus
1534 5021 1947 5076 Constantium

288 5111 553 5176 sustulit,
589 5112 618 5162 3
653 5109 928 5165 Novemb.
965 5109 1058 5166 die
1091 5126 1187 5165 an.
1223 5112 1345 5178 361,
1379 5116 1438 5166 et
1464 5112 1682 5167 Juliani
1712 5129 1947 5168 succes-

284 5201 436 5257 soris
469 5215 648 5271 prava
679 5199 958 5254 adversus
994 5199 1317 5255 Ecclesiam
1351 5200 1670 5267 voluntate,
1733 5201 1805 5256 ad
1850 5203 1944 5256 in-

284 5287 676 5346 staurandum
710 5287 986 5343 omnibus
1013 5289 1075 5344 in
1107 5289 1256 5344 locis
1289 5291 1678 5345 orthodoxam
1737 5291 1937 5358 fidem,

278 5397 421 5435 usus
455 5383 567 5433 est.
604 5377 709 5430 llle
742 5375 903 5430 enim
931 5377 1128 5432 statim
1156 5383 1333 5448 atque
1357 5378 1429 5433 ad
1455 5379 1770 5450 imperium
1807 5395 1939 5434 eve-

278 5476 408 5524 ctus
429 5464 881 5535 est,Ecclesiam
907 5463 1204 5521 intestinis
1229 5467 1492 5522 dissidiis
1514 5467 1846 5523 distrahere
1869 5484 1936 5524 ac

279 5557 572 5627 dissnpare
607 5552 900 5624 cogitans,
961 5553 1239 5608 omnibus
1287 5560 1580 5625 quotquot
1627 5555 1933 5627 religionis

278 5662 456 5702 causa
489 5643 600 5700 sub
635 5641 982 5696 Constantio
1016 5641 1376 5709 exsularant,
1428 5643 1547 5697 sive
1588 5643 1928 5709 Catholicis,

277 5737 391 5790 sive
421 5732 666 5790 Arianis
698 5735 804 5786 aut
830 5729 1051 5802 alioqui
1074 5730 1388 5802 haereticis,
1418 5733 1670 5789 liberam
1692 5733 1766 5788 ad
1789 5750 1926 5790 suas

2064 4755 2222 4804 ctum
2254 4748 2437 4804 fuisse
2469 4764 2481 4800 :
2516 4747 2674 4817 quod
2728 4747 2968 4817 quidem
3024 4749 3390 4804 Paulinianis
3441 4751 3708 4819 partibus

2063 4838 2296 4905 doluit;
2358 4839 2616 4911 indeque
2677 4837 3020 4909 Hieronymi
3071 4845 3128 4892 et
3175 4840 3372 4894 Rufini
3428 4839 3707 4893 adversus

2059 4930 2254 5000 ipsum
2276 4932 2612 4988 maledicta.
2648 4933 2863 4988 Juliani
2893 4931 3082 5004 gratia
3113 4930 3202 4984 usi
3240 4945 3475 5000 quoque
3507 4946 3536 4983 e
3556 4947 3706 5000 pra)-

2060 5018 2289 5074 sulibus
2319 5021 2556 5075 concilii
2591 5021 2987 5076 Seleuciensis
3021 5019 3192 5074 multi
3225 5035 3258 5073 a
3283 5018 3535 5072 concilio
3559 5021 3708 5072 Con-

2058 5109 2588 5179 stantinopolitano
2621 5110 2839 5180 dejecti
2875 5115 2931 5164 et
2950 5108 3190 5179 relegati
3228 5113 3708 5177 ;convuntusque

2055 5199 2115 5252 in
2142 5197 2368 5267 aliquot
2389 5198 2635 5252 urbibus
2666 5199 3066 5263 celebrarunt,
3092 5198 3151 5252 in
3176 5196 3391 5266 quibus
3412 5197 3708 5250 damnatis

2049 5286 2358 5342 Acacianis
2390 5292 2447 5340 et
2477 5287 2841 5342 Ariminensi
2897 5287 3172 5352 formula,
3227 5287 3288 5340 in
3334 5285 3710 5340 Autiochena

2050 5375 2512 5446 acquiescebant
2539 5392 2551 5429 :
2587 5375 2964 5446 mediamque
2999 5393 3059 5430 se
3092 5375 3242 5430 viam
3267 5380 3467 5429 tenere
3491 5373 3706 5446 gloria-

2054 5465 2453 5530 bantur,inter
2477 5465 2756 5520 Aetianos
2771 5464 3300 5519 dissimulitudinis
3316 5464 3704 5535 professores;

2046 5553 2370 5610 etOcciden
2380 5554 2524 5609 tales
2539 5552 2646 5608 sub
2663 5552 3298 5608 consubstantialitatis
3313 5556 3599 5623 praetextu
3615 5548 3703 5602 dis

2039 5644 2312 5699 vinarum
2344 5644 2740 5714 hypostaseon
2775 5643 3199 5714 proprietatem
3259 5638 3703 5696 confundentes

2039 5736 2311 5807 (Sozom.,
2344 5735 2448 5789 lib.
2486 5752 2536 5801 ν,
2570 5752 2697 5806 cap.
2733 5736 2842 5805 ti).
2881 5734 3030 5788 llinc
3093 5732 3218 5786 nati
3270 5725 3701 5786 Macedoniam,
