4094 6282
415 407 487 467 9t
1706 402 1808 461 DE
1852 398 2034 459 VITA
2082 399 2147 457 s.
2192 392 2531 455 CYRILLI.
3743 392 3830 453 οε

417 555 623 612 magna
650 558 789 613 pars
819 543 1074 614 Spiritus
1097 541 1285 598 sancti
1310 536 1597 595 divinitati
1620 529 2058 591 contumeliosi.

419 629 529 684 Sed
557 631 724 686 nulla
753 632 954 705 Cyrilli
985 636 1046 687 in
1078 632 1150 688 iis
1180 631 1357 687 rebus
1387 626 1775 686 consiliorum
1804 623 2053 680 societas

413 722 472 773 et
498 721 627 790 conj
640 722 838 775 unctio
867 728 1128 794 apparet.

487 810 573 863 60.
607 810 875 866 Julianus
935 830 1141 868 omnes
1198 813 1398 867 hostes
1458 805 1734 863 Ecclesiae
1793 801 1865 857 ad
1923 817 2054 856 eam

416 898 791 955 evertendam
825 918 1086 969 armans,
1121 902 1299 956 etiam
1329 898 1559 955 Judaeos
1590 892 1897 958 incitavit;
1933 907 2053 945 non

415 989 765 1060 permittens
804 992 1020 1059 solum,
1057 991 1158 1047 sed
1191 996 1249 1045 et
1277 991 1532 1049 hortatu,
1567 988 1883 1056 praecepto,
1914 981 2051 1036 sub-

416 1077 889 1151 ministratisque
920 1081 1230 1151 impensis,
1262 1079 1494 1133 animos
1524 1074 1770 1139 addens,
1803 1078 1869 1127 ut
1899 1071 2056 1127 Salo-

415 1182 713 1223 monmum
744 1169 805 1224 in
834 1170 1217 1242 Jerosolymis
1273 1166 1579 1238 templum,
1612 1181 1647 1219 a
1675 1164 1799 1217 Tito
1844 1162 2053 1217 incen-

419 1271 549 1311 sum
576 1262 635 1311 et
657 1257 1166 1332 dirutum,diligen
1178 1257 1400 1313 tissime
1423 1251 2052 1310 instaurarent.Conti-

417 1360 535 1399 nuo
570 1360 636 1400 ex
669 1348 945 1403 omnibus
995 1348 1141 1403 locis
1188 1347 1460 1402 advolere
1507 1342 1713 1406 Judaei,
1772 1346 1830 1397 et
1889 1339 2052 1412 operi

416 1435 781 1507 perficiendo
795 1438 1072 1494 alacriter
1090 1437 1456 1494 incumbere.
1479 1437 1625 1506 Ipsm
1648 1432 1824 1488 etiam
1848 1429 2057 1485 mulie-

414 1540 511 1580 res
533 1542 654 1580 non
682 1527 873 1582 solum
902 1529 1151 1583 monilia
1171 1533 1229 1583 et
1250 1531 1601 1581 ornamenta
1620 1523 1694 1579 ad
1726 1521 1921 1593 operis
1944 1520 2052 1574 im-

415 1631 628 1684 pensas
668 1617 977 1684 conferre;
1010 1618 1113 1673 sed
1146 1623 1205 1673 et
1234 1617 1626 1687 pretiosarum
1684 1611 1932 1666 vestium
1989 1624 2057 1664 ac

416 1706 706 1761 naturalis
738 1708 1132 1763 mollitudinis
1163 1708 1383 1775 oblitae,
1416 1723 1567 1778 opus
1603 1719 1783 1759 manu
1820 1705 2056 1757 contre-

416 1798 575 1850 ctare
603 1801 779 1867 atque
812 1798 1061 1853 humum
1091 1797 1312 1853 fodere.
1348 1796 1671 1853 Restabant
1691 1792 1881 1849 adhuc
1910 1794 2060 1844 vete-

414 1883 500 1939 ris
529 1884 763 1941 aadiflcii
793 1889 1039 1959 grandia
1068 1887 1304 1954 rudera,
1354 1903 1474 1942 non
1532 1883 2056 1939 fundamentorum

2178 526 2251 583 ad
2280 527 2406 582 haec
2435 524 2611 581 verba
2636 542 2649 581 :
2696 525 2821 582 Non
2843 525 3087 581 manebit
3116 522 3259 595 lapis
3284 539 3450 595 super
3480 521 3722 595 lapidem
3752 520 3832 591 θ’,

2159 616 2274 673 sibi
2324 616 2568 687 objicit:
2602 616 2880 681 Quomodo
2908 617 3085 685 igitur
3112 613 3358 669 mansit?
3388 619 3513 668 tum
3570 628 3831 684 respon-

2158 705 2300 761 det:
2339 709 2410 761 Et
2449 707 2587 775 quid
2616 707 2715 761 hoc
2763 707 2836 760 ad
2880 708 3035 761 rem?
3081 722 3276 776 neque
3334 706 3479 759 enim
3523 709 3833 774 propterea

2165 794 2312 850 οὕτω
2343 798 2539 852 cecidit
2571 804 2623 852 et
2680 800 2845 853 irrita
2892 800 3045 866 facta
3110 803 3186 851 est
3241 797 3516 850 sententia
3568 796 3821 849 Domini.

2163 889 2278 943 Aut
2313 889 2452 942 enim
2484 888 2569 943 his
2596 889 2772 943 verbis
2801 890 3072 957 integram
3120 893 3172 941 et
3214 886 3583 941 omnimodam
3611 886 3816 940 solitu-

2157 979 2340 1033 dinem
2369 978 2709 1047 designabat,
2743 984 2840 1032 aut
2871 978 2936 1032 de
2968 978 3084 1032 loco
3115 977 3214 1031 illo
3245 979 3303 1030 in
3335 992 3441 1045 quo
3471 982 3590 1029 erat
3619 975 3814 1045 loque-

2161 1067 2364 1130 batur;
2396 1068 2559 1137 hujus
2591 1069 2735 1122 enim
2785 1068 3035 1137 quaedam
3076 1074 3265 1137 partes
3324 1065 3398 1119 ad
3442 1066 3823 1134 fundamenta

2157 1172 2331 1227 usque
2354 1163 2479 1212 sunt
2527 1159 2903 1211 exterminata?
2954 1155 3123 1228 μέχρι
3177 1159 3283 1207 τῶν
3346 1151 3616 1224 θεμελίων
3672 1154 3825 1230 ἠφα-

2162 1245 2408 1317 νισμὲνα.
2469 1246 2618 1301 Illud
2671 1262 2886 1316 quoque
2937 1250 3215 1316 prmterea
3258 1245 3439 1299 dicere
3495 1259 3823 1313 possumus,

2162 1353 2231 1390 ea:
2262 1338 2331 1390 iis
2360 1352 2481 1406 quae
2505 1337 2629 1405 jam
2657 1337 2931 1405 contigere
2955 1335 3354 1405 pertinaciores
3410 1349 3626 1403 quoque
3671 1350 3822 1403 per-

2161 1426 2386 1480 suaderi
2416 1432 2688 1495 oportere,
2721 1427 2869 1494 ipsas
2900 1440 3115 1495 quoque
3143 1424 3409 1492 reliquias
3452 1425 3678 1493 penitus
3712 1423 3824 1476 ab-

2165 1515 2361 1568 olitum
2392 1516 2482 1567 iri.
2517 1516 2866 1584 Anonymus
2898 1513 3237 1579 Vaticanus,
3271 1512 3372 1582 qui
3397 1511 3668 1566 Julianus
3700 1511 3819 1566 Ha-

2162 1602 2609 1658 licarnassaaum
2642 1602 2802 1669 citat,
2836 1607 3049 1657 catena
3077 1603 3135 1655 in
3163 1603 3409 1655 Marcum
3430 1600 3711 1655 laudatus
3743 1600 3823 1656 ad

2164 1708 2290 1762 cap.
2326 1709 2440 1747 xxv.
2473 1708 2622 1748 vers.
2650 1695 2703 1757 2,
2736 1708 2865 1763 pag.
2901 1695 3025 1747 277.
3058 1690 3625 1763 negatprophetiam
3650 1690 3821 1744 Chri-

2164 1786 2219 1835 st
2244 1779 2343 1836 ide
2376 1780 2676 1851 lapidibus
2705 1779 3159 1852 intelligendam
3188 1796 3339 1846 esse,
3361 1779 3465 1835 sed
3491 1778 3563 1834 de
3584 1780 3659 1834 iis
3682 1796 3821 1850 quas

2165 1870 2228 1925 in
2260 1870 2482 1942 templo
2526 1870 2802 1941 religiose
2848 1869 3106 1937 fiebant;
3155 1885 3293 1925 nam
3345 1874 3570 1924 stantes
3617 1868 3818 1924 adhuc

417 1973 633 2039 solum,
668 1940 725 2031 et
759 1940 1595 2047 eiteric‘rﬁi—s—amb'itustempli,
1624 1974 1727 2029 sed
1753 1973 1931 2027 etiam
1962 1971 2055 2024 in-
2091 1940 2135 2004 Β
2166 1940 2455 2033 quasdam
2487 1940 2690 2032 templi
2718 1966 2916 2032 partes
2946 1961 3232 2032 conspici.
3274 1960 3488 2032 ὁρῶμεν
3537 1961 3643 2032 γάρ
3695 1978 3823 2013 τινα

419 2065 648 2120 terioris
681 2066 824 2121 mdis
855 2085 972 2138 qua
1000 2068 1310 2123 constabat
1356 2065 1646 2136 templum
1695 2061 1930 2134 proprie
1961 2059 2049 2114 di-

415 2158 595 2221 ctum,
620 2155 718 2210 ubi
738 2156 1044 2212 cherubim
1071 2161 1259 2224 erant,
1284 2173 1351 2212 ex
1374 2154 1593 2226 Cyrillo
1620 2157 1731 2208 cat.
1764 2168 1855 2217 xv,
1877 2167 1936 2204 n.
1965 2151 2050 2213 15,

412 2247 589 2313 atque
623 2244 762 2299 inde
795 2247 1062 2316 quotidie
1095 2248 1249 2303 cives
1279 2246 1439 2301 jEliaa
1470 2243 1699 2315 lapides
1729 2240 1803 2296 ad
1824 2240 2053 2311 privata

404 2349 472 2387 ac
495 2333 812 2403 publicana
833 2337 1085 2391 aediﬁcia
1108 2351 1343 2391 sumere
1368 2336 1821 2392 consueverant,
1846 2347 1916 2385 ex
1936 2331 2053 2384 Eu—

407 2420 531 2476 seb.
566 2424 871 2478 Demonstr.
906 2442 1098 2495 evang.
1135 2424 1240 2479 lib.
1273 2442 1387 2487 νιιι.
1441 2439 1568 2495 pag.
1622 2424 1746 2476 ⁴506.
1801 2422 1881 2473 Ac
1929 2417 2047 2488 pri-

408 2526 570 2565 mum
596 2512 835 2581 quidem
858 2514 1040 2569 Judaei
1065 2520 1263 2569 vetera
1286 2512 1539 2568 mdiﬁcia
1559 2526 1767 2566 eruere
1799 2514 1857 2562 et
1884 2522 2051 2563 amo-

410 2598 527 2667 liri,
560 2608 869 2670 sperantes
900 2619 961 2657 se
991 2620 1142 2658 nova
1174 2603 1375 2657 omnia
1408 2604 1890 2663 constructuros;
1925 2602 2049 2651 tum

409 2689 574 2743 novis
606 2690 1144 2746 substructionibus
1201 2692 1588 2746 fundamenta
1645 2687 1922 2752 effodere,
1983 2701 2051 2741 ac

410 2784 699 2835 elementa
730 2780 1201 2851 praeparareSed
1236 2796 1366 2836 cum
1406 2778 1607 2834 fodere
1633 2776 2052 2847 inciperent.et

404 2885 674 2941 aggerem
711 2877 1038 2941 exportare,
1064 2871 1299 2925 tametsi
1326 2870 1510 2925 multa
1532 2868 1843 2923 hominum
1861 2864 2051 2920 millia

409 2960 548 3016 huic
574 2962 736 3033 Operi
769 2960 1031 3017 interdiu
1060 2961 1495 3027 incumberent,
1536 2963 1715 3014 noctu
1764 2971 1938 3029 agger
1985 2955 2047 3009 in

404 3049 623 3106 fossam
653 3051 1085 3118 reportabatur.
1152 3051 1420 3106 lnﬁnitos
1475 3064 1711 3121 quoque
1767 3045 1946 3102 calcis
1992 3050 2049 3099 et

404 3139 567 3212 gypsi
601 3140 852 3205 modios,
877 3158 1026 3211 quos
1055 3142 1115 3196 in
1131 3158 1316 3196 unum
1339 3143 1777 3212 congesserant,
1802 3142 2048 3209 repente

405 3228 594 3283 oborti
630 3229 897 3284 turbines
929 3235 987 3283 et
1014 3230 1292 3300 procellaa
1340 3229 1739 3299 undequaque
1789 3227 2046 3298 dissipa-

407 3323 563 3373 runt.
589 3320 724 3373 Hmc
746 3319 1091 3374 Theodoret.
1119 3319 1202 3372 lib
1243 3336 1300 3372 ιιι
1324 3321 1491 3386 Hist.,
1519 3334 1646 3387 cap.
1684 3321 1768 3373 17.
1789 3318 2050 3371 Permis-

406 3421 534 3459 sum
568 3410 768 3460 tamen
801 3406 887 3460 eis
918 3421 951 3459 a
982 3406 1098 3460 Deo
1131 3410 1222 3460 est
1250 3411 1317 3461 ut
1373 3410 1433 3459 et
1478 3408 1676 3458 vetera
1723 3403 2047 3473 diruerent,

404 3500 464 3549 et
490 3495 564 3549 ad
594 3511 810 3549 novum
834 3512 984 3566 opus
1004 3495 1433 3567 imponendum
1457 3493 1841 3549 fundamenta
1859 3493 2046 3548 denu-

406 3581 634 3636 darent.
669 3583 904 3636 Interea
957 3583 1140 3638 Judaai
1201 3582 1492 3638 insultare
1550 3583 1791 3649 nostris,
1851 3582 2049 3638 Ruﬁni

404 3670 581 3725 verba
610 3677 750 3726 sunt
780 3672 881 3727 lib.
916 3690 929 3726 ι
963 3674 1128 3735 Hist.
1163 3689 1292 3744 cap.
1326 3675 1413 3735 37.
1469 3689 1532 3728 ac
1579 3673 1727 3727 velut
1776 3671 2051 3743 reparatis

403 3760 509 3815 sibi
537 3762 695 3829 regni
721 3762 1051 3830 temporibus
1066 3763 1458 3816 communicari
1476 3760 1679 3822 acrius,
1702 3778 1765 3816 ac
1785 3763 2049 3817 saevitiam

404 3855 692 3907 ostentare.
712 3867 941 3919 prorsus
962 3853 1192 3906 immani
1235 3857 1447 3906 tumore
1477 3868 1539 3905 ac
1576 3853 1833 3921 superbia
1865 3868 2047 3921 agere.

406 3940 554 3994 Dum
598 3945 794 3994 autem
824 3940 1225 3996 Theodoretus
1257 3941 1339 3995 ait
1370 3940 1471 3995 lib.
1502 3957 1560 3995 ιιι
1593 3942 1754 4007 Hist.,
1800 3957 1925 4012 cap.
1962 3943 2049 4010 17,

403 4043 501 4081 eos
524 4028 735 4083 veteris
758 4028 1289 4100 aadiﬁciireliquias
1312 4029 1584 4087 diruisse.
1606 4028 1663 4083 id
1685 4028 1755 4083 de
1773 4028 2053 4083 omnibus

401 4116 524 4171 solo
548 4117 1025 4189 prominentibus
1047 4118 1316 4174 aediﬁciis
1332 4135 1400 4173 ac
1429 4125 1694 4173 veterum
1726 4118 1905 4173 etiam
1926 4117 2056 4172 fun-

397 4206 811 4262 damentorum
835 4214 1001 4278 parte
1034 4207 1287 4262 maxima
1317 4208 1804 4279 intelligendum;
1837 4197 2056 4279 [LXIII]

400 4311 538 4351 nam
571 4302 704 4367 post
735 4295 888 4350 hanc
919 4300 1153 4351 atatem
1185 4302 1503 4366 conspecta
1558 4296 1752 4351 adhuc
1786 4296 2048 4352 Salomo-

401 4386 515 4440 ntei
545 4385 749 4455 templi
784 4383 1055 4455 quaedam
1089 4384 1299 4438 saltem
1345 4384 1734 4440 fundamenta
1784 4388 2053 4442 auctores

406 4474 737 4548 gravissimi
771 4479 1083 4528 testantur.
1121 4474 1174 4529 S.
1210 4474 1502 4544 Ephrrem.
1533 4474 1694 4528 hom.
1729 4474 1802 4528 de
1823 4491 2051 4549 marga-

405 4566 520 4619 rita
545 4581 653 4636 gr.,
687 4580 816 4636 pag.
843 4564 966 4622 398.
997 4565 1139 4623 Ἐως
1172 4565 1281 4615 τῶν
1309 4565 1399 4615 νῦν
1425 4562 1477 4615 οἱ
1510 4560 1755 4634 θεμέλιοι
1783 4560 2049 4627 ἵστανται,

2164 2050 2429 2124 μέρητοῦ
2456 2053 2586 2104 ναοῦ
2618 2049 2844 2106 ἑστῶτα.
2890 2050 3085 2105 Victor
3130 2049 3535 2104 Antiochenus
3579 2048 3805 2104 ibidem

2160 2159 2291 2215 pag.
2315 2144 2440 2206 278,
2475 2141 2584 2197 sibi
2618 2140 3119 2212 quemadmodum
3153 2140 3612 2211 Chrysostomus
3641 2138 3807 2209 obji-

2160 2232 2259 2296 cit,
2302 2232 2568 2286 nondum
2601 2231 2859 2303 perfecte
2893 2230 3257 2300 completum
3291 2228 3506 2283 Christi
3539 2228 3611 2283 de
3646 2235 3808 2283 stru-

2160 2321 2344 2377 cturis
2376 2320 2581 2390 templi
2612 2319 2975 2384 vaticinium,
3001 2318 3103 2373 sed
3121 2316 3315 2373 adhuc
3339 2317 3578 2373 illarum
3605 2332 3814 2388 super-

2160 2427 2289 2467 esse
2348 2410 2611 2482 vestigia,
2674 2406 2802 2463 ἀλλ’
2858 2404 2936 2462 ἔτι
2989 2406 3250 2475 σώζεσθαι
3336 2403 3608 2480 λειψάνων
3667 2406 3809 2479 (leg.

2158 2501 2333 2555 credo
2366 2496 2647 2572 λείψανον)
2675 2497 2903 2563 τούτων,
2935 2498 3151 2569 quibus
3182 2499 3441 2569 primum
3485 2496 3813 2568 respondet

2157 2589 2559 2662 Chrysostomi
2616 2588 2810 2644 verbis
2870 2604 3050 2659 supra
3107 2587 3333 2654 relatis,
3403 2586 3507 2642 sed
3561 2586 3810 2658 paulum

2157 2679 2538 2735 commutatis
2565 2695 2577 2733 :
2611 2683 2735 2732 tum
2770 2677 3018 2732 alterius
3049 2677 3310 2732 auctoris
3337 2675 3514 2731 verba
3543 2675 3808 2746 subjicit,

2158 2769 2257 2840 qui
2291 2769 2416 2823 haec
2436 2768 2508 2823 ad
2541 2767 2881 2840 generalem
2913 2766 3181 2821 omnium
3228 2782 3429 2820 rerum
3479 2766 3543 2819 in
3596 2764 3805 2819 mundi

2155 2858 2671 2913 consummatione
2686 2856 2916 2911 ruinam
2938 2861 2997 2911 et
3017 2855 3472 2915 eversionem.in
3486 2870 3604 2925 qua
3623 2854 3804 2910 etiam

2154 2946 2361 3017 templi
2385 2946 2614 3017 lapides
2633 2963 2764 3001 cum
2795 2946 3024 3001 caiteris
3046 2946 3224 3001 rebus
3245 2946 3577 3008 diruentur,
3600 2944 3805 3001 refert.

2156 3034 2418 3091 Tandem
2451 3034 2801 3091 Guillelmus
2846 3035 3053 3106 Tyrius
3095 3034 3236 3089 Belli
3272 3036 3419 3090 sacri
3464 3032 3567 3088 lib.
3602 3049 3638 3098 ι,
3672 3049 3802 3105 cap.

2155 3130 2208 3192 2,
2270 3126 2535 3182 referens
2592 3127 2912 3181 Homerum
2967 3142 3001 3180 a
3048 3125 3379 3196 Sophronio
3418 3123 3805 3195 requisivisse

2156 3233 2416 3287 quonam
2452 3216 2595 3270 olim
2620 3215 2680 3270 in
2699 3215 2828 3271 loco
2852 3214 3287 3270 Salomonaaum
3312 3214 3606 3286 templum
3630 3214 3810 3269 exsti-

2078 3314 2121 3381 ί]
2164 3308 2349 3365 tisset.
2375 3306 2494 3362 ait:
2525 3306 2872 3364 Ostendentes
2902 3309 2952 3361 ei
2977 3307 3152 3361 locum
3192 3306 3647 3375 designaverunt.
3697 3305 3807 3359 ali-

2160 3414 2272 3468 qua
2300 3398 2498 3452 vetusti
2523 3398 2705 3466 operis
2748 3398 3025 3451 exstantia
3068 3397 3303 3465 vestigia
3351 3395 3800 3449 demonstrantes.

2158 3488 2292 3542 Haec
2315 3486 2492 3558 paulo
2520 3486 2709 3540 fusius
2731 3501 2765 3541 a
2796 3502 2888 3540 me
2911 3491 3180 3549 tractata,
3207 3485 3366 3556 quod
3391 3501 3460 3541 ea
3477 3485 3606 3555 jam
3636 3484 3803 3538 inva-

2157 3575 2338 3631 luerit
2369 3575 2593 3646 opinio,
2618 3574 2851 3630 Judaaos
2878 3574 3095 3630 Juliani
3122 3580 3386 3645 tempore
3410 3573 3611 3628 omnia
3633 3588 3804 3644 pror-

2157 3680 2258 3720 sus
2291 3664 2496 3733 templi
2526 3663 2780 3719 aadificia
2809 3669 2869 3717 et
2896 3663 3284 3718 fundamenta
3302 3661 3803 3732 eruisse,suisque

2156 3754 2434 3810 manibus
2466 3754 2682 3809 Christi
2714 3754 3056 3809 vaticinium
3089 3752 3488 3824 adimplesse;
3527 3750 3687 3821 quod
3719 3751 3803 3804 uti

2159 3843 2417 3899 maxima
2446 3860 2517 3898 ex
2542 3848 2708 3914 parte
2738 3858 2961 3907 verum,
2995 3844 3077 3898 ita
3105 3859 3224 3898 non
3248 3848 3339 3897 est
3367 3855 3801 3913 usquequaque

2157 3932 2645 4005 ungendum.Nec
2667 3931 2867 3987 minus
2887 3938 3201 4003 propterea
3218 3929 3463 4002 impleta
3479 3936 3568 3985 est
3583 3928 3801 3984 Christi

2157 4021 2495 4077 vaticinatio
2528 4037 2540 4074 :
2573 4036 2711 4076 nam
2744 4021 2863 4076 sive
2921 4027 3069 4089 tum,
3123 4021 3240 4077 sive
3290 4021 3521 4091 aliquot
3567 4019 3802 4075 saaculis

2159 4116 2384 4183 postea,
2421 4126 2553 4166 cum
2586 4111 2875 4183 templum
2904 4112 3113 4166 eodem
3154 4111 3213 4167 in
3271 4111 3399 4166 loco
3432 4127 3465 4166 a
3494 4108 3802 4166 Saracenis

2161 4202 2479 4257 excitatum
2502 4207 2611 4270 est,
2636 4201 2881 4274 plenum
2896 4208 2956 4257 et
2977 4203 3263 4274 integrum
3295 4202 3505 4257 sortita
3526 4201 3803 4255 effectum

2161 4300 2269 4351 est.
2302 4294 2414 4349 Sed
2443 4299 2503 4349 et
2531 4294 2785 4349 alterum
2839 4310 2907 4348 eo
2964 4298 3228 4364 tempore
3275 4291 3665 4364 adimpletum
3717 4295 3805 4346 est

2161 4383 2345 4455 ipsius
2366 4382 2567 4455 Cyrilli
2591 4382 2957 4449 vaticinium,
2980 4399 3096 4452 quo
3119 4388 3255 4437 ante
3286 4398 3476 4437 annos
3506 4380 3713 4436 decem
3749 4386 3808 4436 et

2160 4481 2386 4548 septem
2410 4475 2637 4530 dixerat
2658 4481 2769 4530 cat.
2795 4491 2885 4535 xv.
2911 4491 3075 4529 num.
3102 4477 3184 4534 15.
3201 4474 3464 4529 futurum
3481 4473 3803 4544 aliquando

2158 4571 2224 4620 ut
2252 4581 2461 4620 omnes
2492 4565 2697 4635 templi
2729 4564 2955 4635 lapides
2978 4570 3329 4619 eruerentur
3352 4584 3367 4627 ;
3391 4563 3568 4634 idque
3591 4563 3804 4619 fortas-

408 4654 498 4709 Ad
529 4654 670 4707 hunc
698 4668 867 4722 usque
896 4652 1041 4707 diem
1082 4653 1448 4721 fundamenta
1495 4653 1816 4708 subsistunt.
1867 4654 2046 4727 Chry-
2084 4670 2126 4734 D
2158 4655 2239 4710 sis
2269 4654 2404 4711 aliis
2434 4654 2651 4721 causis,
2684 4653 2951 4708 fortassis
2995 4654 3174 4711 etiam
3221 4654 3605 4723 aediﬁcationis
3650 4668 3805 4723 prae—

399 4748 689 4799 sostomus
721 4742 927 4797 homil.
964 4749 1104 4797 tom.
1156 4744 1200 4808 I,
1236 4745 1304 4796 36
1356 4748 1468 4797 vet.
1520 4743 1683 4809 edit.,
1736 4760 1865 4815 pag.
1919 4744 2043 4810 436,

400 4850 563 4890 novre
597 4839 737 4887 tom.
771 4834 793 4887 Ι
825 4833 965 4888 Adv.
999 4833 1127 4887 Jud.
1165 4850 1215 4895 ν,
1247 4848 1413 4887 num.
1452 4836 1537 4897 ll,
1571 4850 1627 4902 p.
1688 4834 1813 4899 646,
1859 4833 2046 4888 histo-

401 4926 549 4979 riam
582 4923 763 4978 refert
790 4922 860 4977 de
891 4938 1008 4993 qua
1038 4922 1285 4994 agimus,
1310 4921 1510 4993 aitque
1556 4938 1688 4977 cum
1711 4922 2010 4979 Judaeifun
2036 4956 2042 4962 -

402 5013 681 5069 damenta
707 5011 931 5067 nudare
956 5011 1675 5082 caepissent,multumque
1689 5012 1916 5085 aggeris
1948 5029 2043 5067 ex-

402 5102 762 5167 hausissent,
789 5101 1162 5173 jamjamque
1196 5105 1553 5155 structuram
1587 5106 1786 5155 essent
1815 5117 2046 5174 aggreso

404 5193 546 5250 suri.
584 5190 825 5257 multos,
860 5190 995 5262 igne
1028 5206 1057 5244 e
1090 5189 1496 5245 fundamentis
1528 5191 1861 5259 exsiliente,
1886 5208 2049 5246 com-

402 5281 606 5337 bustos
637 5280 821 5335 fuisse
844 5296 978 5335 cum
1011 5278 1309 5351 lapidibus
1336 5282 1512 5334 etiam
1542 5280 1653 5336 loci
1678 5281 1858 5336 illius.
1885 5280 2050 5337 Unde

399 5372 736 5444 colligimus
769 5387 870 5425 eos
919 5386 1040 5424 non
1101 5369 1304 5424 omnia
1357 5370 1579 5425 eruisse
1638 5370 2048 5440 fundamenta,

402 5460 505 5516 sed
528 5459 800 5532 quaedam
826 5459 1034 5515 saltem
1059 5457 1259 5515 addito
1281 5476 1315 5514 a
1336 5458 1622 5515 lateribus
1647 5466 1935 5517 caemento
1960 5460 2054 5515 fir-

404 5567 564 5607 mare
595 5550 872 5607 voluisse.
905 5548 1069 5604 Idem
1104 5549 1263 5605 hom.
1298 5552 1365 5604 75
1393 5551 1453 5605 in
1483 5550 1708 5619 Matt/L,
1740 5567 1873 5624 pag.
1923 5553 2048 5621 794,

470 5709 515 5744 δ’
548 5710 748 5768 Matth.
782 5722 933 5775 xxxv,
967 5708 1019 5761 2.

2158 4749 2313 4799 textu
2343 4748 2690 4800 eventurum
2722 4744 2934 4815 [LXIV]
2981 4760 3129 4799 esse.
3159 4744 3323 4807 Quod
3372 4749 3570 4798 autem
3616 4742 3799 4810 addit,

2157 4839 2282 4889 tum
2314 4833 2743 4888 Antichristum
2775 4839 3109 4899 venturum,
3143 4833 3202 4887 id
3236 4833 3452 4889 falsum
3491 4847 3621 4888 esse
3673 4833 3804 4905 ipso

2157 4928 2368 4978 eventu
2399 4921 2707 4993 comperit.

2228 5016 2316 5068 61.
2351 5014 2669 5083 Postquam
2703 5013 2904 5067 omnia
2932 5029 3097 5068 novae
3129 5012 3804 5073 sediﬂcationinecessa-

2158 5104 2247 5158 ria
2277 5107 2540 5158 evertere
2568 5102 2776 5167 Judaei,
2811 5118 2938 5157 sese
2971 5103 3044 5158 ad
3076 5119 3228 5157 nova
3256 5106 3662 5162 construenda
3690 5107 3807 5162 ala-

2159 5192 2340 5246 criter
2392 5197 2834 5262 compararunt.
2896 5193 3117 5261 Apertis
3183 5194 3360 5260 igitur
3406 5195 3803 5263 fundamentis,

2158 5280 2336 5335 verba
2366 5285 2507 5336 sunt
2535 5279 2752 5347 Ruﬁni,
2788 5280 2891 5334 lib.
2944 5296 2960 5335 i
3006 5283 3212 5335 Histor.
3268 5299 3316 5337 c.
3369 5283 3456 5345 37,
3508 5285 3653 5339 calce
3703 5301 3808 5339 cae.

2157 5377 2450 5441 mentoque
2474 5370 2762 5429 adhibitis.
2785 5369 2930 5424 nihil
2960 5372 3185 5424 omnino
3213 5372 3567 5441 deerat,quin
3585 5382 3807 5442 postera

2160 5461 2247 5517 die
2275 5461 2546 5516 veteribus
2584 5459 2891 5515 deturbatis
2943 5476 3087 5516 nova
3135 5462 3388 5531 jacerent
3436 5463 3806 5531 fundamenta

2158 5551 2280 5625 (aut
2329 5558 2516 5607 vetera
2566 5552 2722 5608 novis
2768 5550 3262 5607 substructionibus
3342 5553 3802 5624 corroborarent),
