4090 6268
343 346 422 405 95

1631 345 1733 406 DE
1778 343 1962 405 VITA
2010 344 2073 403 S.
2120 342 2452 410 CYRILLI.

3677 346 3769 408 96

350 480 605 537 dicenda
635 488 825 538 erant.
861 484 1073 536 Verum
1103 481 1304 554 Cyrilli
1330 481 1553 538 dictum
1596 481 1773 553 paulo
1823 479 1998 535 aliter
2028 483 2077 545 Α
2109 480 2346 555 [LXVII]
2376 486 2623 556 quadam
2652 457 2958 542 inuisibilii.
2992 488 3102 541 Hoc
3148 491 3328 541 autem
3356 499 3465 539 uno
3504 484 3630 554 jam
3663 500 3776 538 ore

356 573 541 627 refert
570 574 837 627 Socrates
870 571 970 624 lib.
990 588 1142 639 311,0.
1164 572 1369 642 20,qui
1396 588 1467 627 ex
1496 572 1712 627 Ruﬁno
1730 570 2001 625 hausisse

361 668 419 719 et
444 668 839 718 commutasse
868 659 1118 714 videtur.
1146 662 1241 715 Ait
1259 661 1546 732 Cyrillum
1569 660 1772 716 multis
1804 665 2005 715 astan-

356 752 515 807 tibus
546 751 746 821 palam
779 768 848 805 eo
882 756 1145 821 tempore
1178 751 1547 822 praedixisse,
1578 754 1831 821 futurum
1857 751 2005 806 brevi

357 847 419 896 ut
446 844 506 895 in
538 842 737 910 templo
778 840 918 910 lapis
946 856 1110 909 super
1168 840 1409 910 lapidem
1465 857 1573 895 non
1615 846 1880 907 maneret,
1914 840 2007 894 sed

355 933 660 988 Saluatoris
689 931 971 987 oraculum
1002 934 1239 1003 penitus
1279 933 1660 1002 compleretur.
1685 933 1849 997 Quod
1873 932 2006 1002 qui—

356 1021 490 1076 dem
522 1021 778 1093 Cyrillus
806 1038 1047 1076 suarum
1101 1023 1491 1077 catecheseon
1522 1022 1857 1077 doctrinam
1915 1038 2002 1075 se-

357 1126 546 1182 quens
578 1110 773 1165 dicere
807 1126 926 1164 non
947 1111 1280 1181 potuit,nisi
1305 1112 1639 1182 proximum
1665 1126 1998 1181 supponen-

359 1201 434 1255 do
466 1200 673 1254 mundi
704 1202 887 1254 linem
919 1205 975 1253 et
1005 1200 1352 1254 Antichristi
1375 1200 2006 1265 adventum.Nisi,cum

359 1288 556 1345 videre
588 1293 818 1360 aequata
850 1288 975 1342 solo
1008 1289 1301 1343 exstantia
1331 1289 1533 1343 omnia
1580 1290 1795 1343 veteris
1827 1294 2011 1343 struc-

363 1382 505 1432 turae
521 1377 858 1442 aediﬁcia,et
871 1378 1394 1432 fundamentorum
1410 1378 1674 1447 ipsorum
1688 1378 2009 1433 maximam

360 1473 590 1539 partem
625 1467 909 1531 evulsam,
938 1484 1102 1523 suam
1136 1468 1302 1522 illam
1337 1468 1679 1535 correxerit,
1713 1484 1890 1538 quam
1922 1484 2012 1522 re-

360 1574 505 1613 vera
536 1557 743 1612 falsam
776 1557 1179 1628 comprobavit
1208 1562 1449 1612 eventus
1482 1557 2011 1613 sententiam.ora—

361 1647 566 1702 culum
598 1645 811 1700 Christi
848 1645 921 1699 de
956 1645 1175 1715 templo
1216 1646 1455 1699 nonnisi
1483 1646 1545 1699 in
1580 1644 1785 1698 mundi
1812 1644 1930 1699 ﬁne
1954 1648 2014 1697 et

366 1735 474 1791 sub
512 1734 859 1789 Antichristi
892 1739 1158 1806 tempora
1193 1736 1428 1805 penitus
1473 1733 1914 1805 complendum.
1942 1736 2014 1788 At

2112 587 2293 629 omnes
2318 578 2569 644 referunt
2598 594 2662 632 ac
2686 593 2795 646 pro
2831 583 2979 632 certo
3011 577 3233 635 habent.
3264 574 3410 646 quod
3439 591 3527 630 eos
3545 590 3779 629 summa

2109 665 2165 717 vi
2194 670 2359 735 atque
2379 669 2728 721 contentione
2776 670 3080 736 ingressum
3109 667 3216 721 sibi
3245 667 3463 736 aperire
3478 671 3776 729 conantes,

2110 753 2255 821 ignis
2286 771 2314 808 e
2367 756 2571 826 templo
2623 772 2909 811 occurrens
2962 756 3260 810 inhibuit:
3308 771 3503 824 eosque
3548 756 3778 824 partim

2112 846 2317 897 emussit
2343 850 2394 898 et
2425 846 2725 915 absumpsit
2750 863 2772 909 ;
2792 847 3005 915 partim
3030 844 3333 915 precipuis
3364 846 3608 914 corporis
3631 860 3781 914 pur-

2115 932 2259 987 tibus
2293 939 2597 1001 truncatas,
2627 937 2807 989 vivam
2865 936 3172 989 columnam
3231 934 3427 988 divina:
3471 935 3780 987 adversum

2112 1029 2420 1090 peccatores
2463 1026 2902 1079 comminationis
2949 1030 2999 1078 et
3061 1023 3316 1079 motionis
3372 1024 3599 1093 reliquit
3629 1022 3780 1092 (l4).

2116 1112 2230 1165 Nec
2248 1111 2326 1165 ibi
2342 1112 2522 1166 ultrix
2542 1112 3079 1181 ﬂammaconstitit(
3097 1114 3350 1168 lSMNam
3368 1112 3429 1166 in
3443 1117 3607 1182 parte
3625 1111 3782 1177 alia,

2116 1215 2251 1253 cum
2272 1200 2344 1254 ad
2376 1201 2767 1272 requirendos
2788 1218 3066 1273 eos,quos
3088 1207 3266 1256 noctu
3291 1202 3625 1273 porticuum
3663 1217 3787 1270 op-

2117 1297 2415 1362 presserat
2438 1293 2631 1358 ruina,
2647 1293 2985 1364 primaluce
3001 1296 3429 1346 concurrerent
3450 1291 3637 1346 Judaei
3666 1308 3681 1357 ;
3709 1307 3787 1345 ex

2119 1379 2244 1435 uade
2262 1381 2517 1450 quadam
2542 1388 2600 1437 et
2620 1398 2856 1437 camera
2885 1382 3147 1436 inferiori
3191 1382 3348 1435 inter
3376 1381 3642 1452 porticus
3669 1379 3789 1433 de—

2110 1471 2304 1542 jectas
2330 1469 2557 1525 aditum
2600 1471 2877 1537 habente,
2914 1471 2974 1525 in
2998 1487 3114 1541 qua
3145 1471 3507 1525 ferramenta
3529 1469 3786 1539 aliaque

2120 1561 2285 1631 operi
2308 1561 2645 1615 necessaria
2675 1560 3377 1626 recondebautur,subito
3398 1559 3610 1628 globus
3635 1560 3790 1629 qui-

2122 1649 2257 1704 dam
2289 1649 2441 1721 ignis
2473 1650 2718 1705 emicuit
2741 1668 2754 1715 ;
2777 1650 2875 1720 qui
2907 1667 3014 1721 per
3031 1650 3291 1704 medium
3326 1649 3534 1720 plateae
3558 1649 3792 1703 decur-

2120 1754 2280 1800 rens,
2312 1737 2539 1793 adustis
2589 1739 3059 1808 exanimatisque
3118 1739 3216 1809 qui
3256 1737 3504 1792 aderant
3531 1737 3790 1801 Judasis,

370 1824 659 1894 templum
693 1824 766 1877 ad
797 1822 1055 1879 Judaicas
1083 1823 1388 1895 religionis
1419 1840 1561 1878 usus
1587 1839 1894 1892 nunquam
1920 1823 2010 1877 in-
2052 1841 2096 1905 Β
2124 1828 2282 1883 ultro
2310 1828 2577 1900 citroque
2599 1828 2913 1884 ferebatur.
2928 1829 3093 1894 Quod
3121 1829 3361 1900 quidem
3394 1829 3637 1890 iterum,
3671 1844 3793 1882 saa-

378 1913 765 1970 staurandum
806 1920 965 1968 certo
1002 1915 1299 1970 afﬁrmare
1327 1919 1572 1984 poterat.
1595 1930 1666 1967 ex
1689 1912 2020 1967 innumeris

377 2009 505 2059 tum
526 2005 739 2058 veteris
774 2010 897 2059 tum
930 2021 1094 2059 novae
1125 2004 1272 2075 legis
1302 2003 1847 2074 vaticiniis,quibus
1864 2009 2028 2058 aeter-

381 2110 460 2149 na
481 2094 710 2163 antiqui
743 2093 981 2148 fcederis
1014 2093 1312 2166 abrogatio
1335 2097 1394 2147 et
1423 2092 1827 2151 commutatio.
1868 2098 1926 2147 et
1957 2091 2030 2146 ad

390 2183 574 2237 ﬁnem
604 2199 793 2252 usque
824 2181 1033 2237 mundi
1066 2182 1346 2237 duratura
1392 2182 1617 2236 Judaici
1667 2181 1869 2252 populi
1902 2181 2030 2236 sine

391 2271 720 2327 sacerdotio
754 2271 1165 2340 sacriﬁcioque
1198 2269 1489 2341 dispersio
1548 2270 2029 2341 portendebatur.

390 2364 514 2427 Quo
541 2362 692 2425 ﬁt,ut
720 2377 911 2431 neque
934 2360 994 2413 in
1028 2359 1361 2415 millenario
1390 2360 1604 2414 Christi
1627 2377 1808 2431 regno
1839 2376 2032 2415 asser-

390 2456 509 2505 tam
542 2449 613 2503 ab
646 2447 1085 2519 Apollinaristis
1116 2448 1320 2519 templi
1343 2453 1401 2502 et
1418 2454 1682 2503 veterum
1713 2448 2033 2504 sacriﬁcio-

390 2554 521 2592 rum
563 2535 1078 2603 instaurationem,
1114 2553 1283 2607 aaquo
1337 2538 1537 2592 animo
1596 2540 1798 2592 Patres
1828 2536 2034 2592 audire

394 2625 715 2696 potuerint.

467 2716 553 2770 63.
590 2715 791 2785 Cyrilli
817 2715 1160 2770 vaticinium
1184 2732 1304 2770 non
1343 2715 1555 2771 fefellit
1585 2722 1847 2772 eventus.
1892 2718 2036 2772 Nam

400 2804 783 2874 subsequenti
818 2811 990 2859 nocte
1022 2822 1152 2875 quas
1184 2804 1257 2860 ad
1288 2806 1698 2878 incipiendum
1729 2823 1877 2877 opus
1912 2807 2038 2876 jam

398 2893 524 2949 sola
553 2894 815 2949 restabat
844 2895 1058 2963 (Ruﬁni
1093 2894 1285 2950 verbis
1316 2902 1452 2950 utor
1482 2895 1585 2951 lib.
1621 2913 1660 2957 ι,
1690 2913 1740 2951 c.
1765 2898 2040 2964 38),terrae

398 2990 573 3038 motus
603 2986 791 3053 ingens
822 2985 1088 3052 oboritur,
1119 2991 1170 3040 et
1208 3002 1318 3040 non
1347 2988 1522 3041 solum
1551 2988 2043 3055 fundamentorum

398 3090 537 3129 saxa
567 3075 727 3143 longe
775 3074 989 3144 lateque
1031 3074 1351 3143 jactantur,
1409 3093 1598 3131 verum
1656 3079 1826 3131 etiam
1880 3078 2043 3132 totius

400 3163 506 3217 loci
556 3178 694 3232 pene
748 3163 988 3231 wdiﬁcia
1032 3164 1476 3234 complanantur.
1525 3168 1776 3222 Porticus
1823 3183 2037 3236 quoque

394 3250 654 3322 publica,
686 3254 745 3305 in
770 3253 967 3321 quibus
1019 3253 1337 3309 Iudaeorum
1378 3256 1699 3321 multitudo,
1731 3272 1854 3326 quae
1884 3258 2040 3326 operi

400 3341 691 3397 videbatur
711 3343 976 3403 insistere.
1012 3345 1405 3407 commanebat,
1439 3347 1513 3400 ad
1540 3346 1713 3400 solum
1772 3346 2040 3407 deducta,

402 3445 581 3485 omnes
608 3430 826 3486 Judaeos
852 3432 951 3500 qui
978 3434 1184 3500 reperti
1212 3439 1340 3486 sunt
1369 3449 1701 3503 oppressere.
1736 3435 1753 3505 (
1763 3437 1849 3503 l3)
1875 3437 2042 3489 Post-

404 3536 581 3591 quam
613 3526 809 3575 motus
840 3527 1009 3576 terrm
1040 3524 1397 3593 conquievit,
1451 3526 1550 3597 qui
1573 3530 1925 3596 supererant
1946 3526 2044 3581 Ju-

406 3610 679 3679 daei,cum
704 3611 1075 3682 imperatoris
1095 3614 1393 3670 mandatis
1415 3615 1631 3685 quibus
1652 3631 1859 3685 parere
1880 3616 2047 3672 nefas

405 3706 532 3756 erat
558 3702 899 3772 pressi,tum
926 3703 1262 3773 complaciti
1294 3706 1491 3775 operis
1522 3706 1869 3776 perﬁciendi
1891 3706 2049 3762 desi—

409 3789 573 3845 derio
597 3791 1122 3849 stimulati.rursus
1155 3792 1375 3848 instare
1411 3795 1686 3865 operi.Ac
1708 3795 1848 3850 dum
1873 3795 2053 3849 denu-

410 3879 549 3934 dare
579 3880 1054 3947 fundamenta,et
1083 3882 1379 3938 aediﬁcare
1411 3891 1722 3956 apparent,
1745 3884 2050 3940 metuendi

413 3968 786 4023 ﬂammarum
807 3969 1176 4041 globi,prope
1199 3971 1590 4029 fundamenta
1618 3990 1687 4028 ex
1720 3973 2053 4039 Ammiano,

416 4056 501 4111 vel
524 4074 591 4112 ex
606 4057 1170 4129 fundamentisipsis
1194 4062 1522 4117 secundum
1545 4064 2053 4132 Chrysostomum,

407 4147 839 4204 Theodoretum
882 4165 950 4204 ac
1007 4150 1413 4219 Sozomenum,
1455 4151 1681 4206 crebris
1733 4150 2057 4207 assultibus

410 4245 789 4307 erumpentes
822 4239 1141 4303 (Ammiani
1164 4239 1356 4294 verbis
1386 4246 1522 4295 utor
1569 4240 1672 4295 lib.
1706 4258 1846 4295 xxvn
1878 4240 2056 4308 init.),

407 4328 586 4393 fecere
607 4327 784 4381 locum
814 4329 1019 4382 exustis
1067 4328 1362 4398 aliquoties
1414 4331 1768 4399 operantibus
1824 4332 2057 4384 inacces-

409 4433 528 4472 sum
549 4435 569 4479 ;
590 4418 725 4472 adeo
752 4425 814 4473 ut
832 4417 1091 4487 plurimis
1119 4419 1453 4487 fodientium
1475 4422 1827 4490 consumptis.
1877 4420 2062 4474 exteri

412 4510 553 4576 fuga
576 4509 810 4563 salutem
842 4525 1161 4579 comparare
1191 4511 1369 4563 coacti
1397 4511 1507 4564 sint
1551 4508 1734 4562 Iidem
1768 4508 1935 4580 ignes
1990 4525 2060 4563 ex

417 4597 835 4665 Chrysostomo
858 4597 1085 4669 lapides
1115 4597 1294 4652 etiam
1318 4598 1428 4651 loci
1461 4597 1623 4652 illius
1653 4597 2054 4666 combussere,

416 4703 563 4756 quos
595 4686 878 4740 nimirum
895 4692 1064 4741 terra;
1083 4703 1333 4758 quassus
1355 4694 1525 4743 nocte
1543 4703 1663 4741 non
1695 4691 2053 4742 excusserat.

416 4776 522 4840 Qui
574 4781 690 4829 tum
733 4778 946 4843 fugere,
990 4778 1064 4831 ad
1109 4776 1486 4846 propinquam
1537 4776 1837 4846 quamdam
1891 4775 2054 4830 eccle-

414 4866 551 4918 siam
577 4871 961 4933 perrexerunt,
989 4865 1203 4934 partim
1232 4864 1504 4920 orationis
1533 4881 1715 4931 causa,
1744 4868 1973 4935 partim,
1995 4871 2059 4919 ut

415 4956 475 5007 in
505 4954 771 5023 ejusmodi
800 4954 959 5009 rebus
984 4954 1233 5009 accidere
1260 4956 1416 5023 solet,
1439 4972 1501 5010 eo
1532 4955 1680 5025 quod
1727 4955 2061 5025 offerebatur

417 5045 491 5099 ad
513 5043 749 5113 periculi
769 5044 1243 5113 propulsationem
1272 5051 1500 5100 utentes.
1532 5045 1681 5111 Quid
1722 5045 1795 5098 iis
1839 5044 2059 5099 factum

418 5133 638 5188 referre
671 5133 861 5204 pergit
889 5135 1300 5188 Nazianzenus.
1332 5135 1492 5193 Sunt.
1526 5135 1739 5205 inquit,
1764 5136 1861 5205 qui
1889 5150 1975 5189 eos
1993 5151 2061 5188 ne

419 5240 454 5277 a
483 5224 682 5293 templo
713 5223 933 5292 quidem
963 5224 1221 5277 admissos
1268 5226 1437 5291 fuisse
1488 5230 1942 5287 commemorent;
1972 5223 2061 5279 sed

418 5329 539 5367 cum
569 5312 641 5366 ad
693 5319 913 5381 apertas
958 5314 1103 5378 fores
1161 5316 1522 5379 accessissent,
1571 5320 1792 5385 repente
1849 5314 2062 5369 easdem

418 5402 629 5456 clausas
707 5401 1031 5471 pessuloque
1113 5402 1371 5458 obductas
1438 5404 1735 5474 offendisce
1814 5404 2064 5478 potentia

493 5564 601 5634 (13)
635 5562 882 5624 Sozom..
909 5562 1012 5618 lib.
1041 5580 1165 5632 ην,
1186 5580 1236 5619 c.
1261 5567 1350 5621 21.

494 5633 604 5697 (14)
634 5636 786 5696 Nan,
821 5639 968 5688 orat.
1003 5636 1055 5694 4.
1087 5653 1143 5706 p.
1180 5638 1301 5691 111.

498 5710 606 5780 (15)
640 5708 857 5779 Ruﬁn.,
881 5707 985 5763 lib.
1013 5723 1052 5778 ι,
1072 5725 1123 5762 c.
1156 5709 1244 5762 39.

2132 1918 2382 1987 piusque
2414 1923 2473 1972 et
2503 1918 2985 1988 frequentissime
3044 1935 3150 1990 per
3204 1924 3383 1973 totam
3416 1918 3579 1972 illam
3617 1917 3795 1972 diem

2133 2006 2543 2061 continuatum
2574 2007 2704 2077 (16).
2743 2008 3011 2062 Socrates
3043 2006 3207 2063 aliud
3262 2007 3594 2078 prodigium
3631 2006 3804 2073 ignis

2135 2111 2165 2149 e
2197 2095 2343 2150 coelo
2376 2094 2600 2166 delapsi
2634 2103 2835 2151 narrat
2877 2115 2888 2163 ;
2933 2097 3056 2167 qui,
3098 2113 3230 2151 cum
3267 2097 3546 2166 frequens
3578 2113 3806 2152 conve-

2135 2184 2324 2239 nisset
2351 2185 2425 2240 ad
2440 2187 2761 2257 spectanda
2774 2192 2859 2241 tot
2873 2192 3166 2241 monstrat
3188 2186 3528 2241 Judzeorum
3546 2186 3701 2241 muli
3718 2196 3813 2241 Iu-

2140 2273 2235 2342 do,
2270 2274 2341 2329 iis
2399 2275 2791 2346 praesentibus
2824 2276 3024 2330 omnia
3073 2276 3353 2347 opiﬁcum
3389 2276 3812 2332 instrumenta

2139 2363 3076 2435 consumpsit,malleos.scalpra,
3111 2380 3369 2427 secures,
3404 2364 3617 2430 ascias,
3652 2370 3808 2432 etc.,

2141 2469 2257 2522 quo
2288 2453 2349 2507 in
2383 2452 2659 2508 incendio
2692 2458 2849 2508 totus
2881 2453 3009 2508 dies
3061 2453 3400 2525 insumptus
3440 2457 3548 2507 est.
3584 2455 3804 2524 Neque

2140 2542 2237 2597 hic
2267 2541 2478 2596 divinae
2509 2543 2613 2598 ira)
2645 2542 3073 2599 demonstratio
3096 2543 3453 2613 conquievit,
3525 2559 3668 2597 cum
3715 2548 3808 2599 tot

2140 2631 2427 2703 prodigiis
2449 2632 2705 2688 necdum
2731 2632 2972 2687 rebellis
3004 2632 3204 2704 populi
3230 2632 3812 2705 pertinacial‘range-

2142 2726 2324 2777 retur.
2362 2720 2578 2776 Eadem
2611 2722 2773 2776 enim
2828 2727 2887 2776 et
2918 2722 3185 2793 proxime
3229 2721 3569 2791 insequenti
3592 2728 3809 2786 nocte,

2142 2810 2243 2864 lux
2274 2809 2336 2863 in
2369 2810 2514 2863 caalo
2550 2810 2713 2864 stetit
2769 2826 3005 2864 crucem
3065 2810 3126 2864 in
3186 2809 3389 2864 orbem
3422 2809 3806 2877 describens,

2146 2915 2276 2969 qum
2308 2898 2566 2953 victorias
2587 2898 2867 2953 adversus
2899 2899 3113 2969 impios
3146 2915 3178 2953 a
3208 2898 3439 2953 Christo
3471 2905 3807 2969 reportatae

2145 2994 2434 3057 troptenm
2459 2986 2745 3058 signabat(
2755 2989 2842 3054 17)
2871 2989 2951 3042 Ea
2976 3005 3137 3049 crux,
3157 3004 3225 3041 ex
3241 2988 3596 3059 Theophane
3627 2989 3814 3043 Chro-

2144 3092 2325 3145 πορν..
2362 3092 2492 3149 pag.
2535 3078 2623 3139 44,
2658 3093 2692 3130 a
2714 3076 2999 3147 Golgotha
3027 3077 3101 3129 ad
3132 3082 3396 3131 montem
3439 3092 3631 3148 usque
3686 3078 3813 3133 Oli-

2153 3181 2356 3220 varum
2384 3170 2682 3236 protensa,
2715 3165 2902 3219 multo
2934 3165 3305 3237 splendidior
3360 3182 3449 3233 ea,
3508 3183 3643 3237 quas
3697 3166 3814 3221 sub

2155 3254 2499 3309 Constantio
2531 3254 2652 3309 visa
2672 3254 2883 3320 fuerat,
2917 3255 3191 3326 apparuit
3218 3256 3351 3326 (18).
3412 3257 3714 3310 Praeterea
3746 3255 3813 3310 in

2151 3342 2429 3399 omnibus
2484 3343 2823 3399 Judaaorum
2872 3343 3132 3398 vestibus
3164 3344 3375 3399 inusta:
3405 3343 3695 3398 divinitus
3741 3359 3816 3399 ac

2152 3432 2511 3505 consignatas
2543 3448 2769 3499 cruces,
2804 3450 2875 3487 ex
2905 3433 3424 3499 Theodoreto,atro
3456 3432 3658 3488 colore
3693 3432 3815 3487 suf-

2152 3523 2460 3592 fusaque
2491 3520 2675 3576 nullis
2698 3521 3024 3577 lotionibus
3055 3522 3279 3577 aboleri
3314 3527 3812 3591 potuerunt,tan—

2156 3616 2349 3682 tesque
2402 3610 2741 3666 tenacitatis
2773 3610 2957 3675 fuere,
3009 3616 3075 3664 ut
3102 3610 3494 3665 Nazianzenus
3527 3610 3814 3665 miraculi

2158 3705 2339 3755 testes
2365 3704 2425 3753 et
2451 3699 2720 3754 conscios
2760 3703 2965 3768 postea
2994 3696 3537 3762 contestaretur,uti
3571 3699 3817 3766 profer-

2156 3795 2296 3845 rent
2331 3792 2521 3842 vestes
2552 3803 2689 3841 suas
2718 3786 2853 3840 illas
2885 3791 3008 3839 tum
3040 3784 3313 3839 crucibus
3344 3784 3605 3856 signatas
3635 3803 3650 3851 ;
3682 3804 3812 3842 non

2160 3894 2279 3932 uno
2309 3877 2547 3947 quidem
2589 3876 2648 3930 in
2685 3875 2812 3929 loco
2835 3880 3163 3942 notatas,ex
3183 3874 3571 3935 Theodoreto.
3595 3876 3703 3930 sed
3738 3876 3815 3931 iis

2162 3965 2347 4038 signis
2376 3963 2839 4035 repletas.Addit
2866 3968 3064 4019 autem
3086 3964 3499 4029 Nazianzenus,
3524 3965 3709 4019 simul
3745 3982 3815 4021 ac

2164 4052 2458 4125 quispiam
2486 4052 2605 4107 sive
2630 4057 2992 4117 nostrorum,
3020 4052 3142 4106 sive
3176 4057 3510 4106 exterorum
3532 4053 3818 4113 hmcnar—

2164 4143 2769 4197 rabatautnarrantes
2794 4139 3299 4203 audiebat.statim
3318 4141 3429 4196 hoc
3453 4141 3817 4197 miraculum

2166 4233 2229 4286 in
2260 4247 2322 4286 se
2353 4231 2481 4302 ipso
2512 4230 2600 4284 vel
2632 4231 2692 4284 in
2734 4230 2923 4285 vicino
2975 4247 3081 4285 suo
3113 4230 3486 4301 perspexisse
3522 4248 3533 4285 :
3567 4232 3719 4286 adeo
3752 4236 3821 4286 ut

2168 4321 2261 4376 vel
2290 4321 2417 4392 ipse
2449 4336 2578 4375 sese
2609 4320 2909 4375 stellatum
2933 4320 3207 4390 notisque
3240 4320 3709 4385 distinctum,vel
3744 4321 3815 4374 il-

2169 4412 2293 4466 lum
2325 4412 2408 4466 ita
2437 4410 2497 4464 in
2528 4410 2895 4465 vestimentis
2918 4415 3185 4464 notatum
3219 4410 3587 4477 intueretur;
3613 4417 3818 4466 utom-

2169 4518 2306 4556 nem
2337 4500 2572 4555 textorii
2603 4499 2838 4554 artiﬁcii
2871 4499 3248 4571 elegantiam,
3279 4516 3347 4555 ac
3405 4516 3641 4555 summa
3671 4515 3818 4554 cura

2167 4591 2529 4645 elaboratam
2556 4589 2847 4659 picturam
2864 4594 3019 4643 notae
3043 4588 3159 4642 illas
3172 4588 3506 4643 admirabili
3529 4588 3814 4644 varietate

2169 4686 2538 4751 superarent.
2573 4679 2739 4744 Quod
2770 4680 3009 4751 quidem
3036 4684 3365 4733 monstrum
3389 4694 3507 4731 non
3540 4678 3816 4733 Hieroso—-

2165 4768 2340 4839 lymis
2362 4769 2685 4831 solum.sed
2716 4769 3040 4824 Antiochiaa
3072 4768 3437 4839 reliquisque
3464 4768 3523 4821 in
3557 4766 3806 4821 urbibus

2167 4859 2432 4915 evenisse
2463 4860 2685 4924 refert;
2720 4876 2829 4913 nec
2861 4859 2920 4913 in
2955 4858 3098 4913 solis
3132 4858 3251 4912 sive
3296 4857 3634 4911 Judaeorum
3685 4857 3806 4910 sive

2168 4949 2641 5005 Christianorum
2672 4947 2952 5011 vestibus,
2986 4963 3186 5001 verum
3211 4945 3388 4999 etiam
3437 4944 3499 4999 in
3526 4944 3806 5000 altarium

2169 5040 2422 5110 mappis.
2447 5038 2637 5103 libris,
2662 5037 3009 5105 caeterisque
3034 5034 3378 5106 hujusmodi
3410 5034 3687 5089 Ecclesiae
3712 5047 3808 5085 or—

2170 5144 2386 5185 namen
2396 5129 2489 5184 tis.

2240 5222 2327 5274 64.
2360 5218 2459 5273 His
2489 5215 2767 5271 omnibus
2796 5215 3079 5287 prodigiis
3127 5214 3393 5270 deterriti
3424 5230 3556 5269 cum
3598 5210 3806 5275 Judaei,

2172 5317 2295 5365 tum
2327 5307 2597 5363 Julianus
2626 5306 2753 5376 ipse
2786 5320 2932 5375 opus
2954 5305 3275 5374 inemptum
3299 5304 3594 5358 dimittere
3622 5298 3807 5357 coacti

2172 5403 2329 5455 sunt.
2364 5396 2575 5451 Multos
2599 5394 2934 5450 Judworum
2967 5398 3027 5448 et
3054 5409 3419 5466 paganorum
3447 5408 3514 5448 eo
3548 5400 3808 5462 tempore

2242 5559 2355 5630 (16)
2385 5558 2631 5621 Socrat.,
2665 5555 2769 5630 lib.
2800 5572 2885 5619 ut,
2915 5571 2964 5611 c.
2996 5558 3085 5630 17.

2243 5629 2352 5699 (17)
2379 5630 2533 5696 Naz.,
2567 5632 2696 5684 orat
2748 5629 2800 5695 4,
2825 5644 2881 5698 p.
2919 5629 3038 5682 H2.

2242 5704 2355 5779 με)
2383 5700 2606 5772 Ruﬁn.,
2628 5717 2679 5757 ο.
2712 5701 2802 5760 39.
