4090 6268
259 313 334 370 97
1680 306 2196 371 DISSEBTATIO
2237 311 2285 372 Ι.
3607 331 3687 391 98

260 444 511 499 veritate
526 442 821 516 agnitaad
835 441 1594 511 Christianamreligionem
1608 441 1930 496 accessisse
1958 442 2012 507 Α
2041 442 2324 500 referenti
2354 446 2457 504 lib.
2485 465 2581 519 vn,
2615 468 2665 509 c.
2702 454 2789 517 30,
2843 454 3012 524 ﬁdes,
3054 460 3525 530 amphitheatrum
3553 468 3689 522 Hie-

262 534 326 589 in
355 533 639 589 confesso
685 539 779 587 est
830 532 1224 589 Nazianzenus
1255 532 1339 587 ait
1365 548 1546 587 omnes
1573 533 1745 600 ferme
1769 531 1929 600 quasi

266 640 334 679 ea:
364 627 528 692 signo
556 638 673 677 uno
695 629 867 692 atque
894 638 1008 676 una
1034 638 1161 677 voce
1189 622 1629 679 Christianorum
1649 621 1819 675 Deum
1846 622 1930 674 in-

269 729 507 780 vocasse,
539 729 780 783 eumque
806 713 993 768 multis
1022 712 1278 767 laudibus
1315 729 1379 767 ac
1405 711 1660 783 precibus
1701 710 1928 780 placare

272 804 563 859 studuisse.
617 802 901 858 Plurimos
946 804 1116 858 etiam
1160 818 1271 856 non
1306 804 1368 856 in
1417 802 1632 871 longius
1660 798 1928 870 {LXVIII}

271 911 385 949 rem
408 894 783 960 extrahentes,
815 895 910 949 sed
964 893 1148 947 eodem
1197 895 1317 962 ipso
1366 899 1628 963 tempore,
1660 909 1766 962 quo
1814 892 1927 946 hac

273 984 612 1047 acciderunt,
644 983 722 1037 ad
748 982 1051 1037 sacerdotes
1079 988 1293 1037 nostros
1314 984 1697 1052 properavisse
1712 1000 1734 1046 ;
1762 981 1929 1036 adhi-

271 1074 507 1143 bitisque
540 1073 737 1127 multis
756 1072 1017 1141 precibus
1057 1073 1116 1126 in
1161 1071 1460 1127 Ecclesium
1489 1072 1769 1138 admissos,
1799 1072 1927 1127 sub-

270 1163 582 1216 limioribus
635 1162 913 1230 mysteriis
966 1161 1219 1227 imbutos,
1283 1176 1546 1231 sacroque
1603 1161 1929 1230 baptismate

262 1253 593 1321 puriﬁcatos
622 1266 749 1305 esse.
784 1251 851 1304 In
882 1266 952 1304 ea
1000 1265 1061 1304 re
1092 1248 1271 1304 dubio
1302 1248 1511 1320 procul
1543 1249 1788 1304 emicuit
1815 1248 1924 1319 Cy-

270 1340 389 1395 rilli
412 1341 608 1395 nostri
631 1339 891 1394 charitas
913 1344 973 1393 et
991 1339 1087 1409 pia
1112 1338 1486 1404 sollicitudo;
1508 1343 1575 1393 ut
1602 1355 1737 1393 cum
1760 1338 1928 1393 nulla

272 1447 366 1486 res
392 1430 469 1485 ad
500 1430 758 1503 gloriam
785 1429 1003 1485 Christi
1024 1429 1339 1495 illustrior,
1363 1430 1445 1486 ita
1466 1431 1633 1485 nulla
1663 1431 1736 1486 ad
1762 1446 1925 1487 com-

272 1520 679 1576 mendandam
701 1520 905 1592 Cyrilli
932 1521 993 1574 in
1016 1520 1231 1575 divinis
1254 1520 1510 1575 oraculis
1542 1520 1926 1590 fidem,atque

272 1612 331 1665 in
358 1609 793 1681 amplificanda
817 1610 916 1664 Dei
941 1610 1203 1665 Ecclesia
1231 1609 1610 1665 sedulitatem
1644 1608 1929 1663 honorifi-

270 1700 507 1755 centior
530 1700 878 1770 contingere
896 1699 1155 1770 potuerit
1176 1698 1385 1753 Multos
1408 1705 1605 1754 tamen
1629 1699 1927 1754 exstitisse

2031 535 2320 606 rosolymis
2351 542 2582 607 exstrui,
2613 543 2673 597 in
2716 559 2822 612 quo
2869 561 3113 603 reversus
3144 568 3178 604 a
3213 552 3449 619 Parthis,
3484 558 3687 625 episco-

2024 642 2149 695 pos,
2184 629 2502 696 monachos,
2554 648 2843 702 omnesque
2898 636 3018 704 ejus
3072 638 3177 693 loci
3229 648 3443 698 sanctos
3501 645 3684 702 bestiis

2031 719 2200 770 etiam
2231 724 2351 772 arte
2379 720 2619 788 quadam
2648 722 2971 781 saevioribus
2998 729 3162 795 factis
3187 731 3467 800 objiceret,
3498 741 3682 803 specta

2032 810 2221 875 retque
2252 808 2559 864 laniandos.
2617 810 2727 865 Sed
2776 812 3061 869 immania
3110 816 3213 872 illa
3260 820 3512 876 consilia
3542 830 3676 879 ante

2029 896 2204 949 vertit
2234 897 2407 962 Deus,
2465 898 2722 966 Iuliano,
2778 902 2976 959 divina
3030 904 3370 977 clementia,
3402 910 3681 969 vicesima

2033 990 2199 1038 sexta
2225 985 2383 1040 Junii
2416 987 2685 1056 ejusdem
2716 992 2856 1045 anni
2891 1009 2921 1046 e
2952 992 3093 1047 vivis
3126 995 3380 1052 sublato.

2528 1077 2739 1147 [LXIX]
2793 1080 3025 1136 CAPUT
3064 1084 3183 1137 xn.

2209 1164 2405 1232 Cyrilli
2436 1173 2590 1234 gesta
2611 1170 2812 1236 primis
2862 1171 3112 1227 Valentis
3144 1176 3501 1244 temporibus.

2104 1253 2188 1305 65.
2227 1252 2408 1308 Dulce
2439 1260 2498 1309 et
2520 1255 2853 1324 jucundum
2880 1259 3181 1329 Ecclesiae,
3208 1264 3311 1319 sed
3334 1264 3682 1322 diuturnum

2032 1354 2152 1394 non
2173 1339 2304 1408 fuit,
2322 1342 2566 1411 Ioviani,
2599 1345 2699 1415 qui
2721 1347 2955 1402 Juliano
2988 1356 3292 1419 successit,
3317 1353 3637 1426 imperium
3664 1373 3676 1424 ;

2032 1429 2083 1483 is
2113 1431 2498 1487 reconciliata
2517 1434 2796 1490 Ecclesiis
2816 1454 2979 1507 pace,
3005 1447 3395 1519 re’vocatoque
3427 1445 3680 1500 Athana-

2034 1520 2121 1574 sio
2153 1536 2222 1576 ac
2247 1522 2484 1593 rejectis
2516 1526 2867 1582 Arianorum
2899 1529 3179 1586 adversus
3211 1548 3344 1587 eum
3378 1535 3671 1606 supplica-

2033 1611 2318 1679 tionibus,
2350 1612 2623 1670 libertate
2648 1616 2896 1671 Nicarnze
2921 1618 3056 1673 fidei
3082 1620 3517 1691 professoribus
3542 1623 3682 1679 red-

2032 1700 2176 1767 dita,
2201 1702 2371 1774 cujus
2405 1719 2533 1759 sese
2564 1710 2915 1762 sectatorem
2945 1708 3355 1777 denuntiabat,
3389 1713 3590 1768 omnia
3620 1714 3683 1768 in

268 1788 507 1845 ludasos
538 1789 643 1859 qui
666 1788 959 1843 increduli
983 1788 1344 1844 etobstinati
1370 1788 1720 1847 manserint.
1745 1792 1919 1842 testa-
1958 1805 2001 1871 Β
2035 1795 2251 1845 statum
2285 1792 2572 1863 Optimum
2613 1811 2889 1865 reparare
2939 1799 3243 1871 satagebat
3294 1801 3449 1855 Nihil
3475 1801 3547 1856 de
3575 1804 3685 1873 Cy-

271 1885 366 1931 tur
384 1878 850 1949 Chrysostomus
880 1883 1025 1932 orat.
1059 1879 1146 1933 45.
1181 1882 1324 1932 tom.
1362 1878 1423 1941 V,
1465 1892 1595 1948 pag.
1627 1878 1751 1930 5l0.
1784 1875 1921 1943 Alii,

268 1973 335 2021 ut
368 1967 557 2021 refert
580 1967 984 2038 Ruﬁnus.cap.
1019 1968 1107 2032 39,
1141 1967 1243 2037 qui
1274 1966 1471 2039 ignem
1500 1966 1671 2020 illum
1698 1982 1768 2020 ex
1799 1965 1925 2021 aade

268 2057 544 2111 inferiori
576 2073 686 2128 per
714 2056 977 2111 medium
1009 2057 1220 2128 platea
1268 2057 1700 2113 discurrentem
1731 2063 1792 2111 et
1819 2057 1923 2112 ob-

269 2147 394 2201 vios
412 2162 688 2217 quosque
710 2146 1059 2201 adurentem
1077 2146 1370 2213 viderunt,
1394 2162 1609 2218 pavore
1624 2146 1850 2219 ingenti
1867 2151 1926 2201 et

268 2236 671 2307 trepidatione
715 2234 1005 2297 deterriti,
1045 2236 1239 2291 solum
1268 2252 1473 2291 verum
1511 2238 1697 2291 Deum
1724 2239 1923 2293 Iesum

270 2328 575 2382 Christum
607 2326 877 2382 confiteri
907 2326 1274 2399 cogebantur
1297 2328 1485 2392 inviti,
1514 2327 1638 2393 sed,
1668 2333 1736 2383 ut
1760 2328 1928 2384 addit

274 2417 568 2483 Socrates,
598 2415 886 2471 voluntati
914 2417 1042 2487 ejus
1068 2432 1189 2471 non
1211 2416 1431 2471 idcirco
1461 2423 1773 2487 gesserunt
1802 2434 1921 2473 mo-

274 2522 420 2567 rem,
476 2505 585 2560 sed
638 2505 921 2575 opinione
964 2505 1252 2560 Judaismi
1281 2506 1583 2561 mentibus
1612 2512 1926 2579 antecepta

271 2596 521 2650 omnino
552 2595 914 2649 tenebantur
955 2595 1200 2649 astricti.
1251 2596 1506 2651 Eventus
1535 2596 1638 2650 ille
1668 2598 1815 2651 tanti
1849 2596 1923 2652 ad

270 2684 525 2752 gloriam
542 2683 762 2738 Christi
782 2689 842 2738 et
857 2683 1161 2756 religionis
1183 2685 1313 2752 ejus
1334 2685 1641 2740 veritatem
1664 2702 1924 2741 momen-

270 2776 330 2835 ti.
366 2792 477 2847 per
498 2791 562 2829 se
592 2774 982 2841 incredibilis,
1014 2779 1132 2829 tam
1168 2775 1371 2830 multis
1401 2791 1469 2830 ac
1500 2775 1713 2831 diversi
1743 2793 1923 2849 gene-

270 2865 350 2920 ris
374 2864 627 2919 testibus
651 2863 1132 2923 conﬂrmaturmt
1157 2864 1204 2917 si
1233 2863 1410 2919 fidem
1439 2863 1767 2921 detrectare
1789 2866 1923 2936 quis

269 2955 431 3013 velit.
461 2955 617 3009 nihil
646 2953 749 3008 ille
778 2954 921 3008 certi
982 2953 1199 3008 habere
1256 2955 1445 3024 possit
1473 2955 1535 3009 in
1580 2955 1844 3011 historia.
1881 2958 1923 3011 E

270 3044 627 3098 Christianis
659 3042 1065 3097 testimonium
1095 3043 1298 3098 ferunt
1326 3044 1537 3108 sancti,
1566 3061 1818 3114 quorum
1852 3044 1923 3100 fi-

2034 1881 2172 1937 rillo
2205 1882 2276 1937 ab
2297 1882 2598 1940 historicis
2621 1886 2722 1941 illo
2746 1892 3011 1959 tempore
3033 1891 3331 1961 proditum
3352 1892 3484 1963 (20).
3513 1892 3685 1950 Nulla

2036 1971 2166 2040 ejus
2192 1972 2414 2027 mentio
2446 1973 2507 2027 in
2541 1975 2793 2046 supplici
2825 1976 3028 2032 libello
3050 1995 3086 2034 a
3106 1980 3320 2036 Basilio
3342 1984 3678 2054 Ancyrano,

2036 2059 2286 2131 Sylvano
2313 2063 2585 2118 Tarsensi
2618 2070 2676 2119 et
2705 2065 2968 2137 quinque
3016 2068 3151 2123 aliis
3180 2085 3215 2124 a
3245 2070 3497 2126 concilio
3527 2072 3681 2126 Con-

2038 2151 2565 2222 stantinopolitano
2589 2153 2858 2225 dejectis,
2886 2161 2944 2210 et
2967 2156 3174 2212 eadem
3197 2176 3312 2229 qua
3341 2160 3595 2230 Cyrillus
3616 2160 3678 2215 in

2035 2254 2215 2294 causa
2234 2242 2626 2308 versantibus,
2646 2243 2987 2315 imperatori
3007 2246 3202 2302 oblato
3223 2266 3237 2313 ;
3259 2265 3373 2319 quo
3396 2249 3684 2321 rogabant

2035 2331 2101 2379 ut
2121 2332 2181 2380 et
2200 2328 2597 2385 Seleuciensis
2618 2333 2854 2388 concilii
2877 2334 3115 2391 decreta
3136 2342 3532 2404 manerent,et
3553 2355 3684 2408 quea

2036 2415 2123 2470 eis
2153 2418 2451 2473 contraria
2473 2419 2626 2475 facta
2648 2427 2821 2476 erant
2840 2422 3287 2496 abrogarentur,
3311 2433 3369 2481 et
3389 2427 3686 2483 Anommis

2035 2503 2244 2574 pulsis,
2279 2506 2392 2578 ipsi
2426 2507 2487 2562 in
2519 2510 2800 2566 ecclesias
2830 2511 2902 2567 ab
2926 2513 3011 2568 eis
3043 2513 3300 2582 invasas,
3327 2532 3529 2570 eorum
3552 2515 3684 2571 loco

2036 2591 2480 2650 inducerentur.
2509 2598 2586 2653 De
2611 2615 2677 2653 eo
2701 2599 2877 2656 etiam
2901 2602 3112 2657 siletur
3131 2603 3193 2658 in
3213 2605 3466 2660 concilio
3486 2605 3681 2660 Antio-

2034 2682 2224 2738 cheno
2255 2701 2394 2740 ann.
2429 2687 2553 2753 363,
2585 2687 2645 2743 in
2677 2704 2814 2759 quo,
2847 2690 3099 2746 ducibus
3146 2693 3377 2748 Meletio
3408 2699 3467 2749 et
3494 2695 3679 2749 Euse-

2033 2770 2133 2827 bio
2157 2774 2575 2838 Samosatensi.
2601 2779 2884 2847 praesules
2903 2781 3158 2852 amplius
3176 2785 3331 2849 25,et
3350 2783 3477 2854 ipse
3500 2784 3679 2839 etiam

2034 2862 2281 2918 Aeacius
2311 2880 2445 2919 cum
2475 2865 2761 2937 Eutychio
2793 2867 3401 2943 Eleutheropolitano,
3433 2872 3681 2943 aliisque

2037 2951 2302 3021 ejusdem
2336 2955 2649 3024 provinciae
2680 2956 2921 3012 factioni
2955 2976 3073 3013 suae
3106 2960 3440 3031 conjunctis
3462 2961 3683 3031 episco-

2035 3039 2147 3110 pis,
2180 3040 2476 3096 Nicaenam
2506 3042 2685 3099 fidem
2705 3046 3130 3116 approbarunt.
3155 3052 3214 3101 et
3231 3064 3431 3102 vocem
3463 3049 3684 3104 consub-

271 3134 403 3188 dem
436 3149 506 3187 ac
536 3133 1052 3204 perspicacitatem
1084 3148 1361 3187 accusare
1404 3133 1646 3189 sceleris
1677 3141 1783 3190 est.
1818 3136 1924 3189 Fa-
1960 3143 2004 3210 ρ
2041 3129 2319 3184 stantialis
2346 3134 2490 3200 (2i);
2527 3148 2593 3186 eo
2627 3133 2787 3203 quod
2811 3151 2917 3189 vox
2949 3134 3053 3190 illa
3083 3153 3214 3207 quas
3246 3137 3554 3192 nonnullis
3583 3155 3685 3210 pe-

272 3230 433 3279 ctum
457 3223 818 3293 eodem,quo
841 3222 1105 3295 contigit,
1130 3223 1220 3279 vel
1242 3224 1513 3295 sequenti
1534 3241 1692 3280 anno
1713 3224 1930 3281 refere-

2043 3217 2281 3287 regr‘ina
2312 3219 2679 3287 videbantur,
2710 3238 2744 3278 a
2777 3222 3047 3279 Patribus
3067 3241 3203 3280 vera
3232 3226 3540 3296 errorique
3569 3243 3691 3281 non

274 3312 371 3368 bat
398 3312 726 3385 Gregorius
759 3312 1174 3379 Nazianzenus,
1225 3328 1430 3367 eorum
1475 3314 1575 3384 qui
1623 3316 1844 3370 conscii
1879 3320 1937 3371 et
2043 3306 2300 3364 obnoxia
2323 3310 2811 3381 interpretatione
2833 3312 3052 3369 donata
3073 3319 3266 3383 esset;
3298 3320 3364 3370 ut
3390 3316 3691 3388 significa-

272 3406 456 3456 testes
488 3402 729 3456 fuerant
760 3400 937 3456 ﬁdem
986 3401 1315 3473 appellans.
1349 3403 1801 3474 Chrysostomus
1832 3405 1932 3476 qui

274 3509 391 3546 non
423 3492 488 3546 in
520 3508 642 3545 uno
676 3490 779 3545 sed
812 3491 873 3544 in
905 3490 1176 3561 pluribus
1208 3508 1455 3563 operum
1489 3509 1731 3548 suorum
1764 3494 1930 3563 locis,

274 3581 547 3635 eamdem
582 3579 893 3635 historiam
929 3581 1165 3652 regerit,
1189 3597 1314 3635 rem
1343 3588 1479 3636 ante
1506 3597 1699 3637 annos
1728 3584 1932 3655 viginti

274 3669 596 3742 contigisse
621 3668 803 3723 refert
828 3687 843 3735 ;
872 3684 983 3724 nec
1013 3668 1256 3724 senibus
1304 3669 1498 3725 solum
1530 3672 1632 3725 sed
1663 3678 1723 3726 et
1744 3673 1934 3727 maxi-

274 3776 367 3813 me
390 3759 718 3831 juvenibus
750 3763 951 3812 notam
984 3764 1044 3813 et
1070 3758 1450 3814 manifestam
1478 3759 1580 3826 ait,
1612 3776 1680 3816 ac
1710 3762 1934 3818 nudata

275 3849 332 3903 in
386 3848 799 3902 testimonium
846 3847 1238 3903 fundamenta
1284 3848 1562 3921 appellat.
1605 3850 1805 3920 Hujus,
1838 3851 1932 3905 in-

274 3938 402 4007 quit
430 3938 566 4008 (19).
598 3938 681 3991 rei
710 3953 821 3991 nos
859 3953 1066 3992 omnes
1117 3942 1297 3993 testes
1325 3954 1548 3993 sumus.
1584 3939 1931 3995 Ambrosius

274 4026 433 4081 idem
468 4027 691 4081 factum
722 4026 905 4080 refert
935 4027 1103 4098 epist.
1139 4028 1228 4093 40,
1264 4028 1483 4099 scripta
1519 4043 1675 4083 anno
1707 4029 1831 4093 388,
1865 4045 1925 4084 n.

278 4119 341 4169 l2
366 4134 381 4181 ;
407 4116 502 4170 his
534 4115 825 4171 accedunt
846 4116 1092 4171 Ruﬁnus
1116 4116 1179 4170 in
1210 4116 1760 4189 Hierosolymitanis
1782 4119 1928 4173 locis

273 4205 376 4259 diu
395 4211 666 4260 versatus
693 4223 705 4271 ;
739 4204 1163 4273 Theodoretus,
1187 4207 1287 4276 qui
1310 4206 1455 4259 vixit
1482 4223 1601 4260 non
1632 4207 1840 4278 procul
1863 4207 1926 4261 in

274 4295 472 4365 Syria;
509 4294 803 4351 Socrates.
838 4294 940 4364 qui
970 4294 1099 4349 haec
1128 4295 1398 4350 omnium
1441 4295 1600 4350 fama
1627 4295 1929 4352 celebrata

271 4383 481 4449 fuisse,
517 4389 577 4439 et
604 4383 678 4438 ad
722 4400 898 4438 aures
952 4384 1169 4439 Iuliani
1228 4384 1564 4455 pervenisse
1598 4390 1921 4452 memorat;

273 4472 651 4537 Sozomenus,
678 4472 782 4544 qui
814 4489 920 4527 suo
943 4478 1209 4544 tempore
1241 4472 1423 4528 fuisse
1456 4474 1557 4540 ait,
1592 4472 1693 4544 qui
1720 4473 1831 4529 hoc
1849 4473 1923 4530 ab
1955 4492 2000 4556 ι)

272 4562 414 4633 ipsis
464 4561 896 4632 spectatoribus
954 4560 1363 4626 audivissent;
1423 4578 1533 4616 nec
1589 4561 1706 4617 alia
1735 4564 1921 4633 quaeri

272 4657 553 4723 oportere
584 4649 945 4717 testimonia,
967 4655 1183 4722 praeter
1213 4650 1344 4721 ipsa
1370 4650 1587 4707 rudera
1615 4656 1675 4705 et
1702 4651 1923 4723 imper-

270 4740 407 4796 fecti
441 4741 637 4811 operis
668 4739 946 4811 vestigia;
981 4757 1050 4794 ex
1079 4739 1314 4794 Arianis
1354 4739 1785 4811 Philostorgius
1816 4740 1919 4796 lib.

271 4848 365 4897 vn,
400 4848 567 4886 num'
599 4834 631 4886 9
666 4837 725 4886 et
758 4832 843 4884 14.
876 4829 1133 4885 Tandem
1185 4847 1256 4884 ex
1301 4830 1545 4902 paganis
1573 4831 1922 4887 Ammianus

274 4920 651 4976 Harcellinus
673 4920 777 4976 lib.
803 4936 962 4985 χχιιι,
986 4936 1044 4973 ιι.
1074 4922 1121 4973 1.
1146 4918 1291 4974 Cum
1312 4935 1448 4972 vero
1470 4918 1628 4974 idem
1660 4920 1920 4975 Ammia-

272 5027 385 5065 nus
417 5015 692 5064 eventum
726 5007 876 5063 illud
923 5006 996 5063 ad
1045 5023 1178 5063 eum
1220 5023 1446 5062 annum
1477 5014 1918 5076 commemoret,

272 5115 390 5171 quo
436 5098 709 5153 Julianus
759 5096 998 5151 tertium
1048 5095 1255 5151 consul
1300 5095 1414 5150 fuit
1454 5112 1587 5150 cum
1622 5096 1918 5160 Sallustio,

268 5202 425 5241 anno
450 5187 552 5240 363
577 5184 727 5240 illud
751 5183 1087 5255 consignari
1110 5200 1353 5239 necesse
1383 5187 1493 5238 est.
1523 5184 1737 5255 Cyrillo
1763 5200 1920 5240 mar-

266 5275 398 5346 tyrii
426 5275 681 5347 gratiam
744 5272 964 5341 eripuit
1018 5288 1177 5326 mors
1236 5270 1505 5342 ejusdem
1543 5270 1921 5342 imperatoris

261 5364 441 5436 paulo
473 5370 609 5435 post
642 5360 983 5416 subsecuta.
1020 5361 1394 5431 Prasceperat
1421 5359 1601 5426 enim,
1637 5360 1683 5414 si
1716 5360 1919 5416 Orosio

327 5512 435 5579 (49')
468 5511 632 5565 Orat.
669 5510 700 5559 :3
736 5503 867 5579 adv.
900 5503 1012 5561 Jud
1042 5545 1055 5569 ,
1086 5508 1126 5558 t.
1160 5505 1202 5571 Ι,
1234 5520 1365 5561 nov.
1397 5504 1561 5572 edit.,
1595 5520 1655 5559 η.
1696 5505 1774 5579 tl.

470 5582 735 5643 Socrat.,
786 5575 892 5630 lib.
949 5592 1029 5642 ιιι,
1077 5592 1206 5646 cap.
1254 5580 1365 5641 25;
1418 5579 1664 5640 Sozom.,
1712 5576 1813 5631 lib.
1844 5593 1920 5644 Vl,

266 5671 313 5707 c.
381 5697 396 5709 .

2040 3402 2206 3451 retur
2234 3398 2445 3453 Filium
2478 3415 2546 3455 ex
2578 3400 2909 3458 substantia
2938 3404 3126 3458 Patris
3147 3404 3433 3476 genitum,
3458 3404 3684 3460 eidem-

2042 3501 2156 3556 que
2188 3487 2514 3543 secundum
2547 3490 2939 3547 substantiam
2989 3493 3245 3548 similem
3277 3510 3426 3555 esse,
3458 3499 3685 3549 remoto

2043 3576 2237 3631 omnis
2256 3577 2512 3633 carnalis
2528 3580 2929 3650 generationis
2951 3581 3109 3636 vitio.
3135 3582 3392 3654 Cyrillus
3414 3582 3689 3638 Hieroso-

2040 3664 2218 3735 lymis
2249 3665 2459 3737 agebat
2488 3668 2771 3737 paciﬁce:
2824 3668 3123 3740 refertque
3174 3671 3441 3727 Socrates
3474 3671 3575 3726 lib.
3610 3688 3687 3740 ιν,

2042 3770 2091 3807 c.
2128 3757 2178 3817 1,
2213 3753 2407 3825 ipsum
2436 3743 2605 3811 initio
2630 3757 2894 3812 Valentis
2915 3758 3173 3829 imperii,
3196 3761 3308 3815 hoc
3340 3766 3429 3815 est
3458 3762 3685 3829 an.364,

2040 3842 2367 3898 Ecclesiam
2398 3844 2995 3916 Hierosolymitanam
3029 3849 3312 3903 tenuisse.

2110 3933 2197 3986 66.
2230 3932 2504 3988 Iovianus
2535 3933 2754 4005 quippe
2783 3940 2955 3990 nocte
2987 3952 3120 4006 quas
3150 3937 3441 3992 decimam
3461 3944 3686 3993 sextam

2038 4019 2338 4076 Februarii
2371 4021 2527 4076 diem
2557 4028 2648 4077 est
2689 4023 2978 4084 insecuta.
3013 4024 3206 4079 subita
3244 4032 3432 4080 morte
3465 4042 3684 4097 praare-

2036 4114 2172 4180 ptus
2203 4116 2311 4166 est.
2346 4110 2800 4166 Valentinianus
2827 4111 3060 4168 delectu
3095 4113 3355 4169 militum
3387 4131 3683 4170 summam

2034 4214 2235 4253 rerum
2265 4200 2545 4270 capessiit.
2573 4203 2641 4254 26
2673 4201 2897 4256 mensis
2937 4202 3204 4274 ejusdem
3232 4221 3244 4270 ;
3281 4220 3519 4274 unoque
3550 4209 3687 4275 post

2036 4304 2265 4353 mense,
2299 4288 2393 4343 die
2424 4288 2709 4344 nimirum
2753 4291 2943 4346 Martii
2993 4292 3062 4346 28
3112 4298 3450 4347 consortem
3482 4293 3690 4348 ascivit

2036 4376 2272 4447 imperii
2299 4377 2601 4433 Valentem
2624 4379 2859 4434 fratrem
2883 4397 2897 4447 ;
2922 4381 3037 4437 cui.
3062 4388 3360 4437 reservato
3385 4381 3497 4436 sibi
3519 4381 3687 4437 Occi-

2035 4465 2231 4521 dentis
2262 4466 2535 4538 imperio.
2568 4468 2824 4523 Orientis
2847 4470 3180 4540 provincias
3202 4470 3491 4542 regendas
3521 4487 3684 4526 com-

2031 4555 2212 4611 misit.
2240 4555 2477 4624 Valens,
2502 4557 2620 4612 sive
2641 4563 2959 4627 antequam
2980 4558 3054 4613 ad
3077 4559 3396 4630 imperium
3414 4560 3678 4632 perveni-

2032 4645 2360 4710 ret,haeresi
2376 4645 2503 4716 jam
2534 4644 2749 4700 Ariana
2773 4647 3212 4703 contaminatus
3238 4654 3297 4702 et
3315 4650 3387 4704 ab
3412 4650 3671 4706 Eudoxio

2030 4733 2358 4805 baptizatus
2380 4739 2555 4797 esset,
2577 4751 2708 4805 quae
2726 4733 2980 4790 So‘cratis
3004 4737 3361 4793 existimatio
3384 4744 3472 4794 est
3489 4739 3672 4806 lib.1v,

2031 4837 2158 4892 cap.
2191 4826 2240 4889 1,
2274 4821 2394 4876 sive
2423 4825 2630 4891 postea
2661 4827 2912 4886 tantum,
2947 4828 3013 4876 ut
3061 4823 3243 4878 refert
3272 4825 3673 4881 Theodoretus

2031 4909 2134 4964 lib.
2170 4927 2244 4975 IV,
2271 4926 2322 4965 c.
2358 4913 2444 4973 12,
2478 4908 2550 4964 ab
2602 4908 2771 4965 Albia
2818 4912 3121 4967 Dominica
3149 4929 3331 4969 uxore
3362 4919 3675 4983 corruptus

2031 5003 2090 5053 et
2117 4998 2190 5053 ad
2221 4999 2470 5054 Arianae
2498 5004 2697 5068 partes
2749 4999 3068 5055 translatus
3119 5002 3215 5068 sit,
3256 5008 3432 5073 atque
3462 5002 3534 5057 ab
3569 5002 3676 5058 Eu-

2031 5087 2206 5143 doxio
2238 5086 2585 5158 baptizatus,
2620 5102 2690 5141 ex
2741 5087 3099 5161 Hieronymo
3132 5091 3194 5145 in
3223 5092 3490 5148 Chronico
3520 5109 3677 5148 anno

2030 5176 2242 5231 Christi
2267 5177 2391 5242 367,
2416 5175 2488 5230 ab
2511 5175 2656 5246 ipsis
2677 5183 2872 5232 tamen
2898 5178 3133 5250 imperii
3155 5182 3500 5251 primordiis
3525 5182 3678 5237 Aria-

2030 5264 2125 5319 nis
2156 5263 2540 5330 commodior,
2591 5265 3027 5338 Catholicisque
3075 5267 3342 5339 iniquior
3397 5269 3527 5322 fuit.
3561 5269 3674 5324 Sed

2029 5359 2163 5425 post
2191 5358 2550 5425 reportatum
2583 5369 2613 5406 e
2649 5354 2926 5424 Procopio
2958 5360 3210 5427 tyranno
3233 5357 3539 5413 victoriam
3570 5374 3666 5412 an.

2103 5498 2214 5568 (24)
2249 5495 2450 5561 Iidem,
2484 5493 2623 5549 ibib.
