4090 6268
418 261 499 319 99
1707 249 1809 308 DE
1853 246 2038 308 VlTA
2082 245 2149 306 S.
2195 247 2522 312 CYRILLI.

3718 256 3833 316 100

423 394 549 457 366,
580 392 957 463 maximeque
993 392 1128 461 post
1173 388 1516 457 susceptum
1560 399 1657 438 an.
1701 382 1804 436 367
1850 379 1922 436 ab
1951 379 2069 433 Eu—
2100 379 2150 443 Α
2252 383 2338 436 68.
2372 384 2629 458 Contigit
2648 387 2759 442 hoc
2781 403 2938 443 anno
2958 402 3028 443 Lx
3050 403 3202 459 pene
3228 387 3643 461 episcoporum
3665 387 3827 444 dele-

421 482 595 537 doxio
638 483 1020 555 baptismum,
1079 475 1424 551 gravissime
1474 474 1536 528 in
1589 472 1728 527 Asia
1778 470 2061 543 primum,

419 573 635 629 deinde
667 573 1001 637 Palaestina,
1035 574 1168 641 post
1193 567 1332 622 etin
1365 565 1499 621 aliis
1531 564 1763 636 imperii
1795 561 2063 634 partibus

420 664 737 720 Ecclesiam
771 661 1000 715 afflixit.
1034 658 1189 713 Nihil
1222 656 1296 712 ad
1328 656 1612 728 Cyrillum
1653 653 1867 709 attinet
1897 652 2060 705 Lam-

416 768 700 824 psacense
715 750 1235 806 sem-Arianorum
1251 764 1357 802 seu
1372 744 1918 800 Maccdonianorum
1930 756 2064 796 con-

418 841 643 906 cilium,
680 840 948 911 quamvis
975 855 1010 893 a
1040 836 1375 907 conjunctis
1422 839 1559 890 ante
1589 833 1651 888 in
1685 830 1893 887 eadem
1923 844 2058 884 cum

415 930 542 1001 ipso
569 946 746 984 causa
777 926 1069 1000 episcopis
1125 925 1491 981 celebratum
1534 925 1666 993 (22).
1701 920 1771 976 Hi
1799 936 1875 974 an
1932 920 2055 983 365,

413 1018 675 1073 Valentis
707 1017 1001 1090 permissu
1024 1016 1412 1087 Lampsacum
1444 1011 1883 1071 convenientes,
1909 1023 2057 1078 prte-

412 1107 596 1163 missa
610 1108 859 1162 duorum
883 1104 1175 1161 mensium
1189 1102 1904 1169 deliberatione,statuere
1917 1098 2058 1151 Acta

410 1198 645 1253 concilii
671 1194 1311 1267 ConstantinOpolitani
1335 1209 1514 1265 opera
1538 1209 1605 1247 ac
1635 1188 1830 1246 studio
1862 1182 2056 1241 Acacii

411 1294 470 1343 et
498 1286 747 1342 Eudoxii
780 1286 1008 1341 sancita
1034 1283 1375 1357 abroganda
1405 1298 1535 1337 esse
1561 1298 1574 1335 :
1621 1276 2055 1353 explodendam

409 1376 547 1432 fidei
577 1376 896 1431 formulam
930 1374 1410 1439 Ariminensem;
1458 1370 1737 1427 standum
1769 1367 1960 1441 [LXX]
1994 1365 2054 1419 in

404 1483 542 1522 voce
571 1468 768 1522 similis
799 1465 1144 1533 substantiae,
1176 1465 1251 1520 ad
1281 1461 1630 1520 servandam
1663 1472 2055 1533 personarum

406 1556 854 1611 distinctionem
903 1555 1281 1611 necessaria:
1319 1552 1637 1609 tenendam
1666 1550 1727 1605 in
1778 1546 2054 1604 omnibus

406 1645 687 1701 Ecclesiis
708 1644 1139 1717 professionem
1164 1643 1585 1699 Antiochenam
1605 1641 1667 1695 in
1686 1637 1939 1697 concilio
1962 1636 2057 1690 Se-

401 1733 690 1790 leuciensi
739 1734 1172 1789 confirmatam.
1228 1734 1622 1787 Decreverunt
1668 1731 1957 1800 praeterea
1984 1729 2053 1779 ut

403 1824 452 1895 ej
463 1825 575 1879 ecti
596 1841 702 1896 per
723 1825 890 1881 nefas
913 1825 986 1880 ab
1011 1824 1308 1879 Anomteis
1331 1820 1593 1895 episcopi
1612 1817 1894 1875 ecclesias
1916 1831 2053 1870 suas

399 1914 773 1985 reciperent;
800 1930 867 1969 ac
890 1914 938 1969 si
962 1914 1095 1984 quis
1117 1913 1398 1969 adversus
1420 1910 1680 1980 aliquem
1702 1924 1772 1961 ex
1795 1905 1914 1960 illis
1936 1904 2055 1975 epi-

405 2004 604 2075 scopis
629 2003 1073 2059 accusationem
1112 1997 1561 2074 proponendam
1590 1997 1856 2063 haberet,
1887 2000 1955 2049 ut
1983 2009 2052 2048 ea

401 2091 478 2147 lis
509 2109 709 2148 coram
740 2092 1036 2164 episcopis
1085 2089 1401 2163 provincias
1451 2093 1509 2142 et
1556 2086 1846 2147 finitimis.
1880 2098 2052 2154 tequa

402 2180 533 2255 lege
562 2199 630 2237 ac
661 2183 787 2254 pari
820 2180 1177 2237 accusatoris
1225 2184 1283 2234 et
1328 2176 1583 2233 accusati
1614 2174 1878 2248 periculo
1906 2173 2050 2228 diri-

401 2278 685 2327 meretur.
720 2270 1041 2326 Eudoxium
1064 2267 1279 2324 deinde
1301 2273 1360 2322 et
1383 2266 1576 2322 socios
1597 2265 1775 2336 injus
1795 2263 2047 2318 citavere

398 2361 762 2431 ptenitentize
790 2361 984 2415 locum
1006 2359 1089 2413 eis
1110 2355 1564 2422 offerentesQui
1587 2370 1723 2410 cum
1744 2369 1865 2408 non
1886 2368 2044 2407 com-

405 2450 766 2519 paruissent,
801 2448 1079 2503 adversus
1121 2446 1397 2501 Acacium
1445 2451 1505 2500 et
1555 2442 1880 2500 Eudoxium
1912 2447 2041 2496 tan-

401 2554 579 2608 quam
604 2538 741 2609 jure
773 2542 1180 2593 exauctoratos
1229 2534 1418 2590 tulere
1465 2533 1839 2590 sententiam.
1874 2531 2047 2587 Nulla

400 2626 604 2697 Cyrilli
635 2643 771 2697 pars
803 2626 864 2681 in
887 2626 977 2680 his
1000 2625 1253 2681 decretis
1275 2624 1458 2679 fuisse
1483 2623 1733 2678 videtur.
1753 2623 2041 2688 Quoniam

398 2720 597 2770 tamen
621 2714 947 2770 dubitabile
971 2721 1228 2781 est,num
1252 2712 1478 2784 aliquid
1494 2712 1754 2767 adillum
1773 2728 1842 2767 ex
1865 2711 2043 2781 hujus

398 2803 637 2859 concilii
682 2804 1067 2860 consectariis
1119 2805 1433 2875 pertineat,
1483 2802 1610 2857 haec
1638 2818 1750 2856 nos
1781 2798 2043 2871 oportuit

390 2892 647 2947 breviter
663 2894 969 2965 attingere.

461 2985 548 3036 6‘7.
579 2982 791 3037 Acacio
814 2981 1159 3037 Caesariensi
1182 2980 1340 3037 haud
1362 2981 1584 3037 dudum
1610 2984 1743 3051 post
1764 2979 2037 3048 Lampsa-

389 3086 564 3127 cense
594 3071 911 3126 concilium
941 3071 1058 3126 vita
1103 3069 1304 3126 functo
1345 3087 1482 3126 ann.
1530 3071 1632 3124 365
1666 3072 1914 3123 exeunte
1947 3064 2036 3119 vel
2065 3109 2109 3177 α

389 3159 487 3177 ...η
549 3162 650 3177 mm
699 3161 733 3177 η
1046 3161 1081 3177 ,.
1220 3161 1230 3171 .
1377 3160 1385 3171 .
1525 3175 1571 3177 η
1624 3156 2030 3177 Μυηηεψη

386 3159 514 3226 366,
546 3162 656 3231 (23)
695 3160 947 3232 Cyrillus
1000 3161 1084 3215 uti
1144 3160 1466 3231 primarius
1514 3175 1581 3214 ac
1623 3156 2034 3212 nobilissimus

386 3249 701 3320 provinciae
751 3248 1064 3321 episcopus
1112 3251 1241 3320 ejus
1278 3249 1556 3304 Ecclesiae
1608 3264 1810 3302 curam
1843 3245 2031 3300 susci-

384 3339 637 3409 piens,ei
668 3338 790 3393 sedi
818 3339 1238 3394 Philumenum
1261 3339 1579 3410 quemdam
1602 3336 2032 3408 imposuit.Quo

381 3427 471 3482 vel
497 3433 706 3499 sponte
727 3444 788 3482 se
806 3427 879 3482 ob
899 3428 1101 3484 turbas
1120 3426 1532 3484 addicantevel
1547 3443 1651 3498 per
1671 3424 2031 3480 contrariam

381 3514 701 3571 factionem
749 3516 1004 3583 sublato,
1037 3517 1361 3588 Eutychius
1410 3514 2031 3585 Eleutheropolitanus

386 3622 563 3676 quem
593 3606 909 3661 continuas
932 3623 1065 3661 cum
1089 3606 1305 3677 Cyrillo
1329 3606 1663 3661 exercuisse
1686 3603 2031 3659 inimicitias

386 3695 657 3768 legimus,
691 3700 793 3750 aut
821 3695 1008 3766 ipsius
1038 3695 1258 3751 mortui
1287 3695 1485 3760 factio,
1517 3694 1801 3767 Cyrillum
1828 3708 2030 3764 quem—

385 3782 519 3840 dam
548 3785 843 3839 seniorem
863 3785 913 3838 ei
939 3785 1216 3840 Ecclesize
1238 3784 1520 3856 praefecit.
1548 3786 1670 3839 Non
1703 3784 1839 3838 tulit
1867 3784 2028 3854 inju-

382 3873 532 3928 riam
564 3873 816 3942 Cyrillus
840 3891 854 3939 ;
888 3873 991 3928 sed
1012 3874 1305 3929 Gelasium
1332 3874 1550 3929 sororis
1572 3889 1693 3928 suae
1722 3872 2024 3941 ﬁlium,vi-

372 3979 505 4017 rum
540 3962 818 4017 omnibus
843 3964 1127 4019 virtutum
1150 3970 1208 4018 et
1228 3964 1514 4019 doctrinas
1546 3963 1912 4019 ornamentis
1934 3962 2022 4015 in-

375 4051 624 4124 signem,
659 4052 829 4123 pulso
854 4055 1208 4125 cognomine
1241 4054 1586 4125 episcopum
1615 4050 1944 4107 constituit.
1969 4050 2023 4104 Is

372 4140 474 4195 diu
506 4140 708 4196 sedem
739 4156 860 4195 non
892 4143 1104 4197 tenuit.
1140 4144 1282 4197 Nam
1323 4159 1439 4213 quo
1474 4147 1737 4211 tempore
1771 4139 2021 4211 Cyrillus

366 4229 493 4301 ipse
528 4229 793 4284 Valentis
808 4232 1221 4301 persecutione
1244 4231 1550 4296 exsulavit,
1570 4234 1823 4295 anno,ut
1850 4233 2021 4300 puta-

366 4335 520 4387 mus,
552 4320 678 4386 367,
713 4320 913 4375 Ariani
962 4336 1161 4375 rerum
1220 4320 1442 4375 domini
1495 4319 1742 4391 depulso
1788 4319 2017 4373 Gelasio

366 4408 641 4464 Euzoium
674 4425 703 4463 e
736 4426 842 4465 suo
873 4426 1047 4483 grege
1093 4410 1155 4465 in
1207 4409 1558 4465 Caesariensi
1593 4408 1731 4464 sede
1762 4408 2014 4463 colloca-

2171 472 2327 542 gatio
2357 474 2623 540 Romam,
2658 481 2717 531 et
2743 493 2850 549 per
2883 476 3109 550 legatos
3144 494 3279 533 suos
3313 479 3656 550 conjunctio
3686 494 3822 533 cum

2173 560 2435 618 Romano
2467 565 2749 634 pontifice
2782 566 3050 621 Liberio:
3103 584 3253 637 quos
3296 568 3454 622 inter
3484 583 3619 622 cum
3668 584 3823 623 unus

2171 649 2424 720 Cyrillus
2445 660 2839 725 computetur,
2861 671 3037 726 quem
3067 656 3239 710 multi
3264 655 3540 711 eumdem
3566 673 3701 711 cum
3724 672 3827 710 no-

2171 742 2291 794 stro
2316 741 2684 810 existimant;
2708 745 2975 815 aliasque
2996 761 3201 801 eorum
3227 745 3529 817 principes
3553 744 3825 817 ejusdem

2170 827 2311 882 olim
2341 846 2534 886 causae
2565 834 2847 889 societate
2891 835 3195 906 conjuncti
3224 851 3360 890 cum
3392 835 3821 905 Hierosolymi-

2168 920 2306 972 tano
2335 919 2553 991 Cyrillo
2583 921 2824 990 fuerint,
2854 923 3030 993 hujus
3050 924 3136 979 rei
3168 924 3480 980 historiam
3513 924 3818 995 prieterire

2167 1004 2278 1061 hoc
2307 1006 2438 1064 loco
2471 1026 2591 1065 non
2619 1027 2959 1082 possumus,
2982 1012 3316 1086 indagaturi
3346 1018 3552 1085 postea
3581 1013 3816 1068 aliusue

2166 1110 2201 1149 a
2222 1102 2425 1152 nostro
2455 1114 2530 1154 an
2562 1100 2721 1156 idem
2750 1100 2930 1155 fuerit
2957 1102 3212 1173 Cyrillus
3244 1101 3367 1169 ille,
3398 1103 3568 1174 cujus
3593 1117 3819 1158 nomen

2164 1182 2325 1240 inter
2351 1187 2680 1261 episcopos,
2711 1189 2786 1246 ad
2816 1208 2966 1262 quos
3009 1191 3161 1248 datae
3187 1198 3326 1247 sunt
3356 1192 3569 1248 Liberii
3600 1191 3816 1247 littera

2162 1275 2476 1344 reperitur.
2509 1279 2658 1334 Dum
2694 1279 2905 1335 Valens
2949 1280 3107 1336 bello
3154 1281 3433 1337 adversus
3464 1280 3814 1352 Procopium

2165 1363 2486 1435 detinetur,
2516 1368 2920 1425 Macedoniani
2966 1371 3065 1441 qui
3111 1386 3269 1426 anno
3300 1371 3607 1442 superiore
3640 1370 3814 1425 Lam-

2164 1454 2327 1524 psaci
2359 1456 2680 1513 concilium
2709 1458 3103 1527 celebrarant,
3129 1459 3280 1515 nihil
3312 1460 3423 1515 sibi
3451 1474 3812 1532 magnopere

2163 1543 2497 1601 timendum
2523 1547 2961 1605 existimabant.
3010 1550 3125 1620 (25)
3176 1550 3390 1604 Verum
3442 1549 3680 1604 sublata
3709 1564 3809 1604 an.

2163 1634 2288 1702 366,
2311 1637 2378 1689 ‘28
2402 1636 2555 1705 Maii,
2580 1638 2850 1710 Procopii
2874 1638 3211 1710 tyrannide,
3235 1645 3574 1694 metuentes
3596 1654 3671 1693 ne
3692 1639 3810 1692 Eu-

2163 1721 2376 1779 doxius
2422 1725 2849 1797 imperatorum
2898 1734 2959 1783 et
2999 1727 3324 1783 familiares
3376 1729 3500 1783 suis
3543 1726 3812 1799 partibus

2161 1812 2527 1882 conciliaret,
2560 1815 2802 1887 suisque
2831 1816 3201 1873 adversarios
3226 1817 3544 1874 calumniis
3576 1832 3811 1889 preme-

2158 1906 2268 1971 ret,
2302 1909 2549 1959 conatus
2580 1905 2709 1975 ejus
2736 1911 3088 1976 praavertere
3113 1911 3172 1961 et
3195 1908 3341 1962 Acta
3367 1906 3611 1963 concilii
3644 1907 3811 1961 Lam-

2158 1991 2398 2061 psaceni
2428 1994 2688 2066 Augusto
2722 1993 3057 2067 significare
3103 1998 3480 2051 statuerunt:
3513 1996 3749 2068 ipsique
3780 2011 3810 2050 e

2157 2077 2373 2152 [LXXI]
2407 2081 2654 2138 Thracia
2677 2084 2994 2138 revertenti
3019 2084 3176 2156 apud
3199 2083 3543 2140 Heracleam
3574 2084 3806 2140 obviam

2156 2168 2326 2223 fiunt.
2358 2170 2471 2225 Sed
2496 2172 2915 2243 imperatorem
2941 2178 2999 2229 et
3020 2173 3247 2229 aulicos
3276 2174 3662 2229 offenderunt
3676 2174 3805 2246 jam

2155 2258 2380 2314 artibus
2411 2261 2657 2316 Eudoxii
2683 2268 3019 2334 occupatos.
3050 2263 3187 2319 Illos
3210 2264 3370 2319 enim
3392 2264 3657 2335 primum
3679 2263 3814 2318 hor-

2153 2353 2311 2404 tatus
2340 2366 2413 2405 ne
2445 2350 2517 2407 ab
2548 2351 2811 2407 Eudoxio
2841 2353 3368 2426 disjungerentur:
3422 2369 3560 2409 cum
3593 2352 3684 2407 illi
3714 2368 3810 2407 re-

2152 2444 2485 2511 pugnarent
2514 2445 2573 2495 et
2594 2439 2865 2496 fraudem
2887 2441 2949 2495 in
2973 2440 3227 2496 concilio
3257 2439 3808 2512 Constantinopoli-

2152 2530 2291 2583 tano
2322 2528 2557 2597 factam,
2581 2545 2901 2600 eversaque
2922 2529 3001 2584 ibi
3027 2529 3419 2585 Seleuciensis
3442 2529 3683 2586 concilii
3709 2528 3806 2584 de-

2151 2622 2311 2672 creta
2336 2617 2666 2690 objicerent
2703 2617 3002 2687 Eudoxio;
3051 2618 3456 2674 inflammatus
3489 2617 3805 2676 iracundia

2142 2705 2325 2777 jussit
2348 2708 2412 2762 in
2440 2708 2715 2763 exsilium
2737 2708 2844 2775 ire,
2869 2724 3196 2780 eorumque
3219 2708 3502 2764 ecclesias
3523 2708 3660 2764 aliis
3682 2714 3801 2763 tra-

2149 2794 2206 2850 di
2239 2796 2370 2866 (26).
2423 2796 2685 2852 Concilio
2731 2795 2946 2852 deinde
3004 2798 3360 2852 Arianorum
3394 2797 3802 2853 Nicomediam

2148 2883 2393 2946 indicto.
2426 2901 2692 2956 praesens
2721 2885 2872 2957 ipse,
2922 2892 3085 2942 metu
3144 2886 3336 2941 exsilii
3395 2893 3454 2941 et
3506 2887 3802 2943 bonorum

2146 2975 2610 3043 confiscationis,
2640 2975 2887 3030 invitum
2913 2980 2971 3030 et
2990 2976 3350 3031 renitentem
3372 2976 3680 3033 Eleusium
3715 2992 3806 3032 co-

2147 3064 2265 3137 egit
2294 3081 2500 3119 eorum
2559 3063 2930 3137 dogmatibus
2988 3066 3286 3120 assentiri.
3341 3065 3449 3131 Qui
3505 3067 3804 3137 paenitens

2144 3153 2282 3209 facti
2304 3153 2572 3225 Cyzicum
2593 3169 2862 3208 reversus
2884 3154 3181 3225 propriam
3207 3154 3443 3226 culpam
3467 3155 3668 3211 fassus
3689 3158 3798 3221 est;

2143 3247 2200 3297 et
2224 3241 2386 3298 abire
2406 3241 2609 3297 volens
2626 3242 2816 3313 plebis
2839 3259 2960 3297 suae
2983 3242 3270 3298 charitate
3295 3250 3354 3297 et
3375 3260 3583 3300 amore
3605 3250 3801 3299 reten-

2142 3336 2255 3387 tus.
2288 3332 2398 3403 (27)
2424 3330 2830 3387 Macedoniani
2858 3348 2994 3386 vero
3037 3331 3258 3402 reliqui
3310 3331 3796 3404 impendentium

2142 3420 2435 3475 malorum
2458 3426 2636 3487 metu,
2664 3419 2737 3475 de
2757 3420 3092 3475 civitatibus
3115 3421 3239 3476 suis
3261 3420 3413 3475 alter
3435 3422 3512 3477 ad
3537 3423 3792 3477 alterum

2140 3508 2363 3582 legatos
2394 3510 2650 3575 mittere,
2673 3510 3126 3583 significareque
3148 3509 3261 3565 sibi
3284 3512 3625 3566 necessario
3658 3526 3796 3565 con-

2136 3597 2504 3671 fugiendum,
2529 3615 2664 3655 cum
2687 3598 2763 3654 ad
2784 3599 3263 3655 Valentinianum
3280 3600 3660 3672 imperatoris
3676 3598 3793 3652 fra-

2138 3694 2309 3758 trem,
2330 3695 2456 3744 tum
2475 3688 2549 3745 ad
2571 3688 2866 3744 Liberium
2886 3691 3214 3744 Romanum
3240 3689 3583 3762 pontificem
3608 3705 3620 3742 :
3647 3703 3792 3758 quo-

2134 3797 2269 3836 rum
2289 3781 2468 3836 fidem
2494 3781 2688 3851 potius
2706 3779 3391 3852 amplectendam,quam
3416 3780 3793 3851 conjungen-

2135 3870 2293 3938 dam,
2324 3870 2410 3924 uti
2440 3868 2673 3924 volebat
2700 3869 3044 3940 imperator,
3070 3887 3205 3925 cum
3231 3870 3491 3925 Eudoxio
3519 3884 3792 3924 commu-

2134 3960 2397 4014 nionem.
2431 3957 2719 4023 Quoniam
2750 3973 2884 4013 vero
2917 3975 3036 4013 non
3083 3959 3303 4014 licebat
3329 3958 3478 4030 ipsis
3510 3959 3571 4012 in
3603 3972 3787 4013 unum

2133 4046 2724 4115 convenire,diversis
2747 4048 3140 4104 conventibus
3160 4048 3521 4120 Smyrnmﬁn
3545 4047 3782 4113 Pisidia,

2132 4136 2482 4208 Pamphylia
2510 4141 2569 4191 et
2599 4137 2772 4208 Lycia
2802 4136 3135 4204 celebratis,
3160 4144 3281 4193 tres
3311 4138 3374 4193 in
3404 4137 3783 4194 Occidentem

2131 4227 2353 4299 legatos
2401 4225 2665 4293 mittunt,
2711 4226 3085 4282 Eustathium
3134 4225 3547 4291 Sebastenum,
3588 4224 3785 4298 Sylva-

2128 4331 2273 4370 num
2304 4316 2650 4371 Tarsensem
2684 4331 2753 4370 ac
2803 4315 3194 4387 Theophilum
3252 4316 3777 4372 Castabalensem:

2129 4404 2344 4476 quibus
2373 4404 2436 4459 in
2470 4403 2766 4459 mandatis
2790 4404 3017 4466 datum,
3046 4421 3120 4459 ne
3144 4421 3279 4460 cum
3304 4404 3538 4462 Liberio
3565 4404 3637 4459 de
3669 4401 3781 4457 ilde

360 4504 540 4555 runt:
575 4498 675 4568 qui
712 4504 829 4553 toto
861 4471 1075 4555 deinde
1109 4499 1373 4554 Valentis
1404 4499 1657 4571 imperio
1692 4498 2015 4554 Ecclesiam
2046 4471 2093 4536 Ῑ)
2126 4494 2573 4560 contenderent,
2611 4493 2716 4549 sed
2748 4510 2884 4550 cum
2915 4496 3181 4551 Romana
3220 4495 3485 4552 Ecclesia
3518 4507 3787 4552 commu-

363 4587 529 4643 nullo
582 4587 853 4642 turbante
912 4589 1082 4654 rexit,
1145 4593 1605 4659 corruptamque
1658 4588 1926 4660 Origenis
1958 4592 2016 4642 et
2124 4582 3783 4647 nionemineuntes,ﬁdemconsubstantialitatisassensu

362 4676 657 4746 Pamphili
689 4676 1112 4733 bibliothecam
1143 4678 1252 4747 (24)
1289 4678 1477 4733 multo
1510 4677 1711 4732 labore
1742 4677 1803 4731 in
1825 4692 2012 4732 mem-

2124 4694 2229 4731 suo
2263 4673 2740 4746 comprobarent.
2771 4674 2871 4729 His
2899 4673 3130 4730 litteras
3163 4673 3379 4730 dedere
3414 4681 3540 4731 tum
3570 4672 3642 4729 ad
3666 4671 3780 4725 Va-

363 4762 569 4819 branis
601 4764 933 4821 instaurare
974 4774 1223 4823 conatus
1254 4773 1361 4834 est,
1408 4784 1476 4821 ac
1503 4767 1692 4821 varios
1723 4766 2014 4837 multipli-
2120 4765 2523 4821 lentinianum
2556 4762 3003 4834 imperatorem,
3039 4779 3216 4834 quem
3266 4763 3329 4818 in
3381 4763 3588 4819 Galliis
3619 4757 3775 4815 bello

362 4870 577 4924 cesque
612 4859 917 4919 tractatus,
952 4873 1101 4927 quos
1133 4873 1308 4912 nosse
1342 4856 1619 4927 perfacile
1653 4854 2009 4923 erat,edidit;

362 4944 465 4998 sed
496 4945 569 4999 ad
601 4953 929 5001 extremum
980 4947 1087 5002 sub
1138 4947 1463 5003 Theodosio
1505 4947 1773 5018 principe
1807 4947 2010 5019 pulsus

359 5038 485 5098 est;
520 5034 904 5107 Gelasiusque
938 5037 998 5091 in
1049 5053 1155 5092 sua
1184 5036 1322 5092 sede
1354 5037 1686 5103 restitutus,
1722 5052 1901 5107 quam
1932 5035 2007 5092 ad

359 5128 615 5178 mortem
648 5141 834 5195 usque
867 5126 1023 5182 circa
1052 5142 1145 5182 an.
1181 5128 1281 5181 395
1315 5125 1580 5181 retinuit.

430 5335 541 5460 (32)
573 5336 817 5409 Socrat.,
845 5339 950 5394 lib.
982 5356 1055 5406 ιν,
1088 5356 1215 5411 cap.
1249 5343 1281 5395 2
1311 5342 1456 5407 et4;
1508 5340 1753 5408 Sozom.,
1790 5338 1892 5395 lib.
1926 5355 2007 5410 v1,

360 5422 545 5623 c'é26)
580 5481 812 5564 Epiph.,
845 5499 1039 5551 Lxxm,
1074 5501 1130 5540 n.
1161 5486 1249 5540 37.

451 5553 543 5623 24)
580 5553 845 5623 H1eron.,
878 5557 1150 5623 Cataloa.,
1182 5572 1236 5612 c.

451 5553 543 5624 24)
580 5553 845 5625 Hieron.,
878 5557 1150 5627 Catatoa.,
1182 5572 1236 5612 c.
1270 5556 1393 5612 113.

2120 4861 2328 4910 contra
2357 4854 2735 4909 Sauromatas
2757 4858 3111 4924 occupatum
3133 4852 3308 4924 legati
3333 4851 3497 4908 adire
3524 4867 3644 4906 non
3672 4862 3775 4919 po-

2122 4949 2401 5011 tuerunt;
2436 4948 2563 4997 tum
2593 4940 2667 4996 ad
2714 4940 3012 4996 Liberium
3046 4943 3377 4997 Romanum
3409 4940 3775 5012 pontificem,

2116 5035 2501 5106 reliquosque
2523 5029 2861 5086 Occidentis
2883 5031 3215 5102 episcopos,
3243 5036 3448 5102 utpote
3472 5030 3571 5103 qui
3599 5026 3775 5083 fidem

2118 5126 2412 5180 sinceram
2444 5125 2504 5176 et
2543 5120 2778 5175 firmam
2822 5119 2895 5174 ab
2925 5120 3210 5191 apostolis
3241 5125 3536 5184 tenerent,
3571 5121 3629 5173 et
3656 5127 3775 5186 prae

2187 5335 2301 5405 (25)
2332 5333 2581 5399 Sozom.,
2746 5346 2823 5396 γι,
2856 5347 2908 5385 c.
2935 5333 2988 5405 7.

2186 5402 2297 5479 (26)
2327 5407 2575 5479 Socrat.,
2608 5402 2711 5479 lib.
2747 5418 2821 5472 IV,
2852 5418 2905 5457 c.
2942 5404 2995 5457 6.

2187 5467 2295 5546 (27)
2324 5467 2570 5545 Socrat.,
2610 5472 2715 5530 lib.
2773 5467 2848 5542 1v,
2910 5488 3038 5545 cap.
3099 5475 3206 5543 tt;
3265 5473 3512 5542 Sozom.,
3548 5467 3654 5528 lib.
3688 5480 3762 5520 η.

2117 5569 2168 5608 c.
2203 5552 2292 5607 10.
