4090 6268
273 315 379 377 IO‘l

1685 300 2207 370 DISSERTATIO
2252 302 2309 362 Ι.

3584 312 3700 372 102

268 447 499 505 cateris
528 446 815 520 religioni
847 445 1195 520 prospicere
1227 449 1610 503 tenerentur:
1644 447 1849 498 orante
1871 445 1938 497 ut
1968 440 2017 505 Α
2049 434 2187 491 dem
2215 450 2351 489 cum
2386 432 2713 489 Liberianis
2744 435 2969 490 tenoris
2988 452 3289 508 accepere.
3324 441 3449 497 Non
3469 441 3533 497 in
3564 444 3705 499 Sici-

271 538 484 611 legatis
516 537 640 592 suis
673 538 908 593 viribus
957 540 1237 594 omnibus
1287 543 1500 609 prasto
1532 539 1765 599 essent;
1798 548 1935 588 cum

274 628 420 699 ipsis
449 626 593 698 quid
634 626 799 682 factu
851 628 1148 699 optimum
1205 631 1364 683 esset
1410 625 1837 687 consultarent,
1871 625 1938 676 ut

280 722 471 772 status
498 716 785 772 Ecclesia
818 718 884 772 in
918 718 1133 772 melius
1164 717 1594 773 restitueretur.
1633 715 1674 769 li
1706 712 1805 786 qui
1837 712 1935 765 lit-

280 813 438 862 teras
468 806 601 860 illas
623 808 1026 878 scripserunt,
1056 813 1195 862 sunt
1216 807 1397 862 dubio
1421 804 1625 877 procul
1649 803 1937 875 quinqua-

280 895 445 968 ginta
470 911 683 949 novem
718 895 809 949 illi
838 897 1125 968 episcopi,
1160 896 1375 967 quibus
1405 911 1512 967 per
1541 896 1767 949 litteras
1799 907 1936 945 suas

279 984 608 1056 respondet
633 984 927 1050 Liberius,
961 987 1230 1041 omnium
1251 984 1595 1041 nominibus
1626 984 1688 1038 in
1720 981 1934 1036 inscri-

280 1072 486 1144 ptione
516 1073 803 1143 pratlxis.
838 1075 1169 1129 Paucorum
1197 1079 1337 1129 nota
1369 1078 1509 1129 sunt
1529 1079 1588 1128 et
1605 1072 1850 1128 nomina
1879 1072 1939 1124 et

280 1159 474 1217 sedes.
536 1161 794 1232 Cyrillus
855 1163 1118 1218 secundo
1149 1164 1277 1219 loco
1335 1168 1720 1220 recensetur:
1781 1161 1935 1217 sitne

278 1256 479 1306 noster
508 1267 588 1305 an
620 1251 802 1319 alius,
840 1268 977 1308 mox
1009 1252 1400 1325 indagabitur.

349 1343 439 1394 69.
470 1340 669 1411 Legati
693 1346 816 1395 tres
841 1342 1086 1396 Romam
1117 1342 1347 1413 appulsi
1379 1342 1610 1397 litteras
1633 1356 1771 1395 suas
1796 1355 1939 1411 pon-

278 1428 423 1484 tilici
449 1428 746 1484 obtulere.
778 1429 884 1485 Ille
907 1430 1164 1501 primum
1191 1447 1491 1503 respuere,
1515 1430 1685 1501 quasi
1708 1428 1936 1485 oblatas

276 1518 351 1574 ab
381 1518 624 1574 Ariana
656 1520 843 1590 partis
874 1521 1217 1576 hominibus
1271 1520 1373 1592 qui
1407 1522 1705 1576 Nicanam
1758 1518 1937 1574 {idem

278 1609 690 1681 abrogasseut.
725 1610 834 1674 Qui
865 1626 1001 1665 cum
1022 1612 1220 1683 agnita
1242 1611 1485 1665 veritate
1517 1610 1842 1681 resipuisse
1875 1624 1937 1662 se

279 1697 574 1764 dicerent,
598 1701 1017 1754 Anomaorum
1038 1700 1312 1755 haresim
1321 1699 1684 1771 jampridem
1704 1699 1940 1769 rejecis-

278 1803 366 1855 se,
387 1792 449 1842 et
470 1788 736 1843 similem
761 1789 958 1859 quoad
980 1790 1183 1844 omnia
1205 1790 1362 1845 Patri
1396 1788 1608 1844 Filium
1633 1787 1938 1844 confessos
1975 1816 2017 1881 Β

281 1876 443 1948 quod
470 1876 1188 1934 nihilaconsubstantiali
1216 1878 1617 1950 discreparet:
1636 1878 1819 1949 jussit
1838 1894 1939 1932 eos

278 1966 503 2036 scripto
516 1982 690 2022 suam
707 1966 883 2022 fidem
899 1984 969 2023 ac
980 1968 1338 2024 sententiam
1360 1967 1643 2039 profiteri.
1690 1967 1783 2022 Illi
1798 1966 1939 2022 dato

280 2056 353 2111 ad
378 2055 684 2111 Liberium
700 2056 902 2111 libello
925 2056 1250 2126 declarant,
1276 2074 1337 2113 se
1352 2058 1425 2113 ab
1450 2056 1694 2112 diversis
1719 2057 1943 2128 episco-

285 2161 501 2215 porum
518 2145 912 2200 conventibus
932 2146 1262 2217 deputatos,
1292 2152 1413 2202 tam
1434 2163 1540 2202 suo
1568 2162 1747 2218 quam
1779 2144 1937 2200 dele-

283 2234 555 2305 gantium
586 2234 832 2290 nomine
884 2235 1181 2290 Nicanam
1223 2235 1423 2302 fidem,
1457 2236 1518 2290 in
1551 2251 1670 2306 qua
1695 2234 1940 2289 verbum

286 2322 805 2379 consubstantiale
842 2330 1044 2379 sancte
1075 2330 1134 2379 et
1179 2314 1275 2395 pie
1322 2324 1602 2381 adversus
1658 2324 1939 2379 Arianam

289 2412 570 2466 baresim
604 2413 864 2483 positum
907 2414 1002 2478 sit,
1037 2419 1097 2468 et
1125 2414 1410 2482 tenuisse,
1460 2419 1519 2469 et
1548 2420 1750 2469 tenere
1780 2419 1838 2468 et
1865 2412 1940 2468 ad

290 2501 471 2555 ﬁnem
507 2517 698 2572 usque
721 2508 1076 2558 servaturos.
1111 2504 1407 2559 Damnant
1435 2504 1613 2560 etiam
1647 2505 1851 2558 Arium
1882 2508 1942 2558 et

285 2589 626 2646 doctrinam
658 2592 790 2663 ejus
821 2609 956 2647 cum
979 2592 1286 2664 discipulis
1303 2599 1362 2647 et
1381 2593 1795 2659 sectatoribus,
1818 2593 1931 2647 ha-

282 2696 569 2750 resesque
583 2696 799 2735 omnes
820 2682 1080 2744 Sabellii,
1099 2681 1937 2754 Patripassianorum,lllarcio-

280 2769 600 2833 nistarum,
648 2769 1136 2826 Pbotinianorum
1189 2772 1432 2843 [LXXII]
1464 2772 1931 2827 Marcelliniano-

279 2873 432 2921 rum,
458 2858 630 2912 Pauli
655 2859 1091 2915 Samosatensis
1117 2877 1130 2914 :
1152 2861 1532 2917 anathemate
1552 2860 1776 2916 feriunt
1803 2860 1935 2916 doc.

280 2948 499 3001 trinam
528 2963 773 3003 omnem
806 2949 1041 3003 Nicano
1091 2950 1344 3005 concilio
1376 2951 1812 3011 adversantem.
1842 2951 1932 3005 in-

278 3036 489 3106 primis
522 3037 968 3092 Ariminensem
999 3039 1339 3107 formulam,
1362 3040 1456 3094 cui
1482 3056 1552 3094 ex
1585 3040 1723 3094 Nice
1752 3039 1932 3094 Thra-

280 3124 383 3178 cia
395 3131 727 3196 apportata
740 3126 1251 3199 Constantinopoli
1266 3128 1760 3199 subscripsissent
1779 3127 1934 3182 dolis

282 3220 337 3267 et
350 3216 477 3286 parj
490 3215 618 3270 urio
640 3215 948 3282 subducti;
966 3221 1089 3270 tum
1102 3217 1232 3288 subj
1242 3222 1370 3271 ecta
1384 3233 1453 3272 ex
1470 3217 1698 3290 integro
1712 3219 1754 3272 N
1763 3216 1932 3272 icani

281 3305 517 3359 concilii
539 3304 916 3366 ﬁde,hancin
939 3312 1202 3361 extrema
1216 3307 1469 3378 epistola
1488 3306 1818 3362 clausulam
1840 3306 1939 3363 ad-

273 3392 464 3462 jiciuu
476 3393 689 3464 t,quod
711 3394 761 3448 si
785 3394 919 3464 quis
941 3394 1002 3449 in
1022 3400 1327 3466 posterum
1348 3395 1627 3452 adversus
1646 3396 1939 3467 ipsosaut

281 3497 377 3538 eos
390 3500 425 3537 a
438 3483 660 3554 quibus
683 3488 824 3537 sunt
843 3482 1351 3554 delegati,crimen
1368 3485 1611 3555 aliquod
1623 3485 1934 3541 intendere

282 3572 555 3641 voluerit,
580 3588 718 3626 cum
741 3572 1042 3642 pontiﬁcis
1063 3572 1278 3628 litteris
1302 3573 1378 3629 ad
1402 3590 1788 3644 quoscunque
1806 3592 1936 3646 pro-

280 3661 507 3716 baverit
532 3661 802 3732 pontifex
847 3661 1206 3717 orthodoxos
1259 3662 1588 3734 episcopos,
1630 3664 1845 3733 veniat,
1877 3670 1937 3720 et

278 3750 421 3822 ipsis
434 3750 749 3821 judicibus
799 3766 1002 3806 secum
1051 3751 1381 3823 disceptet;
1434 3757 1494 3808 et
1534 3751 1934 3825 quodcunque

284 3840 603 3910 probatum
640 3839 822 3894 fuerit
870 3840 1120 3907 crimen,
1150 3840 1212 3895 in
1242 3846 1545 3896 auctorem
1577 3842 1928 3898 vindicetur.

280 3928 407 3984 llaec
421 3929 745 4000 sponsione
764 3929 1079 3983 obstrictos
1092 3929 1433 3985 Liberiusin
1445 3931 1930 3988 communionem

284 4017 813 4089 recepit,datisque
838 4025 963 4073 tum
987 4035 1113 4087 suo,
1148 4024 1272 4074 tum
1300 4020 1483 4075 Italia
1513 4026 1572 4074 et
1600 4020 1934 4077 Occidentis

284 4106 701 4177 episcoporum
736 4108 977 4162 nomine
999 4106 1072 4162 ad
1103 4107 1443 4181 delegantes
1464 4110 1772 4180 prasules,
1806 4127 1936 4165 om-

282 4212 510 4265 nesque
534 4195 795 4250 Orientis
821 4197 1180 4252 orthodoxos
1200 4198 1509 4269 episcopos
1530 4198 1744 4254 litteris
1765 4199 1936 4255 dimi-

291 4282 386 4336 sit.
421 4286 487 4337 lu
520 4282 593 4336 iis
641 4282 973 4355 gratulatur
994 4284 1247 4340 Orientis
1270 4286 1584 4357 episcOpis,
1617 4287 1777 4357 quod
1810 4292 1933 4341 tum

281 4389 347 4425 ex
385 4389 593 4426 eorum
617 4372 833 4426 litteris
852 4371 924 4425 ad
945 4388 1005 4426 se
1027 4373 1292 4443 perlatis,
1328 4380 1452 4429 tum
1474 4391 1545 4430 ex
1573 4375 1752 4430 trium
1774 4375 1935 4447 lega-

278 4466 472 4514 torum
500 4461 871 4531 professione
892 4461 1256 4517 intellexerit
1276 4479 1377 4518 eos
1404 4469 1463 4518 et
1492 4480 1694 4519 secum
1716 4469 1775 4519 et
1795 4481 1931 4520 cum

2042 526 2186 580 liam
2218 523 2433 591 solum,
2470 524 2574 579 sed
2606 524 2669 578 in
2699 522 2850 580 alias
2880 525 3061 581 etiam
3105 528 3445 587 Occidentis
3475 537 3698 603 partes,

2043 631 2145 671 eos
2166 614 2256 669 vel
2282 615 2480 683 simul,
2505 615 2593 669 vel
2616 616 2934 686 separatim
2959 617 3142 672 alium
3170 619 3232 673 in
3256 620 3434 676 aliam
3466 628 3696 694 partem

2043 703 2421 760 contendisse
2452 704 2733 759 credibile
2762 711 2853 760 est
2876 723 2890 771 ;
2925 723 3059 761 cum
3078 706 3151 762 ad
3168 709 3471 779 Tyanense
3493 712 3695 767 conci—

2043 792 2191 847 lium
2222 792 2530 848 attulerint
2559 809 2629 848 ex
2659 793 2862 848 Sozom
2904 794 3007 848 lib.
3042 812 3123 860 vr,
3148 812 3255 867 cap
3306 800 3391 856 l2.
3425 816 3558 853 cum
3592 800 3691 854 Li-

2044 881 2194 936 berii
2225 887 2285 936 et
2310 882 2527 937 Sicilia
2579 882 2995 954 episcoporum
3025 884 3264 951 litteris,
3298 886 3446 941 alias
3489 888 3697 953 Italia,

2045 972 2256 1026 Africa
2287 977 2346 1027 et
2375 972 2576 1027 Gallia
2605 973 2931 1043 prasulum
2962 974 3193 1030 litteras
3225 978 3360 1046 (28).
3394 979 3697 1048 Tyanense

2044 1061 2195 1116 illud
2226 1062 2546 1119 concilium
2564 1078 2724 1118 anno
2748 1064 2851 1117 367
2878 1070 3188 1133 sequente,
3223 1082 3400 1121 verno
3432 1072 3698 1138 tempore

2046 1149 2409 1204 celebratum
2442 1156 2569 1204 est:
2602 1151 2667 1205 in
2698 1167 2813 1221 quo
2846 1153 3069 1223 recepti
3102 1153 3176 1208 ad
3208 1154 3693 1208 communionem

2046 1238 2243 1311 legati,
2262 1239 2532 1310 dataque
2555 1240 2629 1295 ad
2651 1256 2859 1296 omnes
2877 1241 3170 1297 Ecclesias
3193 1243 3406 1297 littera
3426 1247 3489 1297 ut
3511 1259 3611 1297 eos
3631 1242 3693 1297 in

2044 1330 2529 1383 communionem
2552 1328 2955 1392 admitterent,
2979 1338 3181 1403 rogato
3206 1332 3385 1387 etiam
3406 1331 3583 1402 hujus
3605 1331 3692 1386 rei

2047 1422 2107 1472 et
2134 1417 2551 1490 suffragiorum
2581 1419 2914 1474 concordia
2956 1420 3018 1474 in
3059 1421 3293 1491 scriptis
3325 1421 3692 1477 testimonio.

2046 1508 2291 1562 Tarsum
2322 1524 2560 1578 quoque
2607 1508 2928 1563 concilium
2986 1509 3331 1565 indixerunt
3358 1511 3432 1566 ad
3463 1515 3691 1566 certum

2047 1595 2227 1664 diem,
2260 1602 2326 1651 ut
2354 1613 2466 1667 pax
2492 1597 2768 1652 Ecclesia
2791 1602 2848 1651 et
2867 1599 3187 1654 concordia
3216 1601 3519 1654 communi
3550 1614 3690 1654 con-

2048 1703 2226 1741 sensu
2256 1686 2642 1741 stabiliretur.
2669 1687 3001 1742 Concilium
3021 1688 3169 1742 illud
3190 1690 3475 1744 Tarsense
3506 1690 3692 1760 impe-

2048 1776 2238 1831 ditum
2260 1781 2367 1843 est,
2392 1791 2526 1829 cum
2548 1775 2620 1830 ab
2644 1776 2999 1846 imperatore
3012 1794 3119 1847 per
3137 1777 3468 1833 Eudoxium
3490 1777 3693 1833 adver-

2050 1882 2149 1919 sus
2180 1863 2517 1920 Catholicos
2543 1863 2811 1930 incenso,
2847 1871 2971 1920 tum
2994 1882 3028 1921 a
3044 1866 3540 1937 pertinacioribus
3563 1866 3694 1937 qui-

2048 1952 2299 2008 busdam
2331 1953 2769 2009 Macedonianis
2800 1954 3117 2026 episcopis,
3141 1957 3242 2026 qui
3272 1957 3600 2012 Antiochia
3631 1955 3693 2010 in

2048 2042 2217 2097 Caria
2245 2042 2318 2098 ad
2347 2042 2588 2114 triginta
2620 2047 2876 2113 quatuor
2908 2045 3265 2116 congregati,
3300 2044 3692 2101 consubstan-

2049 2131 2208 2186 tialis
2236 2130 2587 2186 vocabulum
2606 2147 2912 2202 nunquam
2941 2132 3255 2188 admittere
3278 2133 3612 2201 voluerunt,
3638 2136 3696 2187 et

2047 2220 2110 2274 in
2141 2220 2509 2276 Autiocheno
2558 2220 2827 2291 symbolo
2885 2221 3166 2277 Seleucia
3213 2224 3563 2279 confirmato
3594 2239 3692 2277 ac-

2046 2307 2352 2378 quiescere
2386 2324 2448 2362 se
2478 2308 2728 2379 professi
2755 2314 2909 2363 sunt.
2930 2310 3170 2365 Gravior
3198 2311 3412 2366 deinde
3429 2312 3691 2368 Valentis

2046 2397 2380 2468 persecutio
2412 2396 2728 2452 subsecuta
2749 2403 2856 2452 est.
2879 2399 2935 2452 Is
2956 2398 3353 2454 Asiaticorum
3382 2401 3686 2473 episcOpoo

2046 2502 2178 2540 rum
2209 2485 2283 2539 ad
2315 2484 2610 2539 Liberium
2655 2485 3050 2558 delegationis
3082 2488 3217 2542 ﬁnis
3292 2489 3460 2544 Nunc
3491 2489 3687 2559 inqui-

2044 2575 2319 2641 rendum,
2352 2574 2507 2628 sitne
2535 2573 2789 2646 Cyrillus
2815 2581 3020 2630 noster
3049 2576 3149 2646 qui
3181 2578 3244 2631 in
3276 2577 3487 2633 Liberii
3531 2578 3692 2634 litte—

2044 2664 2129 2719 ris
2159 2664 2455 2719 secundus
2486 2663 2842 2735 appellatur.

2116 2755 2203 2807 70.
2228 2754 2377 2807 Eum
2407 2769 2537 2807 esse
2585 2752 2733 2807 mihi
2765 2752 3010 2808 omnino
3042 2755 3401 2825 persuadere
3432 2774 3687 2829 nequeo.

2042 2844 2318 2915 plurimis
2334 2843 2406 2898 de
2430 2843 2646 2900 causis.
2668 2844 2867 2899 Primo
2901 2861 3084 2910 enim,
3110 2845 3253 2918 quid
3278 2848 3404 2903 hac
3425 2850 3690 2905 Romana

2042 2935 2332 3007 delegatio
2363 2934 2438 2989 ad
2492 2934 2800 3005 Cyrillum,
2836 2934 2936 3005 qui
2988 2936 3412 3007 Hierosolymis
3443 2939 3688 3009 paciﬂce

2041 3024 2269 3096 agebat,
2303 3039 2599 3093 quemque
2632 3022 2785 3077 nihil
2825 3023 3152 3094 contigerat
3194 3030 3385 3079 metus
3430 3026 3553 3094 ille,
3585 3028 3690 3097 qui

2045 3111 2385 3184 delegantes
2409 3111 2650 3182 impulit
2677 3116 2742 3165 ut
2774 3110 3026 3182 [LXXIII]
3054 3111 3116 3166 in
3149 3113 3467 3168 Occidente
3490 3120 3689 3186 patro-

2045 3201 2269 3255 cinium
2288 3199 2666 3270 quarerent?
2688 3199 3145 3255 Metuebantsibi
3192 3217 3226 3256 a
3246 3202 3499 3258 concilio
3522 3204 3689 3260 Lam-

2046 3290 2393 3362 psaceno,in
2411 3305 2527 3360 quo
2566 3287 2720 3343 male
2742 3290 3140 3358 multaverant
3168 3290 3495 3345 Eudoxium
3512 3309 3689 3362 quem

2044 3396 2120 3434 ne
2145 3379 2396 3451 injurias
2427 3394 2564 3434 suas
2595 3377 2985 3433 ulcisceretur
3011 3395 3132 3434 una
3161 3381 3511 3452 Procopiani
3547 3381 3688 3436 belli

2042 3473 2194 3527 ratio
2223 3477 2523 3526 remorata
2539 3476 2665 3525 erat
2687 3487 2758 3525 ex
2781 3470 2939 3525 Socr.
2972 3470 3073 3526 lib.
3103 3489 3177 3540 IV,
3209 3489 3336 3544 cap.
3372 3475 3421 3527 3.
3447 3475 3687 3529 Denun-

2044 3565 2290 3619 tiaverat
2318 3564 2404 3618 eis
2436 3564 2780 3635 imperator,
2805 3568 2871 3617 ut
2900 3580 2962 3618 se
2989 3580 3124 3618 cum
3146 3565 3407 3619 Eudoxio
3440 3567 3691 3638 conjun-

2042 3662 2250 3729 gerent
2276 3656 2446 3725 (Soz.,
2474 3653 2578 3708 lib.
2610 3670 2684 3708 v1.
2720 3670 2847 3724 cap.
2870 3656 2924 3725 '7)
2950 3672 2964 3721 ;
2999 3654 3158 3725 quod
3188 3656 3412 3711 malum
3432 3663 3496 3712 ut
3526 3674 3692 3712 aver-

2044 3750 2259 3812 terent,
2290 3746 2489 3799 Roma
2523 3748 2581 3797 et
2609 3742 2767 3814 apud
2801 3743 3280 3800 Valentinianum
3303 3747 3692 3816 quarendum

2044 3836 2390 3907 prasidium
2450 3850 2761 3890 censuere.
2816 3834 2974 3888 Nihil
3014 3835 3232 3905 Cyrillo
3284 3853 3599 3891 commune
3632 3837 3695 3891 in

2044 3926 2148 3981 illa
2173 3925 2418 3980 Eudoxii
2479 3924 2830 3990 offensione,
2864 3925 3017 3978 nihil
3066 3925 3127 3979 in
3176 3926 3296 3980 illis
3347 3928 3591 3996 Augusti
3622 3927 3694 3981 de

2043 4014 2463 4087 conjungenda
2522 4029 2658 4068 cum
2708 4014 2835 4084 ipso
2895 4014 3177 4069 societate
3236 4015 3549 4070 mandatis.
3587 4016 3688 4071 Se-

2044 4107 2262 4176 cundo,
2282 4122 2490 4161 omnes
2522 4104 2609 4159 illi
2634 4103 2895 4176 episcopi
2927 4104 3001 4158 ad
3034 4119 3164 4158 eam
3186 4106 3435 4159 Romani
3457 4105 3692 4176 imperii

2043 4201 2271 4267 partem
2283 4194 2662 4267 pertinebant
2678 4208 2855 4264 quam
2879 4209 2987 4247 nos
3002 4193 3203 4247 Asiam
3220 4194 3515 4248 minorem
3531 4210 3690 4249 nunc

2044 4285 2306 4339 solemus
2330 4283 2529 4338 dicere
2553 4300 2565 4337 :
2587 4298 2842 4353 quorum
2868 4281 3041 4337 sedes
3064 4287 3121 4336 et
3152 4283 3400 4338 nomina
3423 4282 3694 4337 novimus

2043 4380 2182 4429 sunt
2210 4390 2281 4428 ex
2303 4373 2567 4437 Thracia,
2602 4371 2799 4443 Lydia,
2833 4371 3057 4437 Cilicia,
3083 4372 3695 4444 Armenia,Cappado-

2041 4462 2152 4530 cia,
2187 4462 2430 4517 Isauria.
2465 4463 2682 4515 Eorum
2732 4466 3078 4527 conventus,
3133 4465 3280 4515 teste
3314 4461 3551 4517 Socrate
3584 4460 3688 4517 lib.

277 4551 409 4606 aliis
432 4553 771 4609 Occidentis
797 4553 1172 4624 episcOpisin
1198 4554 1407 4610 eadem
1429 4555 1544 4610 fide
1565 4557 1927 4623 consentire,
1963 4535 2005 4597 Ῑ)
2036 4567 2115 4614 1V.
2145 4566 2272 4622 cap.
2323 4554 2411 4611 10.
2469 4549 2627 4604 unde
2684 4548 2758 4604 ad
2810 4550 3105 4603 Liberium
3165 4549 3396 4605 litteras
3445 4549 3685 4605 dedere.

280 4642 665 4713 monitosque
684 4643 979 4713 cupit,eos
991 4644 1538 4715 omnesepiscopos,
1554 4644 1654 4714 qui
1677 4644 1929 4700 Arimini

280 4728 418 4784 dolo
436 4737 496 4785 et
519 4732 758 4803 injuriis
781 4748 849 4786 ac
873 4731 1365 4787 subscribendum
1380 4732 1618 4788 fuerant
1636 4734 1928 4805 compulsi

270 4825 547 4873 revocata
551 4820 677 4891 jam
698 4819 1501 4876 sententiaformulamillam
1519 4820 1763 4893 impiam
1786 4839 1927 4878 ana-

275 4907 538 4962 themate
565 4908 906 4976 damnasse,
932 4915 991 4963 et
1015 4909 1248 4964 Nicena
1274 4910 1435 4979 ﬁdei,
1459 4927 1671 4984 magno
1694 4912 1926 4967 Ariana

271 4995 563 5052 doctrina
595 4998 728 5052 odio
761 5004 940 5067 atque
987 4997 1227 5053 horrore
1255 5039 1271 5067 ,
1306 4999 1750 5072 subscripsisse.
1782 5004 1929 5056 Acta

270 5085 398 5141 hac
460 5088 655 5142 Roma
705 5094 846 5141 ante
900 5089 967 5140 24
998 5086 1361 5159 Septembris
1387 5106 1502 5159 quo
1534 5089 1627 5145 die
1660 5090 1925 5146 Liberius

268 5174 436 5238 obiit,
469 5178 747 5232 Gratiano
778 5182 838 5231 et
870 5176 1129 5249 Daglaifo
1161 5193 1338 5242 coss.,
1388 5178 1501 5233 hoc
1547 5185 1639 5236 est
1666 5196 1762 5236 an.
1797 5183 1920 5236 366.

273 5265 664 5322 Revertentes
697 5265 874 5337 legati
906 5265 964 5320 in
998 5265 1259 5321 Siciliam
1290 5266 1788 5337 proficiscuntur:
1822 5269 1924 5324 ubi

265 5354 522 5410 concilio
554 5354 874 5426 provincia
920 5360 1237 5410 convocato
1264 5372 1333 5412 ac
1380 5354 1497 5412 fide
1530 5357 1749 5414 Nicani
1781 5375 1925 5414 con-

261 5441 329 5498 lii
360 5444 737 5513 conﬁrmata,
771 5444 1000 5501 litteras
1040 5445 1112 5501 ab
1158 5445 1420 5502 Orientis
1447 5447 1740 5519 episcOpis
1763 5449 1927 5519 ejus-

334 5602 449 5669 (28)
484 5600 697 5657 Sozom
739 5642 753 5665 ,
783 5597 895 5653 lib.
929 5615 1004 5670 vi,
1040 5614 1167 5670 cap.
1206 5596 1292 5654 12.

2041 4639 2329 4713 Smyrna,
2351 4640 2414 4694 in
2448 4638 2689 4705 Pisidia,
2712 4639 2958 4706 Isauria,
2987 4638 3343 4709 Pamphilia,
3371 4640 3567 4712 Lycia,
3593 4656 3691 4695 ce—

2038 4728 2271 4783 lebrati.
2306 4728 2439 4783 Hac
2469 4728 2695 4782 distant
2725 4728 2975 4783 maxime
3006 4743 3040 4782 a
3071 4727 3388 4784 Palastina
3419 4747 3432 4795 ;
3478 4746 3589 4785 nec
3623 4744 3690 4783 eo

2039 4834 2350 4872 occurrere
2382 4816 2612 4871 videtur
2632 4816 2897 4888 potuisse
2916 4816 3192 4886 Cyrillus,
3227 4834 3363 4872 cum
3396 4817 3613 4889 raptim
3636 4820 3696 4871 et

2034 4906 2390 4962 festinanter
2418 4912 2623 4962 coacta
2644 4905 2766 4961 sint
2794 4905 2920 4960 hac
2950 4906 3223 4961 concilia.
3258 4909 3402 4962 Nam
3430 4908 3511 4962 ita
3537 4906 3691 4962 cele-

2035 4997 2181 5051 riter
2210 5001 2508 5051 transacla
2536 5011 2630 5049 res
2663 4998 2773 5059 est,
2832 4999 2897 5048 ut
2953 4993 3171 5049 mirum
3204 4995 3281 5049 sit
3312 5000 3432 5051 tam
3480 4994 3690 5050 multis

2036 5086 2212 5142 rebus
2235 5086 2378 5142 satis
2394 5084 2677 5155 temporis
2697 5083 3108 5154 suppeditasse
3153 5087 3399 5140 Romam
3423 5083 3695 5157 pervenit

2036 5177 2251 5251 legatio
2282 5192 2403 5230 non
2434 5174 2624 5229 serius
2655 5172 3018 5243 Septembris
3052 5173 3274 5229 mensis
3306 5176 3496 5230 initiis
3524 5191 3536 5229 :
3571 5189 3681 5229 nec

2035 5269 2274 5324 decreta
2331 5269 2418 5319 est
2462 5261 2577 5317 nisi
2609 5261 2916 5333 aliquanto
2952 5267 3217 5332 tempore
3247 5270 3381 5334 post
3435 5268 3691 5318 mortem

2035 5355 2325 5425 Procopii,
2377 5369 2509 5425 qua
2565 5351 2842 5405 extremis
2874 5351 3006 5405 Maii
3065 5351 3274 5407 diebus
3333 5353 3678 5424 contigerat.

2033 5450 2179 5504 Nam
2208 5447 2495 5518 Procopio
2527 5446 2593 5500 in
2621 5442 2873 5515 Phrygia
2895 5441 3214 5511 debellato,
3236 5449 3293 5499 et
3323 5444 3544 5515 occiso,
3582 5448 3696 5501 Va-
