4094 6282
376 298 490 359 103

1666 297 1767 357 DE
1809 291 1995 353 VITA
2043 289 2108 349 S.
2155 286 2490 349 CYRlLLl.

3679 289 3797 347 104

379 434 509 487 lens
520 429 761 485 fratrem
784 431 1028 486 Romam
1053 430 1530 502 proﬁciscentem
1546 432 1775 503 aliquot
1794 429 2027 485 dierum

2143 420 2243 491 qui
2276 435 2434 475 anno
2465 421 2567 473 375
2595 417 2911 487 scribebat,
2945 423 3218 476 recenset
3246 419 3559 494 episcopos
3591 421 3695 492 qui
3726 438 3796 478 eo

375 522 527 575 viam
559 521 876 575 comitatus
927 525 1037 575 est.
1094 520 1237 576 Inde
1269 521 1320 577 ei
1354 521 1694 587 revertenti,
1729 519 2025 575 Heraclea

379 611 606 665 obviam
633 611 791 681 ﬁunt
819 611 1202 682 Lampsaceni
1254 613 1491 669 concilii
1545 612 1722 685 legati
1761 630 1773 679 ;
1809 610 2027 682 quibus

380 700 532 757 male
562 700 803 762 habitis,
838 700 1181 755 consultant
1221 702 1374 757 inter
1403 720 1464 758 se
1499 703 1783 774 episcopi.
1818 699 2027 773 legatis

382 790 438 843 in
475 789 653 843 urbes
680 789 830 843 alter
861 788 933 843 ad
973 790 1225 846 alterum
1258 792 1479 858 missis,
1512 792 1583 847 de
1616 790 1937 863 quaerendo
1966 790 2026 843 in

385 878 702 933 Occidente
750 878 1039 945 subsidio,
1073 886 1197 935 tum
1229 880 1291 935 in
1345 880 1591 952 privatis
1639 879 2028 936 conventibus

376 984 527 1037 quos
558 967 620 1020 in
644 967 789 1021 locis
822 968 1075 1022 maxime
1097 968 1321 1023 dissitis
1344 969 1668 1032 celebrant,
1695 970 1766 1025 de
1791 969 2026 1024 mitten-

378 1056 453 1110 da
483 1056 545 1110 in
576 1056 955 1111 Occidentem
985 1056 1279 1128 legatione
1312 1064 1598 1114 statuunt.
1634 1060 1758 1114 Non
1782 1063 2027 1130 potuere

382 1145 444 1198 in
473 1145 563 1199 his
585 1145 973 1200 conventibus
995 1146 1111 1200 nisi
1139 1147 1375 1203 finitimi
1403 1148 1667 1220 episcopi
1700 1149 2029 1212 interesse;

382 1249 494 1287 nec
524 1233 664 1288 dissi
678 1240 764 1289 tos
793 1235 1105 1306 episcopos
1132 1237 1512 1307 exspectandi
1538 1243 1771 1309 tempus
1800 1236 1933 1303 fuit,
1966 1241 2031 1291 ut

381 1322 636 1392 Cyrillus
659 1339 689 1377 e
718 1323 1033 1380 Palaestina
1053 1325 1113 1379 in
1138 1325 1404 1381 Ciciliam
1428 1333 1486 1381 et
1504 1327 1790 1383 Isauriam
1812 1324 2027 1382 adven-

382 1416 550 1467 taret.
576 1412 791 1477 Tertio,
820 1429 893 1467 ne
920 1430 987 1468 eo
1014 1413 1269 1484 Cyrillus
1291 1415 1482 1471 adiret
1505 1415 1902 1487 prohibebant
1931 1431 2027 1470 oc-

386 1500 812 1570 cupationesin
845 1501 1161 1557 Palu-siina
1190 1504 1243 1558 ei
1276 1519 1347 1558 ex
1400 1504 1597 1559 Acacii
1629 1509 1821 1560 morte
1851 1510 2022 1560 natas.

392 1589 535 1642 Nam
569 1589 679 1643 hoc
710 1605 865 1644 anno
917 1590 1066 1646 duos
1098 1593 1378 1647 Caesareas
1426 1595 1647 1649 creavit
1697 1594 2028 1665 episcopos,

385 1676 1022 1750 Philumenam,eoque
1042 1680 1238 1735 statim
1251 1682 1497 1753 expulso
1514 1683 1831 1738 Gelasium.
1848 1684 2029 1748 Quar-

384 1768 463 1831 to,
497 1765 585 1819 illi
623 1782 830 1821 omnes
862 1767 1121 1839 episcOpi
1154 1769 1453 1825 Nicenam
1480 1771 1660 1827 fidem
1709 1770 2016 1843 abrogave-

383 1859 797 1924 rant.quorum
823 1855 1050 1911 litteras
1075 1872 1142 1911 ea
1163 1858 1393 1913 ratione
1420 1860 1612 1929 primo
1640 1860 1907 1930 recipere
1934 1860 2031 1915 de-

386 1942 675 1999 trectabat
703 1944 1008 1999 Liberius:
1064 1946 1156 2001 cui
1208 1948 1652 2018 responderunt
1698 1949 1897 2020 legati,
1929 1965 2029 2004 eos

383 2033 581 2105 agnita
604 2034 843 2088 veritate
871 2035 1192 2106 resipuisse
1242 2039 1351 2091 Per
1372 2037 1535 2092 illam
1557 2038 1775 2094 Nicaani
1801 2038 2031 2109 symbo-

384 2122 426 2177 li
458 2122 901 2192 abrogationem
930 2124 1303 2198 intelligebat
1330 2127 1616 2196 Liberius,
1643 2128 2027 2202 subscriptio-

383 2228 521 2266 nem
561 2212 954 2268 confessionis
985 2214 1340 2283 Arimensis,
1375 2233 1552 2286 quam
1585 2218 1647 2272 in
1680 2235 1785 2274 sua
1831 2219 1905 2273 ad
1931 2236 2031 2275 eos

385 2300 637 2372 epistola
667 2302 1065 2374 subscriptam
1096 2303 1168 2359 ab
1200 2305 1287 2359 eis
1317 2304 1523 2361 fraude
1555 2308 1892 2379 etperjurio
1925 2309 2030 2364 de-

386 2390 571 2460 ceptis
603 2390 703 2445 ait.
726 2392 901 2461 Atqui
930 2392 1218 2463 Cyrillum
1242 2394 1456 2449 nullibi
1490 2396 1731 2468 legimus
1753 2397 1891 2453 huic
1916 2397 2032 2453 for-

384 2479 562 2533 mulas
587 2479 1008 2551 subscripsisse
1032 2499 1045 2548 ;
1073 2488 1462 2554 secutumque
1480 2486 1608 2557 ejus
1629 2487 1905 2542 exsilium
1927 2505 2030 2543 an-

388 2573 630 2638 tequam
655 2584 724 2622 ea
762 2585 867 2639 per
898 2570 1227 2639 provincias
1258 2572 1607 2635 deferretur.
1638 2592 1774 2631 eum
1806 2577 2036 2632 videtur

394 2656 465 2710 ab
500 2657 608 2710 hac
635 2656 1071 2728 subscriptione
1114 2659 1418 2715 liberasse.
1455 2663 1803 2734 Quanquam
1848 2666 2037 2721 fateor

394 2745 570 2799 verba
600 2744 814 2799 Liberii
839 2745 920 2800 ita
936 2747 1197 2818 urgenda
1218 2764 1337 2803 non
1365 2765 1515 2817 esse,
1539 2757 1605 2805 ut
1625 2768 1799 2807 nemo
1830 2770 2036 2809 eorum

390 2833 462 2887 ad
496 2849 643 2903 quos
697 2833 903 2887 scribit
928 2850 961 2888 a
992 2835 1429 2907 subscriptione
1488 2839 1591 2894 illa
1622 2840 1775 2896 liber
1812 2841 2033 2911 fuerit;

393 2919 722 2990 eademque
746 2922 975 2977 ratione
991 2939 1107 2994 qua
1129 2924 1434 2995 Cyrillum.
1450 2928 1738 2998 quosdam
1766 2932 1827 2985 in
1849 2933 2040 2986 conci-

395 3010 473 3063 lio
504 3010 1161 3082 Constantinopolitano
1192 3013 1466 3071 absentes
1493 3017 1814 3089 depositos,
1849 3022 1947 3091 qui
1976 3022 2037 3075 in

393 3099 611 3154 litteris
631 3105 827 3155 tamen
861 3101 1077 3155 Liberii
1100 3105 1706 3175 comprehenduntur,
1733 3109 2035 3182 subscrip-

394 3186 575 3242 tionis
598 3188 775 3259 hujus
798 3190 1095 3246 immunes
1112 3194 1350 3263 agnosci
1374 3212 1548 3265 posse
1565 3203 1631 3252 ut
1648 3200 1907 3255 Neonam
1932 3200 2035 3256 Se-

386 3275 751 3332 leuciensem
778 3281 888 3349 (29)
931 3280 1170 3347 Quinto,
1195 3298 1263 3336 ex
1283 3284 1462 3354 gestis
1484 3286 1721 3341 concilii
1766 3290 2031 3359 Tyaneu-

383 3365 465 3419 sis
499 3366 820 3438 colligitur,
856 3369 1167 3440 episcopos
1193 3370 1263 3426 de
1298 3372 1512 3443 quibus
1543 3376 1773 3443 agimus
1804 3378 2032 3435 alienos

383 3453 567 3509 fuisse
601 3472 633 3510 a
681 3458 1103 3513 communione
1154 3477 1359 3516 eorum
1408 3464 1754 3534 praesulum,
1790 3467 1890 3537 qui
1921 3469 2030 3524 sub

381 3544 620 3598 Joviano
694 3561 814 3599 una
872 3563 1005 3601 cum
1068 3548 1298 3605 Meletio
1351 3553 2030 3615 consubstantialitatem

385 3633 644 3705 [LXXIV]
702 3643 1066 3707 receperant.
1121 3639 1361 3712 Legatos
1418 3644 1579 3699 enim
1612 3662 1816 3701 eorum
1851 3654 2028 3719 atque

389 3724 550 3793 ipsos
581 3724 653 3779 ad
708 3728 1186 3784 communionem
1220 3732 1532 3799 admisere,
1564 3741 1746 3807 utque
1777 3737 1933 3793 idem
1966 3740 2028 3794 in

348 3890 353 3897 ί
383 3813 660 3868 omnibus
691 3816 959 3870 ecclesiis
984 3818 1151 3873 fieret
1170 3836 1275 3890 per
1297 3821 1521 3878 litteras
1535 3824 2026 3884 admonuere.At-

376 3902 481 3973 qui
517 3902 774 3975 Cyl-illus
815 3906 943 3976 jam
992 3914 1128 3962 ante
1179 3910 1615 3968 Antiochenam
1648 3915 1755 3970 sub
1785 3917 2025 3973 Joviano

382 3993 700 4049 concilium
737 4013 795 4051 in
827 3998 1040 4053 Melelii
1076 4006 1133 4055 et
1171 4004 1652 4060 communionem
1684 4012 1741 4061 et
1767 4007 2026 4064 familia-

376 4082 612 4139 ritatem
659 4085 953 4142 admissus
991 4096 1140 4154 erat,
1172 4096 1236 4144 ut
1267 4091 1539 4157 vidimus,
1573 4110 1701 4165 cap.
1736 4096 1806 4163 II,
1840 4113 1897 4149 n.
1931 4100 2019 4153 59.

373 4172 474 4227 His
497 4174 775 4230 omnibus
806 4179 1172 4248 argumentis
1194 4179 1457 4236 adducor
1478 4187 1544 4236 ut
1563 4182 1748 4237 alium
1780 4200 2022 4254 prorsus

374 4278 407 4316 a
438 4269 643 4318 nostro
675 4265 961 4336 Cyrillum
984 4267 1045 4320 in
1081 4268 1294 4323 Liberii
1324 4270 1537 4326 litteris
1568 4277 2021 4333 commemorari

369 4352 724 4408 existimem.
751 4354 891 4418 Quis
926 4356 1025 4410 ille
1070 4358 1147 4411 sit
1177 4360 1474 4428 conjicere
1525 4377 1863 4432 possumus,
1895 4382 2018 4421 non

368 4440 667 4499 afﬁrmare
695 4461 707 4498 :
740 4462 933 4517 neque
967 4447 1129 4502 enim
1158 4449 1408 4521 Cyrillos
1439 4467 1645 4507 omnes
1672 4454 1772 4523 qui
1796 4453 1857 4508 id
1878 4461 2017 4511 asta-

368 4529 446 4583 tis
476 4530 718 4587 fuerunt
744 4534 1036 4590 novimus.
1085 4536 1278 4591 Facile
1331 4538 1635 4594 crederem
1670 4540 1841 4596 illum
1890 4558 2019 4599 esse
2051 4508 2098 4572 Β

372 4619 658 4689 Cyrillum
705 4623 765 4676 in
808 4626 1089 4681 Armenia
1120 4626 1485 4699 episc0pum,
1520 4629 1591 4685 de
1625 4647 1741 4702 quo
1769 4632 2021 4690 Basilius

373 4708 641 4779 epistolis
691 4712 757 4765 58
816 4718 874 4767 et
910 4717 1028 4782 187,
1064 4715 1110 4770 si
1144 4722 1444 4773 constaret
1472 4735 1611 4777 eum
1667 4720 1851 4777 fuisse
1882 4728 2020 4779 ante

376 4797 502 4852 haec
534 4804 800 4871 tempora
830 4803 1193 4859 ordinatum.

985 4919 1218 4977 CAPUT
1256 4921 1404 4978 XIII.

373 5031 609 5113 Cyfillus
637 5035 736 5088 sub
775 5035 1007 5113 Valente
1034 5041 1277 5113 _tertium
1326 5041 1449 5095 sede
1496 5042 1739 5113 dejertus
1786 5047 2021 5101 exsulat.

442 5106 572 5187 Quis
603 5121 664 5157 eo
710 5105 907 5187 Exsule
941 5109 1256 5165 PaL'estina:
1286 5118 1337 5165 et
1368 5114 1426 5166 in
1451 5105 1658 5183 primis
1704 5117 2021 5187 Hierosoly-

448 5176 670 5231 mitame
702 5177 953 5234 Ecclesiae
980 5187 1176 5237 status.

446 5360 532 5410 Ἡ.
567 5356 805 5413 Certum
865 5365 955 5415 est
1008 5362 1294 5433 Cyrillum
1354 5364 1462 5419 sub
1521 5366 1766 5423 Valente
1816 5368 2024 5423 exsilio

392 5446 710 5503 multatum
753 5449 1078 5506 Ecclesiam
1110 5453 1283 5508 tertio
1314 5454 1607 5512 amisisse.
1657 5457 2027 5529 Epiphanius

444 5626 555 5696 (29)
582 5626 847 5693 Soz.,lib.
882 5644 960 5698 γι,
991 5645 1133 5711 cap.
1178 5632 1264 5686 12.

2141 507 2387 581 depulso
2417 508 2741 565 Ecclesiam
2767 510 2896 580 ejus
2926 510 3259 565 tenuissent
3281 526 3296 576 ;
3315 516 3374 566 et
3391 510 3503 566 hoc
3528 516 3797 583 tempore

2139 600 2212 657 ab
2246 600 2548 656 Hilariono
2602 608 2951 671 occupatam
2983 606 3257 656 testatur.
3311 601 3711 673 Hieronymus
3741 607 3801 657 et

2137 692 2495 746 Sozomenus
2523 690 2807 761 Cyrillum
2840 696 2973 762 post
3010 690 3268 747 Valentis
3299 698 3572 747 mortem.
3606 692 3800 747 Theo-

2139 779 2304 835 dosio
2327 780 2614 851 principe,
2649 779 2976 835 Ecclesiam
3028 797 3195 836 suam
3244 798 3632 853 recuperasse
3669 788 3798 838 tra-

2139 870 2287 926 dunt
2313 888 2327 937 ;
2361 871 2643 927 amiserat
2668 872 2847 943 igitur
2878 871 2986 927 sub
3011 872 3273 928 Valente.
3294 874 3418 938 Quo
3449 879 3653 929 autem
3685 874 3798 930 Va-

2139 962 2316 1019 lentis
2350 980 2530 1030 anno,
2547 980 2669 1018 non
2696 965 2840 1018 satis
2863 969 3124 1031 constat;
3158 964 3261 1019 sed
3284 981 3417 1020 cum
3442 965 3796 1022 diuturnum

2136 1051 2319 1108 fuerit
2341 1054 2469 1126 ejus
2491 1053 2789 1120 exsilium,
2817 1070 2939 1108 non
2960 1070 3077 1111 uno
3110 1054 3213 1109 sed
3246 1054 3517 1126 pluribus
3548 1055 3796 1112 interim

2140 1144 2268 1216 ejus
2299 1143 2458 1199 sedis
2489 1143 2859 1199 invasoribus
2882 1143 2944 1197 in
2977 1143 3228 1200 historia
3258 1145 3605 1200 memoratis
3638 1164 3653 1213 ;
3689 1162 3797 1203 ex-

2139 1231 2473 1303 pulsionem
2501 1234 2629 1303 ejus
2661 1249 2781 1288 non
2812 1232 2885 1288 ad
2914 1232 3077 1288 aliud
3106 1249 3423 1305 possumus
3456 1234 3645 1305 magis
3676 1251 3795 1307 op-

2140 1328 2462 1392 portunum
2495 1327 2727 1392 tempus
2764 1337 3058 1389 revocare,
3094 1338 3272 1393 quam
3303 1321 3377 1377 ad
3408 1338 3635 1378 annum
3667 1325 3796 1391 367,

2141 1427 2258 1481 quo
2285 1410 2501 1467 Valens
2526 1411 2598 1465 ab
2625 1410 2886 1466 Eudoxio
2909 1410 3236 1482 baptizatus
3263 1412 3395 1481 (30),
3422 1410 3674 1483 singulis
3696 1427 3803 1467 cu-

2134 1498 2357 1570 jusque
2383 1498 2699 1571 provincias
2757 1499 3054 1571 praefectis
3113 1498 3461 1554 mandatum
3510 1498 3697 1561 dedit,
3730 1504 3803 1555 ut

2142 1588 2419 1653 abdicati,
2452 1587 2781 1643 Constantii
2812 1588 3200 1659 temporibus,
3234 1588 3517 1659 episcopi,
3547 1587 3650 1659 qui
3684 1588 3798 1644 sub

2142 1677 2374 1733 Juliauo
2405 1677 2655 1732 fuissent
2688 1677 2750 1731 in
2784 1677 3116 1733 sacerdotia
3145 1694 3251 1733 sua
3281 1677 3562 1740 restituti,
3596 1677 3796 1732 eccle-

2144 1766 2248 1822 siis
2279 1765 2741 1837 expellerentur.
2773 1766 2897 1832 Quo
2937 1765 3180 1837 quidem
3213 1765 3492 1822 mandato
3524 1767 3797 1822 Athana-

2142 1854 2265 1909 sius
2293 1854 2440 1909 abiit
2463 1854 2843 1923 Alexandria,
2875 1856 3168 1927 multique
3190 1855 3292 1910 alii
3324 1854 3601 1910 catholici
3632 1855 3800 1926 epis-

2140 1943 2271 2014 copi
2304 1943 2426 1997 suis
2457 1942 2788 1999 civitatibus
2847 1944 3045 2016 ejecti,
3079 1949 3144 1998 in
3203 1944 3295 1998 his
3328 1943 3615 2014 Cyrillum
3646 1960 3799 2000 nos-

2140 2034 2298 2084 trum
2330 2047 2644 2086 numerare
2668 2031 2823 2087 licet.
2853 2032 2995 2101 Ejus
3022 2032 3222 2087 sedem
3248 2036 3368 2087 toto
3388 2032 3492 2087 illo
3526 2038 3799 2104 tempore

2142 2126 2383 2175 tenuere
2414 2121 2741 2176 secundum
2764 2121 3086 2188 Socratem,
3121 2123 3510 2177 Sozomenum
3536 2127 3597 2176 et
3623 2123 3796 2178 Nice-

2137 2212 2414 2282 phorum,
2468 2211 2772 2268 Heraclius
2804 2218 2862 2267 et
2893 2212 3171 2276 Hilarius,
3206 2214 3306 2285 qui
3338 2212 3496 2269 idem
3534 2219 3624 2269 est
3651 2230 3793 2274 cum

2142 2299 2406 2356 Helladio
2437 2300 2510 2356 ab
2542 2307 2783 2357 auctore
2814 2301 3074 2373 Catalogi
3123 2301 3469 2358 Coisliniani
3511 2309 3647 2374 post
3677 2303 3795 2357 He-

2137 2389 2387 2444 raclium
2434 2390 2790 2445 nominato:
2843 2389 3169 2445 secundum
3216 2391 3642 2462 Epiphanium,
3675 2392 3785 2462 Cy-

2139 2478 2309 2534 rillus
2339 2478 2489 2533 alter
2517 2496 2553 2534 a
2581 2484 2783 2535 nostro
2816 2485 2875 2533 et
2904 2479 3247 2535 Hilarionus
3279 2479 3436 2535 idem
3463 2497 3600 2535 cum
3633 2479 3796 2536 Hila-

2138 2569 2249 2623 rio.
2275 2569 2671 2641 Hieronymus
2701 2574 2836 2641 post
2859 2569 3199 2625 restitutum
3220 2570 3481 2625 secundo
3505 2569 3795 2640 Cyrillum

2140 2674 2326 2713 unum
2354 2658 2642 2713 Hilarium
2670 2658 2771 2729 qui
2822 2658 2875 2714 ei
2918 2660 3274 2714 successerit
3304 2660 3499 2715 refert.
3538 2660 3663 2724 Quo
3694 2675 3800 2715 au-

2143 2750 2262 2801 tem
2296 2748 2638 2820 migraverit
2684 2748 2940 2819 Cyrillus
2997 2747 3186 2804 altum
3218 2748 3279 2803 in
3314 2748 3566 2804 historia
3617 2749 3808 2804 silen-

2145 2835 2288 2890 tium
2315 2854 2329 2903 ;
2362 2837 2466 2891 sed
2496 2852 2634 2891 eum
2667 2836 2799 2891 loca
2830 2837 3026 2893 exsilii
3057 2838 3217 2892 varia
3249 2843 3650 2893 commutasse
3680 2837 3802 2893 col-

2143 2924 2243 2997 ligi
2278 2930 2473 2997 potest
2512 2942 2583 2980 ex
2631 2926 2869 2981 concilii
2902 2926 3546 2998 Constantinopolitani
3579 2926 3802 2994 verbis,

2145 3013 2205 3067 in
2239 3030 2353 3085 quo
2386 3015 2590 3068 Patres
2633 3013 2775 3067 dum
2825 3013 3110 3085 Cyrillum
3145 3014 3410 3083 laudant,
3445 3016 3616 3070 aiunt
3662 3032 3801 3071 eum

2149 3101 2407 3172 plurima
2439 3102 2611 3157 variis
2644 3102 2705 3156 in
2734 3101 2880 3157 locis
2911 3108 3118 3158 contra
3163 3103 3413 3159 Arianos
3470 3105 3801 3160 certamina

2150 3189 2401 3245 subiisse
2430 3207 2443 3245 :
2479 3207 2732 3261 quorum
2759 3191 3027 3246 omnium
3076 3193 3471 3248 certaminum
3502 3210 3714 3250 causas
3745 3199 3807 3250 et

2141 3279 2347 3334 modos
2378 3279 2563 3334 tacuit
2591 3279 2861 3335 historia.

2212 3407 2299 3460 72.
2332 3405 2518 3469 Quam
2542 3404 2833 3471 luctuosa,
2859 3404 3103 3460 absente
3127 3405 3367 3475 Cyrillo,
3384 3405 3718 3461 Palaestinas
3740 3410 3801 3460 et

2140 3493 2694 3565 Hierosolymitanaa
2721 3493 2998 3548 Ecclesiae
3020 3494 3200 3549 facies
3222 3495 3421 3562 fuerit,
3444 3512 3566 3550 non
3591 3501 3797 3551 tacue-

2138 3589 2281 3637 runt
2309 3584 2647 3654 scriptores.
2683 3586 2749 3639 ln
2772 3599 2903 3639 eam
2928 3583 3088 3638 enim
3121 3583 3489 3640 inﬂuxerunt
3510 3588 3569 3639 et
3594 3585 3796 3640 Ariani

2138 3673 2639 3744 etApollinaristaa
2661 3672 3260 3727 etPneumatomachi
3275 3678 3334 3727 et
3350 3674 3545 3729 omnis
3562 3674 3799 3746 generis

2136 3761 2398 3816 hmretici
2419 3777 2670 3832 eamque
2682 3761 2879 3816 labem
2894 3761 2968 3816 do
2978 3763 3236 3817 mesticas
3254 3762 3441 3817 turbas
3457 3768 3794 3818 consecuta;

2137 3856 2294 3904 sunt.
2322 3850 2635 3921 Gregorius
2655 3850 2940 3905 Nissenus
2961 3849 3061 3904 lib.
3086 3868 3125 3905 ιι
3154 3853 3216 3905 iu
3235 3853 3487 3915 Eunom.,
3511 3868 3638 3924 pag.
3666 3853 3795 3917 315,

2134 3938 2513 3993 Palzestinam
2545 3945 2823 3993 numerat
2843 3939 3001 3993 inter
3025 3940 3364 4010 provincias
3398 3957 3529 4011 quas
3561 3939 3804 3995 haereti—

2134 4042 2264 4081 cam
2278 4028 2668 4082 vastationem
2687 4034 2747 4082 et
2766 4028 3197 4101 grassationem
3219 4037 3476 4101 experta:
3501 4028 3804 4101 sunt.pul-

2134 4115 2471 4187 sis[LXXV]
2494 4116 2882 4172 ecclesiarum
2905 4117 3261 4187 praesidibus
3284 4125 3527 4189 propter
3548 4119 3797 4174 {ideide-

2131 4204 2464 4260 fensionem
2488 4205 3130 4277 insignibusCmsareas
3156 4206 3327 4278 pulso
3348 4207 3793 4278 Gelasio,quem

2131 4294 2386 4366 Cyrillus
2409 4294 2463 4349 ei
2486 4293 2764 4349 Ecclesia)
2784 4292 3515 4364 prmfecerat,substitutus
3536 4313 3606 4352 ex
3622 4298 3792 4352 Aria-

2131 4399 2344 4438 norum
2357 4398 2531 4455 grege
2545 4381 3000 4437 Euzoius.Erant
3013 4400 3250 4454 quoque
3271 4385 3373 4439 alii
3393 4400 3462 4440 ex
3485 4385 3692 4441 eadem
3710 4385 3792 4441 fa-

2129 4470 2326 4526 ctione
2343 4471 2698 4543 episcopi,ut
2720 4470 3085 4526 Gemellinus
3104 4472 3788 4545 PhilippusScythopoli-

2130 4559 2639 4631 tanusPatrophili
2660 4575 2969 4614 successor
2984 4566 3041 4614 et
3053 4562 3403 4618 Anastasius
3423 4563 3680 4636 Philippi
3697 4563 3802 4619 alii

2131 4666 2265 4721 que.
2292 4651 2397 4714 Qui
2418 4649 2662 4719 quidem,
2688 4648 2771 4702 ait
2789 4649 2999 4719 Epiph.
3024 4649 3236 4706 haeres.
3269 4667 3462 4718 Lxxm,
3495 4669 3661 4708 num.
3690 4655 3760 4709 37
3782 4696 3797 4722 ,

2130 4758 2240 4797 non
2265 4742 2473 4796 occulte
2491 4740 2586 4797 sed
2599 4738 2790 4810 palam
2808 4745 2859 4794 et
2880 4740 3147 4795 audacter
3164 4742 3311 4796 velut
3332 4746 3506 4798 omnis
3528 4745 3790 4799 bonitatis

2131 4836 2397 4901 expertes,
2423 4845 2533 4883 non
2567 4829 2693 4883 Arii
2719 4829 2894 4882 solum
2933 4829 3153 4884 decreta
3200 4830 3415 4898 docent,
3442 4832 3539 4886 sed
3564 4839 3619 4886 et
3635 4849 3792 4888 suam

2129 4922 2375 4991 ipsorum
2403 4923 2764 4988 propugnant
2788 4917 3053 4985 haeresim,
3086 4934 3151 4972 ac
3180 4919 3434 4974 veritatis
3459 4923 3795 4990 professores

2131 5012 2535 5079 insequuntur:
2566 5021 2702 5076 quos
2721 5022 2833 5060 non
2854 5007 3034 5060 verbis
3060 5007 3221 5061 modo
3249 5010 3512 5063 nituntur
3532 5016 3791 5077 evertere,

2132 5099 2228 5155 sed
2285 5096 2571 5152 hostilibus
2622 5096 2936 5149 inimicitiis
2993 5111 3058 5149 ac
3117 5096 3270 5152 bellis
3321 5097 3610 5162 lacessunt,
3658 5102 3796 5154 etin

2133 5194 2293 5243 rectae
2323 5185 2455 5256 ﬁdei
2505 5190 2797 5240 sectatores
2844 5184 3051 5253 gladiis
3098 5187 3265 5239 etiam
3286 5188 3750 5243 animadvertunt
3777 5206 3802 5252 ;

2133 5293 2230 5332 nec
2257 5278 2315 5330 in
2346 5290 2461 5330 una
2489 5274 2767 5328 duntaxat
2784 5274 3095 5342 provincia,
3126 5274 3221 5328 sed
3247 5291 3305 5329 in
3348 5276 3632 5347 plerisque
3686 5294 3788 5333 ne-

2133 5368 2280 5435 farie
2310 5363 2563 5419 bacehati
2590 5367 2717 5416 sunt
2791 5360 2926 5415 Hmc
2951 5360 3052 5415 ille
3107 5361 3265 5417 circa
3294 5379 3371 5417 an
3446 5367 3589 5432 375;
3623 5364 3793 5420 addit

2136 5472 2197 5511 n.
2223 5455 2311 5522 38,
2344 5469 2431 5509 eos
2453 5450 2676 5522 publice
2724 5449 3033 5520 pradicare
3058 5467 3169 5506 non
3216 5452 3508 5515 dubitasse,
3539 5460 3789 5511 creatum

2209 5633 2326 5705 (ao)
2357 5629 2512 5689 Ibid.
