4090 6268
431 270 542 352 111

1709 290 1813 349 DE
1856 286 2044 347 Vl'l‘A
2087 286 2153 346 S.
2202 284 2535 347 CYBlLLl.

3717 288 3838 349 112

426 423 748 478 schismate
807 425 1133 492 separatos,
1156 419 1434 475 Ecclesiae
1465 421 1819 493 conjunctos
1861 418 2067 473 fuisse.
2099 428 2148 491 Α
2182 416 2255 470 iis
2307 417 2407 487 qui
2454 416 3136 473 consubstantialitatem
3179 417 3616 489 proﬁtebantur
3649 435 3663 486 ;
3696 419 3839 476 ade-

422 511 675 566 ’Ἢνωσαν
709 505 765 562 δὲ
794 510 881 563 καὶ
906 508 968 562 τὸ
1000 507 1208 580 σχίσμα
1224 506 1287 562 τὸ
1313 510 1449 562 κατᾶ
1479 506 1748 564 Παυλῖνον
1771 508 1846 570 ὡς
1867 500 2074 578 ἀνδρῶν

420 596 787 672 τετρακοσίων
852 596 1222 669 μοναζόντων.
1258 598 1576 653 Monachos
1616 598 1751 652 illos
1800 610 2076 668 magnam

423 689 573 743 forte
600 694 828 759 partem
865 688 1101 742 Latinos
1133 687 1406 759 [LXXXI]
1441 687 1737 741 exstitisse
1771 683 2076 757 probabile

426 778 779 833 est.Certum
800 776 1019 830 multos
1034 776 1271 830 Latinos
1294 776 1372 831 ad
1402 774 1774 831 monasticen
1797 773 2077 844 proﬁten-

426 868 563 922 dam
591 866 1058 936 Hierosolymam
1090 864 1385 936 proﬁcisci
1435 864 1641 929 solitos
1672 878 1823 917 esse.
1858 863 1970 914 Eos
2001 859 2074 915 ab

425 954 839 1027 amplectenda
863 954 1064 1026 Cyrilli
1110 953 1530 1007 communione
1558 950 1917 1007 revocabant
1947 950 2076 1003 sine

425 1045 603 1100 dubio
639 1061 858 1115 sparsa)
892 1043 952 1097 in
985 1043 1088 1097 illa
1114 1049 1279 1113 parte
1310 1042 1541 1097 Paulini
1572 1041 1853 1096 adversus
1872 1037 2076 1110 Cyrilli

424 1134 771 1189 canonicam
832 1132 1270 1187 ordinationem
1332 1130 1667 1185 calumniae.
1722 1131 1937 1183 Parum
1991 1127 2076 1181 eis

423 1223 770 1280 refellendis
804 1222 1054 1277 idoneus
1108 1228 1234 1276 erat
1283 1222 1553 1287 Ruﬁnus,
1615 1234 1789 1291 quem
1832 1218 1905 1272 iis
1935 1216 2076 1273 ﬁdei

425 1312 705 1368 nonnihil
726 1312 1003 1366 habuisse
1027 1317 1343 1374 constat,et
1371 1310 1596 1380 alioqui
1623 1308 1841 1381 Cyrillo
1865 1322 2074 1379 parum

426 1419 663 1473 mquam
695 1402 879 1457 fuisse
905 1407 1171 1472 apparet.
1207 1403 1325 1455 Hoc
1358 1416 1593 1471 quoque
1651 1415 1830 1466 anno,
1863 1397 2074 1452 saltem

428 1498 564 1547 ante
588 1491 908 1545 concilium
942 1491 1665 1561 Constantinopolitanum
1711 1505 1826 1559 quo
1876 1491 2075 1541 tantus

428 1580 556 1650 ejus
587 1579 753 1633 urbis
785 1578 1061 1649 episcopo
1084 1592 1401 1632 concessus
1443 1582 1532 1631 est
1561 1575 1806 1630 honoris
1834 1572 2074 1645 gradus,

427 1669 746 1739 contigisse
777 1673 1052 1737 putamus
1074 1666 1384 1721 historiam
1416 1682 1547 1736 quae
1580 1665 1641 1718 in
1679 1665 1818 1719 Vitis
1846 1664 2075 1717 Patrum

425 1756 805 1811 referturlib.
830 1773 882 1819 v,
916 1755 1237 1825 interprete
1296 1754 1551 1826 Pelagio,
1584 1753 1736 1807 libro
1791 1767 1895 1805 seu
1925 1752 2071 1858 §jxv,
2110 1795 2152 1858 Β

426 1846 500 1901 De
530 1845 861 1912 humilitate,
894 1861 953 1899 n.
988 1845 1076 1898 8:5.
1102 1846 1225 1899 Duo
1250 1860 1465 1914 nempe
1496 1843 1709 1897 fratres
1729 1841 1791 1895 in
1816 1838 2074 1910 quodam

428 1934 814 1990 Alexandrini
839 1934 1214 2005 episcopatus
1242 1938 1432 1987 tractu
1463 1931 1836 1987 monasticen
1853 1928 2082 2000 profes-

432 2024 504 2090 si,
536 2023 825 2079 castitatis
848 2022 1042 2076 studio
1074 2022 1337 2076 scientiae
1361 2036 1427 2076 ac
1446 2019 1824 2074 discretionis
1842 2022 2081 2088 experte

435 2117 845 2168 castraverunt
874 2129 958 2178 se,
992 2112 1159 2181 quasi
1196 2116 1438 2181 pr0pter
1491 2124 1741 2180 regnum
1774 2107 2077 2162 caelorum.

436 2202 602 2267 Quod
614 2219 749 2257 cum
764 2202 1097 2256 rescivisset
1126 2200 1607 2270 archiepiscopus
1622 2196 1881 2251 Alexand
1893 2195 2079 2263 rinus,

434 2292 640 2347 ambos
663 2289 1213 2346 excommunicavit.
1250 2289 1341 2342 Illi
1391 2288 1625 2358 culpam
1667 2304 1735 2341 ex
1766 2284 2080 2357 Evangelia

434 2380 590 2436 male
608 2379 909 2434 intellecto
924 2375 1938 2448 defendentes,Hierosolymitanum
1956 2373 2082 2444 epi-

433 2485 677 2540 scopum
711 2467 1007 2533 adiere,ut
1037 2484 1139 2531 per
1160 2483 1295 2521 eum
1312 2465 1590 2520 avinculo
1609 2463 2080 2519 excommunica'

431 2556 613 2611 tionis
645 2556 1015 2609 solverentur
1049 2555 1185 2623 ;qui
1220 2554 1339 2607 illis
1371 2555 1667 2624 patienter
1687 2551 2077 2606 auditisidem

429 2661 783 2717 responsum
816 2643 1012 2697 dedit:
1043 2645 1113 2698 Et
1145 2659 1243 2713 ego
1271 2660 1364 2697 vos
1394 2646 1820 2698 emcommunico.
1873 2640 1957 2696 Ab
2011 2657 2078 2697 eo

432 2737 676 2809 repulsi,
707 2735 1079 2790 Antiochiam
1138 2735 1398 2805 primum
1429 2733 1505 2788 ad
1562 2734 1907 2805 episcopum
1943 2748 2074 2803 per-

432 2842 661 2893 rexere,
686 2841 719 2879 a
742 2840 857 2894 quo
890 2840 1010 2878 non
1044 2823 1256 2878 melius
1288 2823 1495 2889 habiti,
1534 2824 1780 2877 Romam
1828 2821 2075 2893 profecti

425 2915 579 2971 nihil
610 2914 772 2969 aliud
803 2929 837 2967 a
867 2929 1101 2967 summo
1132 2912 1410 2983 pontiﬁce
1459 2918 1675 2984 prmter
1721 2925 2075 2982 responsum

425 3005 537 3058 hoc
567 3002 903 3057 retulerunt
934 3017 945 3055 ε
982 3002 1092 3069 Ego
1119 3017 1209 3055 vos
1256 3001 1685 3063 excommunieo,
1719 3006 1771 3053 et
1798 3000 2076 3068 segregati

426 3095 572 3149 estis.
609 3089 881 3146 Nondum
913 3090 1099 3144 fracta
1142 3094 1227 3144 tot
1255 3089 1511 3160 repulsis
1541 3088 1890 3160 pertinacia,
1921 3103 2069 3158 qua-

2189 512 2325 560 rant
2350 506 2509 560 enim
2550 523 2620 561 ex
2651 506 3091 561 Macedonianis
3141 524 3242 561 sex
3292 513 3350 561 et
3400 508 3660 580 triginta.
3724 510 3838 565 Sed

2187 595 2344 649 inter
2372 594 2509 650 illos
2525 596 2962 667 quinquaginta
2992 602 3228 652 centum
3244 597 3840 667 comprehenduntur

2188 701 2257 739 ex
2280 685 2517 739 Socrate
2550 685 2664 754 (36)
2698 684 2948 756 {Egyptii
3009 690 3068 739 et
3096 684 3466 748 Macedones,
3501 688 3598 756 qui
3635 692 3833 742 tamen

2186 774 2425 828 nonnisi
2462 779 2592 844 post
2612 774 2828 827 Meletii
2861 779 3136 836 mortem,
3157 773 3229 829 ab
3259 774 3618 845 imperatore
3637 778 3836 846 potius

2184 880 2363 933 quam
2388 880 2421 917 a
2452 862 2703 917 concilio
2721 863 2906 916 vocati
2925 864 3344 918 occurrere.Eo
3367 862 3621 935 Cyrillus
3637 864 3838 919 Hiero-

2185 952 2432 1023 solymis
2462 952 2787 1006 accersitur
2816 968 2950 1006 cum
2984 951 3215 1006 Gelasio
3238 952 3609 1019 Caesariensi,
3644 954 3745 1023 qui
3770 954 3831 1008 in

2185 1041 2721 1111 subscriptionibus
2820 1040 3054 1095 concilii
3151 1042 3370 1113 Cyrillo
3430 1044 3833 1114 postponitur,

2182 1129 2474 1200 [LXXXII]
2507 1128 2791 1200 Cyrillum
2821 1130 3090 1184 Socrates
3139 1135 3197 1185 et
3249 1130 3627 1199 Sozomenus,
3688 1131 3832 1186 dum

2185 1219 2493 1289 epiSCOpos
2516 1217 2753 1273 concilii
2779 1226 3112 1286 recensent,
3144 1219 3299 1273 inter
3324 1221 3500 1274 trium
3531 1222 3832 1291 majorum

2184 1309 2415 1363 sedium
2476 1309 2785 1380 episcopos
2844 1315 3207 1376 numerant;
3242 1327 3420 1380 quem
3472 1312 3651 1366 etiam
3694 1328 3832 1366 cum

2182 1397 2303 1452 illis
2335 1398 2587 1452 concilio
2610 1398 2960 1469 praesedisse
2979 1404 3181 1453 narrat
3197 1399 3644 1461 Sozomenus,et
3672 1417 3742 1454 ex
3763 1416 3833 1455 eo

2181 1486 2485 1541 afﬁrmant
2504 1486 3301 1558 Theophanes,Cedrenus.et
3318 1487 3665 1558 GlycasSed
3688 1504 3833 1543 con-

2181 1575 2564 1631 tumeliosum
2595 1575 3002 1647 Cyrillo,quod
3033 1575 3337 1631 afﬁrmant
3362 1576 3631 1631 Socrates
3653 1582 3709 1630 et
3729 1577 3836 1631 So-

2180 1664 2771 1735 zomenus,Cyrillum
2804 1681 2872 1719 eo
2907 1670 3172 1736 tempore
3204 1665 3698 1722 consubstantiali
3725 1666 3836 1721 ad-

2182 1754 2426 1809 haesisse
2442 1769 2511 1808 ex
2527 1754 3100 1823 resipiscentia,cum
3115 1755 3808 1818 ante,additSozomenus
3820 1800 3834 1821 ,

2189 1842 2510 1897 Macedonii
2536 1844 2847 1897 sententiae
2874 1843 3242 1899 adhaesisset.
3304 1844 3475 1899 Nulla
3523 1846 3683 1900 enim
3715 1844 3837 1900 alia

2186 1929 2387 2000 Cyrilli
2412 1946 2546 1984 cum
2574 1930 2914 1985 Macedonio
2945 1937 3340 2002 praaterquam
3375 1932 3435 1987 in
3457 1933 3710 1988 concilio
3731 1932 3834 1987 Se-

2186 2014 2474 2073 leuciensi
2499 2019 2749 2074 societas
2780 2019 3014 2092 legitur.
3046 2022 3171 2075 Jam
3197 2021 3269 2076 ab
3299 2037 3456 2076 anno
3479 2024 3583 2076 362
3614 2021 3831 2076 Meletii

2186 2106 2664 2160 communionem
2694 2106 3071 2177 sequebatur.
3096 2109 3197 2178 qui
3250 2114 3376 2162 tum
3424 2125 3663 2164 omnem
3696 2126 3833 2165 cum

2187 2195 2424 2248 Arianis
2455 2195 2940 2266 conjunctionem
2974 2196 3293 2267 abjecerat,
3310 2203 3488 2267 atque
3509 2214 3544 2253 a
3564 2197 3831 2252 Macedo-

2186 2285 2285 2338 nio
2318 2301 2554 2355 semper
2582 2286 2886 2356 sejunctus
2909 2286 3137 2340 videtur
3166 2286 3369 2342 fuisse.
3395 2287 3835 2358 Nihilunquam

2185 2372 2400 2444 Cyrillo
2416 2373 2476 2428 in
2494 2374 3049 2429 Macedonianorum
3069 2374 3342 2440 rebus,iis
3356 2378 3683 2446 praesertim
3700 2393 3834 2447 quas

2185 2462 2464 2516 adversus
2514 2464 2809 2518 Nicmnam
2864 2463 3038 2519 ﬁdem
3077 2469 3134 2518 et
3172 2464 3539 2520 divinitatem
3581 2465 3834 2536 Spiritus

2185 2552 2371 2606 sancti
2404 2567 2662 2623 gessere,
2696 2568 3011 2607 commune
3032 2553 3144 2607 fuit
3176 2570 3188 2606 :
3219 2553 3338 2608 imo
3370 2556 3832 2610 Pneumatoma-

2184 2640 2326 2695 chos
2365 2640 2949 2712 llierosolymis,cum
2976 2641 3047 2696 ab
3076 2642 3285 2697 exsilio
3308 2642 3546 2710 rediit,a
3571 2660 3837 2698 commu-

2185 2729 2361 2782 nione
2419 2729 2697 2784 Ecclesiaa
2750 2731 2940 2784 tenuit
2986 2730 3235 2796 alienos,
3299 2730 3491 2787 donec
3553 2733 3831 2788 haeresim

2183 2817 2605 2871 emendassent
2627 2835 2640 2884 ;
2666 2818 3096 2889 Gregoriusque
3114 2821 3434 2890 Nyssenus,
3468 2837 3601 2875 cum
3622 2821 3832 2876 Hiero-

2183 2905 2427 2974 solymis
2449 2921 2607 2959 anno
2631 2906 2933 2976 superiore
2956 2914 3310 2973 versaretur,
3344 2916 3568 2964 certum
3590 2909 3830 2964 deinte-

2180 2995 2437 3065 gerrima
2464 2994 2663 3065 Cyrilli
2697 2995 2854 3050 circa
2884 2996 2978 3052 SS.
3013 2997 3362 3053 Trinitatem
3402 2998 3518 3054 ﬁde
3559 3000 3832 3054 testimo-

2182 3084 2345 3137 nium
2369 3084 2856 3138 tulerat.Concilii
2890 3092 3053 3157 gesta
3066 3103 3196 3157 qua)
3216 3087 3492 3142 omnibus
3523 3094 3663 3143 nota
3689 3094 3833 3143 sunt

426 3188 562 3237 tuor
591 3180 725 3234 illos
750 3180 1060 3249 episcopos
1086 3157 1375 3233 honorem
1395 3177 1503 3232 sibi
1528 3157 1778 3232 invicem
1798 3157 2067 3248 neglecta
2098 3157 2139 3221 C
2178 3188 2297 3226 non
2312 3189 2636 3243 persequar
2658 3193 2673 3237 ς
2692 3178 2922 3228 tantum
2946 3176 3424 3231 commemorabo
3438 3178 3593 3247 quod
3606 3177 3828 3250 Cyrillo

428 3270 707 3341 tequitate
733 3268 962 3323 deferre
1003 3267 1135 3333 rati,
1170 3267 1567 3337 Epiphanium
1598 3265 2068 3320 Salaminensem

425 3359 595 3430 quasi
626 3357 813 3410 virum
846 3361 1140 3419 sanctum,
1199 3355 1571 3425 prophetam,
1604 3360 1663 3408 et
1690 3354 1762 3409 ab
1795 3353 2071 3409 humanis

424 3444 1005 3503 dissimulationihus
1036 3443 1300 3498 alienum
1324 3442 1485 3498 adire
1518 3443 1906 3497 constituunt.
1959 3443 2067 3507 Qui

423 3552 555 3592 cum
590 3534 1140 3604 appropinquarent
1159 3531 1233 3586 ad
1254 3531 1805 3603 urbem,episcopus
1826 3531 1897 3585 de
1920 3530 2067 3586 coelo

420 3623 784 3689 admonitus,
810 3622 871 3675 in
904 3636 1217 3675 occursum
1266 3636 1469 3675 eorum
1505 3620 1686 3686 misit,
1721 3619 1821 3690 qui
1845 3619 1930 3673 eis
1962 3619 2067 3674 de-

417 3714 765 3768 nuntiarent
794 3727 867 3765 ne
901 3709 1197 3765 civitatem
1228 3709 1698 3777 ingrederentur.
1720 3708 2064 3780 Totepisco-

415 3818 627 3874 porum
659 3799 1463 3870 concordia,propheticoque
1495 3798 2063 3870 Epiphaniioraculo

414 3891 695 3964 perculsi,
726 3889 962 3960 culpam
984 3904 1273 3960 agnovere
1293 3888 1561 3955 tandem,
1593 3904 1843 3958 eamque
1875 3888 2061 3941 conﬁ-

416 3988 609 4038 tentes
642 3982 702 4035 in
734 3980 1216 4036 communionem
1253 3979 1496 4051 recepti,
1557 3986 1614 4034 et
1670 3995 1806 4033 cum
1848 3978 2061 4033 litteris

414 4069 917 4126 commendatitiis
931 4069 1002 4123 ad
1016 4069 1321 4139 proprium
1340 4068 1683 4139 episcopum
1707 4067 2061 4121 suntremis-

416 4157 676 4224 si.Quod
735 4158 891 4210 inter
938 4157 1192 4225 majores
1251 4156 1560 4226 episcopos
1612 4154 1892 4209 fratribus
1938 4154 2059 4209 illis

414 4243 1055 4315 Constantinopolitani
1089 4244 1150 4296 in
1180 4250 1439 4298 mentem
1473 4259 1591 4297 non
1617 4243 1864 4309 venerit,
1882 4259 2055 4314 argu-

411 4340 613 4389 mento
647 4341 736 4388 est
765 4337 901 4387 ante
955 4330 1277 4385 concilium
1333 4330 2055 4401 Constantinopolitanum

408 4424 726 4495 contigisse
759 4423 911 4475 hanc
925 4420 1393 4489 historiam,qua3
1424 4418 1646 4488 alioqui
1669 4420 2054 4474 eminentiam

408 4511 958 4581 Hierosolymitanae
991 4508 1148 4562 sedis
1180 4507 1337 4561 haud
1366 4523 1574 4578 parum
1607 4507 1887 4564 declarat.

1059 4614 1289 4668 CAPUT
1318 4614 1439 4667 XV.

404 4723 654 4794 Cyrillus
710 4724 941 4778 concilio
1000 4719 1606 4794 Constantinopolitano
1671 4723 1915 4787 interest,
1964 4724 2057 4779 cui

477 4796 890 4850 ordinationem
922 4809 1073 4847 suam
1107 4792 1404 4863 approbat,
1437 4793 1665 4862 ejusque
1722 4797 2057 4850 auctoritate

476 4866 909 4921 commendatur.

477 4956 564 5009 '79.
622 4957 738 5010 Hoc
797 4971 953 5009 anno
1011 4953 1396 5021 Theodosius,
1449 4953 1523 5008 ad
1574 4957 2051 5025 componendum

405 5045 724 5101 Orientalis
757 5043 1033 5099 Ecclesiae
1065 5050 1305 5110 statum,
1339 5060 1458 5097 non
1483 5044 1895 5100 hmreticorum
1928 5051 2053 5101 lan-

410 5135 745 5192 tummodo.
776 5149 980 5187 verum
1020 5132 1197 5186 etiam
1227 5132 1664 5187 Catholicorum
1695 5134 1852 5189 inter
1882 5152 1942 5189 se
1965 5136 2048 5189 di-

394 5224 601 5277 vortiis
646 5223 866 5284 scissas,
898 5220 1409 5291 Constantinopoli
1464 5222 1783 5277 concilium
1816 5239 1884 5277 ex
1916 5224 2037 5295 epi-

402 5313 566 5383 copis
600 5318 780 5366 totius
815 5311 1047 5381 imperii
1108 5309 1197 5364 sui
1248 5311 1456 5382 coegit.
1512 5312 1621 5382 (35)
1680 5312 1928 5367 Centum
1986 5319 2045 5367 et

394 5401 829 5474 quinquaginta
860 5398 1033 5471 vulgo
1087 5399 1389 5454 numerari
1422 5400 1616 5454 solent
1645 5402 1929 5473 episcopi,
1970 5419 2041 5458 ex

457 5579 575 5651 (35)
605 5580 748 5647 Soz.,
784 5579 887 5635 lib.
913 5596 1010 5645 vn,
1036 5593 1164 5648 cap.
1199 5581 1250 5633 7.

2181 3262 2487 3331 proprium
2517 3262 2828 3317 videbitur.
2857 3264 3000 3319 Cum
3030 3265 3673 3339 synodusillegitimam
3708 3269 3826 3322 Ma-

2179 3350 2317 3404 ximi
2344 3356 2551 3405 contra
2582 3352 2922 3423 Gregorium
2972 3352 3413 3409 ordinationem
3444 3357 3822 3426 pronuntias-

2180 3447 2287 3508 set,
2322 3458 2673 3514 summoque
2704 3442 2898 3499 favore
2948 3445 3293 3517 Gregorium
3343 3448 3403 3501 in
3435 3448 3612 3519 hujus
3666 3449 3827 3507 sedis

2176 3532 2552 3600 possessione
2584 3532 3016 3597 conﬁrmasset,
3042 3533 3235 3589 subita
3258 3542 3446 3590 morte
3483 3544 3825 3609 "praereptus

2176 3627 2267 3676 est
2297 3621 2563 3677 Meletius
2607 3623 3047 3690 Antiochenus;
3083 3641 3257 3695 quem
3284 3626 3598 3698 Gregorius
3616 3629 3824 3698 Nysse-

2174 3728 2288 3767 nus
2318 3729 2474 3767 unus
2507 3729 2536 3766 e
2568 3713 2805 3767 concilii
2835 3714 3128 3778 Patribus,
3158 3717 3427 3772 oratione
3470 3718 3531 3771 in
3569 3719 3697 3788 ejus
3726 3719 3827 3774 fu-

2174 3818 2315 3857 nere
2347 3817 2543 3856 corum
2568 3801 2821 3855 concilio
2844 3802 3046 3858 habita
3059 3820 3167 3876 pag
3196 3805 3553 3872 587,Patrem
3576 3824 3824 3863 commu-

2171 3907 2291 3944 nem
2323 3896 2373 3944 et
2406 3890 2598 3943 ducem
2628 3890 2852 3944 concilii
2880 3898 3054 3946 vocat.
3088 3894 3269 3947 Justis
3326 3896 3455 3965 ejus
3514 3897 3820 3952 memoriie

2172 3978 3097 4052 persolutis,nonnulli,neglecto
3112 3981 3329 4037 foedere
3344 3984 3499 4054 quod
3519 3984 3820 4041 Meletium

2170 4067 2329 4120 inter
2359 4071 2416 4121 et
2444 4066 2759 4121 Paulinum
2782 4084 2902 4123 non
2935 4069 3017 4124 ita
3055 4071 3285 4141 pridem
3317 4078 3556 4143 pactum
3603 4073 3819 4143 fuerat,

2169 4161 2235 4209 ut
2265 4155 2364 4225 qui
2399 4154 2569 4210 alteri
2605 4162 2907 4227 superstes
2948 4158 3102 4213 foret
3158 4160 3479 4216 Ecclesiam
3522 4162 3821 4220 obtineret

2170 4242 2351 4307 solus,
2379 4242 2449 4297 de
2474 4259 2814 4299 successore
2850 4245 3081 4300 Meletio
3112 4247 3483 4321 subrogando
3505 4265 3574 4304 ac
3606 4253 3818 4307 conci-

2169 4331 2313 4385 lium
2334 4332 3002 4405 retulere,Gregoriique
3026 4336 3370 4393 Nazianzeni
3396 4340 3494 4409 qui
3527 4346 3651 4394 tum
3677 4358 3814 4397 con-

2167 4421 2302 4476 cilio
2328 4426 2676 4491 praaerat,ea
2689 4422 2749 4475 in
2762 4438 2825 4476 re
2839 4422 3170 4479 subsidium
3188 4430 3499 4497 etoperam
3514 4444 3812 4501 rogavere.

2090 4510 2139 4573 D
2169 4510 2274 4564 Ille
2298 4511 2485 4579 (carm.
2512 4513 2560 4576 l,
2584 4527 2641 4581 p.
2662 4513 2748 4577 25,
2767 4513 2853 4580 27)
2876 4535 2900 4561 «ι
2921 4513 3201 4568 omnibus
3232 4514 3453 4570 viribus
3472 4533 3546 4570 ne
3568 4518 3627 4572 id
3648 4519 3822 4575 ﬁeret

2166 4618 2193 4645 «
2219 4596 2618 4667 obniti,utque
2641 4614 2710 4653 ea
2733 4600 2980 4655 ﬁniendi
3006 4601 3707 4661 schismatisAntiocheni
3723 4625 3818 4663 oc-

2165 4687 2364 4741 «casio
2384 4687 2749 4757 arriperetur
2786 4689 3138 4760 supplicare.
3174 4694 3297 4747 Non
3329 4693 3529 4749 audita
3561 4700 3652 4749 est
3680 4696 3813 4768 ejus

2168 4799 2187 4824 α
2208 4775 2396 4830 oratio
2409 4774 2481 4829 ad
2495 4790 2699 4846 pacem
2714 4777 3315 4847 pertinensJuniores
3328 4781 3609 4837 adversus
3622 4785 3815 4855 ipsum

2163 4888 2191 4914 ‹‹
2212 4866 2389 4919 etiam
2406 4881 2538 4918 cum
2556 4864 2781 4935 impetu
2800 4869 3287 4933 exsurrexere,ab
3320 4872 3524 4943 eisque
3541 4875 3811 4929 seniores

2163 4975 2191 5002 ‹‹
2204 4953 2386 5007 nimis
2413 4952 2676 5007 molliter
2704 4955 2862 5024 passi
2891 4962 3030 5010 sunt
3051 4974 3112 5011 se
3135 4958 3367 5013 abduci.
3405 4962 3623 5016 Horum
3656 4964 3808 5018 ratio

2161 5064 2189 5092 ‹‹
2210 5042 2650 5112 erat,quoniam
2672 5042 2942 5099 Christus
2967 5045 3028 5099 in
3063 5045 3300 5102 Oriente
3325 5056 3504 5105 natus
3522 5058 3698 5118 esset,
3724 5052 3811 5107 id-

2157 5133 2360 5188 «circo
2406 5149 2643 5203 aequum
2683 5150 2812 5188 esse
2844 5138 3229 5208 utpraacipua
3250 5143 3574 5197 auctoritas
3622 5159 3809 5214 penes

2154 5244 2185 5273 cr
2208 5222 2537 5278 Orientales
2556 5225 3021 5288 manerethuaa
3054 5227 3296 5297 quidem
3319 5231 3468 5285 ratio
3485 5236 3609 5286 erat
3629 5233 3813 5302 potis-

2154 5312 2369 5365 simum
2393 5325 2427 5364 a
2447 5309 2665 5380 Cyrillo
2688 5311 2973 5382 urgenda,
3008 5315 3138 5386 ejus
3161 5316 3271 5372 loci
3295 5320 3551 5388 praesule
3600 5321 3659 5375 in
3684 5337 3806 5393 quo

2151 5397 2513 5455 totumillud
2555 5398 2812 5454 Orientis
2842 5399 3022 5457 decus
3053 5404 3312 5474 positum
3330 5414 3477 5463 erat.
3531 5409 3701 5465 Certe
3739 5415 3809 5465 ut

2216 5577 2323 5649 (36)
2349 5575 2533 5644 Socr.,
2567 5573 2671 5631 lib.
2704 5591 2756 5640 v,
2789 5592 2917 5651 cap.
2948 5578 3003 5633 8.
