4090 6268
228 418 341 480 113

1652 419 2177 487 DISBERTATIO
2223 430 2274 489 Ι.

3557 435 3675 493 114

227 556 385 607 esset
407 552 796 612 Pauliniana
818 556 1072 613 factioni
1096 557 1403 625 infensior,
1429 558 1715 630 perﬁcere
1741 562 1908 630 pote-
1937 566 1992 629 Α
2022 561 2414 616 sanctissima
2444 562 2745 617 Trinitatis
2802 580 2981 620 unam
3036 563 3336 631 deitatem,
3385 572 3444 621 et
3473 567 3673 623 Sancti

230 646 365 699 rant
378 642 572 698 turba
591 643 667 699 ab
683 645 795 700 illa
836 653 1010 717 parte
1032 647 1094 701 in
1109 648 1303 718 ipsum
1316 647 1490 703 annis
1504 646 1909 718 superioribus

234 731 890 805 excitata,sparsaque
909 736 982 790 ab
1001 735 1088 791 eis
1108 736 1390 791 adversus
1422 736 1550 807 ejus
1581 735 1910 791 ordinatio-

233 835 373 875 nem
384 820 703 877 calumnia
720 822 799 877 de
814 823 1128 894 quibus,ut
1146 824 1301 880 infra
1321 825 1586 880 dicemus
1600 824 1905 896 probabile

242 914 329 964 est
353 925 481 964 eum
502 911 579 965 ad
600 913 943 969 concilium
965 914 1266 969 retulisse.
1292 913 1406 968 Sed
1430 931 1565 969 cum
1606 930 1764 969 anno
1805 930 1906 968 su-

238 998 461 1068 periore
494 1000 891 1058 Paulinianos
923 1003 1186 1058 Melania
1219 1010 1277 1058 et
1322 1004 1518 1059 Ruﬁni
1569 1005 1903 1059 interventu

239 1088 463 1143 sincere
483 1090 557 1143 ad
581 1106 796 1160 pacem
819 1091 1345 1161 admisisset,nihil
1368 1110 1477 1148 nos
1503 1094 1658 1166 cogit
1676 1098 1742 1147 ut
1765 1109 1901 1149 eum

238 1176 455 1233 fervide
484 1178 774 1235 adversus
801 1181 1120 1236 Paulinum
1150 1182 1338 1254 egisse
1370 1182 1659 1237 dicamus.

302 1325 388 1378 80.
414 1325 496 1379 Ea
517 1324 763 1380 concilii
792 1325 1074 1381 adversus
1109 1327 1334 1398 optima
1364 1327 1624 1399 Gregorii
1647 1326 1897 1383 consilia

230 1412 566 1482 reluctatio,
601 1418 841 1469 tantum
875 1414 1007 1486 ejus
1038 1417 1239 1471 animo
1265 1415 1491 1471 doloris
1516 1415 1739 1487 injecit,
1765 1420 1833 1471 ut
1861 1433 1896 1471 a

229 1502 624 1556 conventibus
656 1519 719 1557 se
755 1502 1086 1558 subducere
1115 1545 1129 1570 ,
1163 1521 1229 1559 ac
1261 1504 1333 1558 de
1365 1520 1606 1559 secessu
1636 1505 1893 1576 cogitare

230 1590 489 1661 oaperit.
526 1592 778 1646 Interim
827 1592 1073 1665 zEgyptii
1107 1597 1165 1647 et
1193 1593 1539 1648 Macedones
1576 1593 1890 1663 advenere,

228 1680 325 1749 qui
353 1680 713 1750 Gregorium
768 1681 832 1735 in
863 1680 1059 1736 locum
1110 1682 1340 1736 Maximi
1374 1699 1408 1737 a
1436 1681 1760 1754 [LXXXIII]
1791 1682 1887 1736 Ti-

224 1768 465 1822 motheo
489 1769 903 1824 Alexandrino
931 1770 991 1824 in
1012 1771 1200 1841 pretio
1232 1770 1440 1835 habiti,
1473 1770 1546 1825 ab
1577 1770 1886 1825 Orientali-

227 1866 330 1921 bus
354 1868 417 1922 in
449 1867 661 1923 sedem
686 1868 1398 1940 Constantinopolitanam
1420 1873 1686 1923 evectum
1703 1867 1885 1923 fuisse

226 1954 433 2027 inique
469 1957 687 2023 tulere,
721 1962 780 2012 et
827 1957 1017 2013 varios
1048 1958 1326 2013 adversus
1357 1959 1511 2013 hanc
1542 1957 1670 2029 ejus
1727 1957 1886 2012 ordi-

228 2045 543 2100 nationem
582 2089 595 2111 ,
660 2047 831 2116 quasi
889 2063 1185 2102 canonum
1235 2047 1499 2102 vindices
1555 2046 1885 2117 allegavere

224 2140 574 2204 pratextus.
612 2134 868 2190 Aliunde
910 2152 1119 2207 parum
1165 2136 1447 2209 Egyptiis
1475 2140 1534 2191 et
1562 2134 1885 2189 Macedoni-

224 2220 329 2277 bus
388 2239 533 2278 cum
594 2224 996 2279 Orientalibus
1054 2224 1459 2280 conveniebat.
1519 2225 1887 2295 Quapropter

220 2310 539 2383 Gregorius
570 2317 766 2378 (carm.
801 2317 846 2377 1,
870 2329 1001 2386 pag.
1027 2316 1135 2378 26),
1169 2314 1229 2368 id
1248 2313 1407 2384 quod
1426 2313 1553 2385 jam
1585 2314 1644 2366 in
1676 2312 1887 2366 solem-

220 2401 276 2455 ni
306 2406 614 2456 conventu
645 2407 1056 2473 proposuerat,
1090 2407 1155 2456 ut
1186 2418 1246 2458 se
1279 2402 1553 2457 videlicet
1582 2401 1886 2457 abdicaret

217 2498 592 2570 episcopatu,
627 2500 872 2571 exsequi
914 2499 1191 2569 decrevit,
1226 2500 1632 2572 prasulesque
1665 2515 1881 2554 exora-

216 2586 313 2651 vit,
348 2592 415 2641 ut
443 2587 523 2642 ad
574 2588 927 2651 sedandam,
961 2605 1137 2658 quam
1196 2589 1322 2660 ipse
1355 2605 1474 2643 non
1529 2588 1885 2643 excitaverat

216 2674 279 2730 in
338 2677 612 2733 Ecclesia
670 2683 1106 2749 tempestatem,
1159 2695 1287 2733 sese
1332 2679 1493 2733 Jona
1519 2677 1788 2747 exemplo
1821 2678 1882 2731 in

222 2782 383 2820 mare
402 2767 772 2838 pracipitari
796 2772 1159 2838 paterentur.
1181 2767 1458 2822 Condicio
1476 2782 1509 2820 a
1529 2765 1739 2838 majori
1764 2764 1882 2837 epi-

220 2872 543 2927 scoporum
588 2855 767 2911 etiam
820 2855 1207 2911 Orientalium
1245 2861 1411 2927 parte
1455 2861 1699 2926 excepta
1747 2871 1882 2909 cum

218 2944 748 3016 plausu,stupente
768 2949 826 3000 et
846 2944 1193 3017 indignante
1216 2945 1490 3017 Gregorio
1514 2946 1662 3016 (pag.
1677 2947 1767 3011 29,
1791 2944 1881 3014 30)

219 3034 493 3104 quamvis
516 3051 579 3089 se
616 3050 796 3089 onere
828 3033 1167 3090 absolutum
1210 3035 1509 3107 gauderet.
1561 3035 1745 3089 Fuere
1798 3038 1882 3087 ta-

218 3140 353 3178 men
388 3122 698 3195 permulti,
724 3122 826 3194 qui
845 3122 985 3178 dum
1009 3122 1091 3179 ita
1120 3122 1291 3178 facile
1314 3122 1589 3195 Gregorio
1616 3121 1877 3194 postula-

217 3226 272 3275 ta
300 3220 557 3275 concedi
590 3220 879 3283 viderent.
914 3220 1025 3275 sibi
1081 3237 1254 3276 aures
1299 3220 1678 3287 occluserint,
1712 3218 1876 3274 abie-

213 3310 452 3380 rintque
486 3326 519 3364 e
546 3326 853 3375 consessu,
879 3308 1184 3363 neminem
1214 3308 1391 3364 alium
1411 3309 1471 3363 in
1504 3310 1634 3380 ejus
1666 3307 1869 3362 sedem
1903 3284 1946 3350 (ἶ

210 3397 411 3452 induci
447 3397 768 3468 patientes.
797 3397 906 3461 Qui
937 3396 1024 3451 illi
1056 3396 1277 3453 fuerint
1304 3440 1318 3464 ,
1353 3402 1511 3453 tacet
1542 3396 1876 3480 Gregorius,

210 3487 347 3541 Cum
380 3487 445 3541 in
478 3486 597 3541 hoc
644 3485 901 3541 concilio
960 3503 1082 3542 non
1142 3486 1316 3558 pauci
1376 3485 1657 3541 sederent
1687 3487 1879 3540 sanctl

211 3592 351 3646 quos
381 3576 660 3632 Ecclesia
706 3577 769 3630 in
820 3580 1163 3632 sanctorum
1218 3577 1454 3631 tabulas
1508 3576 1733 3644 retulit,
1768 3577 1876 3630 hos

212 3672 500 3737 tanquam
530 3665 814 3720 humanis
844 3665 1152 3720 affectibus
1183 3665 1384 3720 minus
1413 3664 1723 3728 obnoxios,
1759 3680 1872 3718 me-

212 3758 460 3815 lioribus
492 3759 767 3814 consiliis
798 3757 1110 3814 obsecutos
1142 3758 1427 3815 crebibile
1457 3764 1564 3814 est.
1593 3760 1753 3814 Unus
1774 3775 1870 3813 au.

214 3852 319 3902 tem
355 3865 429 3903 ex
461 3849 552 3904 eis
574 3847 854 3919 Cyrillus,
888 3864 1065 3919 quem
1088 3849 1299 3904 saltem
1328 3866 1359 3903 a
1392 3847 1564 3903 turba
1583 3847 1866 3919 plauden-

212 3946 355 4000 tium
388 3946 465 4000 de
508 3943 886 3998 abdicatione
942 3943 1200 4016 Gregorii
1262 3944 1678 4016 episcoporum
1710 3944 1868 3999 exci-

211 4052 344 4106 pere
390 4033 554 4087 licet.
608 4032 648 4085 li
683 4032 864 4097 enim,
916 4032 1044 4103 ipso
1096 4037 1265 4097 teste,
1295 4032 1482 4100 fuere,
1533 4034 1634 4103 qui
1680 4033 1772 4088 vel
1804 4033 1865 4087 in

207 4122 424 4178 Meletii
458 4136 806 4176 successore
837 4120 1228 4193 designando.
1261 4122 1355 4176 cui
1414 4122 1499 4175 rei
1534 4139 1594 4176 se
1629 4121 1727 4175 ille
1759 4139 1864 4192 op—

205 4211 491 4282 ponebat,
521 4208 896 4264 ardentiores
927 4216 1097 4265 erant
1124 4211 1311 4279 (carm.
1350 4213 1437 4277 13,
1470 4227 1597 4282 pag.
1632 4211 1744 4274 85),
1771 4211 1864 4265 vel

204 4301 299 4371 qui
333 4302 471 4371 ejus
522 4298 879 4368 eloquentia
924 4298 1218 4353 nonnulla
1268 4298 1591 4354 invidentia
1622 4303 1863 4369 torque-

204 4386 455 4458 bantnr(
468 4390 543 4441 De
568 4388 860 4457 episcopis,
896 4403 1026 4459 pag.
1055 4388 1180 4454 302,
1215 4388 1326 4441 col.
1362 4390 1434 4457 2),
1463 4387 1550 4441 vel
1584 4388 1856 4443 virtutem

202 4477 330 4549 ejus
362 4475 587 4531 invidis
619 4475 809 4530 oculis
842 4475 1227 4530 intuebantur
1257 4476 1462 4545 (ibid.),
1495 4476 1586 4532 vel
1618 4476 1856 4531 tandem

2020 650 2271 721 Spiritus
2292 650 2657 707 divinitatem
2682 653 3051 724 pradicarat,
3072 656 3670 713 Pneumatomachos‘

2018 755 2131 809 que
2163 740 2339 811 paulo
2371 746 2546 796 antea
2568 741 2940 812 judicaverat
2995 742 3067 797 ab
3126 743 3391 798 Ecclesia
3436 746 3666 803 alienos

2014 828 2130 882 nisi
2172 830 2611 901 resipiscerent.
2659 832 2804 885 Cum
2836 831 3014 903 igitur
3061 832 3360 903 duplicem
3392 834 3557 890 illam
3590 836 3663 891 ob

2013 933 2275 986 causam,
2301 920 2744 975 contentionem
2762 936 2976 992 nempe
3008 921 3081 975 de
3104 938 3446 978 successore
3476 924 3531 980 S.
3557 926 3666 980 Me-

2011 1006 2151 1063 letio
2182 1008 2582 1075 attribuendo,
2612 1014 2669 1064 et
2716 1014 3021 1081 exceptam
3070 1010 3303 1066 facilius
3335 1012 3664 1068 abdicatio-

2010 1112 2148 1151 nem
2173 1098 2456 1168 Gregorii,
2480 1097 2701 1153 factum
2725 1099 2800 1153 sit
2822 1105 2887 1153 ut
2905 1099 3007 1153 ille
3030 1101 3576 1171 conciliium(carm.
3606 1107 3656 1172 1,

2007 1200 2137 1257 pag.
2176 1188 2289 1260 27),
2339 1186 2691 1255 graculorum
2744 1205 2963 1258 gregem
2993 1195 3044 1243 et
3074 1206 3360 1259 vesparum
3404 1208 3654 1260 examen,

2007 1278 2066 1328 et
2089 1278 2283 1345 (carm.
2320 1278 2403 1341 11,
2431 1292 2561 1348 pag.
2612 1276 2701 1347 81)
2759 1293 3036 1347 magnam
3068 1278 3196 1349 ejus
3230 1279 3652 1351 epiSCOporum

2004 1367 2233 1434 partem
2261 1380 2423 1433 grues
2450 1370 2504 1418 et
2531 1381 2746 1421 anseres
2765 1367 3184 1437 appellaverit;
3209 1367 3492 1439 Cyrillum
3517 1386 3653 1440 pos-

2004 1468 2208 1507 sumus
2239 1452 2311 1508 ab
2344 1453 2454 1509 hoc
2484 1470 2656 1526 grege
2689 1471 3016 1527 segregare.

2071 1541 2157 1595 81.
2185 1542 2252 1595 In
2274 1541 2470 1597 locum
2495 1542 2754 1613 Gregorii
2778 1549 2985 1614 postea
3003 1544 3313 1600 ordinatus
3337 1552 3428 1600 est
3449 1549 3650 1604 Necta-

2000 1628 2124 1684 rius
2144 1630 2430 1702 Cyrillum
2453 1630 2632 1686 etiam
2662 1631 2967 1702 probabile
2988 1641 3079 1688 est
3106 1634 3177 1688 de
3208 1635 3485 1690 Ecclesia
3512 1638 3646 1691 Hie-

1997 1718 2440 1789 rosolymitana
2458 1724 2613 1774 statu
2631 1720 2934 1788 retulisse;
2956 1725 3554 1795 commemoratisque
3578 1742 3647 1782 ac

1994 1806 2265 1862 refutatis
2295 1807 2766 1863 adversariorum
2797 1808 2856 1862 in
2892 1826 3058 1887 suam
3090 1811 3527 1868 ordinationem
3547 1831 3642 1870 ca-

1918 1927 1963 1992 B
1994 1894 2262 1963 lumniis,
2297 1912 2427 1950 eam
2460 1896 2713 1951 concilio
2744 1897 3126 1969 approbasse,
3159 1899 3406 1971 ejusque
3437 1906 3639 1957 aucto-

1995 1984 2169 2039 ritate
2197 1985 2540 2040 conﬁrmari
2574 1986 2875 2057 sategisse.
2904 1987 2970 2041 Id
2995 1987 3136 2042 satis
3167 1987 3385 2044 diserte
3419 1989 3639 2063 signiﬁ-

1994 2077 2089 2128 cat
2118 2073 2294 2145 hujus
2352 2076 2589 2130 concilii
2647 2077 2889 2131 Patrum
2946 2076 3162 2131 iterum
3219 2077 3281 2131 in
3313 2079 3636 2135 concilium

1994 2178 2150 2218 anno
2183 2165 2455 2235 sequenti
2488 2170 2975 2238 congregatorum
3016 2168 3445 2235 testimonium,
3479 2171 3639 2240 quod

1992 2251 2147 2306 infra
2176 2252 2520 2309 referemus.
2557 2254 2838 2310 Ordinato
2881 2254 3200 2327 [LXXXIV]
3252 2258 3640 2314 ecclesiarum

1992 2345 2168 2407 statu,
2203 2342 2475 2412 quadam
2507 2344 2580 2398 ad
2612 2343 2968 2399 refellendas
2991 2344 3249 2399 hareses
3281 2351 3339 2400 et
3364 2348 3636 2402 sancien-

1991 2429 2127 2485 dam
2160 2431 2625 2487 ecclesiasticam
2658 2431 3033 2503 disciplinam
3068 2433 3325 2488 decrevit
3354 2437 3638 2507 synodus,

1991 2517 2206 2589 quibus
2226 2520 2400 2575 facile
2422 2521 2674 2591 Cyrillus
2696 2521 2953 2576 assensit
2982 2522 3115 2592 (37).
3159 2523 3522 2580 Conﬁrmata
3553 2531 3643 2580 est

1990 2607 2226 2663 Nicana
2246 2608 2414 2677 ﬁdes,
2441 2610 2609 2680 cujus
2632 2608 2965 2664 doctrinam
2991 2610 3246 2681 Cyrillus
3274 2611 3335 2666 in
3367 2613 3638 2669 cateche-

1988 2695 2152 2753 sibus
2182 2703 2573 2769 expresserat,
2594 2697 2722 2769 ipsa
2742 2715 2877 2754 voce
2909 2700 3385 2756 consubstantialis
3418 2702 3535 2772 iam
3562 2703 3634 2758 ab

1987 2785 2157 2841 initio
2191 2786 2281 2841 sui
2313 2787 2686 2858 episcopatus
2717 2787 3064 2859 approbata,
3101 2795 3158 2842 et
3206 2790 3264 2843 in
3315 2789 3530 2845 litteris
3560 2792 3632 2846 ad

1986 2875 2395 2930 Constantium
2478 2876 2799 2947 pradicata
2832 2917 2844 2930 .
2903 2877 3175 2932 Haretici
3259 2881 3631 2949 pronuntiati

1985 2981 2106 3020 non
2134 2965 2334 3020 Ariani
2379 2965 2595 3033 solum,
2629 2966 2733 3020 sed
2764 2971 2822 3021 et
2850 2967 3258 3035 semi-Ariani,
3301 2984 3405 3023 seu
3436 2971 3632 3025 Pneu-

1985 3055 2366 3115 matomachi,
2392 3055 2520 3126 jam
2560 3054 2631 3110 ab
2662 3055 2791 3125 ipso
2816 3055 3078 3110 Ecclesia
3110 3056 3370 3123 exclusi;
3406 3059 3633 3128 Apolli-

1984 3143 2225 3198 narista
2257 3143 2563 3198 turbarum
2592 3142 2871 3198 adversus
2901 3144 3185 3215 Cyrillum
3208 3151 3477 3201 auctores
3502 3168 3517 3213 ;
3545 3148 3632 3218 ip-

1985 3230 2035 3284 si
2065 3229 2457 3285 infensissimi
2495 3230 2852 3285 Marcelliani
2904 3248 3158 3301 quorum
3206 3232 3480 3288 haresim
3503 3235 3632 3305 jam

1985 3325 2122 3376 ante
2150 3321 2486 3391 complures
2508 3328 2697 3375 annos
2723 3326 2900 3391 atque
2917 3321 2977 3376 in
3001 3322 3141 3393 ipsis
3162 3323 3350 3377 initiis
3372 3324 3634 3380 debella-

1984 3415 2147 3465 verat
2168 3411 2294 3482 (cat.
2332 3410 2419 3475 15,
2448 3427 2506 3464 n.
2548 3411 2658 3481 27),
2692 3410 3027 3481 symbolum
3059 3412 3360 3467 Nicanum
3391 3419 3632 3469 auctum

1984 3498 2272 3565 articulis,
2306 3515 2559 3569 quorum
2603 3499 2932 3554 doctrinam
2981 3501 3041 3555 in
3072 3502 3481 3559 catechesibus
3501 3503 3629 3573 jam

1982 3587 2282 3652 docuerat,
2317 3605 2384 3643 ac
2415 3587 2593 3642 verba
2633 3587 2764 3659 ipsa
2810 3594 3041 3644 tantum
3090 3607 3208 3645 non
3258 3607 3329 3645 ex
3360 3592 3626 3662 symbolo

1982 3678 2516 3750 Hierosolymitano
2548 3695 2844 3750 expressa.
2875 3681 2955 3734 De
2998 3682 3227 3736 caeteris
3274 3683 3624 3751 canonibus,

1978 3765 2263 3836 quoniam
2292 3766 2442 3821 nihil
2472 3767 2546 3822 ad
2576 3767 2859 3838 Cyrillum
2879 3770 3180 3839 pertinent
3199 3774 3382 3825 taceo.
3416 3773 3623 3827 Conci-

1975 3854 2056 3909 lio
2085 3859 2288 3909 exacto
2330 3854 2572 3911 domum
2631 3873 2765 3911 cum
2823 3858 3053 3912 cateris
3109 3875 3378 3913 reversus
3409 3867 3516 3915 est.
3556 3866 3621 3916 In

1974 3943 2169 3998 reditu
2191 3948 2389 3998 autem
2428 3945 2687 3999 astitisse
2726 3945 2954 3999 videtur
3000 3946 3346 4009 Antiochia,
3381 3948 3618 4003 ordina-

1973 4030 2430 4104 tioni:Flaviani,
2464 4048 2643 4102 quam
2674 4033 2877 4086 Patres
2908 4033 3145 4086 concilii
3196 4034 3617 4090 Constantino-

1973 4120 2220 4190 politani
2278 4121 2419 4176 anni
2485 4120 2790 4190 sequentis
2836 4119 3053 4175 factam
3108 4121 3412 4177 afﬁrmant
3460 4125 3616 4194 apud

1968 4210 2315 4265 Theodoret.
2351 4209 2452 4266 lib.
2491 4226 2540 4278 v,
2589 4226 2715 4280 cap.
2759 4214 2811 4279 9,
2871 4211 2932 4264 in
2976 4210 3227 4266 concilio
3252 4212 3322 4267 ab
3354 4216 3620 4283 episcopis

1959 4301 2292 4369 provincia,
2319 4305 2369 4353 et
2399 4299 2690 4355 Orientalis
2717 4301 2973 4366 diacesis,
2997 4317 3229 4356 summo
3253 4306 3310 4356 et
3342 4303 3610 4360 unanimi

1966 4388 2350 4443 Antiochena
2408 4388 2686 4443 Ecclesia
2727 4390 3004 4461 suffragio
3036 4407 3103 4444 ac
3138 4406 3454 4446 consensu.
3492 4392 3618 4448 Una

1963 4482 2161 4532 autem
2210 4493 2281 4532 ex
2311 4476 2652 4549 quindecim
2685 4478 2941 4533 Orientis
2969 4477 3239 4533 dioecesis
3294 4480 3615 4549 provinciis

203 4567 300 4637 qui
330 4564 626 4621 doctrina
659 4564 732 4620 ab
765 4564 894 4635 ipso
927 4563 999 4618 de
1036 4563 1255 4636 Spiritu
1288 4570 1491 4619 sancto
1520 4564 1855 4636 praedicata
1962 4566 2279 4621 Palastina
2308 4572 2452 4622 erat.
2476 4566 2621 4620 Cum
2645 4566 2888 4621 vidisset
2911 4567 2968 4620 in
2991 4567 3244 4622 concilio
3277 4568 3610 4625 Constanti-

204 4655 536 4725 iniquiores
579 4659 774 4720 erant,
805 4659 909 4708 aut
950 4653 1162 4709 saltem
1220 4653 1499 4709 ﬁduciam
1530 4660 1589 4708 et
1616 4654 1856 4709 liherta-
1889 4648 1934 4712 Ι)
1965 4655 2310 4726 nopolitano
2341 4657 2581 4710 Patrum
2606 4672 2755 4726 pene
2788 4656 3055 4710 omnium
3078 4658 3523 4728 conspirantem
3547 4659 3609 4715 in

206 4752 319 4798 tem
349 4760 473 4814 qua
495 4742 779 4814 Spiritum
804 4747 1072 4796 sanctum
1096 4743 1280 4796 Deum
1311 4759 1442 4797 esse
1474 4742 1852 4813 pradicabat,

201 4830 727 4904 reprehendebant
780 4831 943 4902 (orat.
977 4831 1066 4899 32,
1118 4847 1250 4902 pag.
1284 4833 1409 4894 519,
1444 4837 1501 4885 et
1531 4848 1697 4888 carm.
1735 4834 1856 4905 123,

198 4939 323 4993 pag.
362 4922 511 4990 187).
544 4923 621 4974 At
667 4918 836 4973 nulla
868 4935 1074 4974 earum
1133 4919 1433 4974 rationum
1465 4919 1537 4975 ad
1570 4920 1855 4992 Cyrillum

193 5010 553 5082 pertinebat.
576 5008 675 5078 qui
694 5024 823 5063 sese
839 5007 1207 5063 Paulinianis
1231 5008 1652 5078 Hierosolyma
1677 5011 1855 5066 etiam

192 5100 419 5154 vivente
470 5097 705 5153 Meletio
754 5096 1280 5162 reconciliaverat;
1315 5097 1417 5167 qui
1472 5098 1747 5153 virtutem
1799 5106 1855 5154 et

198 5187 375 5243 ﬁnem
409 5188 473 5241 in
504 5184 821 5256 discipulis
853 5184 1030 5239 etiam
1063 5184 1186 5240 suis
1217 5186 1506 5257 majorem
1540 5193 1597 5241 et
1629 5188 1848 5243 ﬁrmio‘

194 5294 317 5332 rem
348 5293 458 5332 sua
512 5281 573 5330 et
602 5273 985 5345 pracipiehat
1041 5280 1100 5327 et
1160 5274 1400 5345 optabat
1431 5278 1561 5345 (cat.
1591 5279 1643 5333 Ii.
1668 5294 1728 5331 n.
1764 5281 1849 5345 12,

193 5375 297 5422 eat.
334 5370 420 5432 15,
457 5382 517 5419 u.
553 5368 630 5434 7),
667 5362 763 5418 cui
806 5360 1040 5416 adesset
1094 5363 1455 5434 eloquentia,
1491 5366 1596 5419 etsi
1633 5367 1846 5438 Grego-

190 5456 351 5511 riana
380 5452 659 5515 inferior,
693 5455 755 5505 at
774 5467 897 5505 non
936 5450 1297 5521 paenitenda,
1332 5468 1449 5522 qua
1478 5453 1728 5524 populos
1757 5455 1845 5509 sui

188 5545 375 5600 studio
410 5541 667 5598 tenebat
696 5540 1010 5604 astrictos;
1062 5540 1162 5609 qui
1194 5539 1452 5610 denique
1484 5542 1656 5615 longe
1708 5548 1845 5597 ante

191 5633 530 5707 Gregorium
567 5630 627 5685 in
679 5627 1091 5683 catechesibus
1123 5644 1242 5683 non
1293 5629 1492 5685 minus
1541 5630 1759 5685 diserte
1791 5636 1849 5685 et

255 5762 360 5834 (37)
389 5759 579 5818 Cone.
614 5753 1368 5829 Constantinopolitanum,
1393 5770 1528 5814 ean.
1564 5758 1614 5814 1.

1965 4743 2343 4799 attribuenda
2362 4744 2594 4799 Meletio
2613 4761 2953 4799 successore
2967 4745 3411 4811 sententiam,et
3434 4749 3610 4803 totius

1964 4849 2113 4904 pene
2165 4833 2545 4887 Antiochena
2598 4833 2873 4887 Ecclesia
2918 4834 3046 4903 ejus
3077 4834 3161 4888 rei
3219 4836 3606 4907 desiderium,

1962 4939 2135 4976 suum
2160 4922 2335 4976 etiam
2355 4922 2695 4993 suffragium
2722 4938 2841 4976 non
2864 4921 3276 4994 denegandum
3299 4925 3606 4997 judicavit,

1962 5010 2251 5082 quidquid
2282 5011 2352 5065 de
2384 5026 2446 5063 re
2479 5015 2599 5064 tota
2626 5010 2791 5080 prius
2824 5010 2883 5064 in
2910 5011 3163 5066 concilio
3185 5015 3536 5069 censuisset.

2034 5102 2119 5153 82.
2154 5099 2375 5153 Eodem
2407 5114 2563 5153 anno
2613 5115 2728 5169 quo
2762 5099 3125 5154 celebratum
3167 5108 3257 5156 est
3286 5104 3607 5159 concilium

1962 5186 2712 5257 Constantinopolitanum,
2747 5186 2909 5241 aliud
2941 5188 3230 5259 Aquileia
3282 5192 3392 5247 sub
3427 5194 3609 5248 tinem

1960 5273 2101 5330 anni
2131 5290 2334 5328 mense
2368 5274 2693 5344 Septembri
2726 5275 2798 5329 ab
2831 5276 3308 5333 Occidentalibus
3334 5280 3608 5336 celebra-

1959 5370 2083 5418 tum
2115 5368 2236 5428 est;
2262 5363 2361 5432 qui
2395 5362 2594 5417 audito
2650 5364 3041 5420 Orientalium
3091 5367 3328 5424 decreto
3361 5375 3425 5423 ut
3455 5370 3608 5426 alius

1959 5453 2227 5524 neglecto
2263 5450 2508 5506 Paulino
2544 5451 2604 5506 in
2658 5452 2857 5508 locum
2890 5454 3104 5509 Meletii
3164 5456 3603 5529 subrogaretur,

1955 5540 2108 5596 datis
2135 5540 2208 5595 ad
2261 5541 2679 5611 imperatorem
2709 5541 2945 5609 litteris,
2989 5544 3146 5615 apud
3196 5546 3396 5601 Ambr.
3428 5549 3601 5618 epist.

1956 5632 2040 5695 12,
2076 5635 2444 5702 rogaverunt,
2468 5630 2657 5685 uthac
2680 5647 2858 5703 super
2878 5650 2961 5701 re,
2986 5634 3262 5705 generale
3281 5635 3601 5690 concilium
