4094 6282
468 491 580 546 115

1748 479 1848 540 DE
1889 476 2076 537 VITA
2120 475 2183 536 S.
2228 476 2570 538 CYRlLLl.

3773 479 3889 538 116

465 610 2200 693 Alexandria;cogeretur(Amb.,ep.i2.n.5).Atimpera-A
2234 611 2570 680 Occidente,
2630 613 2871 687 injustis
2927 612 3445 669 criminationibus
3502 612 3888 668 infamatam'

466 709 936 765 torTheodosius
956 708 1358 765 Orientalibus
1378 707 1657 779 prmcepit
1670 710 1900 760 tantum
1916 704 2129 757 utCon-

471 798 926 869 stantinopolim
962 797 1336 853 accederent.
1365 796 1697 851 Concilium
1724 800 1924 850 tamen
1948 809 2124 865 gene-

468 889 594 944 rale
617 890 863 943 Romam
905 886 1194 941 indictum
1239 891 1345 941 est.
1373 885 1536 950 Quod
1562 885 1701 939 dum
1728 888 2124 955 exspectatur,

471 979 757 1034 Maximus
792 977 1090 1033 veteribus
1137 979 1294 1032 Petri
1339 975 1723 1032 Alexandrini
1748 975 1960 1030 litteris
1993 990 2123 1029 mu-

472 1069 657 1136 nitus,
682 1085 829 1139 quas
863 1068 922 1121 in
955 1066 1154 1138 aliquo
1189 1067 1371 1123 Italiae
1401 1065 1657 1121 concilio
1690 1064 1924 1132 obtulit,
1956 1063 2125 1119 Occi-

473 1155 741 1211 dentales
773 1154 1052 1210 adversus
1075 1172 1209 1210 cum
1233 1155 1515 1227 Gregorii,
1541 1160 1661 1208 tum
1687 1159 1892 1225 postea
1918 1155 2125 1208 Necta-

471 1245 545 1299 rii
572 1245 634 1299 in
657 1244 795 1299 sede
812 1244 1467 1316 Constantinopolitana
1483 1243 1920 1299 ordinationem
1936 1242 2116 1297 maxi-

475 1352 569 1390 me
625 1335 975 1390 commovit:
1010 1334 1070 1388 hi
1130 1335 1202 1389 ad
1262 1334 1536 1407 generale
1590 1332 1930 1397 concilium,
1966 1331 2124 1403 quod

475 1425 676 1479 Romae
698 1422 1119 1479 celebrandum
1145 1430 1289 1493 erat,
1313 1439 1551 1478 causam
1575 1424 1702 1494 ejus
1730 1422 2120 1487 remittentes,

476 1514 896 1585 imperatorem
921 1530 1027 1583 per
1049 1513 1276 1567 litteras
1324 1512 1730 1578 obsecrarunt,
1765 1517 1829 1566 ut
1876 1513 2119 1565 Romam

474 1604 737 1658 mitteret
757 1601 1088 1657 Orientales
1110 1601 1181 1655 de
1204 1601 1619 1657 communibus
1642 1600 1918 1655 Ecclesia)
1947 1599 2120 1653 rebus

476 1690 654 1747 simul
705 1690 1135 1745 deliberaturos
1177 1691 1395 1759 (Alnbr.
1430 1733 1442 1757 ,
1473 1691 1642 1761 epist.
1682 1692 1767 1755 13,
1801 1706 1839 1743 n
1895 1691 1926 1742 6
1958 1695 2016 1743 et
2042 1690 2118 1759 7).

476 1779 807 1835 Orientales
831 1796 898 1831 ex
922 1778 1231 1833 Theodosii
1259 1778 1413 1833 datis
1440 1794 1595 1832 anno
1614 1778 1918 1849 superiore
1950 1794 2120 1832 man-

476 1868 630 1923 datis
684 1868 1258 1939 Constantinopolim
1305 1867 1595 1922 accedunt
1641 1883 1798 1921 anno
1830 1869 1932 1920 382
1981 1868 2114 1938 (38).

2843 704 3075 759 CAPUT
3113 705 3258 758 XVI.

2230 791 2426 860 Cyrilli
2454 794 2651 859 obitus,
2693 800 2745 847 et
2793 794 2970 848 cultus
3017 794 3075 846 in
3128 794 3381 846 universa
3430 792 3702 847 Ecclesia.
3736 792 3880 860 Ejus

2298 866 2493 932 forma:
2551 866 2845 935 descriptio
2902 865 3195 919 secundum
3256 866 3473 920 Graecos
3527 865 3888 919 recentiores.

2297 936 2521 1004 Efﬁgies
2550 939 2726 990 animi
2782 953 2850 990 ea:
2907 939 3024 1007 ejus
3062 943 3225 1005 gestis
3257 952 3320 989 ac
3350 938 3570 1005 scriptis
3602 950 3889 1007 expressa.

2298 954 2521 1004 Effigies
2550 954 2725 990 animi
2782 954 2850 990 ea:
2907 954 3024 1007 ejus
3062 954 3225 1005 gcsus
3257 954 3320 989 ac
3350 954 3570 1005 scriptis
3602 954 3629 988 e
3716 954 3889 989 ressa.

2298 1008 2599 1077 Praecipua:
2629 1007 2869 1072 eiusdem
2899 1011 3145 1062 virtutes.
3180 1007 3264 1060 Ab
3298 1009 3548 1077 impactis
3592 954 3892 1062 cmmniis

2296 1078 2429 1145 ﬁdes
2459 1080 2576 1148 ejus
2604 1079 2942 1135 vindicatur.

2299 1170 2387 1222 83.
2423 1170 2501 1223 De
2533 1169 2751 1241 Cyrillo
2783 1174 2916 1241 post
2945 1168 3266 1224 concilium
3318 1168 3891 1241 Constantinupoli-

2228 1262 2455 1320 tanum,
2490 1274 2584 1312 an.
2620 1260 2742 1325 382,
2771 1258 2923 1312 nihil
2954 1257 3210 1329 amplius
3256 1256 3496 1312 auditur
3539 1258 3602 1311 in
3637 1259 3894 1313 historia

2229 1347 2354 1416 (39).
2390 1348 2454 1401 In
2478 1348 2731 1402 concilio
2755 1347 2914 1418 quod
2935 1347 3298 1402 Theodosius
3328 1362 3424 1400 an.
3460 1348 3562 1401 383
3592 1348 3892 1405 Constan-

2228 1436 2475 1507 tinopoli
2504 1437 2814 1509 coegit,cui
2837 1442 3133 1491 sectarum
3164 1435 3434 1490 omnium
3461 1436 3766 1507 principes
3799 1437 3896 1491 in-

2226 1531 2447 1580 teresse
2480 1525 2681 1592 voluit,
2715 1530 2883 1580 erant
2922 1524 3245 1593 Palaestini,
3280 1525 3608 1589 Phaznices,
3644 1531 3704 1580 et
3735 1525 3894 1596 Syri,

2226 1616 2327 1685 qui
2359 1633 2465 1687 pro
2521 1615 2782 1670 Flaviani
2840 1614 3194 1670 Antiocheni
3245 1614 3516 1685 partibus
3568 1614 3895 1669 adversum

2224 1706 2542 1777 Egyptios,
2576 1705 2798 1760 Arabes
2830 1711 2888 1759 et
2918 1705 3162 1777 Cyprios
3194 1705 3645 1760 contentionem
3681 1722 3896 1760 susce-

2225 1810 2382 1877 pere.
2420 1796 2661 1850 Unusne
2712 1812 2782 1850 ex
2829 1794 2949 1849 illis
2981 1794 3315 1848 Palaestinis
3365 1793 3546 1848 fuerit
3604 1794 3896 1865 Cyrillus,

2224 1884 2538 1940 1ncertum.
2573 1886 2687 1939 Nec
2719 1884 2905 1939 multo
2933 1887 3068 1954 post
3096 1883 3277 1938 obiit:
3312 1889 3563 1937 mortem
3597 1886 3728 1955 ejus
3757 1883 3895 1938 vul-

475 1959 658 2013 Emnt
687 1957 768 2021 hii
801 1973 1014 2030 magna
1060 1974 1198 2028 Pars
1246 1956 1593 2046 egommflgem
1642 1956 2121 2046 PFBSUIUQ‘iQUi
2155 1964 2200 2029 Β
2229 1989 2300 2046 go
2332 1974 2686 2046 consignant
2732 1990 2827 2027 an.
2876 1974 3017 2040 386;
3055 1988 3184 2027 eam
3235 1973 3612 2039 Sozomenus,
3644 1970 3749 2024 lib.
3786 1987 3891 2037 vn,

477 2064 634 2103 anno
658 2046 962 2118 superiore
984 2044 1496 2115 ConstantinOpoli
1519 2044 1838 2099 concilium
1860 2044 2121 2100 celebra-

481 2142 722 2202 verant;
747 2135 1076 2206 Cyrillusne
1100 2134 1309 2189 eodem
1330 2132 1666 2199 accesserit,
1703 2133 2011 2188 incertum.
2039 2133 2123 2188 Ibi

481 2225 689 2294 coacti,
724 2225 1158 2297 epiSCOporum,
1193 2222 1293 2293 qui
1324 2224 1521 2276 Romae
1546 2222 1672 2292 jam
1713 2222 1786 2277 ad
1816 2222 2121 2278 celebran-

479 2315 623 2370 dum
674 2314 995 2369 concilium
1045 2311 1572 2384 congregabantur,
1624 2311 1872 2379 litteras,
1908 2312 2122 2382 quibus

476 2404 550 2460 ad
600 2420 729 2459 eam
789 2401 1083 2474 synodum
1132 2400 1552 2467 invitabantur,
1601 2400 1913 2472 synodicas
1970 2400 2120 2456 acci-

474 2495 667 2566 piunt,
700 2509 820 2547 una
845 2508 979 2546 cum
1011 2489 1385 2561 imperatoris
1432 2489 1643 2544 litteris
1674 2490 1831 2544 idem
1856 2489 2125 2563 jubenti-

472 2583 604 2639 bus.
638 2581 838 2647 Atilli,
873 2580 972 2651 qui
1003 2579 1577 2650 Constantinopolim
1604 2580 1797 2633 solum
1819 2579 1890 2635 ab
1932 2580 2119 2651 impe-

471 2678 666 2726 ratore
682 2670 807 2740 jam
822 2668 893 2723 ab
916 2684 1075 2722 anno
1099 2668 1401 2738 superiore
1426 2667 1737 2721 convenire
1756 2668 1909 2739 jussi
1933 2673 2121 2736 erant,

473 2773 668 2829 neque
713 2757 784 2812 de
811 2755 916 2810 illa
946 2757 1210 2810 Romana
1257 2755 1735 2827 peregrinatione
1794 2755 2120 2825 quidquam

475 2853 611 2902 ante
645 2861 814 2899 suum
866 2843 927 2898 in
959 2843 1181 2916 regiam
1230 2842 1437 2897 urbem
1493 2844 1785 2915 [LXXXV]
1818 2859 2121 2899 accessum

475 2936 809 3000 audierant,
843 2934 918 2988 ad
948 2934 1063 2988 iter
1099 2933 1333 3005 longius
1355 2932 1650 3004 imparati,
1685 2932 1968 3003 nullaque
2000 2934 2122 3004 epi-

474 3041 784 3097 SCOpOI'um
798 3022 898 3096 qui
912 3023 969 3077 in
986 3021 1300 3094 provinciis
1313 3023 2125 3077 remanserantconsensione

475 3121 533 3172 et
564 3116 931 3179 auctoritate,
959 3113 1033 3168 ad
1065 3112 1309 3168 alterius
1331 3118 1545 3183 praeter
1575 3111 2121 3184 Constantinopoli-

473 3211 679 3260 tanum
712 3204 947 3260 concilii
995 3202 1458 3258 celebrationem
1501 3202 1737 3269 muniti,
1770 3202 2120 3273 deﬁnitique

2230 2080 2360 2134 cap.
2397 2066 2481 2130 14,
2514 2068 2646 2134 post
2676 2062 2952 2118 Ruﬁnum
2986 2078 3120 2116 cum
3169 2061 3459 2116 Timothei
3491 2059 3887 2115 Alexandrini

2230 2158 2419 2207 morte
2441 2151 2768 2223 conjungit,
2803 2157 3071 2206 mortuus
3091 2156 3290 2206 autem
3321 2155 3411 2205 est
3438 2149 3783 2203 Timotheus
3813 2166 3888 2204 ex

2231 2242 2489 2307 Socrate,
2519 2240 2620 2295 lib.
2659 2257 2707 2305 ν,
2742 2256 2870 2311 cap.
2908 2243 2992 2305 12,
3043 2239 3358 2294 consulatu
3390 2237 3625 2293 Arcadii
3657 2237 3884 2308 primo,

2230 2336 2290 2386 et
2319 2329 2594 2394 Vadonis,
2628 2330 2728 2400 qui
2761 2333 2849 2384 est
2880 2345 3076 2384 annus
3115 2331 3238 2383 385.
3272 2328 3416 2382 Cum
3467 2343 3601 2380 vero
3634 2326 3885 2381 aliunde

2229 2421 2622 2490 Hieronymus
2639 2418 3193 2489 afﬁrmetCyrillum
3216 2423 3347 2471 octo
3368 2416 3545 2472 annis
3568 2415 3675 2471 sub
3697 2415 3889 2471 Theo-

2228 2508 2395 2563 dosio
2420 2508 2685 2579 principe
2707 2508 3129 2563 inconcussum
3160 2508 3566 2578 episcopatum
3592 2505 3884 2572 tenuisse,

2228 2615 2350 2653 non
2382 2603 2575 2669 potest
2604 2598 2732 2668 ejus
2762 2597 2959 2652 obitus
2990 2597 3163 2651 citius
3194 2612 3352 2650 anno
3384 2596 3485 2649 386
3514 2594 3881 2664 consignari.

2228 2689 2490 2757 Cumque
2523 2688 2724 2741 Martio
2757 2702 2960 2740 mense
2990 2684 3330 2751 decesserit,
3354 2683 3427 2739 ab
3450 2683 3755 2749 extremis,
3778 2700 3883 2740 an.

2230 2779 2331 2831 378
2390 2775 2755 2847 temporibus
2810 2774 3027 2845 quibus
3086 2772 3286 2828 sedem
3348 2772 3742 2843 recuperavit,
3803 2771 3884 2826 ad

2228 2864 2497 2920 Martium
2520 2880 2708 2934 usque
2740 2880 2835 2918 an.
2861 2864 2961 2917 386
2986 2878 3276 2930 mensem,
3300 2861 3509 2932 plenos
3533 2866 3591 2914 et
3614 2861 3882 2933 integros

2226 2969 2416 3009 annos
2447 2958 2577 3008 octo
2608 2952 2875 3008 obtinere
2926 2968 3045 3006 non
3095 2967 3452 3023 possumus;
3503 2948 3607 3003 sed
3639 2965 3883 3005 menses

2228 3060 2328 3098 sex
2368 3044 2580 3101 saltem
2639 3041 2943 3096 deficiunt.
3000 3042 3101 3096 Die
3152 3040 3335 3095 Martii
3386 3044 3590 3093 octava
3646 3038 3885 3093 decima

2228 3140 2479 3189 mortem
2513 3132 2640 3202 ejus
2671 3131 3024 3203 consignant
3070 3129 3378 3201 [LXXXVI]
3411 3128 3593 3183 Graeci
3651 3134 3776 3181 tum
3817 3128 3882 3183 in

2228 3223 2487 3288 Menaeis,
2542 3226 2665 3275 tum
2723 3221 2783 3274 in
2842 3220 2897 3273 S.
2960 3218 3123 3273 Saba)
3176 3218 3412 3289 Typico,
3472 3216 3631 3287 quod
3684 3219 3880 3274 secuti

473 3294 757 3385 ίθωὲῗτίδ
780 3291 1065 3385 θ’ξξῧυδίίίδ
1085 3290 1312 3362 prses“?
1347 3289 1660 3385 synf’dicas
1678 3290 1751 3344 ad
1782 3291 2107 3385 R‘O'P‘mum
2143 3318 2186 3385 (ζ
2226 3318 2366 3371 sunt
2392 3312 2454 3379 ii,
2488 3310 2587 3381 qui
2637 3326 2855 3364 nomen
2908 3307 3037 3379 ejus
3069 3306 3276 3363 eadem
3300 3305 3393 3361 die
3425 3306 3485 3360 in
3538 3307 3877 3361 Romanum

468 3382 787 3437 concilium
818 3381 1044 3435 litteras
1077 3395 1181 3450 per
1209 3384 1325 3432 tres
1370 3378 1677 3449 episcopos
1710 3394 1777 3433 eo
1811 3378 2111 3451 delegatos

466 3470 705 3533 dedere,
737 3468 951 3540 quibus
982 3467 1311 3524 absentiam
1342 3482 1531 3533 suam,
1566 3484 1699 3521 cum
1733 3484 1801 3522 ex
1824 3483 2111 3523 memora-

465 3558 541 3613 tis
569 3559 759 3625 modo,
790 3563 917 3611 tum
948 3572 1017 3611 ex
1065 3556 1198 3611 aliis
1250 3554 1521 3627 pluribus
1550 3555 1745 3610 causis
1803 3562 2108 3611 excusant.

464 3648 610 3701 Tum
644 3645 781 3701 ﬁdei
814 3662 934 3700 suae
974 3644 1265 3699 rationem
1312 3642 1621 3710 reddituri,
1652 3660 1949 3699 summum
1974 3662 2110 3715 ape-

466 3735 631 3790 riunt
662 3734 879 3789 Nicmni
910 3733 1161 3804 symboli
1194 3732 1476 3797 studium,
1510 3748 1577 3787 ac
1608 3733 2111 3803 compendiariam

468 3824 562 3879 SS.
597 3824 896 3879 Trinitatis
933 3829 991 3877 et
1020 3821 1451 3877 lncarnalionis
1473 3824 1889 3892 mysteriorum
1921 3822 2115 3893 expla-

467 3914 769 3969 nationem
804 3913 1008 3979 edunt,
1040 3911 1117 3967 ad
1144 3910 1428 3965 fusiorem
1460 3926 1494 3965 a
1527 3926 1587 3964 se
1619 3910 1856 3973 factam,
1892 3917 2017 3964 tum
2050 3911 2111 3964 in

466 4006 833 4062 Antiocheno
865 4019 961 4057 an.
996 4004 1119 4068 3‘79,
1154 4006 1277 4054 tum
1330 4000 1388 4054 in
1437 4000 2109 4070 ConstantinOpolilano,

464 4098 606 4153 anni
629 4093 951 4166 superioris
965 4092 1219 4148 concilio
1239 4091 1702 4146 declarationem
1717 4090 2109 4147 remittentes.

463 4186 812 4258 Significant
865 4180 1079 4235 deinde
1138 4197 1207 4235 ex
1265 4179 1485 4235 Nicaani
1546 4178 1784 4232 concilii
1817 4186 2110 4249 pra-cepto

460 4274 616 4345 apud
646 4290 706 4328 se
742 4270 1024 4326 ecclesias
1053 4267 1481 4333 administrari,
1516 4273 1574 4321 et
1600 4268 2109 4339 ConstantinOpoli

459 4364 521 4418 in
554 4359 805 4417 concilio
830 4356 1097 4431 generali
1121 4356 1480 4418 Nectarium,
1510 4355 1831 4410 Antiochia:
1858 4374 1871 4421 ;
1896 4357 2110 4411 Flavia-

459 4467 603 4506 num
636 4451 693 4504 in
728 4447 979 4502 concilio
1030 4461 1164 4500 cum
1218 4459 1286 4497 ex
1338 4444 1659 4514 provmcia,
1696 4451 1816 4498 tum
1874 4463 1941 4500 ex
1993 4453 2112 4503 tota

459 4538 715 4595 Orientis
746 4535 986 4591 dicecesi
1018 4538 1221 4588 coacto
1255 4532 1540 4586 canonice
1572 4532 1874 4589 ordinatos
1905 4535 2111 4613 fuisse.

460 4625 1007 4696 Hierosolymitana:
1030 4637 1160 4676 vero
1185 4620 1456 4676 omnium
1479 4621 1875 4677 Ecclesiarum
1900 4628 2107 4683 matris

458 4713 1019 4772 reverendissimum
1052 4727 1118 4765 ac
1163 4711 1276 4764 Deo
1335 4709 1788 4765 dilectissimum
1820 4712 2103 4782 Cyrillum

459 4806 803 4878 episcopum
845 4818 974 4856 esse
1006 4799 1329 4865 declarant,
1364 4799 1505 4854 olim
1538 4800 1609 4854 ab
1645 4801 1935 4873 episcopis
1968 4820 2101 4874 pro-

455 4896 661 4952 vinciae
677 4895 848 4965 juxta
870 4907 1161 4946 canonum
1180 4890 1525 4962 praescripta
1552 4891 1911 4957 ordinatum,
1943 4894 2100 4947 mul-

457 4994 633 5057 taque
668 4984 727 5038 in
750 4982 922 5037 variis
952 4980 1098 5036 locis
1128 4984 1336 5034 contra
1363 4980 1614 5034 Arianos
1646 4981 1971 5037 certamina
2000 4999 2098 5036 ex-

453 5081 709 5148 pertum.
745 5073 877 5127 Haec
924 5069 995 5125 de
1026 5068 1330 5124 canonicis
1361 5068 1540 5122 trium
1572 5069 1915 5139 prassulum,
1947 5072 2095 5124 Con-

451 5161 987 5235 stantinOpolitani,
1012 5159 1362 5215 Antiocheni
1387 5164 1444 5212 et
1462 5158 1976 5231 llierosolymitani
2000 5178 2094 5213 or-

448 5257 854 5315 dinationibus
888 5259 1047 5307 tanto
1071 5251 1264 5307 studio
1300 5251 1529 5322 adjecta
1555 5270 1566 5317 ;
1592 5254 1871 5323 quoniam
1903 5255 2095 5324 prima

446 5343 936 5405 Occidentalibus
958 5359 992 5398 a
1018 5341 1262 5396 Maximo
1288 5340 1495 5396 fraude
1523 5342 1785 5412 deceptis
1816 5343 2089 5413 displice-

443 5438 571 5503 bat;
594 5436 779 5490 altera
810 5432 881 5488 ab
901 5430 1123 5485 eisdem
1144 5436 1353 5484 contra
1378 5429 1599 5485 hedera
1619 5438 1675 5484 et
1702 5431 1858 5503 leges
1890 5437 2089 5486 atten-

445 5533 564 5582 tata
594 5522 902 5580 dicebatur
927 5538 940 5585 ;
969 5518 1172 5591 Cyrilli
1192 5518 1430 5573 tandem
1456 5519 1891 5574 ordinationem
1915 5537 2089 5575 nove-

443 5613 675 5672 rantab
725 5609 983 5665 inimicis
1015 5608 1167 5679 ejus,
1228 5611 1346 5660 tam
1403 5607 1466 5661 in
1524 5608 1759 5662 Oriente
1818 5626 1997 5678 quam
2031 5610 2090 5664 in

514 5792 627 5866 (38)
657 5785 1031 5853 Theodoret.,
1064 5782 1174 5843 lib.
1214 5799 1269 5852 v,
1302 5799 1433 5855 ουρ.
1467 5785 1522 5855 8,
1553 5786 1605 5839 9.

2219 3399 2697 3473 Martyrologium
2718 3397 3070 3452 intulerunt.
3098 3398 3163 3450 ln
3187 3397 3508 3468 Synaxario
3531 3395 3879 3449 Claromon-

2219 3499 2356 3547 tano
2397 3493 2635 3544 notatur
2692 3487 2821 3559 ejus
2872 3487 3135 3540 memoria
3192 3484 3267 3540 ad
3298 3484 3675 3538 undecimam
3708 3482 3872 3538 diem

2219 3579 2429 3646 Martii,
2463 3594 2578 3649 quo
2603 3578 2697 3632 die
2724 3576 3033 3648 principne
3062 3575 3112 3627 S.
3143 3573 3457 3645 Sophronii
3484 3572 3700 3627 festum
3724 3573 3878 3627 cele-

2218 3670 2445 3725 bratur.
2470 3666 2580 3722 Sed
2635 3664 2796 3721 aliud
2851 3664 3101 3719 habetur
3132 3664 3193 3718 in
3225 3662 3433 3717 eodem
3465 3661 3617 3716 lihro
3669 3661 3875 3733 Cyrilli

2221 3757 2476 3830 elogium
2507 3753 2581 3809 ad
2610 3754 2768 3807 diem
2802 3753 2866 3805 18
2899 3751 3084 3806 Martii
3119 3767 3235 3821 qua
3264 3750 3536 3804 decessit.
3575 3751 3636 3803 In
3669 3749 3875 3803 calen-

2219 3846 2385 3901 dario
2438 3843 2695 3915 Syriaco,
2728 3859 2823 3897 an.
2879 3841 3013 3895 1624
3048 3842 3244 3894 Romae
3304 3836 3727 3908 excuso,quod
3770 3853 3869 3892 ec-

2220 3934 2551 3990 clesiastico
2573 3931 2765 4004 gentis
2789 3930 2949 3984 illius
2972 3928 3167 3984 officio
3190 3929 3498 4000 praefixum
3523 3931 3632 3992 est,
3656 3926 3867 3981 eadem

2220 4024 2406 4079 Martii
2443 4021 2665 4077 mensis
2690 4020 2816 4074 dies
2840 4035 2999 4073 mors
3020 4018 3223 4089 Cyrilli
3246 4018 3433 4071 nostri
3463 4016 3769 4071 recolitur.
3795 4019 3871 4070 At

2218 4113 2278 4167 in
2301 4111 2712 4183 Martyrologio
2738 4107 3283 4178 Arabico-AZgyptio
3316 4108 3502 4162 Roma
3531 4106 3603 4160 ad
3634 4105 3869 4159 Bollan-

2219 4203 2403 4258 distas
2435 4202 2641 4265 misso,
2692 4198 2765 4254 ad
2797 4201 2864 4252 2O
2914 4197 3069 4252 diem
3119 4196 3342 4251 mensis
3373 4195 3561 4249 Martii
3612 4193 3870 4249 habetur

2217 4294 2479 4348 memoria
2508 4292 2559 4346 S.
2602 4289 2799 4359 Cyrilli
2852 4288 3095 4358 episcopi
3140 4284 3613 4354 Jcrosolymitani.
3671 4285 3870 4339 Mense

2219 4397 2454 4454 quoque
2488 4378 2716 4439 Martio,
2750 4376 2853 4431 sed
2914 4376 3041 4429 sine
3098 4375 3402 4429 notatione
3462 4373 3577 4428 diei
3613 4374 3871 4429 habetur

2218 4468 2474 4542 elogium
2506 4466 2706 4538 Cyrilli
2741 4466 2800 4519 in
2834 4464 3054 4535 duplici
3088 4464 3334 4518 Arabico
3366 4462 3705 4518 calendario
3728 4480 3870 4534 per-

2217 4559 2462 4627 antiquo
2491 4572 2505 4611 :
2541 4570 2791 4626 quorum
2824 4554 2883 4607 in
2914 4570 3035 4607 uno
3066 4552 3266 4622 Cyrilli
3312 4569 3529 4606 nomen
3577 4568 3711 4606 cum
3740 4551 3871 4606 elo-

2218 4647 2309 4719 gio
2340 4643 2758 4713 divinireperit
2778 4642 3219 4697 illustrissimus
3241 4642 3437 4696 Risius
3469 4640 3864 4712 archiepisco-

2214 4752 2323 4807 pus
2347 4736 2745 4788 Damasccnus
2791 4732 2854 4785 In
2876 4730 3062 4785 altero
3085 4737 3303 4796 autem,
3332 4728 3492 4799 quod
3513 4729 3585 4784 ab
3611 4729 3869 4784 Amabili

2215 4825 2445 4878 Burzzeo
2478 4820 2885 4893 Ricomagensi
2911 4819 3110 4873 Latine
3136 4818 3431 4873 redditum
3452 4825 3560 4885 est,
3585 4818 3867 4889 quodque

2211 4911 2391 4982 priori
2423 4909 2760 4965 calendario
2791 4910 2912 4962 fere
2942 4908 3286 4979 respondet,
3310 4909 3699 4963 continentur
3727 4925 3863 4964 ora-

2208 5000 2400 5055 tiones
2433 4999 2727 5071 quaadam,
2762 4999 3084 5053 multorum
3114 4998 3289 5052 simul
3323 5004 3667 5053 sanctorum
3698 5015 3857 5052 com-

2205 5089 2697 5144 memorationem
2722 5088 3066 5157 complexaa,
3092 5103 3342 5157 quarum
3376 5087 3628 5158 septima
3651 5087 3857 5141 Martio

2203 5179 2395 5233 mensi
2421 5177 2817 5233 subserviens.
2837 5177 2993 5230 circa
3015 5176 3276 5230 medium
3302 5176 3480 5231 habet
3500 5177 3627 5230 haec
3650 5176 3856 5231 verba:

2202 5269 2610 5335 Magniﬁccmus
2642 5265 2905 5334 Cyrillum
2930 5267 3289 5319 innocentem.
3321 5267 3401 5319 Ex
3428 5266 3519 5319 his
3551 5266 3855 5328 omnibus,

2202 5373 2332 5427 qum
2358 5355 2855 5411 Bollandistarum
2880 5355 2999 5408 fere
3023 5354 3342 5426 diligentia.l
3362 5355 3671 5425 debemus,
3698 5362 3859 5427 patet

2202 5445 2400 5515 Cyrilli
2434 5445 2781 5499 memoriam
2823 5444 2882 5497 in
2925 5443 3203 5497 omnibus
3238 5444 3526 5509 ecclesiis,
3564 5446 3853 5507 Romana,

2202 5534 2420 5601 Graeca,
2448 5534 2701 5606 Syriaca.
2731 5533 3013 5604 .Egyptia,
3040 5538 3317 5601 tanquam
3356 5535 3535 5587 unius
3568 5551 3598 5589 e
3632 5536 3856 5590 sanctis

2200 5624 2506 5678 celebrari.
2541 5623 2648 5687 Qui
2689 5622 2929 5693 quidem
2975 5621 3328 5678 universalis
3368 5623 3564 5680 cultus
3614 5626 3851 5681 abunde

2270 5787 2372 5855 (39)
2406 5786 2651 5855 Socrat.,
2684 5784 2789 5841 lib.
2822 5802 2875 5852 ν,
2906 5800 3035 5855 cap.
3067 5787 3152 5839 10.
