4094 6282
256 457 379 518 117

1672 456 2193 522 DlSSER’l‘ATlO
2237 459 2284 516 l.

3571 469 3687 529 118

256 590 603 647 calumnias
632 593 759 647 vivo
789 598 849 647 et
878 601 1111 650 mortuo
1143 595 1432 668 impactas
1480 594 1716 651 refellit.
1770 594 1915 649 Cum
1947 591 2001 657 Α
2032 590 2330 662 suspexit;
2363 591 2678 663 magniﬁca
2707 597 2846 648 sunt
2867 610 3000 664 quoa
3024 593 3095 648 de
3117 596 3169 649 vi
3194 599 3681 673 exorcismorum,

267 683 418 737 anni
451 683 553 737 351
592 682 761 738 initio
795 684 1197 757 episcopatum
1252 688 1600 760 susceperit,
1650 685 1763 740 fuit
1806 682 1929 754 epi-

262 787 486 841 scopus
503 787 693 827 annos
716 774 783 825 35
799 788 830 827 e
853 773 1070 843 quibus
1092 776 1233 830 anni
1256 776 1379 832 fere
1404 775 1700 830 sexdecim
1716 771 1933 844 quibus

262 859 487 915 absens
515 860 633 915 fuit
664 861 1002 933 excipiendi
1033 880 1045 916 :
1071 865 1457 934 quamobrem
1483 880 1674 919 annos
1696 877 1935 917 novem-

265 947 463 1004 decim
497 954 732 1003 tantum
769 951 1096 1007 Ecclesiam
1128 970 1395 1023 praesens
1424 953 1595 1009 rexit.
1648 952 1780 1007 Fuit
1825 966 1930 1006 au-

265 1041 385 1091 tem
419 1037 554 1109 ejus
587 1038 707 1092 vita
730 1055 1027 1094 annorum
1058 1041 1184 1095 fere
1212 1043 1608 1115 septuaginta.
1678 1060 1681 1063 '

326 1129 418 1181 84.
457 1128 647 1183 Graeci
682 1129 746 1182 in
798 1131 1020 1185 Menam
1073 1132 1371 1188 nonnulla
1418 1132 1490 1188 de
1546 1131 1751 1187 habitu
1800 1129 1930 1201 ejus

258 1216 560 1271 exteriore
581 1223 856 1284 narrant,
881 1235 1010 1289 quae
1034 1236 1243 1275 vereor
1263 1227 1330 1277 ut
1351 1238 1419 1276 ex
1454 1221 1695 1294 optimis
1716 1234 1925 1274 monu-

255 1306 485 1363 mentis
507 1314 759 1378 accepta
782 1308 919 1363 sint.
950 1310 1135 1364 Aiunt
1154 1311 1314 1366 enim
1345 1334 1364 1360 α
1396 1311 1684 1383 Cyrillum
1702 1315 1930 1364 statura

258 1419 289 1448 ‹‹
325 1397 600 1467 corporis
641 1397 933 1453 mediocri
984 1398 1189 1464 fuisse,
1239 1400 1554 1471 pallidum,
1614 1398 1928 1471 promissis

261 1508 287 1534 α
323 1483 581 1555 capillis,
618 1486 772 1540 simo
796 1502 943 1541 naso
969 1504 983 1552 ;
1008 1487 1127 1542 lato
1154 1505 1277 1555 ore,
1302 1505 1407 1544 seu
1426 1489 1592 1544 vultu
1615 1487 1925 1558 quadrato,

268 1597 297 1625 ι(
332 1575 672 1646 superciliis
703 1575 765 1630 in
798 1577 1091 1633 directum
1124 1578 1560 1650 crispantibus;
1595 1578 1758 1633 canis
1779 1577 1928 1633 den-

268 1685 298 1712 «
333 1665 537 1734 sisque
565 1664 704 1735 pilis
740 1681 929 1736 genas
973 1666 1383 1736 vestientibus,
1434 1667 1620 1722 barba
1668 1666 1730 1720 in
1776 1665 1924 1720 duas

263 1773 295 1801 ‹‹
327 1757 530 1823 partes
559 1751 667 1806 sub
692 1758 964 1807 mentum
986 1752 1173 1809 divisa
1201 1771 1214 1821 ;
1250 1778 1278 1805 »
1311 1754 1661 1825 adduntque
1700 1774 1726 1807 α
1749 1753 1927 1809 mori-

258 1861 289 1890 ‹‹
323 1840 436 1894 bus
455 1840 740 1895 omnibus
762 1842 1153 1897 rusticitatem
1172 1843 1494 1913 quamdam
1517 1842 1851 1915 praatnlisse
1870 1865 1890 1890 ι
1904 1882 1917 1895 .

2035 678 2617 750 exorcisatarumque
2647 696 2870 748 rerum,
2903 683 2988 737 uti
3020 699 3211 753 aquae,
3237 684 3373 754 olei,
3398 688 3685 747 chrisma-

2036 768 2132 837 tis,
2166 768 2360 839 deque
2392 768 2667 825 habenda
2695 770 2756 824 in
2788 771 2956 843 signo
2987 773 3199 841 crucis,
3232 776 3318 829 uti
3377 777 3451 832 ad
3493 780 3685 836 multa

2035 857 2452 928 potentissimo
2483 859 2721 924 ﬁducia,
2744 876 2812 915 ac
2835 860 2906 915 de
2925 867 3266 917 sanctarum
3293 865 3686 935 reliquiarum

2036 946 2092 1000 vi
2123 950 2183 1000 et
2211 946 2479 1002 efﬁcacia
2534 948 2758 1019 passim
2807 948 3066 1004 disserit.
3119 952 3200 1005 Ex
3244 951 3346 1007 illo
3400 955 3687 1013 Ecclesia;

2035 1051 2236 1090 amore
2254 1042 2460 1091 natum
2489 1036 2639 1091 illud
2664 1037 3079 1093 haareticorum
3110 1039 3333 1106 odium,
3364 1044 3527 1112 quod
3550 1043 3689 1100 ubi-

2034 1141 2148 1195 que
2169 1141 2385 1197 magno
2420 1125 2615 1180 studio
2642 1126 2912 1199 praecipit
2934 1133 2994 1182 et
3022 1128 3306 1185 inculcat.
3338 1132 3466 1185 Vid.
3492 1139 3607 1189 cat.
3626 1137 3680 1202 6,

2033 1229 2092 1268 ιι.
2128 1216 2214 1280 13,
2250 1217 2337 1282 19,
2367 1216 2455 1281 33,
2485 1216 2573 1283 35,
2607 1222 2717 1270 cat.
2754 1220 2806 1283 7,
2838 1234 2898 1271 ιι.
2931 1220 2980 1284 1,
3009 1223 3120 1272 cat.
3159 1221 3244 1285 16,
3279 1236 3338 1273 ιι.
3376 1224 3461 1275 11.
3495 1222 3681 1287 Quam

2032 1300 2149 1356 alte
2181 1302 2382 1357 animo
2431 1303 2748 1359 imbiberat
2793 1305 2993 1367 ﬁdem.
3045 1306 3280 1362 fortiter
3324 1308 3464 1365 data
3511 1327 3680 1368 occa-

2032 1390 2198 1446 sione
2258 1392 2565 1448 confessus
2622 1400 2736 1451 est.
2794 1394 3376 1453 Consubstantialem
3425 1400 3677 1457 Trinita-

2029 1484 2149 1534 tem
2182 1480 2272 1535 sui
2302 1482 2679 1552 episcopatus
2708 1482 2880 1538 initio
2911 1484 3249 1555 praedicavit
3271 1487 3333 1542 in
3356 1487 3572 1545 litteris
3602 1490 3678 1546 ad

2029 1569 2439 1626 Constantium
2460 1572 2639 1644 hujus
2654 1572 2941 1629 doctrinae
2967 1575 3455 1633 inimicissimum
3483 1579 3637 1635 datis
3663 1599 3676 1637 :

2029 1659 2218 1716 multa
2247 1662 2422 1717 variis
2455 1663 2516 1717 in
2546 1663 2694 1719 locis
2725 1682 2831 1736 pro
2861 1665 3160 1721 catholica
3189 1667 3433 1724 veritate
3473 1676 3680 1726 contra

2026 1749 2278 1805 Arianos
2309 1753 2636 1808 certamina
2666 1753 2868 1822 subiit,
2902 1754 3118 1826 triplex
3140 1756 3416 1811 exsilium
3443 1774 3673 1829 passus;

2028 1854 2269 1910 suaeque
2301 1856 2479 1910 quam
2511 1842 2628 1897 cito
2659 1842 2828 1897 licuit
2885 1860 3014 1899 sese
3065 1845 3344 1901 Ecclesia;
3392 1846 3673 1916 reddens,

259 1930 523 2001 Corpore
545 1929 1224 2002 laboris‘patientissimo
1245 1932 1432 1989 fuisse
1460 1933 1635 1988 facile
1661 1931 1922 1988 credide—
1946 1940 1992 2006 Β
2024 1928 2468 1999 Apollinaristis
2500 1936 2557 1985 et
2588 1932 2983 1987 schismaticis
3013 1932 3096 1987 ita
3143 1934 3379 2002 restitit,
3428 1941 3493 1991 ut
3541 1952 3669 2008 gra-

258 2020 400 2087 rim,
435 2036 571 2075 cum
621 2021 1048 2094 Hierosolymis
1092 2038 1371 2095 maguum
1423 2040 1573 2078 onus
1620 2022 1917 2078 indefesse

255 2106 636 2180 praedicandi
670 2108 950 2164 alacriter
980 2111 1321 2165 sustineret.
1358 2111 1415 2165 Si
1450 2128 1567 2181 qua
1589 2111 1651 2166 in
1675 2111 1776 2166 illo
1797 2126 1921 2165 rus-

256 2198 466 2253 ticitas
497 2202 646 2264 erat,
681 2202 803 2253 tota
834 2198 1032 2254 vultus
1062 2204 1242 2270 atque
1302 2199 1538 2255 habitus
1587 2205 1733 2268 erat,
1783 2215 1919 2254 cum

250 2303 480 2359 magna
509 2287 570 2341 in
606 2304 674 2342 eo
710 2304 780 2343 ex
812 2289 941 2360 ejus
968 2290 1379 2345 catechesibus
1436 2306 1574 2363 erga
1620 2290 1919 2362 subjectos

260 2376 515 2432 comitas
547 2393 617 2432 ac
640 2378 1040 2433 mansuetudo
1073 2380 1296 2450 passim
1328 2381 1624 2453 effulgeat.

330 2468 417 2520 85.
454 2468 673 2521 Verum
701 2468 900 2537 potior
930 2469 1060 2539 ejus
1110 2468 1305 2540 imago
1357 2486 1428 2524 ex
1477 2471 1607 2541 ejus
1658 2469 1919 2539 scriptis,

252 2555 461 2626 gestis,
486 2570 554 2610 ac
566 2555 886 2610 virtutibus
900 2557 1308 2628 exprimenda.
1334 2558 1468 2613 Fuit
1482 2558 1704 2625 animo,
1731 2573 1919 2628 quan-

255 2651 390 2701 tum
412 2646 794 2719 conjicimus,
822 2648 1056 2703 excelso
1079 2653 1139 2704 et
1157 2648 1318 2716 forti,
1340 2665 1520 2720 quem
1533 2649 1829 2720 praecipue
1858 2648 1919 2704 in

255 2741 542 2807 suscepta
566 2752 703 2791 cum
729 2737 944 2792 Acacio
1004 2739 1389 2794 contentione
1436 2738 1716 2810 prodidit.
1762 2738 1918 2794 Nihil

252 2824 421 2880 enim
452 2826 675 2880 veritus
706 2831 1008 2881 versutum
1049 2827 1223 2898 juxta
1270 2845 1338 2883 ac
1388 2827 1672 2883 audacem
1716 2827 1921 2884 omnia

257 2915 501 2988 aggredi
522 2916 737 2983 virum,
761 2917 824 2970 in
847 2917 985 2972 aula
1012 2917 1389 2989 imperatoris
1412 2917 1915 2989 potentissimum,

256 3005 543 3061 Ecclesiae
566 3022 687 3061 sua:
696 3006 843 3077 jura
866 3006 1547 3079 ﬁrmiterintrepideque
1560 3011 1784 3063 tutatus
1802 3014 1910 3077 est;

259 3094 335 3150 ab
360 3111 552 3165 eoque
571 3095 792 3167 injuste
815 3095 1122 3166 depositus
1139 3101 1197 3151 et
1217 3097 1518 3168 expulsus,
1547 3097 1743 3169 majus
1769 3114 1911 3153 con-

251 3184 468 3240 cilium
492 3184 649 3238 civili
674 3200 859 3247 more,
894 3200 1043 3239 novo
1067 3191 1132 3239 ut
1172 3185 1373 3241 ferunt
1402 3186 1671 3257 exemplo
1701 3203 1911 3257 provo-

251 3274 444 3340 cavit;
490 3278 814 3344 oratusque
869 3273 931 3327 in
980 3274 1231 3329 concilio
1282 3274 1662 3341 Seleuciensi,
1718 3281 1785 3330 ut
1831 3276 1903 3331 ad
1935 3305 1978 3371 ε

250 3362 723 3434 postulationem
756 3361 953 3417 Acacii
987 3379 1017 3415 e
1048 3380 1330 3418 consessu
1353 3362 1427 3418 ad
1458 3369 1692 3436 tempus
1709 3365 1900 3420 disce-

251 3451 637 3523 deret,gradu
651 3451 740 3505 vel
758 3450 1075 3505 minimum
1094 3452 1303 3506 cedere
1318 3453 1796 3508 constantissime
1812 3454 1907 3508 de-

248 3540 546 3596 trectavit.
579 3540 839 3594 Emicuit
869 3540 1045 3595 etiam
1078 3541 1207 3611 ejus
1245 3541 1526 3596 fortitudo
1560 3542 1903 3616 [LXXXVII]

249 3631 315 3684 in
348 3628 737 3702 prasﬁciendo
796 3636 1005 3683 contra
1047 3629 1318 3701 Eutychii
1346 3635 1404 3684 et
1433 3630 1788 3685 Arianorum
1817 3632 1901 3686 fa-

249 3720 516 3775 ctionem
546 3718 899 3773 Caesariensi
941 3717 1219 3774 Ecclesiae
1264 3719 1564 3789 episcopo,
1614 3735 1733 3774 non
1780 3736 1901 3775 uno

250 3814 506 3873 tantum,
543 3808 646 3863 sed
677 3813 736 3863 et
764 3807 951 3863 altero
1008 3813 1145 3879 post
1196 3806 1608 3879 depulsionem
1666 3809 1901 3879 prioris,

248 3898 695 3968 violentamque
720 3897 967 3952 alterius
985 3896 1372 3951 invasionem.
1405 3897 1576 3951 Fides
1597 3897 1684 3951 illi
1709 3898 1899 3964 ﬁrma,

250 3986 617 4043 curiositatis
647 3986 863 4051 aliena,
898 3985 1292 4040 vacillationis
1322 4001 1553 4056 expers,
1602 4002 1669 4041 ac
1714 3987 1899 4041 inter-

246 4076 383 4139 rita,
411 4079 527 4129 cat.
557 4077 608 4143 5,
637 4091 696 4128 ιι.
729 4077 815 4127 12.
849 4073 1194 4146 Symbolum
1226 4074 1551 4130 traditurus
1581 4081 1804 4143 monet,
1834 4081 1904 4130 ut

244 4165 403 4220 hanc
436 4163 859 4217 intemeratam
914 4162 1319 4233 intactamque
1369 4161 1548 4217 ﬁdem
1601 4168 1720 4218 toto
1766 4164 1899 4218 vita;

244 4258 524 4324 tempore
556 4250 919 4317 custodiant,
952 4266 1147 4321 neque
1179 4250 1304 4306 ulla
1333 4256 1455 4306 arte
1482 4258 1583 4306 aut
1611 4252 1663 4305 vi
1720 4250 1899 4306 aliam

247 4342 369 4398 sibi
400 4340 607 4396 induci
639 4340 963 4411 patiantur,
1024 4339 1257 4394 etiamsi
1303 4340 1428 4411 ipse
1476 4346 1740 4396 mutatus
1784 4340 1901 4396 alia

245 4431 512 4486 doceret.
553 4429 859 4483 Vitandam
891 4428 952 4481 in
985 4427 1196 4483 divinis
1245 4428 1422 4483 rebus
1471 4428 1895 4496 curiositatem,

245 4524 307 4575 et
338 4518 492 4573 nihil
524 4517 685 4572 ultra
710 4515 771 4570 id
802 4515 960 4586 quod
992 4516 1054 4570 in
1084 4516 1402 4587 Scripturis
1422 4521 1581 4571 Deus
1602 4516 1897 4585 revelavit,

242 4606 677 4679 inquirendum
707 4606 931 4660 millies
960 4605 1191 4676 repetit.
1226 4607 1413 4670 Quam
1436 4605 1788 4678 negligenda
1812 4623 1900 4661 ra-

2025 2033 2155 2072 vem
2184 2018 2299 2073 sibi
2329 2018 2402 2074 ab
2434 2020 2519 2074 eis
2548 2021 2917 2076 vexationem
2946 2022 3278 2078 concitarit.

2100 2108 2186 2162 86.
2222 2108 2462 2180 Magnus
2492 2109 2555 2163 in
2587 2110 2716 2181 ejus
2748 2111 2983 2181 scriptis
3040 2112 3262 2182 passim
3308 2114 3550 2187 eﬂ‘ulget
3597 2114 3669 2170 de

2028 2198 2147 2252 Deo
2179 2213 2428 2253 sensus:
2461 2199 2781 2271 magniﬁca
2810 2204 2950 2254 sunt
2979 2216 3110 2270 quea
3142 2200 3214 2255 de
3246 2217 3308 2255 re
3342 2217 3411 2257 ea
3431 2202 3674 2258 disserit

2029 2287 2356 2342 catechesis
2388 2293 2566 2342 sextae
2598 2287 2787 2343 initio.
2820 2289 2982 2344 Hanc
3013 2289 3375 2360 sequebatur
3403 2291 3538 2346 vilis
3569 2291 3674 2347 illa

2029 2375 2103 2430 de
2134 2391 2197 2431 se
2229 2377 2608 2443 existimatio,
2643 2376 3044 2448 demissioque
3077 2380 3188 2445 sui,
3213 2379 3387 2434 dictis
3408 2385 3469 2435 et
3490 2382 3673 2453 gestis

2032 2464 2351 2533 declarata,
2384 2465 2445 2520 in
2476 2466 2790 2538 Evangelio
2821 2471 2882 2521 et
2909 2466 3004 2523 SS.
3038 2468 3312 2523 Patribus
3342 2469 3524 2523 tantis
3541 2468 3675 2525 lau-

2031 2554 2206 2611 dibus
2237 2556 2539 2611 cumulata
2569 2556 2787 2623 virtus;
2817 2572 2885 2612 ea
2916 2557 2983 2612 ﬁt
3020 2559 3304 2629 primum,
3354 2568 3421 2614 ut
3466 2577 3677 2632 parum

2030 2645 2091 2699 in
2114 2645 2296 2700 nobis
2326 2645 2470 2716 ipsis
2494 2645 2755 2716 praasidii
2782 2646 2954 2701 nobis
2985 2653 3263 2718 putemus
3295 2665 3446 2714 esse,
3481 2666 3680 2721 spem-

2028 2750 2143 2805 que
2173 2749 2411 2789 omnem
2446 2734 2507 2789 in
2541 2734 2658 2789 Deo
2693 2735 3074 2791 collocemus.
3099 2737 3200 2792 Hic
3223 2737 3284 2791 in
3304 2738 3506 2809 Cyrilli
3541 2740 3679 2795 scri-

2025 2825 2143 2895 ptis
2174 2824 2393 2895 ubique
2424 2836 2635 2879 sensus
2666 2824 2891 2892 elucet;
2927 2825 2989 2880 in
3022 2826 3300 2881 omnibus
3344 2827 3467 2881 fere
3510 2832 3670 2883 cate-

2024 2914 2303 2970 chesibus
2334 2914 2405 2969 de
2436 2914 2615 2969 rebus
2644 2915 2957 2985 praecipuis
2986 2916 3254 2971 dicturus
3287 2916 3541 2973 divinam
3601 2934 3664 2973 se

2022 3004 2271 3075 gratiam
2301 3019 2433 3072 quas
2454 3002 2566 3057 sibi
2598 3001 2672 3059 ad
2701 3009 2861 3058 recte
2882 3003 3200 3059 dicendum
3217 3007 3553 3062 necessaria
3566 3007 3663 3076 sit,

2021 3097 2363 3163 exspectare
2394 3091 2495 3157 ait,
2531 3097 2590 3145 et
2643 3091 2982 3147 auditorum
3038 3093 3316 3163 precibus
3365 3095 3660 3151 conﬁsum

2021 3195 2357 3235 sermonem
2380 3178 2636 3252 aggredi.
2664 3179 2788 3234 Vid.
2815 3184 2925 3235 cat.
2953 3184 3039 3249 12,
3066 3198 3125 3235 ιι.
3160 3183 3215 3248 4,
3247 3186 3360 3247 cat,
3401 3185 3480 3238 l3.
3505 3201 3565 3239 ιι.
3598 3185 3654 3253 8,

2019 3275 2131 3327 cat.
2167 3272 2253 3337 16,
2285 3286 2345 3325 n.
2382 3273 2431 3322 1.
2458 3268 2704 3324 Nolebat
2727 3267 2799 3324 ab
2822 3267 3189 3324 auditoribus
3211 3270 3536 3343 quidquam
3554 3289 3662 3329 sua

2016 3359 2197 3414 unius
2221 3358 2570 3413 auctoritate
2604 3357 2794 3429 excipi
2827 3374 2894 3413 ac
2924 3359 3125 3425 credi;
3158 3376 3226 3414 ac
3281 3361 3396 3416 nisi
3447 3362 3663 3419 idonea

2013 3465 2085 3504 ex
2116 3448 2435 3519 Scripturis
2475 3452 2825 3518 argumenta
2880 3447 3188 3518 producat,
3235 3466 3404 3520 inquo
3461 3452 3660 3507 animo

2014 3537 2126 3592 sibi
2146 3536 2324 3591 ﬁdem
2346 3535 2625 3606 denegari
2652 3536 2873 3607 patitur
2897 3537 3102 3592 multis
3123 3538 3186 3592 in
3214 3538 3380 3607 locis,
3404 3557 3661 3611 praeser-

2014 3627 2121 3681 tim
2146 3630 2259 3682 cat.
2293 3627 2344 3679 4.
2377 3641 2437 3678 ιι.
2477 3628 2561 3692 17,
2594 3630 2706 3679 cat.
2744 3627 2829 3693 12,
2862 3641 2921 3680 n.
2956 3629 3008 3693 5,
3043 3633 3154 3682 cat.
3191 3631 3277 3696 13,
3328 3645 3385 3683 ιι.
3443 3632 3497 3684 8.
3548 3632 3659 3687 Ea-

2012 3713 2149 3769 dem
2180 3712 2535 3769 humilitatis
2561 3712 2744 3768 virtus
2774 3712 2933 3780 facit,
2967 3720 3032 3769 ut
3062 3732 3314 3786 quorum
3336 3719 3448 3789 ipsi
3467 3718 3651 3775 bono-

2008 3820 2144 3859 rum
2167 3819 2277 3857 nos
2299 3803 2508 3873 inopes
2524 3807 2584 3857 et
2604 3801 2878 3875 indignos
2900 3804 3210 3868 sentimus,
3227 3821 3296 3860 ea
3318 3822 3437 3861 non
3459 3808 3653 3864 solum

2009 3892 2143 3949 aliis
2175 3908 2294 3947 non
2325 3891 2712 3956 invideamus,
2751 3891 2855 3945 sed
2885 3897 2950 3945 ut
2978 3892 3065 3945 illi
3097 3893 3354 3947 habeant
3378 3901 3652 3967 peropte—

2008 3982 2598 4052 mus,ethabentibus
2611 3982 3258 4054 gratulemur.Cyrillus
3276 3986 3645 4043 auditoribus

2010 4074 2133 4129 suis
2167 4073 2323 4128 dona
2356 4070 2779 4127 miraculorum
2812 4077 2871 4125 et
2901 4072 3247 4143 prophetiae,
3292 4075 3653 4148 [LXXXVIII]

2009 4163 2129 4218 illis
2154 4161 2521 4233 temporibus
2551 4159 2693 4215 satis
2713 4162 3074 4226 communia,
3093 4161 3439 4233 frequenter
3454 4181 3659 4236 appre-

2009 4258 2195 4320 catur,
2234 4266 2368 4306 cum
2400 4250 2528 4321 ipse
2558 4249 2885 4321 prophetiae
2908 4248 3062 4305 dono
3084 4268 3204 4306 non
3236 4270 3298 4308 se
3330 4269 3530 4309 carere
3561 4270 3657 4309 so-

2010 4343 2155 4410 lum,
2186 4340 2291 4396 sed
2316 4340 2699 4412 etindignum
2724 4355 2852 4395 esse
2876 4341 3244 4411 proﬁteatur,
3279 4348 3391 4398 cat.
3420 4346 3505 4409 15,
3534 4346 3653 4400 ιι.4.

2010 4434 2128 4488 Νοη
2174 4430 2658 4502 prophetantibus,
2716 4430 2932 4501 inquit,
2992 4432 3191 4497 nobis;
3247 4434 3466 4502 indigni
3512 4437 3658 4490 enim

2007 4536 2214 4576 sumus.
2250 4519 2536 4574 Difﬁdens
2568 4519 2682 4574 sibi
2715 4524 2937 4588 monet,
2999 4536 3073 4574 ne
3119 4521 3167 4575 si
3213 4520 3341 4592 ipse
3389 4528 3651 4580 mutatus

2009 4610 2307 4665 contraria
2336 4609 2596 4675 doceret,
2629 4608 2824 4680 ipsum
2858 4615 3204 4679 sequantur,
3238 4616 3349 4666 cat.
3383 4615 3436 4680 5,
3468 4629 3528 4668 n.
3560 4617 3647 4682 12,

246 4698 432 4753 tionis
464 4696 655 4768 ipsius
685 4700 788 4750 aut
830 4710 1118 4749 sensuum
1169 4699 1375 4749 contra
1424 4693 1561 4749 ﬁdei
1620 4695 1902 4766 mysteria
1937 4672 1976 4737 θ
2010 4704 2114 4754 aut
2140 4698 2189 4753 si
2220 4700 2346 4769 ipse
2377 4697 2566 4769 culpae
2597 4696 2964 4765 succumbat,
2996 4714 3115 4752 una
3146 4716 3280 4754 cum
3303 4700 3431 4770 ipso
3453 4704 3648 4772 perire

246 4786 587 4854 reluctatio,
622 4788 746 4838 tota
775 4783 1002 4839 catech.
1026 4784 1171 4837 22et
1190 4785 1256 4837 23
1283 4780 1480 4851 docet;
1515 4790 1736 4854 quanta
1766 4801 1898 4840 vero

243 4876 309 4931 in
335 4875 569 4941 mediis,
607 4890 740 4944 quea
787 4873 849 4927 in
900 4872 1163 4927 Ecclesia
1208 4878 1532 4927 nascantur
1579 4874 1896 4942 scandalis,

244 4964 589 5021 constantia
618 4968 678 5018 et
708 4960 997 5017 ﬁdelitate
1028 4960 1469 5032 persistendum
1519 4963 1613 5023 sit.
1660 4968 1773 5020 cat.
1810 4967 1894 5030 15,

244 5071 308 5110 ιι.
346 5058 398 5108 7.
431 5054 630 5109 Firma
658 5052 721 5107 in
754 5051 972 5105 divinis
1003 5050 1259 5105 oraculis
1291 5050 1429 5106 ﬁde.
1463 5056 1521 5105 et
1567 5051 1897 5107 divinarum

241 5143 717 5217 promissionum
741 5139 1205 5211 exspectatione,
1232 5145 1408 5211 negat
1428 5140 1897 5210 seiniquissimis

242 5232 596 5289 Antichristi
620 5228 991 5301 temporibus
1008 5228 1080 5283 de
1101 5227 1310 5282 robore
1329 5233 1386 5283 et
1405 5229 1598 5284 nervis
1621 5229 1896 5285 Ecclesiae

238 5323 539 5387 difﬁdere,
572 5324 689 5375 cat.
726 5322 816 5386 15,
848 5334 908 5372 ιι.
950 5319 1032 5384 16,
1066 5315 1523 5387 Judaeorumque
1554 5318 1615 5372 in
1677 5319 1895 5390 templo

243 5409 639 5468 instaurando
676 5407 785 5463 sub
845 5405 1078 5461 Iuliano
1128 5411 1375 5460 conatus
1422 5407 1572 5461 risit.
1619 5409 1893 5463 Ecclesiae

239 5502 630 5559 traditionem
660 5503 720 5552 et
741 5496 986 5551 decreta
1004 5494 1087 5548 uti
1112 5494 1480 5549 inviolabilia
1500 5496 1723 5563 habuit,
1747 5504 1804 5551 et
1820 5515 1893 5552 ne

241 5593 427 5648 latum
452 5589 704 5662 quidem
726 5599 988 5656 unguem
1012 5583 1082 5638 ab
1106 5584 1190 5637 eis
1221 5584 1417 5639 recedi
1449 5602 1624 5655 posse
1654 5604 1891 5657 persua-

240 5699 366 5739 sum
428 5677 714 5737 habebat.
779 5673 906 5727 Vid.
959 5676 1071 5728 cat.
1129 5673 1184 5739 4,
1226 5688 1284 5727 ιι.
1320 5674 1407 5742 35,
1441 5679 1557 5729 cat.
1590 5676 1676 5742 l8,
1712 5694 1771 5733 ιι.
1808 5681 1891 5734 16.

233 5771 543 5845 Religione
577 5778 820 5822 summa
861 5775 1071 5815 omnes
1119 5776 1263 5815 usus
1313 5767 1371 5815 et
1418 5762 1568 5818 ritus
1616 5765 1893 5824 Ecclesiae

2006 4786 2210 4856 velint,
2241 4793 2353 4843 cat.
2392 4789 2478 4854 15,
2510 4803 2570 4841 ιι.
2604 4790 2655 4841 7.
2689 4789 2873 4856 Neque
2901 4789 3116 4842 etiamsi
3136 4804 3232 4857 ego
3272 4792 3370 4860 qui
3407 4797 3457 4845 te
3483 4792 3647 4847 doceo

1998 4893 2244 4948 peream,
2280 4883 2340 4930 tu
2368 4892 2481 4930 una
2510 4891 2717 4929 mecum
2767 4891 2980 4945 pereas.
3036 4877 3144 4931 Sed
3174 4880 3262 4946 fas
3301 4886 3379 4933 est
3422 4882 3644 4935 audito-

2006 4981 2117 5020 rem
2147 4967 2413 5034 magistro
2437 4964 2713 5018 meliorem
2742 4966 2882 5032 ﬁeri,
2916 4970 2969 5018 et
3019 4980 3138 5019 eum
3177 4968 3276 5034 qui
3320 4968 3643 5025 novissimus

2005 5056 2173 5120 venit,
2200 5056 2445 5123 priorem
2477 5054 2642 5119 efﬁci.
2676 5053 2731 5106 Is
2785 5051 3059 5108 demissaa
3104 5054 3175 5109 de
3226 5070 3288 5109 se
3345 5057 3644 5127 opinionis

2008 5158 2217 5197 sensus
2246 5147 2409 5195 tanto
2441 5141 2894 5210 prmdicabilior,
2930 5142 3087 5211 quod
3109 5160 3229 5198 non
3262 5145 3324 5199 in
3354 5148 3516 5201 tenui
3548 5149 3651 5203 ab-

1999 5232 2279 5302 jectoque
2312 5230 2573 5301 ingenio,
2609 5229 2710 5284 sed
2743 5231 2803 5284 in
2835 5231 3068 5286 excelso
3127 5239 3465 5305 erectoque,
3514 5237 3652 5292 forti

2006 5337 2073 5375 ac
2091 5319 2298 5392 grandi
2332 5319 2531 5373 animo
2554 5318 2913 5374 versabatur.
2941 5322 3062 5385 Quo
3088 5322 3171 5388 ﬁt,
3206 5328 3271 5376 ut
3310 5339 3441 5380 eam
3472 5343 3653 5396 quam

2006 5410 2067 5465 in
2100 5408 2512 5481 persequenda
2541 5424 2719 5463 causa
2750 5408 3278 5466 suafortitudinem
3301 5418 3358 5468 et
3379 5421 3652 5471 constan-

2006 5499 2147 5553 tiam
2178 5498 2446 5561 retinuit,
2479 5514 2597 5552 non
2628 5497 2971 5567 pertinacia:
3002 5499 3212 5570 suique
3231 5502 3415 5571 ipsius
3432 5505 3642 5567 amori,

2005 5588 2107 5644 sed
2132 5588 2311 5642 ofﬁcii
2331 5587 2757 5642 conservationi
2774 5587 3067 5643 ascribere
3092 5588 3643 5665 debeamus.Magno

2004 5677 2583 5749 ad'promovendum
2618 5677 2715 5731 Dei
2751 5676 2975 5731 cultum
3009 5677 3202 5731 studio
3241 5680 3545 5747 aestuabat,
3577 5685 3643 5733 ut

2005 5784 2110 5826 suo
2141 5767 2329 5824 labori
2357 5785 2477 5823 non
2506 5771 2816 5839 parceret;
2866 5764 3177 5821 indefessa;
3224 5773 3350 5821 tum
3393 5767 3455 5819 in
3510 5781 3637 5833 sua,
