4094 6282
420 479 533 537 119

1699 462 1802 523 DE
1843 459 2035 519 VITA
2077 461 2140 518 S.
2188 458 2528 521 CYRILLI.

3716 462 3832 522 120

422 624 599 681 quam
622 607 675 660 ei
702 606 858 660 Deus
888 599 1270 657 commiserat
1297 597 1578 661 Ecclesia,
1612 601 1737 651 tum
1769 595 1829 649 in
1859 594 1932 648 iis
1962 592 2063 648 ubi
2097 592 2145 660 Α
2176 593 2529 649 substantiali
2584 596 2969 651 adhaerentem.
3030 597 3153 650 Non
3221 593 3397 649 credo
3451 593 3542 648 illi
3591 593 3711 649 alia
3749 593 3824 648 de

425 695 859 768 hospitabatur,
894 689 1073 745 divini
1104 687 1263 743 verbi
1306 684 1713 758 praedicationi
1764 684 2068 738 insistens.

424 790 703 843 Amorem
735 787 794 837 et
816 778 1273 836 beneﬁcentiam
1305 777 1435 847 ejus
1466 777 1526 830 in
1557 790 1848 846 pauperes
1871 772 2067 827 decla-

423 876 578 931 ravit
606 873 710 927 illa
739 871 798 924 in
827 872 1082 942 egestate
1112 866 1369 938 publica,
1396 865 1470 920 ad
1518 862 1940 919 sublevandam
1975 877 2070 915 eo-

427 982 560 1020 rum
590 961 854 1032 inopiam
887 973 1068 1013 sacraa
1096 954 1486 1027 supellectilis
1518 952 1822 1007 distractio
1851 950 2070 1018 ;susci-

429 1050 551 1109 tata
579 1050 691 1121 ipsi
726 1048 797 1104 ab
847 1045 1108 1101 inimicis
1143 1044 1216 1098 ob
1274 1060 1404 1099 eam
1455 1059 1580 1097 rem
1631 1041 1965 1108 vexatione,
2020 1046 2077 1095 et

425 1138 838 1214 persecutione
873 1152 907 1191 a
936 1136 1052 1191 Deo
1085 1139 1383 1188 coronata.
1421 1133 1587 1187 Pacis
1617 1148 1846 1196 amans,
1870 1135 1929 1185 et
1957 1134 2074 1184 tur-

428 1231 639 1286 barum
668 1243 826 1292 osor,
860 1224 1120 1296 primum
1155 1222 1404 1277 Maximo
1434 1222 1682 1285 vivente,
1715 1219 1979 1275 medium
2015 1234 2075 1273 se

434 1325 493 1375 et
526 1317 678 1373 nulli
709 1316 860 1387 parti
893 1313 1191 1369 addictum
1224 1312 1285 1365 in
1341 1310 1760 1366 ecclesiasticis
1815 1308 2076 1363 dissidiis

434 1405 798 1482 gravissimis
828 1403 1039 1459 habuit
1063 1418 1075 1455 :
1098 1401 1236 1456 dein
1263 1399 1941 1455 consubstantialitatem
1959 1414 2078 1452 am-

437 1497 667 1569 plexus,
697 1509 901 1548 eorum
923 1491 1024 1562 qui
1058 1490 1173 1545 ﬁde
1204 1490 1265 1544 in
1301 1494 1427 1544 tuto
1459 1489 1649 1561 posita
1680 1488 1750 1543 de
1782 1503 1920 1542 voce
1952 1486 2080 1541 sola

434 1585 735 1656 ambigere
755 1578 1612 1647 videbantur,communionem
1635 1594 1754 1632 non
1786 1576 2080 1631 detrecta-

434 1674 544 1739 vit;
569 1671 919 1741 Meletioque
943 1668 1015 1723 ab
1047 1668 1305 1722 inimicis
1337 1666 1459 1722 suis
1481 1666 1775 1731 ordinato,
1809 1681 1945 1719 cum
1976 1664 2077 1719 ille

436 1765 732 1819 sinceram
755 1766 813 1815 et
834 1758 1220 1814 orthodoxam
1239 1757 1416 1811 ﬁdem
1435 1756 1738 1827 professus
1760 1761 2077 1823 esset,eum

437 1870 558 1908 non
581 1851 774 1906 solum
791 1849 876 1903 uti
900 1848 1263 1919 episcopum.
1289 1846 1393 1901 sed
1413 1846 1591 1900 etiam
1613 1845 1673 1898 in
1697 1844 2079 1898 familiarium

2179 698 2357 738 causa
2387 684 2524 739 ﬁdei
2555 686 2940 740 variationem
2993 685 3295 755 imputari,
3347 700 3525 754 quam
3579 690 3827 755 propter

2177 772 2563 829 variationem
2593 774 3035 829 communionis
3064 773 3175 844 ipsi
3210 779 3430 828 temere
3476 773 3826 843 ascriptam.

2180 862 2293 918 Sed
2319 863 2487 933 prius
2512 879 2755 935 agamus
2785 864 2857 919 de
2891 864 3023 918 ﬁde.
3062 863 3384 917 Dissentire
3413 878 3532 916 non
3568 866 3831 932 possunt

2182 951 2310 1022 ejus
2340 950 2659 1007 adversarii
2690 953 2882 1022 prima
2911 955 3040 1022 ejus
3072 958 3130 1005 et
3161 958 3424 1006 extrema
3444 951 3830 1022 episcopatus

2180 1046 2448 1113 tempora
2477 1058 2611 1095 cum
2652 1042 2884 1096 sincera
2933 1040 3046 1095 ﬁde
3093 1045 3390 1095 transacta
3439 1056 3570 1095 esse
3618 1039 3832 1094 ortho-

2181 1130 2513 1201 doxamque
2538 1131 2667 1201 ejus
2692 1132 2751 1185 in
2776 1130 3185 1186 catechesibus
3206 1130 3279 1185 de
3299 1130 3582 1184 Trinitate
3604 1128 3832 1183 doctri-

2181 1236 2319 1275 nam
2333 1219 2769 1275 dissertationis
2783 1221 2968 1275 tertiaa
2983 1219 3170 1273 initiis
3185 1219 3401 1273 invicte
3416 1217 3832 1289 probabimus;

2182 1315 2248 1364 ut
2278 1308 2435 1363 idem
2468 1308 2538 1363 de
2570 1308 2943 1363 intermediis
2978 1307 3688 1380 temporibusjudicetur,
3716 1306 3837 1360 nisi

2184 1397 2420 1453 obstent
2437 1398 2658 1452 diserta
2683 1398 2743 1451 in
2768 1398 3129 1452 contrarium
3154 1400 3523 1469 argumenta,
3545 1395 3641 1450 lex
3670 1396 3835 1466 aequi

2175 1487 2444 1557 justique
2475 1486 2756 1558 postulat.
2790 1486 3033 1551 Qualem
3067 1490 3224 1540 certe
3274 1502 3436 1539 num.
3490 1486 3557 1539 84
3603 1484 3838 1539 descri-

2184 1576 2413 1647 psimus
2444 1575 2645 1647 Cyrilli
2678 1575 2879 1642 ﬁdem,
2913 1575 2973 1629 in
3005 1591 3134 1630 eam
3168 1575 3415 1630 minime
3438 1573 3707 1628 omnium
3729 1590 3836 1629 va-

2184 1664 2457 1719 riationis
2479 1681 2547 1719 ac
2568 1664 2914 1719 mutationis
2937 1664 3195 1735 suspicio
3217 1664 3428 1718 cadere
3447 1668 3659 1734 potest,
3695 1679 3837 1718 cum

2187 1769 2316 1808 sese
2337 1752 2398 1807 in
2423 1758 2798 1808 antecessum
2816 1753 3045 1824 judicio
3068 1753 3195 1823 ipse
3218 1770 3324 1807 suo
3356 1752 3748 1820 damnaverit,
3784 1752 3838 1806 si

2187 1841 2365 1896 ﬁdem
2396 1847 2655 1897 mutaret
2684 1858 2970 1912 unquam.
3005 1847 3117 1897 cat.
3153 1846 3205 1910 5,
3238 1858 3299 1896 n.
3335 1845 3421 1897 12.
3465 1842 3646 1903 Alias,
3683 1841 3835 1896 nnl-

441 1958 691 1998 numero
714 1938 939 1994 habuit.
974 1937 1354 1991 Paulinianos
1373 1951 1608 2006 quoque
1631 1934 1974 2000 monachos,
2007 1932 2079 1987 ab
2114 1945 2159 2008 B
2191 1929 2309 1985 lam
2340 1930 2520 1985 aliam
2553 1931 2767 2001 legitur
2800 1932 3076 1986 Arianam
3108 1931 3422 1988 formulam
3444 1948 3549 1986 sua
3578 1931 3842 1986 subscri-

438 2034 544 2088 illa
571 2037 737 2103 parte
770 2028 1036 2100 quamvis
1067 2029 1329 2083 offensus
1355 2026 1717 2100 gravissime,
1755 2024 1828 2079 ad
1876 2040 2080 2095 pacem

438 2121 569 2177 sine
599 2117 1025 2174 detrectatione
1074 2114 1318 2185 recepit.
1354 2115 1396 2167 E
1426 2112 1696 2168 conciliis
1727 2116 1845 2166 tam
1878 2110 2082 2165 multis

439 2227 572 2281 qum
596 2208 702 2263 sub
725 2205 1069 2261 Constantio
1101 2203 1400 2258 celebrata
1419 2188 1775 2272 sunt,pauca
1797 2205 1937 2255 sunt
1955 2216 2085 2254 om-

438 2301 582 2355 nino
614 2297 829 2369 quibus
856 2296 958 2350 ille
989 2293 1346 2360 interfuerit,
1379 2292 1529 2346 nulli
1560 2291 1645 2345 rei
1677 2307 1739 2345 se
1762 2290 1972 2345 ducem
1995 2295 2085 2344 at-

440 2404 554 2460 que
587 2384 1012 2441 intermedium
1044 2383 1340 2454 ingerens.
1401 2380 1665 2449 Cumque
1718 2380 1779 2433 in
1829 2378 2081 2433 concilio

441 2473 1095 2545 Constantinopolitano
1154 2470 1359 2526 multis
1409 2485 1543 2525 cum
1600 2468 1735 2523 aliis
1779 2468 2083 2539 depositus

441 2567 672 2633 fuisset,
706 2564 794 2618 illi
829 2568 888 2617 et
917 2563 1141 2627 statim,
1183 2567 1241 2616 et
1261 2560 1370 2616 sub
1416 2561 1673 2625 Iuliano,
1720 2560 1983 2626 Joviano,
2028 2564 2087 2614 et

444 2655 713 2719 Valente,
738 2651 929 2706 multa
949 2650 1227 2705 adversus
1251 2666 1351 2704 eos
1373 2665 1408 2704 a
1428 2648 1644 2718 quibus
1666 2648 1929 2703 damnati
1958 2646 2083 2701 fue-

444 2749 597 2809 rant,
630 2747 689 2795 et
718 2739 970 2795 concilia
1000 2744 1058 2793 et
1074 2743 1398 2793 conventus
1420 2736 1811 2802 celebravere,
1832 2751 2083 2805 quorum

446 2832 594 2887 nulli
626 2828 879 2900 Cyrillus
905 2827 1119 2899 legitur
1149 2825 1506 2880 interfuisse.
1542 2825 1750 2880 Multas
1781 2823 1928 2878 alias
1958 2823 2086 2894 ejus

445 2921 689 2975 virtutes
722 2919 782 2972 in
816 2918 1003 2989 ipsius
1032 2916 1238 2971 Ofﬁcio
1270 2919 1585 2970 recensent
1614 2914 1818 2979 Grmci,
1861 2913 2087 2969 aientes

449 3034 470 3060 ι
498 3026 634 3065 eum
655 3009 915 3065 animam
940 3022 1109 3061 suam
1124 3003 1437 3059 virtutibus
1459 3018 1799 3069 exornasse,
1824 3008 2085 3057 mentem

448 3121 475 3149 ‹‹
507 3097 808 3169 corporeis
838 3094 1016 3151 rebus
1042 3094 1407 3166 superiorem
1431 3091 1697 3147 effecisse
1722 3111 1737 3159 ;
1770 3107 1904 3146 cum
1928 3107 2089 3146 men-

448 3210 475 3238 ‹‹
510 3194 626 3242 tem
647 3186 894 3241 haberet
913 3183 1110 3238 divino
1133 3183 1345 3237 timore
1368 3182 1818 3246 inflammatam,
1844 3196 2085 3235 omnem

2188 2019 2393 2091 ptione
2424 2020 2804 2091 approbasse,
2847 2021 2963 2075 nisi
3020 2021 3441 2076 Antiochenam
3493 2020 3643 2075 forte
3694 2036 3838 2075 cum

2188 2108 2321 2163 aliis
2351 2110 2411 2163 in
2444 2110 2696 2164 concilio
2730 2110 3091 2165 Seleuciensi
3118 2127 3131 2175 ;
3165 2116 3226 2164 at
3254 2111 3305 2164 ei
3338 2110 3487 2165 forte
3519 2126 3640 2164 una
3689 2110 3840 2165 sub-

2191 2198 2429 2269 scripsit
2458 2198 2713 2254 Hilarius
2746 2198 2967 2254 ibidem
3016 2216 3302 2269 praasens,
3352 2200 3454 2269 qui
3505 2199 3720 2255 saltem
3772 2200 3839 2253 in

2189 2287 2341 2341 libro
2364 2289 2440 2342 De
2461 2288 2683 2358 synodis
2706 2289 2831 2357 jam
2866 2287 3213 2359 probaverat
3242 2304 3372 2343 eam
3411 2287 3562 2342 nihil
3590 2288 3706 2342 nisi
3739 2304 3844 2342 ve-

2190 2394 2322 2432 rum
2356 2384 2414 2431 et
2459 2378 2817 2433 catholicum
2875 2380 3220 2445 continere;
3270 2395 3381 2434 nec
3427 2378 3501 2433 ad
3548 2378 3837 2433 Arianum

2192 2483 2432 2522 sensum
2462 2466 2616 2520 ﬁecti
2647 2473 2859 2537 potest,
2912 2468 3024 2522 nisi
3044 2468 3332 2523 contortis
3351 2474 3409 2521 et
3428 2467 3643 2522 alienis
3666 2484 3842 2538 pror-

2193 2572 2292 2610 sus
2323 2556 2395 2611 ab
2427 2554 2597 2610 obvio
2631 2561 2689 2609 et
2720 2556 2980 2628 legitimo
3031 2573 3209 2613 sensu
3262 2557 3835 2628 interpretamentis,

2194 2648 2405 2701 Vocem
2459 2647 2936 2701 consubstantialis
2983 2647 3175 2717 primo
3225 2654 3561 2719 suspectam
3603 2647 3843 2703 videtur

2194 2735 2490 2790 habuisse.
2518 2737 2682 2790 Hunc
2704 2736 2811 2807 ipsi
2838 2737 2965 2791 sine
2988 2736 3167 2791 dubio
3198 2737 3549 2808 scrupulum
3576 2738 3843 2793 excussit

2194 2825 2551 2880 Athanasius
2581 2841 2677 2879 an.
2713 2827 2853 2889 349;
2888 2842 2954 2879 eo
2978 2842 3118 2880 sane
3138 2825 3420 2881 vocabulo
3454 2826 3632 2880 ﬁdem
3665 2842 3840 2881 suam

2193 2915 2264 2970 de
2295 2915 2389 2969 SS.
2424 2913 2706 2970 Trinitate
2730 2914 3031 2985 professus
3054 2920 3144 2969 est
3164 2914 3236 2969 ad
3257 2916 3666 2970 Constantium
3689 2917 3845 2970 scri-

2191 3002 2360 3073 bens,
2384 3002 2541 3074 quod
2569 3004 2629 3058 in
2653 3020 2759 3058 sua
2780 3019 2913 3058 cum
2944 3005 3157 3058 Acacio
3181 3004 3253 3058 de
3285 3009 3492 3059 mutua
3522 3004 3843 3075 utriusque

2193 3093 2308 3148 ﬁde
2331 3092 2709 3147 contentione
2732 3092 3053 3147 retinuisse
3071 3093 3321 3149 videtur.
3347 3096 3461 3148 Nec
3484 3094 3664 3165 hujus
3678 3093 3849 3148 abdi-

2192 3181 2345 3237 catio
2378 3182 2439 3235 in
2470 3182 2728 3236 formula
2777 3182 3149 3237 Antiochena
3191 3183 3557 3249 continetur,
3604 3187 3843 3237 tantum

447 3299 474 3325 ‹‹
510 3275 827 3346 voluptatis
856 3272 1124 3327 fomitem
1155 3271 1218 3325 in
1249 3271 1482 3325 cineres
1511 3269 1842 3341 redegisse;
1891 3268 2080 3339 lacry-
2115 3304 2157 3369 Ε
2196 3271 2618 3342 praetermissio
2652 3288 2719 3326 ac
2750 3271 3071 3326 silentium.
3108 3274 3232 3327 Non
3264 3271 3442 3343 igitur
3468 3272 3519 3325 ei
3578 3271 3848 3327 subscri-

444 3385 470 3416 ε
506 3380 735 3419 marum
767 3361 1059 3417 imbribus
1079 3360 1397 3414 affectuum
1414 3358 1687 3414 flammas
1709 3358 2080 3423 exstinxisse,

442 3476 470 3503 ‹‹
504 3451 962 3523 lampademque
993 3464 1161 3504 suam
1193 3448 1607 3503 inexstinctam
1665 3464 2078 3514 conservasse;

442 3565 470 3591 «
505 3559 573 3596 ac
612 3540 870 3610 denique
929 3538 1173 3592 desidia:
1221 3537 1621 3592 somnolentia
1663 3536 1735 3591 ab
1782 3537 2081 3608 palpebris

444 3651 470 3682 ι
505 3629 718 3684 animae
752 3632 1094 3683 constanter
1123 3626 1330 3697 ejecta,
1360 3626 1421 3680 in
1445 3642 1719 3680 somnum
1743 3626 1924 3697 justis
1946 3642 2083 3681 con-

442 3742 468 3769 α
505 3718 839 3773 venientem
871 3716 1102 3788 placide
1135 3714 1561 3769 obdormivisse
1593 3737 1643 3769 ν.
1692 3716 1829 3780 Quae
1878 3715 2081 3770 omnia

439 3810 637 3864 sintne
667 3821 1014 3863 communes
1045 3804 1157 3860 loci
1191 3803 1408 3874 quibus
1439 3809 1781 3859 sanctorum
1811 3805 2080 3859 omnium

437 3904 683 3954 ornatur
709 3898 918 3968 pietas,
946 3912 1021 3951 an
1054 3911 1123 3949 ex
1181 3892 1582 3965 peculiaribus
1622 3894 1752 3964 ejus
1799 3894 2079 3947 virtutum

438 3988 878 4043 characteribus
909 4000 1187 4055 expressa
1215 3984 1355 4049 sint,
1379 3982 1596 4054 ambigi
1625 3984 1835 4037 merito
1866 3988 2077 4052 potest.

507 4078 596 4130 8‘7.
622 4076 975 4131 Patientiam
1000 4072 1189 4128 sancti
1214 4072 1319 4126 viri
1354 4073 1506 4126 Deus
1541 4077 1660 4125 toto
1692 4071 1820 4140 ejus
1852 4071 2072 4140 episco-

436 4170 609 4235 patus
642 4171 906 4233 tempore
938 4161 1112 4215 variis
1144 4159 1413 4231 probavit
1440 4159 1669 4213 modis;
1704 4165 1792 4212 ter
1841 4159 2079 4229 injustis

436 4250 915 4308 accusationibus
937 4248 1076 4304 sede
1100 4248 1367 4317 dejectus
1389 4255 1443 4299 et
1468 4248 1527 4300 in
1554 4246 1826 4301 exsilium
1850 4247 2075 4316 pulsus.

435 4343 500 4396 In
537 4341 762 4395 exsiliis
792 4338 938 4405 suis,
972 4322 1178 4392 saltem
1216 4336 1275 4389 in
1307 4342 1627 4405 postremo,
1672 4335 1858 4390 multa
1889 4342 1977 4390 est
2006 4337 2077 4391 ab

433 4430 672 4485 Arianis
705 4444 935 4500 passus.
972 4426 1222 4480 Domum
1255 4424 1436 4478 redux
1470 4424 1769 4479 intestinis
1817 4424 2079 4479 dissidiis

438 4519 755 4581 turbatam,
791 4523 849 4571 et
888 4513 1246 4570 factionibus
1296 4511 1605 4567 adversum
1656 4529 1717 4566 se
1760 4514 2076 4586 [LXXXIX]

443 4607 742 4662 suscitatis
774 4603 1023 4659 offendit
1051 4600 1395 4666 Ecclesiam,
1431 4600 1863 4656 ordinationem
1910 4620 2076 4659 suam

437 4695 627 4751 doluit
658 4693 897 4766 injustis
930 4689 1371 4761 suspicionibus
1403 4688 1689 4757 infamari,
1721 4708 1868 4762 quas
1901 4693 2077 4748 etiam

436 4783 622 4840 sancti
658 4789 715 4837 et
744 4781 900 4837 docti
950 4780 1078 4845 viri,
1128 4784 1194 4833 ut
1248 4779 1639 4849 Hieronymus
1696 4785 1753 4834 et
1806 4782 2077 4845 Ruﬁnus,

436 4874 656 4943 scripto
691 4871 1021 4943 posteritati
1051 4869 1497 4941 consignarunt.
1529 4869 1661 4923 Tria
1691 4870 1986 4940 praecipue
2017 4871 2077 4925 in

434 4962 653 5035 Cyrillo
686 4959 1223 5032 reprehenduntur,
1258 4956 1552 5013 ordinatio
1576 4958 1726 5029 ejus,
1751 4959 1992 5014 variatio
2016 4960 2076 5014 in

434 5053 573 5119 ﬁde,
599 5053 738 5107 etin
765 5048 1655 5107 communwneﬂrdinationem
1676 5049 1805 5120 ejus
1830 5050 2075 5105 Ruﬁnus

434 5141 631 5197 media
665 5146 996 5212 temporum
1028 5136 1374 5194 confusione
1406 5137 1619 5191 factam
1651 5137 1753 5204 ait,
1789 5138 2075 5208 Hierony-

433 5248 566 5287 mus
588 5248 721 5286 vero
739 5228 1188 5284 incredibilibus
1204 5243 1444 5297 prorsus
1459 5226 1919 5281 circumstantiis
1933 5244 2077 5297 prae-

432 5325 614 5380 ditam
650 5324 847 5378 refert.
881 5322 1015 5375 Haec
1047 5320 1248 5373 omnia
1270 5334 1378 5371 nos
1410 5334 1475 5371 ex
1503 5318 1847 5372 melioribus
1870 5323 2074 5372 aucto-

431 5413 597 5469 ribus
618 5419 675 5467 et
700 5408 1100 5465 monumentis
1124 5424 1227 5462 suo
1249 5406 1378 5460 loco
1393 5406 1728 5462 dissolvisse
1743 5423 2071 5477 speramus.

432 5503 681 5559 Ruﬁnus
717 5502 797 5555 ait
830 5499 1115 5572 Cyrillum
1160 5496 1465 5565 aliquando
1516 5499 1572 5549 in
1612 5498 1719 5563 ﬁde
1765 5499 1963 5565 sapius
2014 5498 2074 5549 in

431 5592 809 5650 communione
840 5590 1097 5643 variasse.
1133 5584 1545 5655 Astipulantur
1571 5584 1691 5637 fere
1720 5586 1986 5639 Socrates
2018 5591 2076 5639 et

431 5677 981 5749 Sozomenus,§dum
1015 5675 1184 5730 aiunt
1214 5690 1347 5727 eum
1380 5673 1631 5727 concilio
1663 5673 2073 5728 Constantino-

427 5769 692 5843 politano
722 5765 1086 5833 interfuisse,
1121 5768 1245 5818 tum
1279 5764 1593 5832 exjmutata
1622 5760 1896 5817 sententia
1948 5778 2070 5817 con-

2195 3360 2390 3415 bendo
2413 3361 2865 3415 consubstantiali
2877 3360 3191 3432 repudium
3209 3361 3486 3416 dedit.Ad
3511 3377 3840 3428 summum,

2191 3464 2326 3503 cum
2346 3448 2408 3502 in
2428 3448 2680 3502 concilio
2714 3448 3073 3504 Seleuciensi
3102 3448 3454 3504 idoneorum
3475 3448 3714 3504 testium
3737 3466 3844 3505 au-

2190 3537 2481 3603 ctoritate,
2513 3537 2585 3592 de
2616 3537 2823 3592 vocula
2854 3538 3068 3601 solum,
3118 3554 3239 3592 non
3293 3538 3365 3592 de
3414 3537 3680 3609 subjecta
3722 3538 3839 3609 ipsi

2190 3628 2624 3700 signiﬁcatione
2648 3628 3045 3700 ambigeretur
3069 3649 3083 3695 ;
3108 3629 3156 3683 si
3181 3645 3382 3683 vocem
3405 3628 3741 3683 deseruisse
3763 3629 3839 3684 ad

2188 3716 2533 3788 praesidium
2566 3717 2700 3772 ﬁdei
2734 3717 2983 3788 positam
3005 3722 3313 3788 peccatum
3336 3723 3573 3785 est,non
3593 3723 3838 3773 mutata

2189 3806 2326 3860 ﬁdei
2359 3804 2463 3860 sed
2492 3805 2725 3861 amissaa
2756 3808 3106 3861 constantia;
3137 3812 3445 3877 peccatum
3480 3811 3607 3872 est;
3651 3806 3837 3877 quod,

2188 3894 2448 3948 inimicis
2479 3894 2825 3958 fatentibus,
2858 3896 3207 3965 paenitentia
3232 3895 3428 3960 diluit,
3462 3902 3522 3950 et
3569 3896 3839 3950 toleratis

2187 3982 2549 4051 gravissimis
2580 3982 2651 4035 ab
2686 3982 2904 4036 Ariana
2933 3982 3186 4037 factione
3220 3983 3430 4053 pmnis.

2260 4072 2346 4124 88.
2385 4071 2699 4125 Veniamus
2734 4070 2946 4124 deinde
2979 4072 3053 4126 ad
3083 4072 3377 4143 objectam
3412 4072 3524 4142 ipsi
3567 4087 3839 4126 commu-

2190 4160 2386 4214 nionis
2418 4160 2823 4214 variationem.
2860 4160 3142 4227 Primum,
3176 4178 3307 4216 cum
3358 4162 3550 4216 adhuc
3600 4161 3835 4215 vivente

2188 4248 2442 4303 Maximo
2476 4248 2664 4303 solum
2696 4249 3004 4320 presbyter
3062 4256 3237 4316 esset,
3285 4250 3563 4305 Ecclesia)
3611 4267 3732 4304 suae
3779 4256 3837 4304 et

2189 4338 2445 4409 episcopi
2474 4355 2697 4391 morem
2714 4337 3069 4409 etjudicium
3087 4339 3833 4402 secutus,communionem

2188 4443 2322 4481 cum
2358 4427 2678 4482 Athanasio
2713 4428 2772 4481 in
2804 4427 3071 4499 Tyriensi
3102 4428 3354 4482 concilio
3387 4428 3527 4483 sede
3576 4428 3836 4499 dejecto,

2188 4535 2298 4574 nec
2319 4518 2460 4572 fovit
2482 4518 2718 4589 proprie
2742 4534 2849 4571 nec
2873 4518 3049 4587 rupit,
3082 4518 3344 4573 alienum
3369 4526 3427 4572 et
3455 4519 3832 4590 inexpertum

2188 4625 2221 4663 a
2244 4607 2431 4662 turbis
2459 4606 2879 4661 ecclesiasticis
2900 4606 3065 4661 illius
3086 4607 3370 4674 temporis
3401 4623 3537 4662 cum
3571 4614 3692 4663 tota
3723 4610 3836 4663 Ec-

2186 4697 2369 4752 clesia
2387 4712 2493 4750 sua
2512 4712 2573 4749 se
2596 4694 2991 4767 habens.Ejus
3013 4697 3495 4751 communionem
3521 4698 3834 4769 amplexus

2188 4792 2277 4842 est
2290 4786 2497 4857 synodi
2516 4786 3061 4856 Hierosolymitanaa
3076 4802 3172 4840 an.
3198 4788 3299 4839 349
3314 4793 3599 4857 tempore.
3624 4787 3831 4843 Utrum

2186 4875 2380 4930 Acacii
2403 4875 2474 4927 de
2488 4890 2669 4928 manu
2687 4874 3121 4930 ordinationem
3147 4875 3832 4946 susceperit,dubitabile

2187 4970 2307 5028 est;
2332 4963 2435 5017 sed
2456 4964 2545 5017 fac
2573 4963 2651 5017 ita
2677 4979 2839 5018 esse:
2876 4980 2997 5017 non
3030 4964 3311 5019 continuo
3343 4981 3476 5018 cum
3508 4966 3833 5020 Athanasio

2187 5053 2321 5123 [XC]
2352 5052 2836 5106 communionem
2868 5052 3065 5123 rupit;
3099 5053 3199 5122 qui
3231 5069 3367 5107 cum
3408 5053 3607 5108 sedem
3662 5071 3831 5108 suam

2186 5141 2288 5195 illo
2323 5148 2583 5211 tempore
2616 5141 2854 5196 nemine
2892 5140 3163 5196 turbante
3194 5141 3509 5207 obtineret,
3569 5142 3643 5197 ad
3694 5160 3829 5197 eum

2183 5230 2312 5284 sine
2340 5229 2519 5283 dubio
2546 5229 2857 5299 synodicas
2877 5235 2932 5283 et
2951 5231 3393 5284 communionis
3418 5230 3587 5284 initio
3610 5232 3835 5300 episco-

2182 5325 2355 5390 patus
2383 5318 2609 5372 litteras
2633 5318 2817 5383 dedit,
2849 5319 2894 5371 si
2916 5319 3044 5388 jam
3070 5324 3195 5372 tum
3221 5318 3321 5372 ille
3345 5335 3473 5373 mos
3503 5318 3829 5376 obtinebat.

2182 5410 2395 5462 Fuerat
2454 5407 2698 5461 Aeacius
2748 5406 2904 5479 gravi
2958 5406 3323 5460 Sardicensis
3373 5406 3607 5477 synodi,
3652 5424 3832 5478 quam

2183 5498 2446 5552 Ecclesia
2473 5496 3011 5567 Hierosolymitana
3043 5503 3367 5565 receperat,
3399 5497 3651 5551 fulmine
3697 5515 3835 5569 per-

2182 5602 2389 5640 cussus
2412 5606 2425 5649 ;
2452 5586 2555 5639 sed
2578 5586 2891 5654 iniquitate
2918 5590 3249 5655 temporum
3277 5586 3495 5640 factum
3523 5591 3634 5651 est,
3666 5594 3735 5641 ut
3763 5603 3833 5642 ea

2183 5674 2480 5729 sententia
2499 5675 2712 5728 effectu
2735 5674 3100 5729 careret.Nec
3121 5674 3316 5728 Acacii
3336 5674 3827 5731 communionem

2181 5767 2446 5832 tempore
2465 5762 2699 5817 concilii
2714 5761 3127 5829 Seleuciensis,
3143 5778 3279 5818 cum
3303 5762 3405 5817 ille
3417 5762 3619 5836 priora
3634 5762 3825 5821 multo
