4094 6282
363 322 473 382 191

1759 314 2285 379 DISSERTATIO
2330 317 2379 378 Ι.

3667 321 3784 381 122

359 453 738 529 gravioribus
787 451 1039 507 crimina
1094 448 1478 515 cumnlasset,
1528 448 1682 503 inire
1733 449 2021 505 dubitavit
2052 456 2101 521 Α
2134 455 2374 522 propter
2398 468 2748 523 generosam
2782 452 3041 507 veritatis
3073 452 3508 509 confessionem
3547 455 3786 510 exsula-

363 545 422 599 S.
455 543 739 598 Hilarius.
773 543 1000 606 Quanto
1034 539 1411 594 innocentior
1440 538 1714 609 Cyrillus.
1749 539 1818 605 si,
1861 539 2019 609 quod

368 641 575 690 tamen
597 633 888 687 incertum
907 630 1153 700 est,ejus
1171 645 1350 682 manu
1368 627 1877 682 consecrationem
1898 629 2019 700 epi-

372 722 673 793 scopalem
696 717 935 791 recepit.
963 720 1102 783 Quas
1124 723 1280 772 certe
1313 717 1626 784 ordinatio,
1647 716 1848 788 judice
1876 733 2016 771 con-

369 812 507 868 cilio
565 806 1224 878 Constantinopolitano
1279 821 1355 860 an
1407 807 1528 870 382,
1564 804 1891 859 secundum
1922 822 2016 860 ca-

367 917 552 956 nones
579 903 823 970 peracta
864 897 996 951 fuit.
1049 895 1134 949 Ab
1183 893 1394 949 Acacio
1443 899 1660 965 praeter
1680 893 1781 965 jus
1811 894 2016 964 fasque

358 989 691 1060 depositus,
726 991 1032 1057 receptum
1082 983 1289 1038 habuit
1336 983 1492 1054 apud
1532 983 1848 1053 Sylvanum
1879 984 2018 1038 Tar-

361 1094 624 1142 sensem,
657 1076 851 1145 iisque
879 1072 1242 1144 temporibus
1264 1073 1846 1136 communionem,ac
1868 1071 2016 1126 forte

359 1166 754 1223 conciliorum
789 1163 1137 1217 societatem
1193 1160 1400 1215 habuit
1429 1177 1563 1215 cum
1597 1161 2014 1216 semi-Arianaa

360 1256 546 1328 partis
577 1251 971 1325 principibus.
998 1250 1130 1304 Atii
1155 1248 1242 1302 vel
1269 1265 1502 1320 semper
1523 1248 1804 1302 Catholici
1829 1248 2014 1316 fuere,

356 1362 478 1399 una
506 1359 646 1398 voce
669 1359 704 1397 a
733 1339 1116 1413 rigidioribus
1146 1338 1408 1393 veritatis
1439 1337 1853 1392 defensoribus
1885 1338 2013 1392 dis-

361 1438 692 1504 crepantes,
730 1430 820 1484 vel
861 1447 930 1484 eo
981 1435 1246 1500 tempore
1297 1443 1503 1483 sanam
1537 1432 1596 1481 et
1625 1426 2012 1481 orthodoxam

366 1523 548 1578 ﬁdem
577 1520 1052 1593 profitebantur:
1087 1517 1245 1588 quod
1293 1517 1454 1572 enim
1499 1516 1682 1586 aliqui
1717 1516 2010 1582 haaresim,

368 1629 548 1682 quam
579 1616 783 1682 postea
839 1608 1241 1679 publicarunt,
1295 1607 1422 1678 jam
1482 1612 1622 1660 tunc
1654 1605 1921 1660 fortassis
1951 1607 2012 1660 in

363 1701 543 1757 corde
573 1699 859 1755 latentem
910 1701 1271 1768 premerent,
1323 1695 1382 1750 id
1426 1695 1714 1768 cognitori
1745 1695 2013 1750 cordium

358 1791 478 1846 Deo
512 1788 870 1844 servandum
911 1785 1205 1858 judicium
1265 1789 1409 1838 erat.
1442 1785 1610 1838 Certe
1641 1800 1847 1838 omnes
1879 1785 2010 1853 qui-

355 1880 612 1934 buscum
663 1877 1019 1947 conjunctus
1063 1875 1292 1928 videtur
1330 1873 1824 1946 Cyrillus,magno
1875 1878 2015 1927 tunc

355 1970 563 2024 animo
586 1967 898 2022 adversum
925 1965 1175 2019 Arianos
1198 1962 1600 2028 decertabant,
1626 1962 1854 2032 solique
1878 1962 2013 2017 illos

353 2058 558 2129 palam
590 2054 1059 2127 impugnabant;
1094 2070 1229 2108 cum
1270 2051 1331 2106 id
1364 2052 1521 2122 quod
1556 2057 1865 2122 supererat
1891 2050 2010 2104 for-

355 2147 508 2200 tium
540 2142 1070 2200 consubstantialis
1122 2141 1524 2206 defensorum,
1558 2141 1618 2194 in
1659 2140 1883 2195 exsiliis
1915 2147 2016 2195 aut

352 2236 416 2290 in
445 2233 694 2289 latebris
721 2232 998 2286 occultati
1023 2236 1256 2296 essent;
1281 2229 1382 2301 qui
1407 2229 1646 2300 quidem
1666 2229 2010 2284 semi-Aria-

352 2341 465 2379 nos
493 2324 597 2378 illo
629 2329 898 2393 tempore
930 2339 1034 2393 pro
1065 2319 1347 2375 fratribus
1378 2319 1764 2385 charissimis,
1799 2326 1857 2374 et
1887 2319 2012 2374 sola

352 2431 385 2468 a
407 2429 472 2467 se
495 2412 706 2467 vocula
731 2411 932 2466 divisis
951 2409 1269 2465 habebant.
1290 2408 1350 2463 ln
1374 2409 1626 2463 concilio
1645 2407 2006 2464 Seleuciensi

349 2520 486 2558 cum
515 2502 790 2557 omnibus
822 2501 1021 2554 statim
1055 2499 1532 2565 communicavit,
1568 2498 1874 2568 sanctique
1910 2498 2006 2551 lli-

351 2592 485 2647 larii
511 2590 780 2661 exemplo
806 2588 1061 2642 nimium
1079 2592 1243 2642 tutus
1267 2586 1698 2641 est.Sciderunt
1721 2603 1780 2641 se
1803 2593 2007 2657 postea

349 2681 424 2736 ab
450 2678 871 2735 semi-Arianis
891 2675 1540 2746 Anomuei,quibuscum
1561 2675 1786 2730 nullam
1802 2681 2007 2746 postea

350 2770 567 2842 legitur
598 2769 946 2823 societatem
971 2771 1028 2819 et
1057 2765 1848 2836 communionemjunxisse.
1877 2767 2000 2819 Me-

342 2861 487 2916 letio
547 2876 678 2914 sese
733 2857 1008 2928 adjunxit
1059 2856 1426 2911 Antiocheno
1461 2872 1555 2910 an.
1591 2855 1714 2923 362,
1749 2855 1849 2926 qui
1872 2856 1999 2927 jam

2138 545 2264 605 ret;
2303 545 2359 592 et
2389 557 2648 604 omnem,
2683 557 2861 611 quam
2907 541 3070 612 prius
3115 541 3326 596 fovisse
3371 559 3502 598 cum
3554 544 3785 599 Arianis

2136 629 2812 696 videbatur,societatem
2845 631 3182 702 abruperat.
3213 633 3442 687 Nullam
3476 633 3689 689 deinde
3723 636 3783 690 in

2137 719 2689 775 Macedonianorum
2722 721 2900 776 rebus
2924 726 3147 791 partem
3174 721 3520 788 habuithisi
3555 725 3778 778 socium

2134 824 2195 861 se
2228 809 2312 862 eis
2347 810 2682 879 praestiterit
2735 810 2794 864 in
2845 809 3187 875 delegandis
3217 811 3291 864 ad
3325 811 3616 865 Liberium
3651 814 3780 882 epi-

2132 898 2347 968 8('0pis,
2368 899 2466 967 qui
2492 899 2894 970 delegantium
2919 900 3159 953 nomine
3183 901 3243 953 in
3273 900 3488 954 Nicaeni
3526 901 3780 972 symboli

2129 986 2304 1041 verba
2326 988 2621 1057 jurarent,
2655 989 2824 1058 cujus
2857 989 2937 1042 rei
2971 988 3256 1059 Cyrillum
3290 989 3564 1043 existimo
3597 992 3779 1060 parti-

2129 1075 2321 1146 cipem
2352 1093 2473 1130 non
2505 1076 2708 1131 fuisse.
2739 1078 2915 1131 Suum
2943 1077 3048 1131 sub
3077 1077 3318 1131 Valente
3349 1077 3623 1132 exsilium
3658 1095 3778 1134 non

2128 1166 2476 1234 promeruit,
2511 1166 2624 1220 nisi
2657 1167 2945 1237 susceptis
2969 1183 3104 1220 cum
3128 1166 3345 1221 Ariana
3367 1166 3620 1221 factione
3649 1185 3782 1222 cer-

2129 1253 2472 1320 taminibus,
2510 1271 2760 1324 quorum
2795 1255 2972 1310 etiam
3016 1254 3202 1308 multa
3246 1254 3426 1308 subiit
3453 1255 3512 1308 in
3545 1257 3777 1312 exsilio.

2129 1340 2268 1396 Inde
2283 1349 2807 1408 reversus,tantum
2832 1343 2890 1396 in
2911 1342 3216 1413 largienda
3229 1360 3335 1397 sua
3356 1345 3775 1399 communione

2128 1429 2390 1485 delectus
2421 1449 2486 1487 ac
2513 1432 2725 1502 judicii
2760 1432 2985 1497 habuit,
3010 1438 3075 1485 ut
3098 1434 3669 1487 Pneumatomachos
3701 1433 3772 1488 ab

2125 1520 2389 1575 Ecclesia
2419 1521 2679 1574 tenuerit
2709 1521 2956 1576 alienos.
2983 1523 3062 1574 Ex
3094 1521 3309 1591 quibus
3337 1522 3774 1592 omnibus,qua)

2123 1611 2183 1664 in
2221 1616 2341 1666 tota
2373 1610 2791 1666 dissertatione
2823 1611 3010 1664 fusius
3043 1611 3308 1682 exposita
3339 1618 3496 1674 sunt,
3531 1617 3777 1681 apparet

2124 1706 2467 1754 constanter
2496 1699 2568 1754 ab
2621 1701 2748 1771 ipso
2798 1705 3085 1754 servatam
3119 1700 3269 1752 hanc
3301 1698 3577 1753 ineunda
3610 1717 3773 1753 com~

2125 1789 2428 1843 munionis
2447 1789 2635 1861 legem
2656 1790 2930 1855 fuisse,ut
2947 1804 3077 1842 eam
3100 1788 3322 1841 nemini
3347 1787 3772 1842 nisisententia

2125 1878 2556 1944 Catholico,aut
2581 1878 2840 1933 exterius
2872 1893 3003 1931 eam
3039 1877 3211 1930 ﬁdem
3237 1877 3538 1946 profitenti
3563 1894 3770 1932 conce-

2125 1965 2308 2021 deret.
2348 1967 2640 2022 Voluisset
2664 1967 2911 2021 Ruﬁnus
2933 1966 3130 2031 credo,
3155 1970 3218 2019 ut
3237 1982 3370 2019 cum
3393 1966 3625 2028 Acacio,
3657 1968 3770 2020 Me-

2123 2054 2286 2121 letio,
2321 2055 2571 2110 Eusebio
2602 2055 3001 2110 Samosatensi
3039 2053 3505 2124 abrumperet,et
3534 2055 3772 2109 Latino-

2122 2160 2255 2198 rum
2309 2145 2792 2199 communionem
2846 2148 3190 2197 sectaretur.
3244 2143 3458 2195 Verum
3517 2142 3640 2212 ipse
3711 2143 3769 2196 in

2122 2233 2359 2287 Oriente
2392 2233 2616 2304 positus
2648 2232 2820 2304 longe
2866 2231 3080 2285 melius
3125 2247 3329 2286 earum
3362 2231 3616 2300 partium
3651 2236 3768 2284 sta-

2121 2325 2245 2374 tum
2307 2327 2648 2392 perceptum
2710 2320 2982 2374 habebat.
3047 2321 3160 2374 Nec
3219 2319 3483 2373 accusari
3515 2319 3767 2388 Cyrillus

2118 2413 2330 2480 potest,
2348 2409 2490 2480 quin
2514 2409 2719 2464 eadem
2746 2409 3160 2464 criminatione
3185 2407 3424 2478 plurimi
3454 2409 3763 2462 sanctitate

2118 2498 2385 2553 celebres
2423 2498 2809 2553 includantur
2838 2498 3118 2569 episcopi.

2189 2592 2351 2645 Nunc
2384 2597 2449 2645 ut
2479 2606 2711 2646 summa
2749 2589 3086 2659 Cyrillianaa
3121 2589 3249 2642 vitae
3282 2589 3474 2658 capita
3507 2592 3624 2643 tota
3655 2589 3765 2643 hac

2115 2679 2534 2734 dissertatione
2557 2679 3080 2750 sparsa,longeque
3106 2694 3139 2732 a
3160 2694 3220 2732 se
3244 2678 3443 2732 avulsa
3464 2677 3758 2748 colligam,

2113 2769 2268 2824 hanc
2301 2770 2536 2825 brevem
2561 2768 2720 2823 illius
2743 2768 3029 2840 synopsin
3052 2785 3168 2822 uno
3191 2774 3510 2838 conspectu
3542 2783 3762 2838 repra—

2110 2863 2299 2913 sento.

1118 3097 1714 3155 CHRONOLOGICUM
1751 3098 2204 3156 CYRILLIANE
2247 3101 2436 3154 VITE
2483 3100 2970 3154 COMPENDIUM.

407 3256 566 3327 [XCI]
599 3254 872 3309 Nascitur
896 3252 1150 3324 Cyrillus
1173 3250 1554 3320 Jerosolymis
1577 3249 1665 3303 vel
1690 3250 1752 3304 in
1779 3250 1992 3305 vicinia
2021 3251 2063 3317 C
2173 3251 2460 3322 Cyrillum
2492 3252 2740 3307 interest
2769 3251 3022 3306 concilio
3070 3250 3426 3306 Melitinensi
3458 3250 3518 3305 in
3548 3251 3750 3304 Arme-

338 3345 580 3399 circiter
609 3359 838 3398 annum
873 3343 994 3395 315.

411 3433 752 3488 Monasticaa
783 3432 916 3485 vitas
947 3429 1238 3485 institutis
1261 3427 1568 3494 imbuitur,
1595 3434 1655 3482 et
1671 3427 1992 3498 virginitati

337 3528 726 3578 consecratur
755 3520 994 3575 circiter
1022 3535 1248 3574 annum
1279 3521 1402 3572 330.

411 3613 709 3666 Diaconus
738 3609 1051 3664 ordinatur
1078 3625 1113 3664 a
1142 3609 1196 3663 S.
1233 3605 1506 3672 Macario,
1538 3610 1604 3660 ut
1632 3605 1822 3660 serius
1846 3621 1986 3660 ann.

338 3703 462 3757 334.

409 3790 729 3861 Presbyter
758 3793 993 3844 creatur
1016 3805 1050 3842 a
1081 3789 1136 3841 S.
1171 3787 1422 3841 Maximo
1456 3784 1613 3840 circa
1643 3800 1737 3838 an.
1773 3786 1896 3838 345.

411 3879 730 3934 Homiliam
761 3881 823 3932 in
847 3877 1222 3947 paralyticum
1252 3875 1415 3938 dicit,
1439 3880 1644 3928 nostra
1672 3874 1988 3940 sententia,

335 3974 474 4022 ante
507 3968 894 4022 cathecheses
924 3973 982 4020 et
1014 3966 1157 4021 satis
1187 3981 1371 4018 novus
1411 3963 1736 4034 presbyter.

408 4059 761 4112 Catecheses
808 4057 873 4110 18
903 4056 977 4110 ad
1026 4053 1455 4109 illuminandos
1486 4069 1592 4123 per
1621 4059 1800 4107 totam
1835 4054 1987 4116 Qua-

333 4146 754 4219 dragesimam,
784 4151 843 4200 et
870 4148 900 4198 5
931 4143 1358 4215 mystagogicas
1388 4141 1462 4198 ad
1488 4142 1820 4213 neophytos
1843 4141 1986 4196 heb-

332 4234 591 4290 domada
621 4235 926 4290 Paschatis
958 4232 1322 4304 pronuntiat,
1356 4247 1430 4285 an
1463 4233 1564 4284 347
1595 4231 1685 4285 vel
1717 4233 1837 4285 348.

403 4326 469 4379 In
503 4324 760 4379 concilio
791 4322 1284 4394 Jerosolymitano
1333 4321 1691 4375 Athanasius
1722 4337 1983 4390 prmsens

328 4416 391 4469 in
423 4413 908 4469 communionem
937 4417 1231 4482 receptus,
1261 4416 1321 4464 et
1359 4409 1691 4480 subscripta
1720 4409 1982 4479 synodus

329 4503 702 4559 Sardicensis
727 4519 823 4557 an.
858 4503 982 4555 349.

399 4592 686 4648 Maximus
717 4591 970 4645 moritur
1002 4606 1077 4644 an
1107 4591 1209 4643 349
1236 4588 1325 4642 vel
1355 4590 1478 4642 350.

399 4682 579 4736 Sedes
609 4679 960 4750 aliquandiu
994 4683 1175 4733 vacat.

397 4769 652 4840 Cyrillus
676 4768 748 4823 ab
771 4767 1066 4839 episcopis
1087 4767 1404 4837 provincias
1427 4767 1714 4822 canonice
1736 4767 1976 4821 ordina-

326 4864 422 4914 tur
448 4875 546 4913 an.
581 4861 685 4912 350
716 4857 807 4910 vel
838 4858 960 4911 351.

397 4948 500 5002 Die
531 4951 561 4999 7
593 4947 727 5001 Maii
759 4950 1005 5016 apparet
1031 4943 1412 5014 Jerosolymis
1461 4959 1603 4998 crux
1633 4945 1697 4998 in
1728 4943 1873 4999 caelo
1905 4961 1976 4998 ex

323 5036 454 5091 luce
481 5053 494 5089 :
529 5035 687 5106 quod
721 5035 922 5090 statim
951 5034 1208 5105 Cyrillus
1230 5033 1570 5088 Constantio
1603 5034 1840 5088 nuntiat
1869 5050 1974 5104 per

322 5126 553 5181 litteras
581 5141 677 5179 an.
713 5127 836 5178 351.

394 5215 480 5269 Ab
513 5215 643 5285 ipso
674 5229 825 5284 pene
855 5211 1228 5283 episcopatus
1260 5211 1501 5267 exordio
1531 5212 1972 5266 contentionem

322 5303 575 5373 suscipit
605 5318 740 5356 cum
775 5301 979 5356 Acacio
1007 5299 1079 5354 de
1103 5300 1556 5371 met'r0politicis
1579 5299 1816 5370 juribus
1841 5317 1854 5366 ;
1881 5317 1973 5355 se-

317 5400 470 5449 cutae
499 5398 641 5447 sunt
670 5397 891 5448 mutuas
922 5392 1232 5461 utriusque
1255 5391 1412 5446 circa
1445 5391 1622 5445 tidem
1653 5393 1974 5446 accusatio-

317 5500 424 5537 nes
457 5482 619 5536 circa
647 5496 742 5534 an.
779 5481 884 5533 352
905 5483 964 5532 et
991 5495 1114 5549 seq.

391 5570 642 5625 Acacius
663 5585 768 5640 per
788 5568 1097 5623 biennium
1117 5568 1402 5639 Cyrillum
1419 5569 1493 5624 ad
1510 5585 1684 5625 suum
1709 5569 1972 5625 tribunal

307 5657 716 5733 judicandum
746 5656 1010 5730 appellat
1038 5673 1134 5714 an.
1169 5658 1292 5727 356,
1326 5660 1450 5714 357.

2101 3340 2220 3406 nia,
2253 3341 2425 3412 cujus
2454 3341 2707 3396 decretis
2738 3340 3097 3394 obsistentes
3127 3339 3422 3411 Elpidium
3456 3345 3513 3393 et
3543 3342 3752 3393 Eusta-

2102 3431 2290 3485 thium
2323 3432 2478 3486 fovet
2506 3449 2600 3486 an.
2636 3433 2760 3487 357.

2169 3519 2422 3588 Cyrillus
2447 3521 2519 3575 ab
2542 3521 2752 3575 Acacio
2785 3521 2847 3574 in
2880 3519 3264 3575 tumultuario
3288 3519 3540 3574 concilio
3564 3519 3746 3591 depo-

2098 3608 2261 3662 nitur
2291 3613 2349 3663 et
2371 3609 2755 3681 Jerosolymis
2785 3609 3102 3680 expellitur
3130 3609 3300 3663 initio
3341 3610 3482 3663 anni
3512 3610 3634 3664 358.

2169 3699 2558 3754 Substituitur
2588 3701 2648 3754 in
2682 3701 2810 3770 ejus
2848 3700 3043 3754 locum
3076 3699 3417 3770 Eutychius.

2170 3787 2424 3858 Cyrillus
2455 3789 2716 3860 appellat
2745 3788 2819 3842 ad
2853 3788 3197 3842 concillium
3237 3788 3454 3857 majus,
3488 3791 3546 3840 et
3574 3804 3634 3840 se
3666 3786 3742 3841 ad

2099 3877 2414 3947 Sylvanum
2435 3881 2791 3932 Tarsensum
2822 3878 3054 3946 recipit,
3075 3877 3230 3944 apud
3261 3892 3438 3946 quem
3465 3877 3525 3929 in
3548 3876 3742 3930 Eccle-

2095 3965 2183 4020 sia
2212 3966 2528 4020 conciones
2559 3966 2754 4020 habet.

2165 4057 2412 4111 Aeacius
2443 4056 2614 4110 illum
2644 4057 2822 4110 Tarso
2874 4055 3094 4109 frustra
3125 4054 3437 4109 exturbare
3469 4060 3734 4109 conatur.

2092 4143 2234 4198 Cum
2270 4145 2483 4199 Basilio
2517 4148 2826 4213 Ancyrano
2861 4150 2917 4198 et
2948 4144 3190 4216 Georgio
3225 4143 3549 4197 Laodiceno
3582 4159 3735 4197 com-

2091 4233 2459 4294 munionem,
2486 4249 2552 4287 ac
2573 4232 2722 4286 forte
2747 4232 3131 4286 consiliorum
3157 4231 3496 4284 societatem
3529 4230 3735 4285 adver-

2091 4338 2189 4375 sus
2220 4322 2548 4376 Eudoxium
2580 4327 2637 4376 et
2667 4323 2940 4377 Acacium
2963 4321 3092 4376 init.

2157 4409 2341 4465 Adest
2370 4411 2429 4464 in
2466 4411 2718 4465 concilio
2753 4410 3134 4471 Seleuciensi,
3169 4409 3228 4463 in
3261 4425 3397 4479 quo,
3433 4409 3610 4463 citato
3643 4408 3732 4462 in-

2086 4515 2321 4555 cassum
2352 4500 2586 4568 Acacio,
2619 4516 2654 4554 a
2684 4498 2958 4553 Patribus
3015 4498 3140 4552 sedi
3189 4497 3522 4552 restituitur
3553 4503 3611 4551 et
3639 4498 3734 4552 Je-

2014 4617 2055 4678 η
2089 4589 2446 4659 rosolymam
2480 4588 2792 4643 revertitur
2822 4605 2917 4642 an.
2953 4589 3074 4641 359.

2158 4680 2402 4734 Acacius
2435 4679 2702 4733 animum
2733 4677 3107 4748 imperatoris
3134 4676 3413 4731 adversus
3443 4677 3727 4747 Cyrillum

2088 4769 2382 4824 accendit.

2159 4857 2412 4929 Cyrillus
2445 4855 2704 4911 secundo
2730 4855 3046 4925 deponitur
3066 4855 3128 4908 in
3159 4855 3409 4910 concilio
3441 4856 3733 4909 Constan-

2083 4946 2499 5017 tinopolitano.
2534 4951 2592 4997 et
2622 4944 2682 4997 in
2713 4943 2989 4998 exsilium
3023 4943 3276 4997 mittitur
3305 4961 3400 4998 an.
3435 4946 3558 4997 360.

2153 5035 2342 5105 [XCII]
2375 5033 2762 5088 Substituitur
2790 5031 2849 5086 in
2877 5033 3004 5103 ejus
3032 5031 3233 5087 sedem
3268 5033 3619 5087 Herennius.

2154 5127 2378 5178 Mortuo
2409 5122 2754 5177 Constantio
2778 5121 3031 5191 Cyrillus
3062 5121 3133 5175 ab
3167 5121 3374 5176 exsilio
3399 5127 3724 5188 revocatur,

2083 5219 2142 5269 et
2172 5214 2372 5269 sedem
2405 5209 2664 5266 recundo
2701 5219 3010 5281 recuperat
3037 5230 3132 5267 an.
3166 5215 3287 5265 362.

2151 5304 2479 5360 Antiochia;
2510 5301 2624 5356 fuit
2669 5319 2804 5356 cum
2837 5304 3068 5359 Meletio
3100 5304 3279 5374 hujus
3311 5303 3449 5356 anni
3482 5307 3684 5355 aestate
3711 5318 3722 5354 :

2078 5393 2237 5450 unde
2291 5391 2531 5446 adducit
2583 5391 3003 5461 Jerosolymam
3060 5407 3410 5447 conversum
3441 5389 3514 5443 ad
3546 5389 3724 5442 fidem

2077 5481 2410 5553 Daphnitici
2441 5478 2702 5534 ﬂaminis
2730 5479 2939 5534 ﬁlium.

2149 5568 2422 5625 Praedicit
2452 5569 2660 5622 inanes
2708 5566 2833 5621 fore
2889 5567 3227 5623 Judaeorum
3284 5567 3345 5618 in
3377 5566 3597 5635 templo
3632 5565 3719 5616 in-

2081 5659 2398 5718 stauranda
2429 5661 2680 5715 conatus
2711 5672 2808 5712 an.
2845 5658 2968 5710 363.
